{"host":"hhj3yylk5cezg5vs","time":1608936219,"event":{"mods":["BaseMod","Minty Spire (QoL Compilation)","StSLib","The Senshi","The Servant 0.9.4"],"gold_per_floor":[118,131,20,37,37,55,83,108,108,108,126,51,66,126,126,230,230,248,248,248,248,260,278,52,84,109,109,109,109,144,44,44,139,139,159,159,207,207,227,227,227,244,244,269,319,79,79,79,79,79,79,79,56,89,89],"floor_reached":56,"playtime":3694,"items_purged":["Strike_G","Defend_G"],"score":1234,"play_id":"93addd18-cb12-44eb-9305-30634483bd22","local_time":"20201225164339","is_ascension_mode":false,"campfire_choices":[{"data":"Cloak And Dagger","floor":10.0,"key":"SMITH"},{"floor":15.0,"key":"REST"},{"floor":27.0,"key":"REST"},{"data":"Concentrate","floor":29.0,"key":"SMITH"},{"data":"Calculated Gamble","floor":32.0,"key":"SMITH"},{"floor":40,"key":"REST"},{"floor":49,"key":"RECALL"},{"data":"Cloak And Dagger","floor":52,"key":"SMITH"}],"circlet_count":0,"master_deck":["Strike_G","Strike_G","Defend_G+1","Defend_G","Defend_G","Survivor","Neutralize","A Thousand Cuts+1","Expertise+1","Dash+1","Well Laid Plans","PiercingWail+1","Dagger Spray","Concentrate+1","Escape Plan","Cloak And Dagger+1","Cloak And Dagger+1","Prepared","Envenom","Acrobatics","Infinite Blades","Calculated Gamble+1","Infinite Blades","Venomology","Madness","Madness","Dramatic Entrance","Normality","Prepared"],"relics":["Astrolabe","WingedGreaves","Shuriken","Odd Mushroom","Matryoshka","Tough Bandages","Busted Crown","Regal Pillow","Lantern","Oddly Smooth Stone","Toy Ornithopter","Cursed Key","Unceasing Top","Bronze Scales","Darkstone Periapt","Du-Vu Doll","Bird Faced Urn","Pantograph","Centennial Puzzle"],"acts_visited":["Exordium","TheCity","TheBeyond","TheEnding"],"potions_floor_usage":[35,39,42,50,50,54,54,55,55,55,55],"damage_taken":[{"damage":0.0,"enemies":"Jaw Worm","floor":1.0,"turns":4.0},{"damage":0.0,"enemies":"Cultist","floor":2.0,"turns":4.0},{"damage":0.0,"enemies":"Small Slimes","floor":4.0,"turns":4.0},{"damage":1.0,"enemies":"2 Fungi Beasts","floor":6.0,"turns":5.0},{"damage":24.0,"enemies":"3 Sentries","floor":7.0,"turns":7.0},{"damage":8.0,"enemies":"The Mushroom Lair","floor":8.0,"turns":5.0},{"damage":4.0,"enemies":"Blue Slaver","floor":11.0,"turns":4.0},{"damage":11.0,"enemies":"3 Louse","floor":13.0,"turns":2.0},{"damage":5.0,"enemies":"Lagavulin Event","floor":14.0,"turns":7.0},{"damage":0.0,"enemies":"Slime Boss","floor":16.0,"turns":7.0},{"damage":0.0,"enemies":"3 Byrds","floor":18.0,"turns":3.0},{"damage":14.0,"enemies":"Spheric Guardian","floor":22.0,"turns":5.0},{"damage":1.0,"enemies":"Cultist and Chosen","floor":23.0,"turns":7.0},{"damage":5.0,"enemies":"Gremlin Leader","floor":25.0,"turns":6.0},{"damage":14.0,"enemies":"Book of Stabbing","floor":30.0,"turns":4.0},{"damage":6.0,"enemies":"Champ","floor":33.0,"turns":9.0},{"damage":8,"enemies":"Orb Walker","floor":35,"turns":3},{"damage":27,"enemies":"2 Orb Walkers","floor":37,"turns":4},{"damage":13,"enemies":"3 Shapes","floor":39,"turns":4},{"damage":7,"enemies":"Maw","floor":42,"turns":6},{"damage":0,"enemies":"Reptomancer","floor":44,"turns":5},{"damage":0,"enemies":"Mind Bloom Boss Battle","floor":45,"turns":4},{"damage":45,"enemies":"Awakened One","floor":50,"turns":8},{"damage":25,"enemies":"Shield and Spear","floor":54,"turns":4},{"damage":67,"enemies":"The Heart","floor":55,"turns":6}],"seed_played":"1952703847905238073","potions_obtained":[{"floor":1.0,"key":"PowerPotion"},{"floor":7.0,"key":"Weak Potion"},{"floor":11.0,"key":"BlessingOfTheForge"},{"floor":16.0,"key":"Strength Potion"},{"floor":33.0,"key":"AttackPotion"},{"floor":35,"key":"CultistPotion"},{"floor":54,"key":"Block Potion"}],"is_trial":false,"path_per_floor":["M","M","?","M","?","M","E","?","T","R","M","$","M","?","R","B",null,"M","?","?","?","M","M","$","E","T","R","?","R","E","$","R","B",null,"M","?","?","?","M","R","?","M","T","E","?","$","?","$","R","B",null,"R","$","E","B",null],"character_chosen":"THE_SILENT","items_purchased":["Regal Pillow","Infinite Blades","Pantograph","Prepared"],"campfire_rested":3,"item_purchase_floors":[24,24,46,53],"current_hp_per_floor":[70,70,70,70,56,55,31,23,23,23,19,19,8,3,24,24,70,70,70,57,57,43,42,42,37,37,74,74,74,60,60,60,54,75,72,63,36,36,28,65,65,63,63,63,63,63,63,63,63,42,75,75,75,52,16],"gold":89,"neow_bonus":"BOSS_RELIC","is_daily":false,"chose_seed":false,"campfire_upgraded":4,"win_rate":0.0,"timestamp":1608936219,"path_taken":["M","M","?","?","?","M","E","?","T","R","M","$","M","?","R","BOSS","M","?","?","?","?","M","$","E","T","R","?","R","E","$","R","BOSS","M","?","?","?","?","R","?","M","T","E","?","$","?","$","R","BOSS","R","$","E","BOSS"],"items_purchased_type":["Relic","Card","Relic","Card"],"build_version":"2020-12-22","purchased_purges":2,"victory":true,"max_hp_per_floor":[70,70,70,70,70,70,70,70,70,70,70,70,70,70,70,70,70,70,70,75,75,75,75,75,75,75,75,75,75,75,75,75,75,75,75,75,75,75,75,75,75,75,75,75,75,75,75,75,75,75,75,75,75,75,75],"card_choices":[{"not_picked":["Bane","Predator"],"picked":"Well Laid Plans","floor":1.0},{"not_picked":["Dagger Spray","Bouncing Flask"],"picked":"PiercingWail","floor":2.0},{"not_picked":["Expertise","Deadly Poison"],"picked":"Dagger Spray","floor":4.0},{"not_picked":["Skewer","Dodge and Roll"],"picked":"Concentrate","floor":6.0},{"not_picked":["Deadly Poison","Eviscerate"],"picked":"Escape Plan","floor":7.0},{"not_picked":["Bane","Blade Dance"],"picked":"Cloak And Dagger","floor":8.0},{"not_picked":["Acrobatics","Bane"],"picked":"Cloak And Dagger","floor":11.0},{"not_picked":["Bane","Acrobatics","A Thousand Cuts"],"picked":"SKIP","floor":13.0},{"not_picked":["Flechettes","Dodge and Roll"],"picked":"Prepared","floor":14.0},{"not_picked":["Venomology","Unload"],"picked":"Envenom","floor":16.0},{"not_picked":[],"picked":"Acrobatics","floor":18.0},{"not_picked":[],"picked":"Calculated Gamble","floor":22.0},{"not_picked":["Choke"],"picked":"SKIP","floor":23.0},{"not_picked":["Flying Knee"],"picked":"SKIP","floor":25.0},{"not_picked":[],"picked":"Backstab","floor":30.0},{"not_picked":[],"picked":"Venomology","floor":33.0},{"not_picked":["Skewer+1"],"picked":"SKIP","floor":35},{"not_picked":["Predator"],"picked":"SKIP","floor":39},{"not_picked":[],"picked":"Dramatic Entrance","floor":41},{"not_picked":["Well Laid Plans"],"picked":"SKIP","floor":42},{"not_picked":["Deadly Poison"],"picked":"SKIP","floor":44},{"not_picked":["Underhanded Strike+1"],"picked":"SKIP","floor":54}],"player_experience":225167,"relics_obtained":[{"floor":7.0,"key":"Shuriken"},{"floor":8.0,"key":"Odd Mushroom"},{"floor":9.0,"key":"Matryoshka"},{"floor":14.0,"key":"Tough Bandages"},{"floor":25.0,"key":"Lantern"},{"floor":26.0,"key":"Oddly Smooth Stone"},{"floor":30.0,"key":"Toy Ornithopter"},{"floor":37,"key":"Unceasing Top"},{"floor":43,"key":"Bronze Scales"},{"floor":43,"key":"Darkstone Periapt"},{"floor":44,"key":"Du-Vu Doll"},{"floor":45,"key":"Bird Faced Urn"},{"floor":54,"key":"Centennial Puzzle"}],"event_choices":[{"damage_healed":0.0,"max_hp_gain":0.0,"max_hp_loss":0.0,"gold_gain":0.0,"event_name":"WeMeetAgain","player_choice":"Paid Gold","floor":3.0,"gold_loss":111.0,"damage_taken":0.0,"relics_obtained":["WingedGreaves"]},{"damage_healed":0.0,"max_hp_gain":0.0,"max_hp_loss":0.0,"gold_gain":0.0,"event_name":"Shining Light","player_choice":"Entered Light","floor":5.0,"gold_loss":0.0,"damage_taken":14.0,"cards_upgraded":["PiercingWail","Defend_G"]},{"damage_healed":0.0,"max_hp_gain":0.0,"max_hp_loss":0.0,"gold_gain":0.0,"event_name":"Mushrooms","player_choice":"Fought Mushrooms","floor":8.0,"gold_loss":0.0,"damage_taken":0.0},{"damage_healed":0.0,"max_hp_gain":0.0,"max_hp_loss":0.0,"gold_gain":0.0,"event_name":"Dead Adventurer","player_choice":"Searched \u00271\u0027 times","floor":14.0,"gold_loss":0.0,"damage_taken":0.0},{"damage_healed":0.0,"max_hp_gain":0.0,"max_hp_loss":0.0,"gold_gain":0.0,"event_name":"The Library","player_choice":"Read","floor":19.0,"gold_loss":0.0,"damage_taken":0.0,"cards_obtained":["Infinite Blades"]},{"damage_healed":0.0,"max_hp_gain":5.0,"max_hp_loss":0.0,"gold_gain":0.0,"event_name":"Forgotten Altar","player_choice":"Shed Blood","floor":20.0,"gold_loss":0.0,"damage_taken":18.0},{"damage_healed":0.0,"max_hp_gain":0.0,"max_hp_loss":0.0,"gold_gain":0.0,"event_name":"Transmorgrifier","player_choice":"Ignored","floor":21.0,"gold_loss":0.0,"damage_taken":0.0},{"damage_healed":0.0,"max_hp_gain":0.0,"max_hp_loss":0.0,"gold_gain":0.0,"event_name":"NoteForYourself","player_choice":"Ignored","floor":28.0,"gold_loss":0.0,"damage_taken":0.0},{"damage_healed":0,"gold_gain":0,"player_choice":"Embrace Madness","damage_taken":9,"max_hp_gain":0,"max_hp_loss":0,"event_name":"Winding Halls","floor":36,"gold_loss":0,"cards_obtained":["Madness","Madness"]},{"damage_healed":0,"gold_gain":0,"player_choice":"Fight","damage_taken":0,"max_hp_gain":0,"max_hp_loss":0,"event_name":"Mysterious Sphere","floor":37,"gold_loss":0},{"damage_healed":0,"gold_gain":0,"player_choice":"Bought 0 Potions","damage_taken":0,"max_hp_gain":0,"max_hp_loss":0,"event_name":"The Woman in Blue","floor":38,"gold_loss":0},{"damage_healed":0,"gold_gain":0,"player_choice":"Memory 1","damage_taken":0,"max_hp_gain":0,"max_hp_loss":0,"event_name":"SensoryStone","floor":41,"gold_loss":0},{"damage_healed":0,"gold_gain":0,"player_choice":"Fight","damage_taken":0,"max_hp_gain":0,"max_hp_loss":0,"event_name":"MindBloom","floor":45,"gold_loss":0},{"cards_removed":["Backstab"],"damage_healed":0,"gold_gain":0,"player_choice":"Removed Attack","damage_taken":0,"max_hp_gain":0,"max_hp_loss":0,"event_name":"Falling","floor":47,"gold_loss":0}],"is_beta":false,"boss_relics":[{"not_picked":["HoveringKite","Calling Bell"],"picked":"Busted Crown"},{"not_picked":["Pandora\u0027s Box","Runic Pyramid"],"picked":"Cursed Key"}],"items_purged_floors":[12,31],"is_endless":false,"potions_floor_spawned":[1,7,11,16,33,35,37,45,54],"ascension_level":0}}