{"host":"areou1to5q11ox5u","time":1608936570,"event":{"mods":["AchievementEnabler","BaseMod","Bestiary","Block Reminder","Colored Map","Colored Powertips","DeckTracker","Downfall","Highlight Path","Infinite Spire","Minty Spire (QoL Compilation)","Permanent Neow","Random Character Button","Relic Sorter","Relic Stats","StSLib","The Jungle"],"gold_per_floor":[99,115,125,143,161,161,161,174,174,190,208,236,161,161,177,274,274,274,294,294,294,304,304,304,321,321,341,366,303,335,375,387,387,387],"floor_reached":32,"playtime":3290,"items_purged":["hexamod:Defend"],"score":293,"play_id":"c0389432-d042-4900-84de-16b75aa87fa9","local_time":"20201225234930","is_ascension_mode":false,"campfire_choices":[{"data":"hexamod:Sear","floor":1,"key":"SMITH"},{"data":"hexamod:SpectersWail","floor":6,"key":"SMITH"},{"data":"hexamod:Strike","floor":9,"key":"SMITH"},{"floor":13,"key":"REST"},{"data":"hexamod:RainOfEmbers","floor":13,"key":"SMITH"},{"data":"hexamod:SearingWound","floor":18,"key":"SMITH"},{"floor":23,"key":"REST"},{"data":"infinitespire:DeathsTouch","floor":23,"key":"SMITH"},{"floor":26,"key":"REST"},{"data":"hexamod:ThermalTransfer","floor":26,"key":"SMITH"},{"data":"hexamod:SpectersWail","floor":29,"key":"SMITH"}],"circlet_count":0,"master_deck":["hexamod:Strike+1","hexamod:Strike+1","hexamod:Strike+1","hexamod:Defend","hexamod:Defend","hexamod:Defend","hexamod:Sear+1","hexamod:Float","hexamod:InspiringFlames+1","hexamod:GhostShield","hexamod:SpectersWail+1","hexamod:ThirdSeal","hexamod:BacktrackSmack","hexamod:BacktrackSmack+1","hexamod:FirstSeal","hexamod:UnleashSpirits+1","hexamod:GhostLash+1","hexamod:Incineration","hexamod:SoulSteal","hexamod:RainOfEmbers+1","hexamod:GhostLash","hexamod:SwordOfDarkness","hexamod:SixthSeal","hexamod:SearingWound+1","hexamod:SwordOfDarkness+1","hexamod:SpectersWail+1","infinitespire:DeathsTouch+1","hexamod:DynamicBlow+1","hexamod:NightmareStrike+1","hexamod:ThermalTransfer+1","hexamod:SecondSeal","hexamod:FirstSeal","hexamod:ThermalTransfer+1","hexamod:InspiringFlames+1","hexamod:HeatCrush+1","hexamod:TimeOfNeed","hexamod:SpectersWail","hexamod:HeatMetal"],"relics":["hexamod:SpiritBrand","infinitespire:Magic Flask","downfall:HeartBlessingBlue","SlaversCollar","Medical Kit","Incense Burner","MawBank","downfall:HeartBlessingGreen"],"acts_visited":["Exordium","Exordium"],"potions_floor_usage":[32],"damage_taken":[{"damage":4,"enemies":"Jaw Worm","floor":2,"turns":4},{"damage":0,"enemies":"Cultist","floor":3,"turns":3},{"damage":4,"enemies":"infinitespire:Voidling","floor":4,"turns":3},{"damage":0,"enemies":"Large Slime","floor":5,"turns":9},{"damage":8,"enemies":"2 Fungi Beasts","floor":8,"turns":3},{"damage":3,"enemies":"Exordium Wildlife","floor":10,"turns":2},{"damage":8,"enemies":"Blue Slaver","floor":11,"turns":4},{"damage":20,"enemies":"Gremlin Nob","floor":12,"turns":5},{"damage":14,"enemies":"Exordium Wildlife","floor":15,"turns":4},{"damage":37,"enemies":"downfall:Watcher","floor":16,"turns":11},{"damage":14,"enemies":"theJungle:MUSHROOMGANG","floor":19,"turns":6},{"damage":19,"enemies":"theJungle:Flameango_and_Byrd","floor":22,"turns":4},{"damage":26,"enemies":"theJungle:JungleHuntersEncounter","floor":25,"turns":6},{"damage":21,"enemies":"Snake Plant","floor":27,"turns":3},{"damage":27,"enemies":"theJungle:2_Phrogs","floor":28,"turns":7},{"damage":4,"enemies":"theJungle:2_Snecko_Cultists","floor":30,"turns":5},{"damage":37,"enemies":"theJungle:Snecko_Cultist_And_Trap","floor":31,"turns":6},{"damage":44,"enemies":"theJungle:2_Flameangoes","floor":32,"turns":4}],"seed_played":"1220683115361300356","potions_obtained":[{"floor":2,"key":"SneckoOil"},{"floor":5,"key":"Regen Potion"},{"floor":11,"key":"Strength Potion"},{"floor":15,"key":"Energy Potion"},{"floor":30,"key":"Slimebound:ThreeZeroPotion"}],"is_trial":false,"path_per_floor":["R","M","M","M","M","R","T","M","R","M","M","E","R","?","M","B",null,"R","M","?","AVR","M","R","T","M","R","M","E","R","M","M","M"],"character_chosen":"THE_SPIRIT","items_purchased":[],"campfire_rested":3,"item_purchase_floors":[],"current_hp_per_floor":[70,66,66,66,66,66,66,58,58,55,54,41,75,75,68,31,80,80,73,73,73,54,78,78,52,76,55,42,42,52,22,0,0,0],"gold":387,"neow_bonus":"UPGRADE_CARD","is_daily":false,"chose_seed":false,"campfire_upgraded":8,"win_rate":0.0,"timestamp":1608936570,"path_taken":["R","M","M","M","M","R","T","M","R","M","M","E","R","?","M","BOSS","R","M","?","AVR","M","R","T","M","R","M","E","R","M","M","M"],"items_purchased_type":[],"build_version":"2020-12-22","purchased_purges":1,"victory":false,"max_hp_per_floor":[70,70,70,70,70,70,70,70,70,70,70,70,80,80,80,80,80,80,80,80,80,80,80,80,80,80,80,80,80,80,80,80,80,80],"relic_stats":{"counters":[18,89],"Medical Kit":[0],"MawBank":48,"obtain_stats":[{"SlaversCollar":17,"downfall:HeartBlessingBlue":13,"downfall:HeartBlessingGreen":29,"Incense Burner":24,"infinitespire:Magic Flask":12,"Medical Kit":21,"MawBank":28,"hexamod:SpiritBrand":0},{"SlaversCollar":10,"downfall:HeartBlessingBlue":8,"downfall:HeartBlessingGreen":15,"Incense Burner":12,"infinitespire:Magic Flask":8,"Medical Kit":11,"MawBank":15,"hexamod:SpiritBrand":0},{"SlaversCollar":48,"downfall:HeartBlessingBlue":33,"downfall:HeartBlessingGreen":74,"Incense Burner":58,"infinitespire:Magic Flask":33,"Medical Kit":54,"MawBank":74,"hexamod:SpiritBrand":0}]},"card_choices":[{"not_picked":["hexamod:StepThrough","hexamod:FastForward"],"picked":"hexamod:InspiringFlames","floor":2},{"not_picked":["hexamod:BacktrackSmack","hexamod:GhostflameBarrier"],"picked":"hexamod:GhostShield","floor":3},{"not_picked":["hexamod:NightmareGuise","hexamod:ExtraCrispy"],"picked":"hexamod:SpectersWail","floor":4},{"not_picked":["hexamod:GhostShield","hexamod:InspiringFlames"],"picked":"hexamod:ThirdSeal","floor":5},{"not_picked":["hexamod:AdvancingGuard","hexamod:ShieldOfDarkness"],"picked":"hexamod:BacktrackSmack","floor":8},{"not_picked":["hexamod:SwordOfDarkness","hexamod:GhostLash"],"picked":"hexamod:BacktrackSmack","floor":8},{"not_picked":["hexamod:GhostLash","hexamod:HauntingEcho"],"picked":"hexamod:FirstSeal","floor":10},{"not_picked":["hexamod:GhostShield","hexamod:SwordOfDarkness"],"picked":"hexamod:UnleashSpirits","floor":10},{"not_picked":["hexamod:CatchUp","hexamod:Firestarter"],"picked":"hexamod:GhostLash","floor":11},{"not_picked":["hexamod:Hexaguard","hexamod:SwordOfDarkness"],"picked":"hexamod:Incineration","floor":11},{"not_picked":["hexamod:StepThrough","hexamod:Again"],"picked":"hexamod:SoulSteal","floor":12},{"not_picked":["hexamod:EtherealExpedition","hexamod:AdvancingGuard"],"picked":"hexamod:RainOfEmbers","floor":12},{"not_picked":["hexamod:ChargedBarrage","hexamod:Incineration"],"picked":"hexamod:GhostLash","floor":15},{"not_picked":["hexamod:FourthSeal","hexamod:InspiringFlames"],"picked":"hexamod:SwordOfDarkness","floor":15},{"not_picked":["hexamod:TurnItUp","hexamod:UnleashSpirits"],"picked":"hexamod:SixthSeal","floor":16},{"not_picked":["hexamod:HexaLevel","hexamod:VolcanoVisage"],"picked":"hexamod:SearingWound","floor":16},{"not_picked":["hexamod:InspiringFlames","hexamod:Firestarter"],"picked":"hexamod:SwordOfDarkness+1","floor":19},{"not_picked":["hexamod:AdvancingGuard","hexamod:ShieldOfDarkness"],"picked":"hexamod:SpectersWail","floor":19},{"not_picked":["hexamod:NecessarySacrifice","hexamod:Hexaguard"],"picked":"hexamod:DynamicBlow+1","floor":22},{"not_picked":["hexamod:GhostOfSpireFuture","hexamod:ThermalTransfer"],"picked":"hexamod:NightmareStrike+1","floor":22},{"not_picked":["hexamod:DynamicBlow","hexamod:RainOfEmbers"],"picked":"hexamod:ThermalTransfer","floor":25},{"not_picked":["hexamod:SwordOfDarkness+1","hexamod:NightmareStrike"],"picked":"hexamod:SecondSeal","floor":27},{"not_picked":["hexamod:NightmareGuise+1","hexamod:GhostLash+1"],"picked":"hexamod:FirstSeal","floor":27},{"not_picked":["hexamod:RadiantFlame","hexamod:UnleashSpirits"],"picked":"hexamod:ThermalTransfer+1","floor":28},{"not_picked":["hexamod:PhantomFireball","hexamod:DynamicBlow+1"],"picked":"hexamod:InspiringFlames+1","floor":28},{"not_picked":["hexamod:SpectersWail","hexamod:SwordOfDarkness"],"picked":"hexamod:HeatCrush+1","floor":30},{"not_picked":["hexamod:NecessarySacrifice+1","hexamod:AdvancingGuard"],"picked":"hexamod:TimeOfNeed","floor":30},{"not_picked":["hexamod:Firestarter","hexamod:GhostOfSpireFuture"],"picked":"hexamod:SpectersWail","floor":31},{"not_picked":["hexamod:BurningTouch+1","hexamod:DynamicBlow"],"picked":"hexamod:HeatMetal","floor":31}],"player_experience":4992,"relics_obtained":[{"floor":12,"key":"infinitespire:Magic Flask"},{"floor":24,"key":"Incense Burner"},{"floor":28,"key":"MawBank"}],"event_choices":[],"is_beta":false,"boss_relics":[{"not_picked":["Busted Crown","Philosopher\u0027s Stone"],"picked":"SlaversCollar"}],"items_purged_floors":[21],"is_endless":false,"potions_floor_spawned":[2,5,11,15,30,31],"killed_by":"theJungle:2_Flameangoes","ascension_level":0}}