{"host":"f5gffvlv6a66yqkd","time":1608909695,"event":{"mods":["2.2 Compatiblity","BaseMod","Colored Map","DeckTracker","Keyboard Shortcuts","Minty Spire (QoL Compilation)","Permanent Neow","Quick Restart","Relic Stats","StSLib","SuperFastMode"],"gold_per_floor":[119,119,44,44,54,54,79,105,105,6,6,21,21,38,38,114,114,128,53,143,155,205,205,218,218,218,229,229,30,30,47,47,124,124,135,135,209,209,209,209,40,70,119,119,139,139,139,139],"floor_reached":47,"playtime":1672,"items_purged":["Strike_P+1","CutThroughFate"],"score":1069,"play_id":"d7d4fd54-c640-4897-80af-e72b6eca4f69","local_time":"20201226002135","is_ascension_mode":true,"campfire_choices":[{"data":"Eruption","floor":6.0,"key":"SMITH"},{"data":"Prostrate","floor":15.0,"key":"SMITH"},{"data":"Prostrate","floor":23.0,"key":"SMITH"},{"floor":25.0,"key":"REST"},{"data":"SignatureMove","floor":28.0,"key":"SMITH"},{"data":"Adaptation","floor":32.0,"key":"SMITH"},{"data":"EmptyBody","floor":40.0,"key":"SMITH"},{"data":"Devotion","floor":44.0,"key":"SMITH"},{"floor":46.0,"key":"REST"}],"circlet_count":0,"master_deck":["AscendersBane","Defend_P+1","Defend_P","Defend_P","Eruption+1","Vigilance","Prostrate+1","Prostrate+1","Consecrate","SignatureMove+1","EmptyBody+1","Adaptation+1","Halt","Prostrate+1","Devotion+1","Adaptation+1"],"relics":["PureWater","WingedGreaves","Bag of Marbles","Pear","Runic Pyramid","Meat on the Bone","VioletLotus","Sundial","DollysMirror","Blue Candle","Pen Nib"],"acts_visited":["Exordium","TheCity","TheBeyond"],"potions_floor_usage":[],"damage_taken":[{"damage":0.0,"enemies":"Small Slimes","floor":1.0,"turns":2.0},{"damage":0.0,"enemies":"2 Louse","floor":5.0,"turns":1.0},{"damage":0.0,"enemies":"Lagavulin","floor":7.0,"turns":7.0},{"damage":0.0,"enemies":"Cultist","floor":12.0,"turns":2.0},{"damage":0.0,"enemies":"Blue Slaver","floor":14.0,"turns":3.0},{"damage":41.0,"enemies":"Hexaghost","floor":16.0,"turns":10.0},{"damage":5.0,"enemies":"2 Thieves","floor":18.0,"turns":3.0},{"damage":1.0,"enemies":"Chosen","floor":21.0,"turns":4.0},{"damage":17.0,"enemies":"Shelled Parasite and Fungi","floor":24.0,"turns":4.0},{"damage":0.0,"enemies":"Snecko","floor":27.0,"turns":3.0},{"damage":2.0,"enemies":"Centurion and Healer","floor":31.0,"turns":4.0},{"damage":37.0,"enemies":"Champ","floor":33.0,"turns":9.0},{"damage":16.0,"enemies":"Orb Walker","floor":35.0,"turns":4.0},{"damage":0.0,"enemies":"Giant Head","floor":42.0,"turns":6.0},{"damage":27.0,"enemies":"3 Shapes","floor":45.0,"turns":7.0},{"damage":4,"enemies":"Writhing Mass","floor":47,"turns":2}],"seed_played":"-4845103299477632495","potions_obtained":[{"floor":1.0,"key":"EssenceOfSteel"},{"floor":12.0,"key":"Weak Potion"},{"floor":16.0,"key":"LiquidBronze"},{"floor":24.0,"key":"Explosive Potion"},{"floor":45.0,"key":"SpeedPotion"}],"is_trial":false,"path_per_floor":["M","?","?","?","M","R","E","T","T","$","?","M","?","M","R","B",null,"M","$","?","M","?","R","M","R","T","M","R","$","?","M","R","B",null,"M","?","T","?","T","R","$","E","T","R","M","R","M"],"character_chosen":"WATCHER","items_purchased":["SignatureMove","EmptyBody","Adaptation","Halt","DollysMirror"],"campfire_rested":2,"item_purchase_floors":[10,10,29,29,41],"current_hp_per_floor":[61,66,66,44,44,44,44,44,54,54,54,54,47,47,47,6,64,59,59,47,46,38,38,21,45,45,45,45,45,45,43,43,18,67,51,51,51,51,51,51,51,51,51,51,36,59,55,55],"gold":139,"neow_bonus":"TRANSFORM_CARD","is_daily":false,"chose_seed":false,"campfire_upgraded":7,"win_rate":0.0,"timestamp":1608909695,"path_taken":["M","?","?","?","M","R","E","?","T","?","?","?","?","M","R","BOSS","M","$","?","?","?","R","M","R","T","M","R","?","?","M","R","BOSS","M","?","?","?","?","R","$","E","T","R","M","R","?"],"items_purchased_type":["Card","Card","Card","Card","Relic"],"build_version":"2020-12-22","purchased_purges":2,"victory":false,"max_hp_per_floor":[68,73,73,73,73,73,73,73,83,83,83,83,83,83,83,83,83,83,83,83,83,83,83,83,83,83,83,83,83,83,83,83,83,83,83,83,83,79,79,79,79,79,79,79,79,79,79,79],"relic_stats":{"counters":[16,71],"Sundial":[4],"Blue Candle":[0],"VioletLotus":[6],"Pen Nib":[0],"obtain_stats":[{"Pear":9,"Sundial":37,"DollysMirror":41,"Blue Candle":42,"WingedGreaves":7,"VioletLotus":34,"Pen Nib":43,"Bag of Marbles":8,"PureWater":0,"Runic Pyramid":17,"Meat on the Bone":26},{"Pear":3,"Sundial":13,"DollysMirror":13,"Blue Candle":14,"WingedGreaves":3,"VioletLotus":12,"Pen Nib":14,"Bag of Marbles":3,"PureWater":0,"Runic Pyramid":6,"Meat on the Bone":9},{"Pear":10,"Sundial":56,"DollysMirror":56,"Blue Candle":62,"WingedGreaves":10,"VioletLotus":52,"Pen Nib":62,"Bag of Marbles":10,"PureWater":0,"Runic Pyramid":25,"Meat on the Bone":36}],"Meat on the Bone":24},"card_choices":[{"not_picked":["Worship","Swivel"],"picked":"Prostrate","floor":1.0},{"not_picked":["JustLucky","Study"],"picked":"Prostrate","floor":5.0},{"not_picked":["PathToVictory","ThirdEye"],"picked":"Consecrate","floor":7.0},{"not_picked":["WindmillStrike","FollowUp","ClearTheMind"],"picked":"SKIP","floor":12.0},{"not_picked":["PathToVictory","DeceiveReality","SandsOfTime"],"picked":"SKIP","floor":14.0},{"not_picked":["SashWhip","Nirvana","PathToVictory"],"picked":"SKIP","floor":18.0},{"not_picked":["ForeignInfluence","Weave"],"picked":"Fasting2","floor":21.0},{"not_picked":["Swivel","Collect","ThirdEye"],"picked":"SKIP","floor":24.0},{"not_picked":["Protect","Halt+1","ClearTheMind"],"picked":"SKIP","floor":27.0},{"not_picked":["CutThroughFate","TalkToTheHand"],"picked":"Prostrate+1","floor":31.0},{"not_picked":["Alpha","DeusExMachina"],"picked":"Devotion","floor":33.0},{"not_picked":["JustLucky","Protect","PathToVictory"],"picked":"SKIP","floor":35.0},{"not_picked":["Wireheading","SignatureMove","FollowUp"],"picked":"SKIP","floor":42.0},{"not_picked":["EmptyBody","BowlingBash","SashWhip+1"],"picked":"SKIP","floor":45.0}],"player_experience":1484529,"relics_obtained":[{"floor":7.0,"key":"WingedGreaves"},{"floor":8.0,"key":"Bag of Marbles"},{"floor":9.0,"key":"Pear"},{"floor":26.0,"key":"Meat on the Bone"},{"floor":37.0,"key":"Sundial"},{"floor":42.0,"key":"Blue Candle"},{"floor":43.0,"key":"Pen Nib"}],"event_choices":[{"damage_healed":0.0,"max_hp_gain":5.0,"max_hp_loss":0.0,"gold_gain":0.0,"event_name":"Big Fish","player_choice":"Donut","floor":2.0,"gold_loss":0.0,"damage_taken":0.0},{"cards_removed":["Strike_P"],"damage_healed":0.0,"max_hp_gain":0.0,"max_hp_loss":0.0,"gold_gain":0.0,"event_name":"The Cleric","player_choice":"Card Removal","floor":3.0,"gold_loss":75.0,"damage_taken":0.0},{"damage_healed":0.0,"max_hp_gain":0.0,"max_hp_loss":0.0,"gold_gain":0.0,"event_name":"Shining Light","player_choice":"Entered Light","floor":4.0,"gold_loss":0.0,"damage_taken":22.0,"cards_upgraded":["Strike_P","Defend_P"]},{"cards_removed":["Strike_P"],"damage_healed":0.0,"max_hp_gain":0.0,"max_hp_loss":0.0,"gold_gain":0.0,"event_name":"Purifier","player_choice":"Purged","floor":11.0,"gold_loss":0.0,"damage_taken":0.0},{"cards_removed":["Strike_P"],"damage_healed":0.0,"max_hp_gain":0.0,"max_hp_loss":0.0,"gold_gain":0.0,"event_name":"Golden Wing","player_choice":"Card Removal","floor":13.0,"gold_loss":0.0,"damage_taken":7.0},{"damage_healed":0.0,"max_hp_gain":0.0,"max_hp_loss":0.0,"gold_gain":90.0,"event_name":"Knowing Skull","player_choice":"GOLD ","floor":20.0,"potions_obtained":[],"gold_loss":0.0,"damage_taken":12.0,"cards_obtained":[]},{"damage_healed":0.0,"max_hp_gain":0.0,"max_hp_loss":0.0,"gold_gain":50.0,"event_name":"FaceTrader","player_choice":"Touch","floor":22.0,"gold_loss":0.0,"damage_taken":8.0},{"damage_healed":0.0,"max_hp_gain":0.0,"max_hp_loss":0.0,"gold_gain":0.0,"event_name":"Ghosts","player_choice":"Ignored","floor":30.0,"gold_loss":0.0,"damage_taken":0.0},{"cards_removed":["Fasting2"],"damage_healed":0.0,"max_hp_gain":0.0,"max_hp_loss":0.0,"gold_gain":0.0,"event_name":"Falling","player_choice":"Removed Power","floor":36.0,"gold_loss":0.0,"damage_taken":0.0},{"damage_healed":0.0,"max_hp_gain":0.0,"max_hp_loss":4.0,"gold_gain":0.0,"event_name":"Winding Halls","player_choice":"Max HP","floor":38.0,"gold_loss":0.0,"damage_taken":0.0}],"is_beta":false,"boss_relics":[{"not_picked":["Velvet Choker","Empty Cage"],"picked":"Runic Pyramid"},{"not_picked":["Philosopher\u0027s Stone","Sozu"],"picked":"VioletLotus"}],"items_purged_floors":[19,29],"is_endless":false,"potions_floor_spawned":[1,12,16,24,33,45],"killed_by":"Writhing Mass","ascension_level":20}}