{"host":"uflv0e3ja7hvnij7","time":1608854607,"event":{"mods":["Aspiration","BaseMod","Better Altar","Better Match","Better Note","Better Sensory Stone","Better Skull","Better Third Choice","Infinite Spire","Minty Spire (QoL Compilation)","Permanent Neow","StSLib"],"gold_per_floor":[362,381,55,67,67,67,77,77,146,181,200,45,74,90,90,193,193,213,113,28,43,43,43,76,76,76,76,76,88,108,122,122,218,218,229,179,179,194,213,213,213],"floor_reached":40,"playtime":1920,"items_purged":["Strike_R","Body Slam","Defend_R","Defend_R"],"score":573,"play_id":"8dc7ed99-0c36-4795-95b7-fca9987e2f9c","local_time":"20201224190327","is_ascension_mode":true,"campfire_choices":[{"data":"Armaments","floor":6,"key":"SMITH"},{"data":"Bash","floor":8,"key":"SMITH"},{"floor":15,"key":"REST"},{"data":"Limit Break","floor":23,"key":"SMITH"},{"data":"Havoc","floor":25,"key":"SMITH"},{"floor":32,"key":"REST"}],"circlet_count":0,"master_deck":["Strike_R","Strike_R","Strike_R","Strike_R","Bash+1","Armaments+1","Cleave","Havoc+1","Clothesline","Shrug It Off","Whirlwind","Demon Form+1","Limit Break+1","Headbutt","Offering","Wild Strike+1","Disarm"],"relics":["Burning Blood","Frozen Egg 2","Meat on the Bone","aspiration:StickyExplosives_weak","Paper Frog","Velvet Choker","Smiling Mask","aspiration:KaomsHeart"],"acts_visited":["Exordium","TheCity","TheBeyond"],"potions_floor_usage":[13,16,16,24,33,33,13033,33],"damage_taken":[{"damage":0,"enemies":"Small Slimes","floor":1,"turns":3},{"damage":0,"enemies":"2 Louse","floor":2,"turns":3},{"damage":1,"enemies":"Cultist","floor":4,"turns":4},{"damage":9,"enemies":"Red Slaver","floor":7,"turns":3},{"damage":36,"enemies":"Lagavulin","floor":10,"turns":6},{"damage":1,"enemies":"Lots of Slimes","floor":11,"turns":2},{"damage":17,"enemies":"3 Sentries","floor":13,"turns":4},{"damage":3,"enemies":"Looter","floor":14,"turns":3},{"damage":32,"enemies":"The Guardian","floor":16,"turns":6},{"damage":22,"enemies":"Shell Parasite","floor":18,"turns":5},{"damage":9,"enemies":"3 Byrds","floor":21,"turns":3},{"damage":25,"enemies":"Gremlin Leader","floor":24,"turns":6},{"damage":21,"enemies":"Centurion and Healer","floor":29,"turns":5},{"damage":39,"enemies":"Snake Plant","floor":30,"turns":4},{"damage":31,"enemies":"Snecko","floor":31,"turns":4},{"damage":37,"enemies":"Collector","floor":33,"turns":5},{"damage":73,"enemies":"3 Shapes","floor":35,"turns":7},{"damage":26,"enemies":"Orb Walker","floor":38,"turns":3},{"damage":28,"enemies":"Spire Growth","floor":39,"turns":3},{"damage":93,"enemies":"Reptomancer","floor":40,"turns":5}],"seed_played":"-8048145004052910589","potions_obtained":[{"floor":1,"key":"FearPotion"},{"floor":10,"key":"ColorlessPotion"},{"floor":13,"key":"CultistPotion"},{"floor":21,"key":"Ancient Potion"},{"floor":24,"key":"Fruit Juice"},{"floor":30,"key":"LiquidBronze"},{"floor":39,"key":"ElixirPotion"}],"is_trial":false,"path_per_floor":["M","M","$","M","?","R","M","R","T","E","M","$","E","M","R","B",null,"M","$","?","M","AVR","R","E","R","T","?","?","M","M","M","R","B",null,"M","$","?","M","M","E"],"character_chosen":"IRONCLAD","items_purchased":["Frozen Egg 2","Demon Form+1"],"campfire_rested":2,"item_purchase_floors":[3,12],"current_hp_per_floor":[62,68,68,73,66,66,63,63,63,45,50,50,51,54,78,52,73,57,57,57,54,154,154,140,140,140,96,96,93,72,59,114,122,169,102,102,102,94,84,0,0],"gold":213,"neow_bonus":"TWO_FIFTY_GOLD","is_daily":false,"chose_seed":false,"campfire_upgraded":4,"win_rate":0.0,"timestamp":1608854607,"path_taken":["M","M","$","M","?","R","M","R","T","E","M","$","E","M","R","BOSS","M","$","?","M","AVR","R","E","R","T","?","?","M","?","M","R","BOSS","M","$","?","M","M","E"],"items_purchased_type":["Relic","Card"],"build_version":"2020-12-22","purchased_purges":4,"victory":false,"max_hp_per_floor":[80,80,80,80,80,80,80,80,80,80,80,80,80,80,80,80,80,80,80,80,80,180,180,185,185,185,185,185,185,185,185,185,185,185,185,185,185,185,185,185,185],"card_choices":[{"not_picked":["Twin Strike","Anger"],"picked":"Armaments","floor":1},{"not_picked":["Warcry","Iron Wave"],"picked":"Cleave","floor":2},{"not_picked":["Clothesline","Intimidate"],"picked":"Havoc","floor":4},{"not_picked":["Armaments","Wild Strike"],"picked":"Clothesline","floor":7},{"not_picked":["Anger","Cleave"],"picked":"Shrug It Off","floor":10},{"not_picked":["Headbutt","Sword Boomerang"],"picked":"Whirlwind","floor":11},{"not_picked":["Barricade+1","Dual Wield"],"picked":"Body Slam","floor":13},{"not_picked":["Sword Boomerang","Anger","Heavy Blade"],"picked":"SKIP","floor":14},{"not_picked":["Fiend Fire","Exhume"],"picked":"Limit Break","floor":16},{"not_picked":["Burning Pact","Heavy Blade","Body Slam"],"picked":"SKIP","floor":18},{"not_picked":["Uppercut","Heavy Blade","Clash+1"],"picked":"SKIP","floor":21},{"not_picked":["True Grit+1","Feel No Pain+1"],"picked":"Headbutt","floor":24},{"not_picked":["Wild Strike","Fire Breathing+1","Burning Pact+1"],"picked":"SKIP","floor":29},{"not_picked":["Dual Wield+1","Carnage","Thunderclap"],"picked":"SKIP","floor":30},{"not_picked":["Searing Blow+1","Perfected Strike+1","Feel No Pain+1"],"picked":"SKIP","floor":31},{"not_picked":["Exhume","Brutality+1"],"picked":"Offering","floor":33},{"not_picked":["Rupture+1","Clash","Intimidate"],"picked":"SKIP","floor":35},{"not_picked":["Armaments","Sword Boomerang+1"],"picked":"Wild Strike+1","floor":38},{"not_picked":["Armaments+1","Warcry+1"],"picked":"Disarm","floor":39}],"player_experience":338042,"relics_obtained":[{"floor":9,"key":"Meat on the Bone"},{"floor":10,"key":"aspiration:StickyExplosives_weak"},{"floor":13,"key":"Paper Frog"},{"floor":24,"key":"aspiration:KMNothing"},{"floor":28,"key":"aspiration:KMNothing"}],"event_choices":[{"cards_removed":["Defend_R"],"damage_healed":0,"gold_gain":0,"player_choice":"Card Removal","damage_taken":7,"max_hp_gain":0,"max_hp_loss":0,"event_name":"Golden Wing","floor":5,"gold_loss":0},{"damage_healed":0,"gold_gain":0,"player_choice":"Obtained Relic","damage_taken":0,"relics_obtained":["Smiling Mask"],"max_hp_gain":0,"max_hp_loss":0,"event_name":"Addict","floor":20,"gold_loss":85},{"damage_healed":0,"gold_gain":0,"player_choice":" Potion ","damage_taken":44,"relics_obtained":[],"max_hp_gain":140,"max_hp_loss":96,"event_name":"betterAltar:BetterAltar","floor":27,"potions_obtained":["betterAltar:AltarPotion"],"relics_lost":[],"gold_loss":0},{"damage_healed":0,"gold_gain":0,"player_choice":"Relic","damage_taken":0,"max_hp_gain":0,"max_hp_loss":0,"event_name":"Wheel of Change","floor":28,"gold_loss":0},{"cards_removed":["Defend_R"],"damage_healed":0,"gold_gain":0,"player_choice":"Purged","damage_taken":0,"max_hp_gain":0,"max_hp_loss":0,"event_name":"Purifier","floor":37,"gold_loss":0}],"is_beta":false,"boss_relics":[{"not_picked":["Calling Bell","SacredBark"],"picked":"Velvet Choker"},{"not_picked":["aspiration:KMNothing","aspiration:KMNothing"],"picked":"aspiration:KMNothing"}],"items_purged_floors":[3,19,22,36],"is_endless":false,"potions_floor_spawned":[1,10,13,21,24,30,39],"killed_by":"Reptomancer","ascension_level":5}}