{"host":"ju66gn9zov5ov15o","time":1608916222,"event":{"mods":["2.2 Compatiblity","Act Like it!","BaseMod","Downfall","GifTheSpireLib","Lobotomy","Marisa????????","Minty Spire (QoL Compilation)","Pale of the Ancients","Rare Cards Sparkle","Relic Stats","StSLib","The Animator"],"gold_per_floor":[99,116,116,116,133,133,133,133,133,133,133,151,181,193,205,310,310,322,334,365,377,389,326,408,420,459,471,333,358,470,467,497,613,625,637,669,681,703,725,767,802,814,856,887,923,935,957,580,600,600],"floor_reached":51,"playtime":2554,"items_purged":["animator:Curse_GriefSeed"],"score":838,"play_id":"7e9456a5-bc51-4e66-910e-50774e851dd9","local_time":"20201225181022","is_ascension_mode":false,"campfire_choices":[{"data":"champ:IgnorePain","floor":1.0,"key":"SMITH"},{"data":"champ:FanOfKnives","floor":6.0,"key":"SMITH"},{"data":"champ:Execute","floor":8.0,"key":"SMITH"},{"data":"champ:AdrenalArmor","floor":10.0,"key":"SMITH"},{"floor":18.0,"key":"RECALL"},{"data":"champ:BerserkersShout","floor":23.0,"key":"SMITH"},{"data":"champ:DeathBlow","floor":28.0,"key":"SMITH"},{"data":"champ:VampiricStrike","floor":35.0,"key":"SMITH"},{"data":"champ:Taunt","floor":42.0,"key":"SMITH"}],"circlet_count":0,"master_deck":["champ:Defend","champ:Execute+1","champ:Taunt+1","champ:IgnorePain+1","champ:FanOfKnives+1","champ:AdrenalArmor+1","champ:BerserkerStyle","champ:DeathBlow+1","champ:LastStand","champ:VampiricStrike+1","CurseOfTheBell","champ:BerserkersShout+1","Bite+1","Bite","Bite","Bite","Bite","champ:FocusedBerserking","champ:EnragedBash+1","champ:SteelEdge","champ:BringItOn+1","champ:RageSigil+1","sneckomod:Bewildered","Parasite","Guardian:Aged","champ:IronFortress+1","champ:SwordThrow","Finesse"],"relics":["champ:ChampionCrown","champ:LiftRelic","Mango","Orichalcum","Calling Bell","MawBank","Darkstone Periapt","Pocketwatch","Boot","downfall:HeartBlessingRed","Eternal Feather","Bottled Flame","downfall:HeartBlessingBlue","downfall:HeartBlessingGreen","StoneCalendar","Gremlin Horn","Cursed Key","Ginger","Dream Catcher","Bag of Marbles","Nunchaku","Mercury Hourglass"],"acts_visited":["Exordium","TheCity","TheBeyond"],"potions_floor_usage":[50],"damage_taken":[{"damage":22.0,"enemies":"Jaw Worm","floor":2.0,"turns":7.0},{"damage":0.0,"enemies":"2 Louse","floor":5.0,"turns":3.0},{"damage":5.0,"enemies":"Small Slimes","floor":12.0,"turns":2.0},{"damage":5.0,"enemies":"3 Louse","floor":14.0,"turns":3.0},{"damage":35.0,"enemies":"Exordium Thugs","floor":15.0,"turns":5.0},{"damage":85.0,"enemies":"downfall:Silent","floor":16.0,"turns":10.0},{"damage":45.0,"enemies":"Chosen","floor":20.0,"turns":5.0},{"damage":89.0,"enemies":"Chosen","floor":25.0,"turns":7.0},{"damage":67.0,"enemies":"Gremlin Leader","floor":26.0,"turns":7.0},{"damage":53.0,"enemies":"3 Byrds","floor":29.0,"turns":5.0},{"damage":70.0,"enemies":"downfall:CharBossIronclad","floor":30.0,"turns":6.0},{"damage":74.0,"enemies":"downfall:FleeingMerchant","floor":31.0,"turns":4.0},{"damage":58.0,"enemies":"Centurion and Healer","floor":32.0,"turns":5.0},{"damage":208.0,"enemies":"downfall:Defect","floor":33.0,"turns":10.0},{"damage":34.0,"enemies":"3 Shapes","floor":36.0,"turns":3.0},{"damage":38.0,"enemies":"Orb Walker","floor":38.0,"turns":4.0},{"damage":42.0,"enemies":"Jaw Worm Horde","floor":39.0,"turns":3.0},{"damage":101.0,"enemies":"Reptomancer","floor":40.0,"turns":6.0},{"damage":132.0,"enemies":"Nemesis","floor":43.0,"turns":7.0},{"damage":78.0,"enemies":"Writhing Mass","floor":44.0,"turns":7.0},{"damage":100.0,"enemies":"Spire Growth","floor":47.0,"turns":7.0},{"damage":42.0,"enemies":"downfall:FleeingMerchant","floor":48.0,"turns":4.0},{"damage":82.0,"enemies":"Maw","floor":49.0,"turns":7.0},{"damage":132,"enemies":"downfall:Watcher","floor":50,"turns":9}],"seed_played":"-4096577874641816321","potions_obtained":[{"floor":5.0,"key":"Regen Potion"},{"floor":12.0,"key":"Fire Potion"},{"floor":26.0,"key":"Block Potion"},{"floor":29.0,"key":"EntropicBrew"},{"floor":32.0,"key":"SkillPotion"},{"floor":38.0,"key":"Regen Potion"},{"floor":39.0,"key":"FairyPotion"},{"floor":47.0,"key":"Guardian:BlockOnCardUsePotion"}],"is_trial":false,"path_per_floor":["R","M","?","?","M","R","T","R","?","R","?","M","?","M","M","B",null,"R","?","M","?","?","R","T","?","E","T","R","M","?","$","M","B",null,"R","M","?","M","M","E","T","R","E","M","?","T","M","$","M","B",null],"character_chosen":"THE_CHAMP","items_purchased":["champ:SwordThrow","Finesse","champ:TechniquePotion"],"campfire_rested":0,"item_purchase_floors":[48,48,48],"current_hp_per_floor":[90,73,73,78,78,78,92,92,80,80,80,80,80,80,73,47,109,109,87,89,79,85,85,85,85,85,85,95,92,95,95,95,95,95,95,95,87,80,87,95,101,101,38,47,53,59,35,30,98,108],"gold":600,"neow_bonus":"ONE_RANDOM_RARE_CARD","is_daily":false,"chose_seed":false,"campfire_upgraded":8,"win_rate":0.0,"timestamp":1608916222,"path_taken":["R","M","?","?","M","R","T","R","?","R","?","M","?","M","M","BOSS","R","?","M","?","?","R","T","?","E","?","R","?","?","$","M","BOSS","R","M","?","?","M","E","T","R","E","M","?","?","M","$","M","BOSS"],"items_purchased_type":["Card","Card","Potion"],"build_version":"2020-12-22","purchased_purges":1,"victory":true,"max_hp_per_floor":[90,90,90,95,95,95,109,109,109,109,109,109,109,109,109,109,109,109,114,114,79,85,85,85,85,85,85,95,95,95,95,95,95,95,95,95,95,95,95,95,101,101,101,107,113,119,119,119,124,129],"relic_stats":{"Darkstone Periapt":30,"Gremlin Horn":[11,11],"counters":[24,136],"Eternal Feather":0,"StoneCalendar":[172],"Ginger":[4],"Orichalcum":[324],"MawBank":372,"Boot":[48],"Cursed Key":3,"Mercury Hourglass":[63],"Dream Catcher":0,"Nunchaku":[4],"obtain_stats":[{"Darkstone Periapt":17,"downfall:HeartBlessingRed":23,"Gremlin Horn":30,"champ:ChampionCrown":0,"Mango":7,"Eternal Feather":26,"downfall:HeartBlessingGreen":28,"StoneCalendar":30,"Ginger":40,"Orichalcum":9,"MawBank":17,"Boot":22,"Cursed Key":34,"Mercury Hourglass":46,"Calling Bell":17,"Bottled Flame":27,"Dream Catcher":41,"Nunchaku":45,"downfall:HeartBlessingBlue":28,"champ:LiftRelic":3,"Bag of Marbles":43,"Pocketwatch":17},{"Darkstone Periapt":6,"downfall:HeartBlessingRed":7,"Gremlin Horn":11,"champ:ChampionCrown":0,"Mango":2,"Eternal Feather":9,"downfall:HeartBlessingGreen":9,"StoneCalendar":11,"Ginger":18,"Orichalcum":2,"MawBank":6,"Boot":7,"Cursed Key":14,"Mercury Hourglass":20,"Calling Bell":6,"Bottled Flame":9,"Dream Catcher":18,"Nunchaku":20,"downfall:HeartBlessingBlue":9,"champ:LiftRelic":1,"Bag of Marbles":19,"Pocketwatch":6},{"Darkstone Periapt":30,"downfall:HeartBlessingRed":35,"Gremlin Horn":60,"champ:ChampionCrown":0,"Mango":10,"Eternal Feather":49,"downfall:HeartBlessingGreen":49,"StoneCalendar":60,"Ginger":95,"Orichalcum":10,"MawBank":30,"Boot":35,"Cursed Key":79,"Mercury Hourglass":109,"Calling Bell":30,"Bottled Flame":49,"Dream Catcher":95,"Nunchaku":109,"downfall:HeartBlessingBlue":49,"champ:LiftRelic":7,"Bag of Marbles":102,"Pocketwatch":30}],"Pocketwatch":[120]},"card_choices":[{"not_picked":["champ:StanceDance","champ:Control"],"picked":"champ:FanOfKnives","floor":2.0},{"not_picked":["champ:RageSigil","champ:Riposte"],"picked":"champ:AdrenalArmor","floor":5.0},{"not_picked":["champ:ShieldSigil","champ:EnGarde"],"picked":"champ:BerserkerStyle","floor":12.0},{"not_picked":["champ:TornadoPunch","champ:PerfectedStrike"],"picked":"champ:DeathBlow","floor":14.0},{"not_picked":["champ:FocusedDefense","champ:BladeFlurry"],"picked":"champ:LastStand","floor":15.0},{"not_picked":["champ:MurderStrike","champ:HeavySlash"],"picked":"champ:VampiricStrike","floor":16.0},{"not_picked":["champ:Lariat","champ:CrookedStrike"],"picked":"champ:BerserkersShout","floor":20.0},{"not_picked":["champ:PerfectedStrike","champ:TornadoPunch","champ:CrookedStrike"],"picked":"SKIP","floor":26.0},{"not_picked":["champ:Circumvent","champ:BladeFlurry","champ:FlashCut"],"picked":"SKIP","floor":29.0},{"not_picked":["champ:Haymaker+1","champ:FlashCut"],"picked":"champ:FocusedBerserking","floor":30.0},{"not_picked":["champ:FlashCut+1","champ:BerserkersShout"],"picked":"champ:EnragedBash+1","floor":31.0},{"not_picked":["champ:GladiatorsShout","champ:Haymaker","champ:GutPunch"],"picked":"SKIP","floor":32.0},{"not_picked":["champ:ShieldThrow","champ:Improvising"],"picked":"champ:SteelEdge","floor":33.0},{"not_picked":["champ:ShieldSigil+1","champ:PerfectedStrike"],"picked":"champ:BringItOn+1","floor":36.0},{"not_picked":["champ:BerserkersShout+1","champ:Haymaker","champ:StanceDance"],"picked":"SKIP","floor":38.0},{"not_picked":["champ:PerfectedStrike","champ:AdrenalArmor"],"picked":"champ:RageSigil+1","floor":39.0},{"not_picked":["champ:DefensiveStyle+1","champ:Circumvent+1","champ:ShieldSigil+1"],"picked":"SKIP","floor":40.0},{"not_picked":["champ:ShieldWall","champ:PerfectedStrike"],"picked":"champ:FightOn","floor":43.0},{"not_picked":["champ:BerserkersShout","champ:SwordThrow"],"picked":"champ:FightOn","floor":44.0},{"not_picked":["champ:RageSigil","champ:ShieldWall"],"picked":"champ:IronFortress+1","floor":47.0},{"not_picked":["champ:ShieldWall+1","champ:BerserkersShout+1","champ:BladeFlurry"],"picked":"SKIP","floor":48.0},{"not_picked":["champ:RageSigil+1","champ:CrookedStrike+1","champ:TornadoPunch"],"picked":"SKIP","floor":49.0}],"player_experience":450404,"relics_obtained":[{"floor":7.0,"key":"Mango"},{"floor":17.0,"key":"MawBank"},{"floor":17.0,"key":"Darkstone Periapt"},{"floor":17.0,"key":"Pocketwatch"},{"floor":26.0,"key":"Eternal Feather"},{"floor":27.0,"key":"Bottled Flame"},{"floor":30.0,"key":"StoneCalendar"},{"floor":30.0,"key":"Gremlin Horn"},{"floor":40.0,"key":"Ginger"},{"floor":41.0,"key":"Dream Catcher"},{"floor":43.0,"key":"Bag of Marbles"},{"floor":45.0,"key":"Nunchaku"},{"floor":46.0,"key":"Mercury Hourglass"}],"event_choices":[{"damage_healed":0.0,"max_hp_gain":5.0,"max_hp_loss":0.0,"gold_gain":0.0,"event_name":"Big Fish","player_choice":"Donut","floor":4.0,"gold_loss":0.0,"damage_taken":0.0},{"damage_healed":0.0,"max_hp_gain":0.0,"max_hp_loss":0.0,"gold_gain":0.0,"event_name":"Scrap Ooze","player_choice":"Success","floor":9.0,"gold_loss":0.0,"damage_taken":12.0,"relics_obtained":["Orichalcum"]},{"cards_removed":["champ:Defend"],"damage_healed":0.0,"max_hp_gain":0.0,"max_hp_loss":0.0,"gold_gain":0.0,"event_name":"The Cleric","player_choice":"Card Removal","floor":11.0,"gold_loss":0.0,"damage_taken":0.0},{"damage_healed":0.0,"max_hp_gain":0.0,"max_hp_loss":35.0,"gold_gain":0.0,"event_name":"Vampires","player_choice":"Became a vampire","floor":21.0,"gold_loss":0.0,"damage_taken":0.0,"cards_obtained":["Bite","Bite","Bite","Bite","Bite"]},{"damage_healed":0.0,"max_hp_gain":0.0,"max_hp_loss":0.0,"gold_gain":0.0,"event_name":"Addict","player_choice":"Stole Relic","floor":22.0,"gold_loss":0.0,"damage_taken":0.0,"relics_obtained":["Boot"],"cards_obtained":["Shame"]}],"is_beta":false,"boss_relics":[{"not_picked":["Runic Pyramid","SacredBark"],"picked":"Calling Bell"},{"not_picked":["Busted Crown","Black Star"],"picked":"Cursed Key"}],"items_purged_floors":[48],"is_endless":false,"potions_floor_spawned":[5,12,26,29,32,38,39,47],"ascension_level":0}}