{"host":"2lo6hma6kymb0g9i","time":1608876966,"event":{"mods":["BaseMod","Colored Map","DeckTracker","Minty Spire (QoL Compilation)"],"gold_per_floor":[117,97,117,117,134,134,163,163,163,174,174,174],"floor_reached":11,"playtime":425,"items_purged":[],"score":142,"play_id":"d6bb71bf-b041-4459-92ce-69cd302320a7","local_time":"20201225151606","is_ascension_mode":true,"campfire_choices":[{"data":"Distraction","floor":6,"key":"SMITH"},{"floor":8,"key":"REST"}],"circlet_count":0,"master_deck":["AscendersBane","Strike_G","Strike_G","Strike_G","Defend_G","Defend_G","Defend_G","Defend_G","Defend_G","Survivor","Neutralize","Underhanded Strike","Skewer+1","Distraction+1","Quick Slash","Dagger Throw"],"relics":["Ring of the Snake","Pantograph","Mummified Hand"],"acts_visited":["Exordium"],"potions_floor_usage":[7,11],"damage_taken":[{"damage":2,"enemies":"Jaw Worm","floor":1,"turns":7},{"damage":4,"enemies":"Cultist","floor":3,"turns":4},{"damage":0,"enemies":"2 Louse","floor":5,"turns":1},{"damage":36,"enemies":"Lagavulin","floor":7,"turns":7},{"damage":1,"enemies":"Blue Slaver","floor":10,"turns":4},{"damage":37,"enemies":"Gremlin Nob","floor":11,"turns":3}],"seed_played":"-5288193926951675545","potions_obtained":[{"floor":2,"key":"Weak Potion"},{"floor":10,"key":"Regen Potion"}],"is_trial":false,"path_per_floor":["M","?","M","?","M","R","E","R","T","M","E"],"character_chosen":"THE_SILENT","items_purchased":[],"campfire_rested":1,"item_purchase_floors":[],"current_hp_per_floor":[42,42,38,38,38,38,2,21,21,20,0,0],"gold":174,"neow_bonus":"REMOVE_TWO","is_daily":false,"chose_seed":false,"campfire_upgraded":1,"win_rate":0.0,"timestamp":1608876966,"path_taken":["M","?","?","?","M","R","E","R","T","?","E"],"items_purchased_type":[],"build_version":"2020-12-22","purchased_purges":0,"victory":false,"max_hp_per_floor":[66,66,66,66,66,66,66,66,66,66,66,66],"card_choices":[{"not_picked":["Acrobatics","Deflect"],"picked":"Underhanded Strike","floor":1},{"not_picked":["PiercingWail","Infinite Blades"],"picked":"Skewer","floor":3},{"not_picked":["Choke","Acrobatics"],"picked":"Distraction","floor":5},{"not_picked":["Cloak And Dagger","Infinite Blades"],"picked":"Quick Slash","floor":7},{"not_picked":["Cloak And Dagger","Slice"],"picked":"Dagger Throw","floor":10}],"player_experience":878810,"relics_obtained":[{"floor":7,"key":"Pantograph"},{"floor":9,"key":"Mummified Hand"}],"event_choices":[{"damage_healed":0,"gold_gain":0,"player_choice":"Bought 1 Potion","damage_taken":0,"max_hp_gain":0,"max_hp_loss":0,"event_name":"The Woman in Blue","floor":2,"gold_loss":0},{"damage_healed":0,"gold_gain":0,"player_choice":"Upgraded","damage_taken":0,"max_hp_gain":0,"max_hp_loss":0,"event_name":"Upgrade Shrine","floor":4,"gold_loss":0,"cards_upgraded":["Skewer"]}],"is_beta":false,"boss_relics":[],"items_purged_floors":[],"is_endless":false,"potions_floor_spawned":[10],"killed_by":"Gremlin Nob","ascension_level":19}}