{"host":"vhvubw4jk4f204qs","time":1608870860,"event":{"mods":["AchievementEnabler","Act Like it!","BaseMod","Better Match","Better Note","BetterRewards","Colored Powertips","Downfall","GifTheSpireLib","Googly Eyes","Highlight Path","Jorbs Mod","Marisa????????","Minty Spire (QoL Compilation)","Permanent Neow","Prisma Mod","Quick Restart","Replay The Spire","StSLib","SuperFastMode","The IronCluck","The Servant 0.9.4","slay the spire mod where everything is the same but ironclad has a cowboy hat"],"gold_per_floor":[99,116,142,14,44,44,44,44,44,44,44,44,44,56,156,176,188,290,290,290,318,330,330,330,340,340,353,353,388,419,431,443,455,480,593,605,617,648,673,757,782,794,883,905,917,929,929,929],"floor_reached":46,"playtime":2251,"items_purged":["Guardian:Strike_Guardian"],"score":571,"play_id":"6b6ae9e4-b5f7-49b0-833c-43ae9547f205","local_time":"20201224233420","is_ascension_mode":false,"campfire_choices":[{"floor":1.0,"key":"DIG"},{"floor":6.0,"key":"REST"},{"floor":10.0,"key":"REST"},{"floor":28.0,"key":"REST"},{"data":"Guardian:GemFire","floor":37.0,"key":"SMITH"},{"data":"Guardian:GemFinder","floor":45.0,"key":"SMITH"}],"circlet_count":0,"master_deck":["Guardian:Defend_Guardian","Guardian:Defend_Guardian","Guardian:Defend_Guardian+1","Guardian:CurlUp+1","Guardian:TwinSlam","Guardian:PrimingBeam","Guardian:PrimingBeam","Guardian:BaubleBeam","Guardian:PrismaticBeam+1","Guardian:Planning+1","Guardian:SpikerProtocol","Guardian:ArmoredProtocol","Guardian:BaubleBeam","Guardian:GemFinder+1","Guardian:PrismaticBarrier","Guardian:DecasProtection+1","Guardian:GemFire+1","Guardian:Recover","Guardian:Gem_Red","Guardian:Suspension+1","Guardian:Gem_Green","Guardian:TemporalShield+1"],"relics":["Guardian:ModeShifter","Anchor","Potion Belt","Juzu Bracelet","Question Card","ReplayTheSpireMod:Ring of Exchange","Ring of Searing","Philosopher\u0027s Stone","ReplayTheSpireMod:Shallot","Nloth\u0027s Gift","Shuriken","MawBank","Empty Cage","Bottled Lightning","Blue Candle"],"acts_visited":["Exordium","TheCity","TheBeyond"],"potions_floor_usage":[],"damage_taken":[{"damage":0.0,"enemies":"Jaw Worm","floor":2.0,"turns":3.0},{"damage":35.0,"enemies":"Lagavulin","floor":3.0,"turns":11.0},{"damage":0.0,"enemies":"downfall:FleeingMerchant","floor":4.0,"turns":4.0},{"damage":39.0,"enemies":"Gremlin Nob","floor":5.0,"turns":6.0},{"damage":0.0,"enemies":"2 Louse","floor":14.0,"turns":2.0},{"damage":12.0,"enemies":"downfall:Heads","floor":15.0,"turns":6.0},{"damage":6.0,"enemies":"Cultist","floor":16.0,"turns":2.0},{"damage":0.0,"enemies":"Blue Slaver","floor":17.0,"turns":3.0},{"damage":8.0,"enemies":"downfall:Silent","floor":18.0,"turns":8.0},{"damage":20.0,"enemies":"Replay:Snechameleon","floor":21.0,"turns":7.0},{"damage":14.0,"enemies":"Chosen","floor":22.0,"turns":5.0},{"damage":16.0,"enemies":"Spheric Guardian","floor":25.0,"turns":7.0},{"damage":29.0,"enemies":"Cultist and Chosen","floor":27.0,"turns":9.0},{"damage":7.0,"enemies":"Book of Stabbing","floor":29.0,"turns":5.0},{"damage":0.0,"enemies":"3 Cultists","floor":30.0,"turns":4.0},{"damage":0.0,"enemies":"Shelled Parasite and Fungi","floor":34.0,"turns":1.0},{"damage":0.0,"enemies":"downfall:Defect","floor":35.0,"turns":4.0},{"damage":16.0,"enemies":"3 Darklings","floor":38.0,"turns":4.0},{"damage":22.0,"enemies":"3 Shapes","floor":39.0,"turns":4.0},{"damage":0.0,"enemies":"Jaw Worm Horde","floor":41.0,"turns":4.0},{"damage":0.0,"enemies":"Spire Growth","floor":44.0,"turns":2.0},{"damage":28.0,"enemies":"R_Hoarder","floor":46.0,"turns":5.0}],"seed_played":"-1111933785431259815","potions_obtained":[{"floor":3.0,"key":"Adrenaline Potion"},{"floor":9.0,"key":"downfall:CursedFountainPotion"},{"floor":14.0,"key":"Block Potion"},{"floor":16.0,"key":"champ:CounterPotion"},{"floor":17.0,"key":"FearPotion"},{"floor":18.0,"key":"Toxic Potion"},{"floor":22.0,"key":"Guardian:StasisDiscoveryPotion"},{"floor":25.0,"key":"LifebloodPotion"},{"floor":30.0,"key":"Weak Potion"},{"floor":34.0,"key":"FearPotion"},{"floor":38.0,"key":"Block Potion"},{"floor":39.0,"key":"Swift Potion"},{"floor":44.0,"key":"EntropicBrew"}],"is_trial":false,"path_per_floor":["R","M","E","$","E","R","T","?","?","R","?","PTL","PTL","M","?","M","M","B",null,"R","E","M","?","?","M","T","M","R","E","M","?","?","?","M","B",null,"R","M","M","?","M","?","T","M","R","E"],"character_chosen":"GUARDIAN","items_purchased":["Guardian:PrismaticBeam"],"campfire_rested":3,"item_purchase_floors":[4],"current_hp_per_floor":[80,80,45,45,6,30,30,30,30,54,54,54,54,54,42,36,36,28,80,80,60,46,46,46,30,30,1,25,18,18,18,18,18,18,18,80,80,64,42,42,42,42,42,42,42,14,14,14],"gold":929,"neow_bonus":"RANDOM_COMMON_RELIC","is_daily":false,"chose_seed":false,"campfire_upgraded":2,"win_rate":0.0,"timestamp":1608870860,"path_taken":["R","M","E","$","E","R","T","?","?","R","?","PTL","PTL","M","?","M","M","BOSS","R","E","M","?","?","M","T","M","R","E","M","?","?","?","M","BOSS","R","M","M","?","M","?","T","M","R","E"],"items_purchased_type":["Card"],"build_version":"2020-12-22","purchased_purges":1,"victory":false,"max_hp_per_floor":[80,80,80,80,80,80,80,80,80,80,80,80,80,80,80,80,80,80,80,80,80,80,80,80,80,80,80,80,80,80,80,80,80,80,80,80,80,80,80,80,80,80,80,80,80,80,80,80],"card_choices":[{"not_picked":["Guardian:Suspension","Guardian:Clone"],"picked":"Guardian:PrimingBeam","floor":2.0},{"not_picked":["Guardian:Gem_Green","Guardian:Suspension"],"picked":"Guardian:PrimingBeam","floor":3.0},{"not_picked":["Guardian:Gem_Yellow","Guardian:Suspension"],"picked":"Guardian:BaubleBeam","floor":4.0},{"not_picked":["Guardian:MultiBeam","Guardian:Incinerate"],"picked":"Guardian:Planning","floor":5.0},{"not_picked":["Guardian:SentryBeam","Guardian:Gem_Crimson","Guardian:Reroute"],"picked":"Guardian:Gem_Purple","floor":14.0},{"not_picked":["Guardian:WalkerClaw","Guardian:MultiBeam","Guardian:Reroute"],"picked":"Guardian:SpikerProtocol","floor":15.0},{"not_picked":["Guardian:Incinerate","Guardian:Gem_Red","Guardian:RollAttack"],"picked":"Guardian:BaubleBeam","floor":16.0},{"not_picked":["Guardian:FloatingOrbs","Guardian:Gem_Fragmented","Guardian:Gem_Lightblue"],"picked":"Guardian:Gem_Purple","floor":17.0},{"not_picked":["Guardian:StasisEngine","Guardian:TimeSifter","Guardian:FastForward"],"picked":"Guardian:GemFinder","floor":18.0},{"not_picked":["Guardian:DonusPower+1","Guardian:Reroute","Guardian:ChargeCore"],"picked":"Guardian:Gem_Synthetic","floor":21.0},{"not_picked":["Guardian:Gem_Lightblue","Guardian:Gem_Red"],"picked":"Guardian:Gem_Cyan","floor":21.0},{"not_picked":["Guardian:Gem_Red","Guardian:Gem_Green"],"picked":"Guardian:Gem_Lightblue","floor":22.0},{"not_picked":["Guardian:Gem_Red","Guardian:Recover","Guardian:Gem_Green"],"picked":"Guardian:PrismaticBarrier","floor":22.0},{"not_picked":["Guardian:Gem_Green","Guardian:Gem_Cyan"],"picked":"Guardian:Gem_Lightblue","floor":25.0},{"not_picked":["Guardian:ChargeUp","Guardian:Orbwalk","Guardian:Recover+1"],"picked":"Guardian:Gem_Cyan","floor":25.0},{"not_picked":["Guardian:Gem_Red","Guardian:Gem_Lightblue"],"picked":"Guardian:Gem_Cyan","floor":27.0},{"not_picked":["Guardian:TimeBomb","Guardian:Recover","Guardian:ChargeCore+1"],"picked":"Guardian:DecasProtection+1","floor":27.0},{"not_picked":["Guardian:Gem_Red","Guardian:Gem_Cyan"],"picked":"Guardian:Gem_Lightblue","floor":29.0},{"not_picked":["Guardian:Preprogram+1","Guardian:VentSteam","Guardian:Clone"],"picked":"Guardian:GemFire","floor":29.0},{"not_picked":["Guardian:Gem_Green","Guardian:Gem_Cyan"],"picked":"Guardian:Gem_Lightblue","floor":30.0},{"not_picked":["Guardian:CrystalBeam","Guardian:GuardianWhirl+1","Guardian:TemporalStrike"],"picked":"Guardian:Gem_Red","floor":30.0},{"not_picked":["Guardian:PrimingBeam","Guardian:Gem_Green","Guardian:RollAttack"],"picked":"Guardian:Recover","floor":34.0},{"not_picked":["Guardian:Gem_Green","Guardian:Gem_Red"],"picked":"Guardian:Gem_Cyan","floor":35.0},{"not_picked":["Guardian:ExploitGems","Guardian:StasisEngine","Guardian:AncientConstruct"],"picked":"Guardian:Gem_Orange","floor":35.0},{"not_picked":["Guardian:Gem_Lightblue","Guardian:Gem_Cyan"],"picked":"Guardian:Gem_Red","floor":38.0},{"not_picked":["Guardian:Gem_Red","Guardian:Incinerate","Guardian:RefractedBeam"],"picked":"Guardian:Suspension+1","floor":38.0},{"not_picked":["Guardian:Gem_Red","Guardian:Gem_Lightblue"],"picked":"Guardian:Gem_Green","floor":39.0},{"not_picked":["Guardian:Harden","Guardian:WalkerClaw","Guardian:Clone","Guardian:Repulse"],"picked":"SKIP","floor":39.0},{"not_picked":["Guardian:Gem_Red","Guardian:Gem_Green"],"picked":"Guardian:Gem_Lightblue","floor":41.0},{"not_picked":["Guardian:DonusPower+1","Guardian:WalkerClaw","Guardian:Orbwalk+1"],"picked":"Guardian:TemporalShield+1","floor":41.0},{"not_picked":["Guardian:Gem_Red","Guardian:Gem_Green"],"picked":"Guardian:Gem_Cyan","floor":44.0},{"not_picked":["Guardian:ChargeCore+1","Guardian:Harden+1","Guardian:Planning+1"],"picked":"Guardian:Gem_Synthetic","floor":44.0}],"player_experience":1044242,"relics_obtained":[{"floor":1.0,"key":"Potion Belt"},{"floor":3.0,"key":"Ancient Tea Set"},{"floor":5.0,"key":"Juzu Bracelet"},{"floor":7.0,"key":"Question Card"},{"floor":8.0,"key":"ReplayTheSpireMod:Ring of Exchange"},{"floor":8.0,"key":"Ring of Searing"},{"floor":21.0,"key":"ReplayTheSpireMod:Shallot"},{"floor":26.0,"key":"Shuriken"},{"floor":29.0,"key":"MawBank"},{"floor":40.0,"key":"Bottled Lightning"},{"floor":43.0,"key":"Blue Candle"}],"event_choices":[{"cards_removed":["Guardian:BaubleBeam"],"damage_healed":0.0,"max_hp_gain":0.0,"max_hp_loss":0.0,"gold_gain":0.0,"event_name":"betterNote:BetterNote","player_choice":"Give","floor":23.0,"gold_loss":0.0,"damage_taken":0.0,"cards_obtained":["Strike_P"]},{"cards_removed":["Doubt"],"damage_healed":0.0,"max_hp_gain":0.0,"max_hp_loss":0.0,"gold_gain":0.0,"event_name":"Back to Basics","player_choice":"Elegance","floor":32.0,"gold_loss":0.0,"damage_taken":0.0},{"cards_removed":["Guardian:Repulse"],"damage_healed":0.0,"max_hp_gain":0.0,"max_hp_loss":0.0,"gold_gain":0.0,"event_name":"Falling","player_choice":"Removed Power","floor":42.0,"gold_loss":0.0,"damage_taken":0.0}],"is_beta":false,"boss_relics":[{"not_picked":["Abe\u0027s Treasure","Astrolabe"],"picked":"Philosopher\u0027s Stone"},{"not_picked":["Chemical X","Replay:Ancient Bell"],"picked":"Empty Cage"}],"items_purged_floors":[4],"is_endless":false,"potions_floor_spawned":[3,14,16,17,18,22,25,30,34,38,39,44],"ascension_level":0}}