{"host":"zig6x0mxqzam82fb","time":1608924980,"event":{"mods":["BaseMod","Block Reminder","Colored Map","Colored Powertips","Minty Spire (QoL Compilation)","Relic Stats"],"gold_per_floor":[109,109,123,0,0,0,31,46,114,114,130,158,168,186,186,283,283,293,208,223,59,72,72,83,112,112,145,158,169,169,47,47,142,142,156,168,168,183,197,197,222,222,246,266,21,21,41,0,0,0],"floor_reached":51,"playtime":3762,"items_purged":["Strike_B","Strike_B"],"score":1012,"play_id":"418da565-49c8-4166-a2c3-4ba96d79ca10","local_time":"20201225143620","is_ascension_mode":true,"campfire_choices":[{"data":"Defragment","floor":6.0,"key":"SMITH"},{"floor":10.0,"key":"REST"},{"floor":15,"key":"REST"},{"floor":23,"key":"REST"},{"floor":32,"key":"REST"},{"floor":40,"key":"REST"},{"floor":42,"key":"REST"},{"floor":46,"key":"REST"},{"floor":49,"key":"REST"}],"circlet_count":0,"master_deck":["Strike_B","Strike_B","Defend_B","Defend_B","Defend_B","Defend_B","Zap","Dualcast","Go for the Eyes","Consume","Defragment+1","Hello World","Ball Lightning","Conserve Battery","Lockon","Skim","Reinforced Body","All For One","Coolheaded","Streamline","Apotheosis","Steam Power","Compile Driver","Sunder","Ball Lightning","Self Repair","Hologram","Capacitor","Echo Form","Conserve Battery+1","Rebound+1","Glacier+1","Stack+1","Chill+1","White Noise+1","Cold Snap","Glacier+1"],"relics":["Nuclear Battery","Akabeko","Mercury Hourglass","Cables","Fusion Hammer","Incense Burner","Gambling Chip","Toy Ornithopter","Smiling Mask","Inserter","Oddly Smooth Stone","MealTicket","Strange Spoon","Red Mask"],"acts_visited":["Exordium","TheCity","TheBeyond"],"potions_floor_usage":[50,50],"damage_taken":[{"damage":3.0,"enemies":"2 Louse","floor":1.0,"turns":3.0},{"damage":0.0,"enemies":"Cultist","floor":3.0,"turns":3.0},{"damage":43.0,"enemies":"Lagavulin","floor":7.0,"turns":7.0},{"damage":7.0,"enemies":"Small Slimes","floor":8.0,"turns":3.0},{"damage":9.0,"enemies":"Blue Slaver","floor":11.0,"turns":3.0},{"damage":9.0,"enemies":"Gremlin Nob","floor":12.0,"turns":4.0},{"damage":15.0,"enemies":"Gremlin Gang","floor":13.0,"turns":3.0},{"damage":0.0,"enemies":"Large Slime","floor":14.0,"turns":2.0},{"damage":1,"enemies":"Hexaghost","floor":16,"turns":7},{"damage":0,"enemies":"Chosen","floor":18,"turns":4},{"damage":2,"enemies":"3 Byrds","floor":20,"turns":4},{"damage":1,"enemies":"Cultist and Chosen","floor":22,"turns":5},{"damage":0,"enemies":"Snecko","floor":24,"turns":4},{"damage":11,"enemies":"Gremlin Leader","floor":25,"turns":6},{"damage":18,"enemies":"Slavers","floor":27,"turns":3},{"damage":0,"enemies":"3 Cultists","floor":28,"turns":4},{"damage":4,"enemies":"Centurion and Healer","floor":29,"turns":4},{"damage":28,"enemies":"Automaton","floor":33,"turns":8},{"damage":24,"enemies":"3 Shapes","floor":35,"turns":7},{"damage":14,"enemies":"3 Darklings","floor":36,"turns":5},{"damage":16,"enemies":"Jaw Worm Horde","floor":38,"turns":5},{"damage":21,"enemies":"Transient","floor":39,"turns":5},{"damage":25,"enemies":"Giant Head","floor":41,"turns":8},{"damage":12,"enemies":"Spire Growth","floor":44,"turns":7},{"damage":0,"enemies":"Writhing Mass","floor":47,"turns":6},{"damage":12,"enemies":"Donu and Deca","floor":50,"turns":8}],"seed_played":"-2120606889290952866","potions_obtained":[{"floor":1.0,"key":"Fruit Juice"},{"floor":7.0,"key":"ColorlessPotion"},{"floor":8.0,"key":"FocusPotion"},{"floor":12.0,"key":"SmokeBomb"},{"floor":14.0,"key":"FocusPotion"},{"floor":18,"key":"FocusPotion"},{"floor":24,"key":"FairyPotion"},{"floor":36,"key":"CultistPotion"}],"is_trial":false,"path_per_floor":["M","?","M","$","?","R","E","M","T","R","M","E","M","M","R","B",null,"M","?","M","$","M","R","M","E","T","E","M","M","?","$","R","B",null,"M","M","?","M","M","R","E","R","T","M","$","R","M","?","R","B",null],"character_chosen":"DEFECT","items_purchased":["Defragment","Block Potion","Apotheosis","Capacitor","Strange Spoon","Cold Snap"],"campfire_rested":8,"item_purchase_floors":[4,4,21,31,45,45],"current_hp_per_floor":[70,70,70,70,80,80,37,30,30,54,45,36,21,21,45,44,71,71,71,69,69,68,80,80,69,69,51,51,54,54,54,78,57,74,50,43,43,37,30,54,43,67,67,62,77,80,80,80,80,68],"gold":0,"neow_bonus":"BOSS_RELIC","is_daily":false,"chose_seed":false,"campfire_upgraded":1,"win_rate":0.0,"timestamp":1608924980,"path_taken":["M","?","M","$","?","R","E","M","T","R","M","E","M","?","R","BOSS","M","?","M","$","M","R","M","E","T","E","M","M","?","$","R","BOSS","M","M","?","M","?","R","E","R","T","M","$","R","M","?","R","BOSS"],"items_purchased_type":["Card","Potion","Card","Card","Relic","Card"],"build_version":"2020-12-22","purchased_purges":2,"victory":true,"max_hp_per_floor":[80,80,80,80,80,80,80,80,80,80,80,80,80,80,80,80,80,80,80,80,80,80,80,80,80,80,80,80,80,80,80,80,80,80,80,80,80,80,80,80,80,80,80,80,80,80,80,80,80,80],"relic_stats":{"Strange Spoon":[3],"Inserter":[24],"counters":[26,127],"Gambling Chip":[24],"MealTicket":15,"Smiling Mask":75,"obtain_stats":[{"Inserter":34,"Oddly Smooth Stone":41,"Incense Burner":19,"Smiling Mask":27,"Akabeko":7,"Nuclear Battery":0,"Mercury Hourglass":9,"Cables":12,"Strange Spoon":45,"Gambling Chip":25,"MealTicket":43,"Fusion Hammer":17,"Red Mask":48,"Cracked Core":0,"Toy Ornithopter":26},{"Inserter":18,"Oddly Smooth Stone":23,"Incense Burner":10,"Smiling Mask":15,"Akabeko":3,"Nuclear Battery":0,"Mercury Hourglass":4,"Cables":6,"Strange Spoon":24,"Gambling Chip":14,"MealTicket":23,"Fusion Hammer":9,"Red Mask":25,"Cracked Core":0,"Toy Ornithopter":14},{"Inserter":76,"Oddly Smooth Stone":106,"Incense Burner":38,"Smiling Mask":60,"Akabeko":13,"Nuclear Battery":0,"Mercury Hourglass":16,"Cables":23,"Strange Spoon":113,"Gambling Chip":57,"MealTicket":106,"Fusion Hammer":34,"Red Mask":119,"Cracked Core":0,"Toy Ornithopter":57}],"Toy Ornithopter":0,"Mercury Hourglass":[464],"Cables":[113,32,24,0,57]},"card_choices":[{"not_picked":["Rip and Tear","Storm"],"picked":"Go for the Eyes","floor":1.0},{"not_picked":["Hologram","Rebound"],"picked":"Consume","floor":3.0},{"not_picked":["Undo","Reinforced Body"],"picked":"Hello World","floor":7.0},{"not_picked":["Go for the Eyes","Doom and Gloom"],"picked":"Ball Lightning","floor":8.0},{"not_picked":["BootSequence","Heatsinks"],"picked":"Conserve Battery","floor":11.0},{"not_picked":["Turbo","Blizzard"],"picked":"Lockon","floor":12.0},{"not_picked":["Reprogram","Rebound"],"picked":"Skim","floor":13.0},{"not_picked":["Double Energy","Beam Cell"],"picked":"Reinforced Body","floor":14.0},{"not_picked":["Machine Learning","Biased Cognition"],"picked":"All For One","floor":16},{"not_picked":["Go for the Eyes","Rebound"],"picked":"Coolheaded","floor":18},{"not_picked":["Turbo+1","Redo+1"],"picked":"Streamline","floor":20},{"not_picked":["Sweeping Beam","Beam Cell"],"picked":"Steam Power","floor":22},{"not_picked":["Genetic Algorithm+1","Fusion"],"picked":"Compile Driver","floor":24},{"not_picked":["Machine Learning","Genetic Algorithm"],"picked":"Sunder","floor":25},{"not_picked":["BootSequence","Leap+1"],"picked":"Ball Lightning","floor":27},{"not_picked":["Sweeping Beam+1","Double Energy+1"],"picked":"Self Repair","floor":28},{"not_picked":["Go for the Eyes","Conserve Battery"],"picked":"Hologram","floor":29},{"not_picked":["Fission","Rainbow"],"picked":"Echo Form","floor":33},{"not_picked":["Reinforced Body","Sweeping Beam"],"picked":"Conserve Battery+1","floor":35},{"not_picked":["Double Energy","Redo"],"picked":"Rebound+1","floor":36},{"not_picked":["Ball Lightning","Streamline+1"],"picked":"Glacier+1","floor":38},{"not_picked":["Leap","Hello World"],"picked":"Stack+1","floor":39},{"not_picked":["Ball Lightning+1","Coolheaded+1"],"picked":"Chill+1","floor":41},{"not_picked":["Storm","Stack+1"],"picked":"White Noise+1","floor":44},{"not_picked":["Scrape","Tempest+1"],"picked":"Glacier+1","floor":47}],"player_experience":324674,"relics_obtained":[{"floor":7.0,"key":"Akabeko"},{"floor":9.0,"key":"Mercury Hourglass"},{"floor":12.0,"key":"Cables"},{"floor":25,"key":"Gambling Chip"},{"floor":26,"key":"Toy Ornithopter"},{"floor":27,"key":"Smiling Mask"},{"floor":41,"key":"Oddly Smooth Stone"},{"floor":43,"key":"MealTicket"}],"event_choices":[{"damage_healed":0.0,"max_hp_gain":0.0,"max_hp_loss":0.0,"gold_gain":0.0,"event_name":"The Cleric","player_choice":"Leave","floor":2.0,"gold_loss":0.0,"damage_taken":0.0},{"damage_healed":10.0,"max_hp_gain":0.0,"max_hp_loss":0.0,"gold_gain":0.0,"event_name":"Wheel of Change","player_choice":"Full Heal","floor":5.0,"gold_loss":0.0,"damage_taken":0.0},{"damage_healed":0,"gold_gain":0,"player_choice":"Obtained Relic","damage_taken":0,"relics_obtained":["Incense Burner"],"max_hp_gain":0,"max_hp_loss":0,"event_name":"Addict","floor":19,"gold_loss":85},{"damage_healed":0,"gold_gain":0,"player_choice":"Ignored","damage_taken":0,"max_hp_gain":0,"max_hp_loss":0,"event_name":"Ghosts","floor":30,"gold_loss":0},{"damage_healed":0,"gold_gain":0,"player_choice":"Bought 0 Potions","damage_taken":0,"max_hp_gain":0,"max_hp_loss":0,"event_name":"The Woman in Blue","floor":37,"gold_loss":0},{"damage_healed":0,"gold_gain":0,"player_choice":"Paid","damage_taken":0,"relics_obtained":["Red Mask"],"max_hp_gain":0,"max_hp_loss":0,"event_name":"Tomb of Lord Red Mask","floor":48,"gold_loss":41}],"is_beta":false,"boss_relics":[{"not_picked":["Runic Dome","Calling Bell"],"picked":"Fusion Hammer"},{"not_picked":["Pandora\u0027s Box","Empty Cage"],"picked":"Inserter"}],"items_purged_floors":[31,45],"is_endless":false,"potions_floor_spawned":[1,7,8,12,14,18,20,24,27,29,36,41,44],"ascension_level":9}}