{"host":"Misted","time":1608935093,"event":{"mods":["BaseMod","Minty Spire (QoL Compilation)","Replay The Spire","StSLib"],"gold_per_floor":[10,21,36,49,49,49,64,80,156,156,211,60,60,116,116,219,219,283,341,360,360,360],"floor_reached":21,"playtime":2132,"items_purged":[],"score":177,"play_id":"edf2baa8-c4e3-48db-a42f-6627b78923c7","local_time":"20201225162453","is_ascension_mode":false,"campfire_choices":[{"data":"Neutralize","floor":6,"key":"SMITH"},{"floor":13,"key":"REST"},{"data":"Draining Mist","floor":15,"key":"SMITH"}],"circlet_count":0,"master_deck":["Defend_G","Defend_G","Defend_G","Defend_G","Defend_G","Survivor+1","Neutralize+1","Unload","Fluid Movement","Prepared","Hidden Blade","Backflip","Hidden Blade","Draining Mist+1","Spreading Infection","Backflip","ReplayTheSpireMod:Shiv Toss","Envenom","Tactician+1","ReplayTheSpireMod:Tripwire+1","Choke+1","Underhanded Strike+1","Calculated Gamble"],"relics":["Ring of the Snake","Eternal Feather","ReplayTheSpireMod:Ring of Challenge","Ring of Fury","Gremlin Food","Replay:Grab Bag","Philosopher\u0027s Stone","Sozu","Astrolabe","Empty Cage","Byrd Skull"],"acts_visited":["Exordium","TheCity"],"potions_floor_usage":[8,19],"damage_taken":[{"damage":0,"enemies":"Jaw Worm","floor":1,"turns":4},{"damage":0,"enemies":"Cultist","floor":2,"turns":3},{"damage":0,"enemies":"2 Louse","floor":3,"turns":3},{"damage":0,"enemies":"Exordium Wildlife","floor":4,"turns":5},{"damage":8,"enemies":"Exordium Thugs","floor":7,"turns":10},{"damage":18,"enemies":"Gremlin Gang","floor":8,"turns":5},{"damage":30,"enemies":"2 Fungi Beasts","floor":11,"turns":6},{"damage":12,"enemies":"3 Louse","floor":14,"turns":7},{"damage":37,"enemies":"Hexaghost","floor":16,"turns":16},{"damage":8,"enemies":"Shell Parasite","floor":18,"turns":8},{"damage":61,"enemies":"Spheric Guardian","floor":19,"turns":9},{"damage":0,"enemies":"Snecko","floor":20,"turns":3},{"damage":6,"enemies":"3 Cultists","floor":21,"turns":3}],"seed_played":"4417753119602247786","potions_obtained":[{"floor":1,"key":"ColorlessPotion"},{"floor":7,"key":"SmokeBomb"},{"floor":8,"key":"DuplicationPotion"},{"floor":11,"key":"SteroidPotion"}],"is_trial":false,"path_per_floor":["M","M","M","M","?","R","M","M","T","?","M","$","R","M","R","B",null,"M","M","M","M"],"character_chosen":"THE_SILENT","items_purchased":["Gremlin Food"],"campfire_rested":1,"item_purchase_floors":[12],"current_hp_per_floor":[70,70,70,70,70,70,62,44,44,44,14,14,47,35,47,10,70,62,1,1,0,0],"gold":360,"neow_bonus":"THREE_RARE_CARDS","is_daily":false,"chose_seed":false,"campfire_upgraded":2,"win_rate":0.0,"timestamp":1608935093,"path_taken":["M","M","M","M","?","R","M","?","T","?","M","?","R","M","R","BOSS","M","M","M","M"],"items_purchased_type":["Relic"],"build_version":"2020-12-18","purchased_purges":0,"victory":false,"max_hp_per_floor":[70,70,70,70,70,70,70,70,70,70,70,70,70,70,70,70,70,70,70,70,70,70],"card_choices":[{"not_picked":["Phantasmal Killer","After Image"],"picked":"Unload","floor":0},{"not_picked":["Acrobatics","Dagger Throw"],"picked":"Fluid Movement","floor":1},{"not_picked":["Acrobatics","Escape Plan"],"picked":"Prepared","floor":2},{"not_picked":["Backflip","Sucker Punch"],"picked":"Hidden Blade","floor":3},{"not_picked":["Distraction","Infinite Blades"],"picked":"Backflip","floor":4},{"not_picked":["Well Laid Plans","Blade Dance"],"picked":"Hidden Blade","floor":7},{"not_picked":["Prepared","Slice"],"picked":"Draining Mist","floor":8},{"not_picked":["Hidden Blade","Prepared"],"picked":"Backflip","floor":11},{"not_picked":["Endless Agony","Caltrops"],"picked":"ReplayTheSpireMod:Shiv Toss","floor":14},{"not_picked":["Doppelganger","Venomology"],"picked":"Envenom","floor":16},{"not_picked":["Bane","Flying Knee"],"picked":"Underhanded Strike+1","floor":18},{"not_picked":["Expertise+1","Bane","Backflip"],"picked":"SKIP","floor":19},{"not_picked":["Acrobatics","Flying Knee+1"],"picked":"Calculated Gamble","floor":20}],"player_experience":718475,"relics_obtained":[{"floor":9,"key":"Eternal Feather"},{"floor":10,"key":"ReplayTheSpireMod:Ring of Challenge"},{"floor":10,"key":"Ring of Fury"},{"floor":19,"key":"Byrd Skull"}],"event_choices":[{"damage_healed":0,"gold_gain":0,"player_choice":"Full Heal","damage_taken":0,"max_hp_gain":0,"max_hp_loss":0,"event_name":"Wheel of Change","floor":5,"gold_loss":0}],"is_beta":true,"boss_relics":[{"not_picked":["Replay:Drink Me","Honey Jar"],"picked":"Replay:Grab Bag"},{"not_picked":["Busted Crown","Runic Dome"],"picked":"Philosopher\u0027s Stone"},{"not_picked":["ChewingGum","Velvet Choker"],"picked":"Sozu"},{"not_picked":["Snecko Scales","Ring of the Serpent"],"picked":"Astrolabe"},{"not_picked":["Snecko Eye","Kintsugi"],"picked":"Empty Cage"}],"items_purged_floors":[],"is_endless":false,"potions_floor_spawned":[1,7,8,11,18],"killed_by":"3 Cultists","ascension_level":0}}