{"host":"3yynf0dn84873kbr","time":1608921836,"event":{"mods":["Act Like it!","BaseMod","CapriCore","Minty Spire (QoL Compilation)","Pale of the Ancients","StSLib","The Alterego","The Gatherer","Yakumo Yukari mod","[IsaacMod]以撒尖塔"],"gold_per_floor":[109,123,137,137,137,137,151,151,151,161,161,111,125,125,125,224,224,243,243,318,1,1,1,15,28,104,104,115,140,160,190,190,288,288,306,356,370,26,43,43,59,77,77,77,77,94,114,128,128,128,128,128,128,128],"floor_reached":52,"playtime":2059,"items_purged":["Normality"],"score":733,"play_id":"71cecdfc-7f30-4343-918e-f5971c6e2c8e","local_time":"20201226024356","is_ascension_mode":false,"metric_token":661,"campfire_choices":[{"data":"Gatherer:RecoveryHerb","floor":6,"key":"SMITH"},{"data":"Gatherer:Centralize","floor":8,"key":"SMITH"},{"data":"Gatherer:TreeGrowth","floor":11,"key":"SMITH"},{"data":"Gatherer:QuickSynthesis","floor":15,"key":"SMITH"},{"data":"Gatherer:ColorfulGarden","floor":23,"key":"SMITH"},{"data":"Dramatic Entrance","floor":32,"key":"SMITH"},{"data":"Gatherer:SmartManeuver","floor":40,"key":"SMITH"},{"data":"Gatherer:Liquidism","floor":45,"key":"SMITH"},{"floor":49,"key":"REST"}],"circlet_count":0,"master_deck":["Gatherer:Strike_Gatherer","Gatherer:Strike_Gatherer+1","Gatherer:Strike_Gatherer","Gatherer:Strike_Gatherer+1","Gatherer:Strike_Gatherer","Gatherer:Defend_Gatherer","Gatherer:Defend_Gatherer","Gatherer:Defend_Gatherer","Gatherer:Defend_Gatherer","Gatherer:Defend_Gatherer","Gatherer:Centralize+1","Gatherer:FlowerWhip+1","Gatherer:FlowerFalling+1","Gatherer:AcidicSpray+1","Gatherer:RecoveryHerb+1","Gatherer:WitheringStrike","Gatherer:TreeGrowth+1","Gatherer:QuickSynthesis+1","Gatherer:RottenStipe","Gatherer:ColorfulGarden+1","Gatherer:FruitForce","Gatherer:ScrollOfWall","Gatherer:Liquidism+1","Dramatic Entrance+1","Gatherer:Convert","Gatherer:SaveValuables","Gatherer:BlackTea","Gatherer:Convert+1","Gatherer:CarefulStrike+1","Gatherer:CursedBlade","Gatherer:Frenzy+1","Gatherer:BalancedGrowth","Gatherer:Convert+1","Gatherer:RecipeChange+1","Parasite","Gatherer:SmartManeuver+1","Gatherer:PotentialSlash","Gatherer:FlowerShield+1","Gatherer:AcidicSpray","Gatherer:AcidicSpray+1","DoctorFetus","Gatherer:FlowerPower+2","Gatherer:Nutrients","Gatherer:TacticalStrike","Gatherer:Duplicator"],"relics":["Gatherer:AlchemyBag","HushsDoor","KeepersGift","NeowsBlessing","Mercury Hourglass","Gatherer:ExplorersPath","GuppysHead","RottenBaby","MutagenicStrength","Medical Kit","alterego_mod:SomeoneToFightFor","Darkstone Periapt","Red Mask","SatanicBible","SlaversCollar","Prayer Wheel","SteamSale","Ice Cream","Bottled Tornado","paleoftheancients:Timepiece","Bronze Scales","CultistMask"],"acts_visited":["Exordium","TheCity","TheBeyond","TheBeyond"],"potions_floor_usage":[28,39,50,50,50,50,50,50],"damage_taken":[{"damage":0,"enemies":"Cultist","floor":1,"turns":1},{"damage":0,"enemies":"Small Slimes","floor":2,"turns":1},{"damage":0,"enemies":"Jaw Worm","floor":3,"turns":1},{"damage":0,"enemies":"Looter","floor":7,"turns":3},{"damage":0,"enemies":"3 Louse","floor":10,"turns":2},{"damage":0,"enemies":"Blue Slaver","floor":13,"turns":1},{"damage":32,"enemies":"Slime Boss","floor":16,"turns":8},{"damage":0,"enemies":"Chosen","floor":18,"turns":3},{"damage":1,"enemies":"Spheric Guardian","floor":24,"turns":3},{"damage":10,"enemies":"Centurion and Healer","floor":25,"turns":4},{"damage":0,"enemies":"Cultist and Chosen","floor":28,"turns":3},{"damage":4,"enemies":"Masked Bandits","floor":29,"turns":2},{"damage":0,"enemies":"3 Cultists","floor":30,"turns":3},{"damage":6,"enemies":"Book of Stabbing","floor":31,"turns":4},{"damage":5,"enemies":"Champ","floor":33,"turns":9},{"damage":0,"enemies":"3 Shapes","floor":35,"turns":1},{"damage":3,"enemies":"Mind Bloom Boss Battle","floor":36,"turns":3},{"damage":14,"enemies":"Orb Walker","floor":37,"turns":3},{"damage":0,"enemies":"Writhing Mass","floor":39,"turns":4},{"damage":2,"enemies":"Spire Growth","floor":41,"turns":4},{"damage":0,"enemies":"3 Darklings","floor":42,"turns":2},{"damage":0,"enemies":"Sphere and 2 Shapes","floor":46,"turns":3},{"damage":24,"enemies":"Writhing Mass","floor":47,"turns":3},{"damage":16,"enemies":"4 Shapes","floor":48,"turns":3},{"damage":0,"enemies":"Awakened One","floor":50,"turns":6},{"damage":68,"enemies":"Awakened One","floor":51,"turns":4},{"damage":72,"enemies":"Awakened One","floor":52,"turns":7}],"seed_played":"6293726691479471694","potions_obtained":[{"floor":1,"key":"PowerPotion"},{"floor":7,"key":"Swift Potion"},{"floor":10,"key":"Regen Potion"},{"floor":18,"key":"CultistPotion"},{"floor":30,"key":"EntropicBrew"},{"floor":41,"key":"CultistPotion"}],"is_trial":false,"path_per_floor":["M","M","M","?","?","R","M","R","T","M","R","$","M","$","R","B",null,"M","?","?","$","?","R","M","M","T","?","M","?","M","E","R","B",null,"M","?","M","$","M","R","M","M","T","?","R","M","M","M","R","B","M","M"],"character_chosen":"THE_GATHERER","items_purchased":["Gatherer:QuickSynthesis","Gatherer:FruitForce","GuppysHead","RottenBaby","Gatherer:Liquidism","Medical Kit","Dramatic Entrance","SteamSale","Ice Cream"],"campfire_rested":1,"item_purchase_floors":[12,17,17,17,21,21,21,38,38],"current_hp_per_floor":[72,72,72,58,58,58,60,60,60,60,60,60,62,62,62,31,47,47,47,32,32,32,32,38,30,30,23,26,43,43,38,38,41,58,58,58,44,44,50,50,48,48,48,48,48,48,31,15,34,64,64,0,0,0],"gold":128,"neow_bonus":"THREE_ENEMY_KILL","is_daily":false,"chose_seed":false,"campfire_upgraded":8,"win_rate":0.0,"timestamp":1608921836,"path_taken":["M","M","?","?","?","R","M","R","T","M","R","$","M","$","R","BOSS","M","?","?","$","?","R","M","M","T","?","?","?","M","E","R","BOSS","M","?","M","$","M","R","M","M","T","?","R","M","M","M","R","BOSS","M","M"],"items_purchased_type":["Card","Card","Relic","Relic","Card","Relic","Card","Relic","Relic"],"build_version":"2020-12-22","purchased_purges":1,"victory":false,"max_hp_per_floor":[72,72,72,72,72,72,72,72,72,72,72,72,72,72,72,72,47,47,47,47,47,47,47,47,47,47,52,52,52,52,52,52,58,58,58,58,58,58,64,64,64,64,64,64,64,64,64,64,64,64,64,64,64,64],"card_choices":[{"not_picked":[],"picked":"ChaosCard","floor":0},{"not_picked":["Gatherer:FeelingFine","Gatherer:AlchemyTrial"],"picked":"Gatherer:FlowerFalling","floor":1},{"not_picked":["Gatherer:Convert","Gatherer:EnergyBasket"],"picked":"Gatherer:AcidicSpray","floor":2},{"not_picked":["Gatherer:GatherMaterial","Gatherer:EnergyBasket"],"picked":"Gatherer:RecoveryHerb","floor":3},{"not_picked":["Gatherer:OddSpoils","Gatherer:QuickSynthesis"],"picked":"Gatherer:WitheringStrike","floor":7},{"not_picked":["Gatherer:FragileHammer","Gatherer:SealedBomb"],"picked":"Gatherer:TreeGrowth","floor":10},{"not_picked":["Gatherer:AcidicSpray","Gatherer:Liquidism"],"picked":"Gatherer:RottenStipe","floor":13},{"not_picked":["Gatherer:ScrollOfPurity","Gatherer:CursedBlade"],"picked":"Gatherer:ColorfulGarden","floor":16},{"not_picked":["Gatherer:OddSpoils+1","Gatherer:SealedBomb"],"picked":"Gatherer:ScrollOfWall","floor":18},{"not_picked":["Gatherer:FragileHammer","Gatherer:AromaProtection"],"picked":"Gatherer:Convert","floor":24},{"not_picked":["Gatherer:FlowerFalling","Gatherer:PotentialSlash"],"picked":"Gatherer:SaveValuables","floor":25},{"not_picked":["Gatherer:ScrollOfWall+1","Gatherer:CollectorsShot"],"picked":"Gatherer:BlackTea","floor":28},{"not_picked":["Gatherer:TacticalStrike+1","Gatherer:TreeGrowth"],"picked":"Gatherer:Convert+1","floor":30},{"not_picked":["Gatherer:GlowingPlant","Gatherer:GrowBook"],"picked":"Gatherer:CarefulStrike+1","floor":31},{"not_picked":["Gatherer:Examine","Gatherer:Photoscythe"],"picked":"Gatherer:CursedBlade","floor":33},{"not_picked":["Gatherer:Solidify","Gatherer:RecipeChange"],"picked":"Gatherer:Frenzy+1","floor":35},{"not_picked":["Gatherer:CollectorsShot+1","Gatherer:QuickSynthesis+1"],"picked":"Gatherer:BalancedGrowth","floor":36},{"not_picked":["Gatherer:SmartManeuver+1","Gatherer:FragileHammer"],"picked":"Gatherer:Convert+1","floor":37},{"not_picked":["Gatherer:TreeGrowth","Gatherer:OddSpoils+1"],"picked":"Gatherer:RecipeChange+1","floor":37},{"not_picked":["Gatherer:QuickSynthesis","Gatherer:Uplift"],"picked":"Gatherer:SmartManeuver","floor":39},{"not_picked":["Gatherer:Frenzy+1","Gatherer:FlowerShield"],"picked":"Gatherer:PotentialSlash","floor":39},{"not_picked":["Gatherer:BalancedGrowth+1","Gatherer:RecoveryHerb"],"picked":"Gatherer:FlowerShield","floor":41},{"not_picked":["Gatherer:Convert+1","Gatherer:RecipeChange+1","Gatherer:DrugPower+1"],"picked":"SKIP","floor":41},{"not_picked":["Gatherer:Duality+1","Gatherer:Transmute+1"],"picked":"Gatherer:AcidicSpray","floor":42},{"not_picked":["Gatherer:FragileHammer","Gatherer:Enchant"],"picked":"Gatherer:AcidicSpray+1","floor":42},{"not_picked":["Madness","HandOfGreed"],"picked":"DoctorFetus","floor":44},{"not_picked":["Gatherer:ScrollOfWall","Gatherer:FragileHammer+1"],"picked":"Gatherer:FlowerPower+1","floor":46},{"not_picked":["Gatherer:Convert","Gatherer:AromaProtection+1"],"picked":"Gatherer:Nutrients","floor":46},{"not_picked":["Gatherer:VenomBarrier+1","Gatherer:BigPouch"],"picked":"Gatherer:TacticalStrike","floor":47},{"not_picked":["Gatherer:SealedBomb+1","Gatherer:AcidicSpray","Gatherer:BambuSword"],"picked":"SKIP","floor":47},{"not_picked":["Gatherer:TacticalStrike+1","Gatherer:DrugPower+1"],"picked":"Gatherer:Duplicator","floor":48},{"not_picked":["Gatherer:WoolGloves","Gatherer:CollectorsShot","Gatherer:TreeGrowth+1"],"picked":"SKIP","floor":48}],"player_experience":112975,"relics_obtained":[{"floor":9,"key":"Mercury Hourglass"},{"floor":26,"key":"Darkstone Periapt"},{"floor":29,"key":"Red Mask"},{"floor":31,"key":"SatanicBible"},{"floor":36,"key":"Prayer Wheel"},{"floor":43,"key":"Bottled Tornado"}],"event_choices":[{"damage_healed":0,"gold_gain":0,"player_choice":"Entered Light","damage_taken":14,"max_hp_gain":0,"max_hp_loss":0,"event_name":"Shining Light","floor":4,"gold_loss":0,"cards_upgraded":["Gatherer:Strike_Gatherer","Gatherer:Strike_Gatherer"]},{"damage_healed":0,"gold_gain":0,"player_choice":"Grow","damage_taken":0,"max_hp_gain":0,"max_hp_loss":0,"event_name":"Living Wall","floor":5,"gold_loss":0,"cards_upgraded":["Gatherer:AcidicSpray"]},{"damage_healed":0,"gold_gain":0,"player_choice":"Inject Mutagens","damage_taken":0,"relics_obtained":["MutagenicStrength"],"max_hp_gain":0,"max_hp_loss":0,"event_name":"Drug Dealer","floor":19,"gold_loss":0},{"damage_healed":0,"gold_gain":0,"player_choice":"Choice 2","damage_taken":0,"relics_obtained":["alterego_mod:SomeoneToFightFor"],"max_hp_gain":0,"max_hp_loss":0,"event_name":"爱的神圣花园","floor":22,"gold_loss":0},{"damage_healed":0,"gold_gain":0,"player_choice":"Shed Blood","damage_taken":12,"max_hp_gain":5,"max_hp_loss":0,"event_name":"Forgotten Altar","floor":27,"gold_loss":0},{"damage_healed":0,"gold_gain":0,"player_choice":"Fought Bandits","damage_taken":0,"max_hp_gain":0,"max_hp_loss":0,"event_name":"Masked Bandits","floor":29,"gold_loss":0},{"damage_healed":0,"gold_gain":0,"player_choice":"Fight","damage_taken":0,"max_hp_gain":0,"max_hp_loss":0,"event_name":"MindBloom","floor":36,"gold_loss":0},{"damage_healed":0,"gold_gain":0,"player_choice":"Memory 1","damage_taken":0,"max_hp_gain":0,"max_hp_loss":0,"event_name":"SensoryStone","floor":44,"gold_loss":0}],"is_beta":false,"boss_relics":[{"not_picked":["Runic Dome","Empty Cage"],"picked":"Gatherer:ExplorersPath"},{"not_picked":[]},{"not_picked":["Sozu","Velvet Choker"],"picked":"SlaversCollar"},{"not_picked":[]}],"items_purged_floors":[38],"is_endless":false,"potions_floor_spawned":[1,7,10,18,24,30,31,33,36,41,46],"killed_by":"Awakened One","ascension_level":0}}