{"host":"z5ys1wbqpsyqmecy","time":1608942067,"event":{"mods":["BaseMod","Colored Map","Colored Powertips","Minty Spire (QoL Compilation)","Relic Stats"],"gold_per_floor":[109,129,146,166,166,196,214,226,226,226,284,318,318,332,332,435,435,450,450,21,41,64,99,117,117,117,117,117,117,58,89,89,89,89],"floor_reached":33,"playtime":2304,"items_purged":["Writhe"],"score":295,"play_id":"c93824bb-262f-4c2f-9ca1-7e6ce2d708b9","local_time":"20201225162107","is_ascension_mode":false,"campfire_choices":[{"data":"Infinite Blades","floor":10,"key":"SMITH"},{"floor":15,"key":"REST"},{"data":"Tools of the Trade","floor":25,"key":"SMITH"},{"floor":32,"key":"REST"}],"circlet_count":0,"master_deck":["Strike_G","Strike_G","Strike_G","Strike_G+1","Strike_G","Defend_G","Defend_G","Defend_G","Defend_G","Defend_G","Survivor","Neutralize","Cloak And Dagger","Infinite Blades+1","Poisoned Stab","Venomology","Slice","Slice","Deadly Poison","Tools of the Trade+1","Poisoned Stab","Endless Agony","Cloak And Dagger","Poisoned Stab+1","Adrenaline","Dodge and Roll","Sadistic Nature","Deadly Poison+1","Prepared+1","Blur","Endless Agony","Prepared"],"relics":["Ring of the Snake","Snake Skull","Shuriken","PreservedInsect","Bronze Scales","Tiny Chest","Busted Crown","The Courier","Bag of Marbles","Lee\u0027s Waffle","Juzu Bracelet","Letter Opener","MealTicket","Whetstone"],"acts_visited":["Exordium","TheCity"],"potions_floor_usage":[6,6,11,11,12,16,24,33,33],"damage_taken":[{"damage":0,"enemies":"Small Slimes","floor":1,"turns":4},{"damage":7,"enemies":"Jaw Worm","floor":2,"turns":8},{"damage":0,"enemies":"Cultist","floor":3,"turns":5},{"damage":0,"enemies":"Red Slaver","floor":4,"turns":5},{"damage":20,"enemies":"Lagavulin","floor":6,"turns":8},{"damage":0,"enemies":"Large Slime","floor":7,"turns":4},{"damage":11,"enemies":"Lots of Slimes","floor":8,"turns":5},{"damage":5,"enemies":"3 Sentries","floor":11,"turns":5},{"damage":14,"enemies":"3 Sentries","floor":12,"turns":4},{"damage":1,"enemies":"Looter","floor":14,"turns":3},{"damage":6,"enemies":"The Guardian","floor":16,"turns":8},{"damage":14,"enemies":"Spheric Guardian","floor":18,"turns":4},{"damage":10,"enemies":"3 Byrds","floor":21,"turns":3},{"damage":5,"enemies":"Gremlin Leader","floor":23,"turns":4},{"damage":7,"enemies":"Centurion and Healer","floor":24,"turns":3},{"damage":18,"enemies":"Book of Stabbing","floor":31,"turns":3},{"damage":73,"enemies":"Collector","floor":33,"turns":5}],"seed_played":"9134946707269188766","potions_obtained":[{"floor":1,"key":"Weak Potion"},{"floor":4,"key":"SteroidPotion"},{"floor":6,"key":"SpeedPotion"},{"floor":7,"key":"Weak Potion"},{"floor":12,"key":"Poison Potion"},{"floor":21,"key":"Dexterity Potion"},{"floor":24,"key":"Weak Potion"}],"is_trial":false,"path_per_floor":["M","M","M","M","?","E","M","M","T","R","?","E","?","M","R","B",null,"M","?","$","M","T","E","M","R","T","?","?","?","$","E","R","B"],"character_chosen":"THE_SILENT","items_purchased":["Sadistic Nature","Bag of Marbles","Lee\u0027s Waffle","Endless Agony"],"campfire_rested":2,"item_purchase_floors":[20,20,20,30],"current_hp_per_floor":[70,63,63,63,63,43,43,32,32,32,27,13,13,12,33,27,70,56,56,77,67,67,62,55,55,55,41,41,41,56,38,62,0,0],"gold":89,"neow_bonus":"RANDOM_COMMON_RELIC","is_daily":false,"chose_seed":false,"campfire_upgraded":2,"win_rate":0.0,"timestamp":1608942067,"path_taken":["M","M","M","M","?","E","M","M","T","R","?","E","?","?","R","BOSS","M","?","$","M","?","E","M","R","T","?","?","?","$","E","R","BOSS"],"items_purchased_type":["Card","Relic","Relic","Card"],"build_version":"2020-12-22","purchased_purges":1,"victory":false,"max_hp_per_floor":[70,70,70,70,70,70,70,70,70,70,70,70,70,70,70,70,70,70,70,77,77,77,77,77,77,77,82,82,82,82,82,82,82,82],"relic_stats":{"Lee\u0027s Waffle":21,"counters":[17,81],"Snake Skull":[38],"PreservedInsect":148,"Juzu Bracelet":1,"Letter Opener":[50],"Whetstone":["Poisoned Stab","Strike_G"],"Busted Crown":10,"Shuriken":[37],"Bronze Scales":[150],"Tiny Chest":1,"MealTicket":15,"obtain_stats":[{"Lee\u0027s Waffle":20,"Snake Skull":0,"PreservedInsect":9,"The Courier":19,"Juzu Bracelet":22,"Letter Opener":23,"Whetstone":31,"Busted Crown":17,"Shuriken":6,"Bronze Scales":11,"Tiny Chest":12,"MealTicket":26,"Bag of Marbles":20,"Ring of the Snake":0},{"Lee\u0027s Waffle":12,"Snake Skull":0,"PreservedInsect":7,"The Courier":12,"Juzu Bracelet":13,"Letter Opener":14,"Whetstone":16,"Busted Crown":11,"Shuriken":5,"Bronze Scales":7,"Tiny Chest":9,"MealTicket":15,"Bag of Marbles":12,"Ring of the Snake":0},{"Lee\u0027s Waffle":63,"Snake Skull":0,"PreservedInsect":39,"The Courier":63,"Juzu Bracelet":66,"Letter Opener":70,"Whetstone":76,"Busted Crown":59,"Shuriken":30,"Bronze Scales":39,"Tiny Chest":48,"MealTicket":73,"Bag of Marbles":63,"Ring of the Snake":0}],"Ring of the Snake":[34]},"card_choices":[{"not_picked":["Accuracy","Backflip"],"picked":"Cloak And Dagger","floor":1},{"not_picked":["Blade Dance","Blur"],"picked":"Infinite Blades","floor":2},{"not_picked":["Acrobatics","Blade Dance"],"picked":"Poisoned Stab","floor":3},{"not_picked":["Footwork","Expertise"],"picked":"Venomology","floor":4},{"not_picked":["Heel Hook","Skewer"],"picked":"Slice","floor":6},{"not_picked":["Bane","Endless Agony"],"picked":"Slice","floor":7},{"not_picked":["Eviscerate","PiercingWail"],"picked":"Deadly Poison","floor":8},{"not_picked":["Outmaneuver","Expertise"],"picked":"Tools of the Trade","floor":11},{"not_picked":["PiercingWail","Finisher"],"picked":"Poisoned Stab","floor":12},{"not_picked":["Deadly Poison","Underhanded Strike"],"picked":"Poisoned Stab","floor":14},{"not_picked":["Unload","Die Die Die"],"picked":"Adrenaline","floor":16},{"not_picked":[],"picked":"Dodge and Roll","floor":18},{"not_picked":[],"picked":"Deadly Poison+1","floor":21},{"not_picked":[],"picked":"Prepared+1","floor":23},{"not_picked":["Underhanded Strike"],"picked":"SKIP","floor":24},{"not_picked":[],"picked":"Prepared","floor":31}],"player_experience":47006,"relics_obtained":[{"floor":6,"key":"Shuriken"},{"floor":9,"key":"PreservedInsect"},{"floor":12,"key":"Tiny Chest"},{"floor":22,"key":"Juzu Bracelet"},{"floor":23,"key":"Letter Opener"},{"floor":26,"key":"MealTicket"},{"floor":31,"key":"Whetstone"}],"event_choices":[{"damage_healed":0,"gold_gain":0,"player_choice":"Ignored","damage_taken":0,"max_hp_gain":0,"max_hp_loss":0,"event_name":"Liars Game","floor":5,"gold_loss":0},{"damage_healed":0,"gold_gain":0,"player_choice":"Searched \u00273\u0027 times","damage_taken":0,"relics_obtained":["Bronze Scales"],"max_hp_gain":0,"max_hp_loss":0,"event_name":"Dead Adventurer","floor":11,"gold_loss":0},{"damage_healed":0,"gold_gain":0,"player_choice":"2 cards matched","damage_taken":0,"max_hp_gain":0,"max_hp_loss":0,"event_name":"Match and Keep!","floor":13,"gold_loss":0,"cards_obtained":["Endless Agony","Cloak And Dagger"]},{"damage_healed":0,"gold_gain":0,"player_choice":"Opened","damage_taken":0,"relics_obtained":["The Courier"],"max_hp_gain":0,"max_hp_loss":0,"event_name":"The Mausoleum","floor":19,"gold_loss":0,"cards_obtained":["Writhe"]},{"damage_healed":0,"gold_gain":0,"player_choice":"Shed Blood","damage_taken":19,"max_hp_gain":5,"max_hp_loss":0,"event_name":"Forgotten Altar","floor":27,"gold_loss":0},{"damage_healed":0,"gold_gain":0,"player_choice":"Read","damage_taken":0,"max_hp_gain":0,"max_hp_loss":0,"event_name":"The Library","floor":28,"gold_loss":0,"cards_obtained":["Blur"]},{"damage_healed":0,"gold_gain":0,"player_choice":"Ignored","damage_taken":0,"max_hp_gain":0,"max_hp_loss":0,"event_name":"Vampires","floor":29,"gold_loss":0}],"is_beta":false,"boss_relics":[{"not_picked":["Snecko Eye","Tiny House"],"picked":"Busted Crown"}],"items_purged_floors":[20],"is_endless":false,"potions_floor_spawned":[1,4,6,7,12,21,24],"killed_by":"Collector","ascension_level":0}}