{"host":"i09pxcjttd31eh4q","time":1608906214,"event":{"mods":["AchievementEnabler","BaseMod","Colored Map","Keyboard Shortcuts","Minty Spire (QoL Compilation)","StSLib","SuperFastMode"],"gold_per_floor":[110,35,35,35,35,35,35,70,70,70,93,93,106,6,6,99,99,113,127,127,127,48,81,81,115,142,142,156,156,31,46,46,145,145,168,186,15,46,46,46,77,133,145,7,48,84,84,105,105,105,105,105,105,105,143,143],"floor_reached":57,"playtime":1545,"items_purged":["Strike_P","Defend_P","Strike_P","Defend_P"],"score":3500,"play_id":"5038099d-fec2-4959-8e5b-c192fe02b987","local_time":"20201225232334","is_ascension_mode":true,"campfire_choices":[{"data":"Eruption","floor":6.0,"key":"SMITH"},{"data":"FearNoEvil","floor":10.0,"key":"SMITH"},{"data":"Sanctity","floor":15.0,"key":"SMITH"},{"data":"Adaptation","floor":24.0,"key":"SMITH"},{"floor":27.0,"key":"REST"},{"data":"Adaptation","floor":29.0,"key":"SMITH"},{"floor":32.0,"key":"REST"},{"data":"MentalFortress","floor":40.0,"key":"SMITH"},{"floor":47.0,"key":"RECALL"},{"data":"Defend_P","floor":49.0,"key":"PURGE"},{"data":"DeusExMachina","floor":53.0,"key":"PURGE"}],"circlet_count":0,"master_deck":["AscendersBane","Defend_P","Eruption+1","Vigilance","FearNoEvil+1","Sanctity+1","Scrawl","Adaptation+1","Adaptation+1","MentalFortress+1","TalkToTheHand+1","Purity"],"relics":["PureWater","NeowsBlessing","Golden Idol","Blue Candle","Black Star","Kunai","Matryoshka","Happy Flower","Dream Catcher","Question Card","MealTicket","Busted Crown","WingedGreaves","Orichalcum","MawBank","Vajra","Omamori","Nunchaku","Peace Pipe","Whetstone","Gremlin Horn","Unceasing Top","Sundial","Torii","Ice Cream"],"acts_visited":["Exordium","TheCity","TheBeyond","TheEnding"],"potions_floor_usage":[56,56],"damage_taken":[{"damage":0.0,"enemies":"2 Louse","floor":1.0,"turns":1.0},{"damage":0.0,"enemies":"3 Sentries","floor":8.0,"turns":1.0},{"damage":0.0,"enemies":"Jaw Worm","floor":11.0,"turns":1.0},{"damage":6.0,"enemies":"Small Slimes","floor":13.0,"turns":3.0},{"damage":42.0,"enemies":"The Guardian","floor":16.0,"turns":16.0},{"damage":20.0,"enemies":"Chosen","floor":18.0,"turns":5.0},{"damage":2.0,"enemies":"2 Thieves","floor":19.0,"turns":3.0},{"damage":4.0,"enemies":"Book of Stabbing","floor":23.0,"turns":3.0},{"damage":13.0,"enemies":"Gremlin Leader","floor":25.0,"turns":4.0},{"damage":25.0,"enemies":"Chosen and Byrds","floor":28.0,"turns":4.0},{"damage":0.0,"enemies":"3 Cultists","floor":31.0,"turns":2.0},{"damage":0.0,"enemies":"Champ","floor":33.0,"turns":1.0},{"damage":0.0,"enemies":"Orb Walker","floor":35.0,"turns":1.0},{"damage":2.0,"enemies":"3 Shapes","floor":36.0,"turns":4.0},{"damage":0.0,"enemies":"Mind Bloom Boss Battle","floor":38.0,"turns":6.0},{"damage":0.0,"enemies":"Giant Head","floor":41.0,"turns":2.0},{"damage":8.0,"enemies":"Reptomancer","floor":42.0,"turns":2.0},{"damage":0.0,"enemies":"Nemesis","floor":45.0,"turns":3.0},{"damage":0.0,"enemies":"Reptomancer","floor":46.0,"turns":2.0},{"damage":0.0,"enemies":"Maw","floor":48.0,"turns":2.0},{"damage":0.0,"enemies":"Awakened One","floor":50.0,"turns":2.0},{"damage":0.0,"enemies":"Time Eater","floor":51.0,"turns":4.0},{"damage":0.0,"enemies":"Shield and Spear","floor":55.0,"turns":1.0},{"damage":62,"enemies":"The Heart","floor":56,"turns":5}],"seed_played":"-7282380494798585388","potions_obtained":[{"floor":8.0,"key":"Fire Potion"},{"floor":11.0,"key":"Dexterity Potion"},{"floor":25.0,"key":"Fire Potion"},{"floor":28.0,"key":"EssenceOfSteel"},{"floor":35.0,"key":"Block Potion"},{"floor":36.0,"key":"CultistPotion"},{"floor":45.0,"key":"Block Potion"}],"is_trial":false,"path_per_floor":["M","$","?","?","?","R","?","E","T","R","M","$","M","$","R","B",null,"M","M","?","?","$","E","R","E","T","R","M","R","$","M","R","B",null,"M","M","$","?","?","R","E","E","T","$","E","E","R","M","R","B","B",null,"R","$","E","B",null],"character_chosen":"WATCHER","items_purchased":["Adaptation","MentalFortress","TalkToTheHand"],"campfire_rested":2,"item_purchase_floors":[22,37,37],"current_hp_per_floor":[61,61,61,66,66,66,66,66,66,66,66,66,60,60,60,18,55,35,33,33,33,33,29,29,16,16,36,11,11,26,26,46,46,62,62,60,67,67,57,57,57,49,49,64,64,64,64,64,64,64,64,66,66,67,67,5],"gold":143,"neow_bonus":"THREE_ENEMY_KILL","is_daily":false,"chose_seed":false,"campfire_upgraded":6,"win_rate":0.0,"timestamp":1608906214,"path_taken":["M","$","?","?","?","R","?","E","T","R","M","?","M","$","R","BOSS","M","M","?","?","$","E","R","E","T","R","M","R","$","M","R","BOSS","M","M","$","?","?","R","E","E","T","$","E","E","R","M","R","BOSS","BOSS","R","$","E","BOSS"],"items_purchased_type":["Card","Card","Card"],"build_version":"2020-12-22","purchased_purges":4,"victory":true,"max_hp_per_floor":[68,68,62,67,67,67,67,67,67,67,67,67,67,67,67,67,67,67,67,67,67,67,67,67,67,67,67,67,67,67,67,67,67,67,67,67,67,67,67,67,67,67,67,67,67,67,67,67,67,67,67,67,67,67,67,67],"card_choices":[{"not_picked":["SashWhip","EmptyMind"],"picked":"FearNoEvil","floor":1.0},{"not_picked":["CrushJoints","SashWhip","PathToVictory"],"picked":"SKIP","floor":8.0},{"not_picked":["Weave","Consecrate"],"picked":"Sanctity","floor":11.0},{"not_picked":["Study","CrushJoints","FollowUp"],"picked":"SKIP","floor":13.0},{"not_picked":["Ragnarok","MasterReality"],"picked":"Scrawl","floor":16.0},{"not_picked":["Nirvana","Protect","ThirdEye"],"picked":"SKIP","floor":18.0},{"not_picked":["FlurryOfBlows","FollowUp","CutThroughFate"],"picked":"SKIP","floor":19.0},{"not_picked":["Establishment","Consecrate"],"picked":"DeusExMachina","floor":23.0},{"not_picked":["FlurryOfBlows","Perseverance","BowlingBash"],"picked":"SKIP","floor":25.0},{"not_picked":["Halt","PathToVictory","Worship","Vengeance"],"picked":"SKIP","floor":28.0},{"not_picked":["Protect","DevaForm","Perseverance+1","Swivel+1"],"picked":"SKIP","floor":31.0},{"not_picked":["Swivel","Evaluate"],"picked":"SKIP","floor":35.0},{"not_picked":["DeceiveReality","Conclude"],"picked":"SKIP","floor":36.0},{"not_picked":["PanicButton"],"picked":"Purity","floor":39.0},{"not_picked":["Tantrum+1","FlurryOfBlows+1"],"picked":"SKIP","floor":41.0},{"not_picked":["Collect","Consecrate"],"picked":"SKIP","floor":42.0},{"not_picked":["PathToVictory","Indignation"],"picked":"SKIP","floor":45.0},{"not_picked":["BowlingBash","Tantrum"],"picked":"SKIP","floor":46.0},{"not_picked":["CarveReality+1","Adaptation"],"picked":"SKIP","floor":48.0},{"not_picked":["FollowUp","BowlingBash"],"picked":"SKIP","floor":55.0}],"player_experience":773606,"relics_obtained":[{"floor":8.0,"key":"Blue Candle"},{"floor":23.0,"key":"Kunai"},{"floor":23.0,"key":"Matryoshka"},{"floor":25.0,"key":"Happy Flower"},{"floor":25.0,"key":"Dream Catcher"},{"floor":26.0,"key":"Question Card"},{"floor":26.0,"key":"MealTicket"},{"floor":38.0,"key":"WingedGreaves"},{"floor":41.0,"key":"Orichalcum"},{"floor":41.0,"key":"MawBank"},{"floor":42.0,"key":"Vajra"},{"floor":42.0,"key":"Omamori"},{"floor":43.0,"key":"Nunchaku"},{"floor":43.0,"key":"Peace Pipe"},{"floor":45.0,"key":"Whetstone"},{"floor":45.0,"key":"Gremlin Horn"},{"floor":46.0,"key":"Unceasing Top"},{"floor":46.0,"key":"Sundial"},{"floor":55.0,"key":"Torii"},{"floor":55.0,"key":"Ice Cream"}],"event_choices":[{"damage_healed":0.0,"max_hp_gain":0.0,"max_hp_loss":6.0,"gold_gain":0.0,"event_name":"Golden Idol","player_choice":"Lose Max HP","floor":3.0,"gold_loss":0.0,"damage_taken":0.0,"relics_obtained":["Golden Idol"]},{"damage_healed":0.0,"max_hp_gain":5.0,"max_hp_loss":0.0,"gold_gain":0.0,"event_name":"Big Fish","player_choice":"Donut","floor":4.0,"gold_loss":0.0,"damage_taken":0.0},{"damage_healed":0.0,"max_hp_gain":0.0,"max_hp_loss":0.0,"gold_gain":0.0,"event_name":"The Cleric","player_choice":"Leave","floor":5.0,"gold_loss":0.0,"damage_taken":0.0},{"cards_removed":["Strike_P"],"damage_healed":0.0,"max_hp_gain":0.0,"max_hp_loss":0.0,"gold_gain":0.0,"event_name":"Living Wall","player_choice":"Forget","floor":7.0,"gold_loss":0.0,"damage_taken":0.0},{"damage_healed":0.0,"max_hp_gain":0.0,"max_hp_loss":0.0,"gold_gain":0.0,"event_name":"The Library","player_choice":"Read","floor":20.0,"gold_loss":0.0,"damage_taken":0.0,"cards_obtained":["Adaptation"]},{"cards_removed":["Strike_P"],"damage_healed":0.0,"max_hp_gain":0.0,"max_hp_loss":0.0,"gold_gain":0.0,"event_name":"Back to Basics","player_choice":"Elegance","floor":21.0,"gold_loss":0.0,"damage_taken":0.0},{"damage_healed":0.0,"max_hp_gain":0.0,"max_hp_loss":0.0,"gold_gain":0.0,"event_name":"MindBloom","player_choice":"Fight","floor":38.0,"gold_loss":0.0,"damage_taken":0.0},{"damage_healed":0.0,"max_hp_gain":0.0,"max_hp_loss":0.0,"gold_gain":0.0,"event_name":"SensoryStone","player_choice":"Memory 3","floor":39.0,"gold_loss":0.0,"damage_taken":10.0}],"is_beta":false,"boss_relics":[{"not_picked":["Snecko Eye","Calling Bell"],"picked":"Black Star"},{"not_picked":["SlaversCollar","Cursed Key"],"picked":"Busted Crown"}],"items_purged_floors":[2,14,30,44],"is_endless":false,"potions_floor_spawned":[8,11,25,28,35,36,45,48,55],"ascension_level":20}}