{"host":"yp47u74hk6n79vj1","time":1608865117,"event":{"mods":["BaseMod","Minty Spire (QoL Compilation)"],"gold_per_floor":[109,119,119,129,54,54,82,94,94,55,55,55,72,72,72],"floor_reached":14,"playtime":450,"items_purged":["Strike_B"],"score":90,"play_id":"7dbeb519-49af-4a0d-a99e-7ab609478823","local_time":"20201224215837","is_ascension_mode":false,"campfire_choices":[{"data":"Defragment","floor":6,"key":"SMITH"},{"data":"Glacier","floor":12,"key":"SMITH"}],"circlet_count":0,"master_deck":["Strike_B","Strike_B","Defend_B","Defend_B","Defend_B","Zap","Dualcast","Echo Form","FTL","Defragment+1","Glacier+1","Double Energy"],"relics":["Cracked Core","Strawberry","Dream Catcher"],"acts_visited":["Exordium"],"potions_floor_usage":[14],"damage_taken":[{"damage":4,"enemies":"Jaw Worm","floor":1,"turns":4},{"damage":0,"enemies":"Cultist","floor":2,"turns":3},{"damage":3,"enemies":"Small Slimes","floor":4,"turns":3},{"damage":11,"enemies":"Lagavulin","floor":7,"turns":5},{"damage":5,"enemies":"Looter","floor":8,"turns":3},{"damage":2,"enemies":"Large Slime","floor":13,"turns":6},{"damage":43,"enemies":"Gremlin Nob","floor":14,"turns":5}],"seed_played":"-3979429916904980503","potions_obtained":[{"floor":2,"key":"PowerPotion"},{"floor":7,"key":"GamblersBrew"},{"floor":8,"key":"EssenceOfDarkness"}],"is_trial":false,"path_per_floor":["M","M","?","M","$","R","E","M","T","$","T","R","M","E"],"character_chosen":"DEFECT","items_purchased":["Glacier"],"campfire_rested":0,"item_purchase_floors":[10],"current_hp_per_floor":[50,50,50,47,47,47,43,38,38,38,38,38,36,0,0],"gold":72,"neow_bonus":"TRANSFORM_TWO_CARDS","is_daily":false,"chose_seed":false,"campfire_upgraded":2,"win_rate":0.0,"timestamp":1608865117,"path_taken":["M","M","?","?","$","R","E","M","T","$","?","R","M","E"],"items_purchased_type":["Card"],"build_version":"2020-12-22","purchased_purges":1,"victory":false,"max_hp_per_floor":[75,75,75,75,75,75,82,82,82,82,82,82,82,82,82],"card_choices":[{"not_picked":["Ball Lightning","Scrape","Beam Cell"],"picked":"SKIP","floor":1},{"not_picked":["Steam Power","Skim","Beam Cell"],"picked":"SKIP","floor":2},{"not_picked":["Stack","Chaos","Auto Shields"],"picked":"SKIP","floor":4},{"not_picked":["Beam Cell","Doom and Gloom","Sweeping Beam"],"picked":"SKIP","floor":7},{"not_picked":["Recycle","Aggregate","Hello World"],"picked":"SKIP","floor":8},{"not_picked":["Heatsinks","Steam"],"picked":"Double Energy","floor":13}],"player_experience":511766,"relics_obtained":[{"floor":7,"key":"Strawberry"},{"floor":11,"key":"Dream Catcher"}],"event_choices":[{"damage_healed":0,"gold_gain":0,"player_choice":"1 cards matched","damage_taken":0,"max_hp_gain":0,"max_hp_loss":0,"event_name":"Match and Keep!","floor":3,"gold_loss":0,"cards_obtained":["Defragment"]}],"is_beta":false,"boss_relics":[],"items_purged_floors":[5],"is_endless":false,"potions_floor_spawned":[2,7,8],"killed_by":"Gremlin Nob","ascension_level":0}}