{"host":"sabve5zmqufxyc5o","time":1608917635,"event":{"mods":["2.2 Compatiblity","AchievementEnabler","Act Like it!","BaseMod","Block Reminder","Colored Map","Colored Powertips","DeckTracker","KOR Keyword Fix","Keyboard Shortcuts","Minty Spire (QoL Compilation)","Quick Restart","Rare Cards Sparkle","Relic Stats","StSLib","SuperFastMode"],"gold_per_floor":[117,135,4,20,20,49,49,80,104,104,104,4,4,17,17,17,17],"floor_reached":16,"playtime":342,"items_purged":["Strike_G","Parasite"],"score":216,"play_id":"e4da36dd-047d-4ace-8a6f-0d63c6a37413","local_time":"20201226023355","is_ascension_mode":true,"campfire_choices":[{"floor":7.0,"key":"REST"},{"floor":11.0,"key":"REST"},{"data":"Terror","floor":15,"key":"SMITH"}],"circlet_count":0,"master_deck":["AscendersBane","Strike_G","Strike_G","Strike_G","Strike_G","Defend_G","Defend_G","Defend_G","Defend_G","Defend_G","Survivor","Neutralize","Dramatic Entrance","Prepared+1","Reflex","Blade Dance","Backflip","Terror+1","Escape Plan"],"relics":["Ring of the Snake","Bag of Marbles","Oddly Smooth Stone","Bag of Preparation"],"acts_visited":["Exordium"],"potions_floor_usage":[],"damage_taken":[{"damage":1.0,"enemies":"Small Slimes","floor":1.0,"turns":3.0},{"damage":0.0,"enemies":"Jaw Worm","floor":2.0,"turns":5.0},{"damage":0.0,"enemies":"2 Louse","floor":4.0,"turns":2.0},{"damage":21.0,"enemies":"Lagavulin","floor":6.0,"turns":7.0},{"damage":52.0,"enemies":"3 Sentries","floor":8.0,"turns":19.0},{"damage":0,"enemies":"2 Fungi Beasts","floor":14,"turns":1},{"damage":40,"enemies":"Hexaghost","floor":16,"turns":10}],"seed_played":"-3416979921648184230","potions_obtained":[{"floor":2.0,"key":"Explosive Potion"},{"floor":4.0,"key":"EntropicBrew"},{"floor":8.0,"key":"FearPotion"}],"is_trial":false,"path_per_floor":["M","M","$","M","?","E","R","E","T","?","R","$","?","M","R","B"],"character_chosen":"THE_SILENT","items_purchased":["Blade Dance"],"campfire_rested":2,"item_purchase_floors":[3],"current_hp_per_floor":[58,58,58,58,58,37,56,4,4,20,39,39,39,39,39,0,0],"gold":17,"neow_bonus":"RANDOM_COLORLESS","is_daily":false,"chose_seed":false,"campfire_upgraded":1,"win_rate":0.0,"timestamp":1608917635,"path_taken":["M","M","$","M","?","E","R","E","T","?","R","$","?","M","R","BOSS"],"items_purchased_type":["Card"],"build_version":"2020-12-22","purchased_purges":2,"victory":false,"max_hp_per_floor":[66,66,66,66,66,66,66,66,66,66,66,63,63,63,63,63,63],"relic_stats":{"counters":[7,47],"Bag of Preparation":[4],"obtain_stats":[{"Oddly Smooth Stone":8,"Bag of Marbles":6,"Bag of Preparation":9,"Ring of the Snake":0},{"Oddly Smooth Stone":5,"Bag of Marbles":4,"Bag of Preparation":5,"Ring of the Snake":0},{"Oddly Smooth Stone":36,"Bag of Marbles":17,"Bag of Preparation":36,"Ring of the Snake":0}],"Ring of the Snake":[14]},"card_choices":[{"not_picked":["Good Instincts","Forethought"],"picked":"Dramatic Entrance","floor":0.0},{"not_picked":["Endless Agony","Dodge and Roll"],"picked":"Prepared","floor":1.0},{"not_picked":["Caltrops","Slice"],"picked":"Reflex","floor":2.0},{"not_picked":["Bane","Dodge and Roll"],"picked":"Backflip","floor":4.0},{"not_picked":["Reflex","Skewer","Expertise"],"picked":"SKIP","floor":6.0},{"not_picked":["Blade Dance","PiercingWail"],"picked":"Terror","floor":8.0},{"not_picked":["Blade Dance","Prepared"],"picked":"Escape Plan","floor":14}],"player_experience":810617,"relics_obtained":[{"floor":6.0,"key":"Bag of Marbles"},{"floor":8.0,"key":"Oddly Smooth Stone"},{"floor":9.0,"key":"Bag of Preparation"}],"event_choices":[{"damage_healed":0.0,"max_hp_gain":0.0,"max_hp_loss":0.0,"gold_gain":0.0,"event_name":"Living Wall","player_choice":"Grow","floor":5.0,"gold_loss":0.0,"damage_taken":0.0,"cards_upgraded":["Prepared"]},{"damage_healed":16.0,"max_hp_gain":0.0,"max_hp_loss":0.0,"gold_gain":0.0,"event_name":"Mushrooms","player_choice":"Healed and dodged fight","floor":10.0,"gold_loss":0.0,"damage_taken":0.0,"cards_obtained":["Parasite"]},{"damage_healed":0,"gold_gain":0,"player_choice":"Ignored","damage_taken":0,"max_hp_gain":0,"max_hp_loss":0,"event_name":"Shining Light","floor":13,"gold_loss":0}],"is_beta":false,"boss_relics":[],"items_purged_floors":[3,12],"is_endless":false,"potions_floor_spawned":[2,4,8],"killed_by":"Hexaghost","ascension_level":20}}