{"host":"f5n4tidiz2n5sooh","time":1608896482,"event":{"mods":["BaseMod","Bestiary","Colored Map","Minty Spire (QoL Compilation)","Relic Stats","StSLib"],"gold_per_floor":[119,129,129,139,139,139,169,180,252,252,268,301,150,167,167,242,242,258,258,258,258,268,298,314,314,388,388,420,445,471,486,486,557,557,568,568,621,641,657,685,575,610,610,610,627,627,646,104,104,104,104],"floor_reached":50,"playtime":2732,"items_purged":["Strike_R","Strike_R+1"],"score":1290,"play_id":"1a776e58-b8bc-4425-b210-e22f9e5660f8","local_time":"20201225054122","is_ascension_mode":true,"campfire_choices":[{"data":"Wild Strike","floor":6,"key":"SMITH"},{"data":"Uppercut","floor":10,"key":"SMITH"},{"data":"Flame Barrier","floor":15,"key":"SMITH"},{"data":"Shrug It Off","floor":25,"key":"SMITH"},{"data":"Pommel Strike","floor":27,"key":"SMITH"},{"data":"Inflame","floor":32,"key":"SMITH"},{"data":"Double Tap","floor":44,"key":"SMITH"},{"data":"Second Wind","floor":46,"key":"SMITH"},{"floor":49,"key":"RECALL"}],"circlet_count":0,"master_deck":["AscendersBane","Strike_R+1","Strike_R+1","Defend_R+1","Defend_R+1","Defend_R+1","Defend_R+1","Bash+1","Pommel Strike+1","Wild Strike+1","Uppercut+1","Blood for Blood+1","Flame Barrier+1","Immolate+1","Battle Trance","Shrug It Off+1","Pummel+1","Immolate+1","Entrench","Inflame+1","Feed+1","Second Wind+1","Power Through+1","Parasite","Double Tap+1","Second Wind+1","Entrench+1","Demon Form","Feed+1"],"relics":["Coffee Dripper","Toy Ornithopter","Lizard Tail","Molten Egg 2","Pen Nib","SlaversCollar","Nilry\u0027s Codex","Thread and Needle","StrikeDummy","Blood Vial","PreservedInsect","The Courier","Black Star","Oddly Smooth Stone","Du-Vu Doll","Blue Candle","Eternal Feather","Bottled Lightning","Vajra","Toxic Egg 2","Orrery"],"acts_visited":["Exordium","TheCity","TheBeyond"],"potions_floor_usage":[7,16,23,28,31,40,47,50],"damage_taken":[{"damage":0,"enemies":"Cultist","floor":1,"turns":3},{"damage":5,"enemies":"2 Louse","floor":2,"turns":3},{"damage":7,"enemies":"Jaw Worm","floor":4,"turns":2},{"damage":35,"enemies":"Lagavulin","floor":7,"turns":4},{"damage":1,"enemies":"3 Louse","floor":8,"turns":3},{"damage":6,"enemies":"Looter","floor":11,"turns":2},{"damage":6,"enemies":"Gremlin Nob","floor":12,"turns":3},{"damage":0,"enemies":"2 Fungi Beasts","floor":14,"turns":3},{"damage":16,"enemies":"The Guardian","floor":16,"turns":7},{"damage":24,"enemies":"Chosen","floor":18,"turns":4},{"damage":0,"enemies":"Spheric Guardian","floor":22,"turns":4},{"damage":0,"enemies":"Gremlin Leader","floor":23,"turns":2},{"damage":0,"enemies":"Cultist and Chosen","floor":24,"turns":4},{"damage":0,"enemies":"Slavers","floor":28,"turns":1},{"damage":0,"enemies":"Book of Stabbing","floor":30,"turns":2},{"damage":0,"enemies":"Shelled Parasite and Fungi","floor":31,"turns":2},{"damage":38,"enemies":"Automaton","floor":33,"turns":8},{"damage":4,"enemies":"Orb Walker","floor":35,"turns":2},{"damage":10,"enemies":"3 Darklings","floor":38,"turns":3},{"damage":41,"enemies":"Writhing Mass","floor":39,"turns":8},{"damage":9,"enemies":"Nemesis","floor":40,"turns":9},{"damage":49,"enemies":"Giant Head","floor":42,"turns":8},{"damage":20,"enemies":"Sphere and 2 Shapes","floor":45,"turns":7},{"damage":13,"enemies":"Spire Growth","floor":47,"turns":3},{"damage":66,"enemies":"Donu and Deca","floor":50,"turns":6}],"seed_played":"7835056717594908169","potions_obtained":[{"floor":2,"key":"FearPotion"},{"floor":7,"key":"SneckoOil"},{"floor":12,"key":"EssenceOfSteel"},{"floor":18,"key":"LiquidMemories"},{"floor":22,"key":"BloodPotion"},{"floor":24,"key":"LiquidMemories"},{"floor":28,"key":"SpeedPotion"},{"floor":31,"key":"SmokeBomb"},{"floor":38,"key":"Weak Potion"},{"floor":42,"key":"Fruit Juice"}],"is_trial":false,"path_per_floor":["M","M","T","M","?","R","E","M","T","R","M","E","$","M","R","B",null,"M","?","?","?","M","E","M","R","T","R","E","T","E","M","R","B",null,"M","?","T","M","M","E","?","E","T","R","M","R","M","$","R","B"],"character_chosen":"IRONCLAD","items_purchased":["Flame Barrier","Vajra","Toxic Egg 2","Orrery"],"campfire_rested":0,"item_purchase_floors":[13,48,48,48],"current_hp_per_floor":[68,63,63,56,56,56,26,25,25,25,19,13,13,13,13,2,57,33,33,12,12,12,17,17,17,17,17,37,37,39,46,46,10,59,57,57,57,53,14,12,12,21,21,36,22,37,31,31,46,0,0],"gold":104,"neow_bonus":"BOSS_RELIC","is_daily":false,"chose_seed":false,"campfire_upgraded":8,"win_rate":0.0,"timestamp":1608896482,"path_taken":["M","M","?","M","?","R","E","M","T","R","?","E","?","M","R","BOSS","M","?","?","?","M","E","M","R","T","R","E","?","E","M","R","BOSS","M","?","?","?","M","E","?","E","T","R","M","R","?","$","R","BOSS"],"items_purchased_type":["Card","Relic","Relic","Relic"],"build_version":"2020-12-22","purchased_purges":2,"victory":false,"max_hp_per_floor":[75,75,75,75,75,75,75,75,75,75,75,75,75,75,75,75,75,75,75,75,75,75,75,75,75,75,75,75,75,75,75,75,75,75,75,71,71,75,75,75,75,79,79,79,83,83,83,83,83,88,88],"relic_stats":{"Blood Vial":22,"Lizard Tail":37,"counters":[25,103],"Blue Candle":[0],"Eternal Feather":45,"Pen Nib":[14],"PreservedInsect":222,"Black Star":2,"obtain_stats":[{"Nilry\u0027s Codex":20,"Blue Candle":40,"Oddly Smooth Stone":37,"Vajra":48,"Thread and Needle":23,"Eternal Feather":42,"Pen Nib":12,"PreservedInsect":29,"The Courier":30,"Burning Blood":0,"Blood Vial":28,"Du-Vu Doll":40,"SlaversCollar":17,"Lizard Tail":7,"Orrery":48,"Molten Egg 2":9,"Coffee Dripper":0,"Black Star":34,"Bottled Lightning":42,"Toxic Egg 2":48,"StrikeDummy":26,"Toy Ornithopter":3},{"Nilry\u0027s Codex":10,"Blue Candle":21,"Oddly Smooth Stone":18,"Vajra":24,"Thread and Needle":12,"Eternal Feather":22,"Pen Nib":7,"PreservedInsect":14,"The Courier":15,"Burning Blood":0,"Blood Vial":14,"Du-Vu Doll":21,"SlaversCollar":9,"Lizard Tail":4,"Orrery":24,"Molten Egg 2":5,"Coffee Dripper":0,"Black Star":17,"Bottled Lightning":22,"Toxic Egg 2":24,"StrikeDummy":13,"Toy Ornithopter":2},{"Nilry\u0027s Codex":34,"Blue Candle":79,"Oddly Smooth Stone":59,"Vajra":97,"Thread and Needle":40,"Eternal Feather":87,"Pen Nib":20,"PreservedInsect":45,"The Courier":47,"Burning Blood":0,"Blood Vial":45,"Du-Vu Doll":79,"SlaversCollar":30,"Lizard Tail":12,"Orrery":97,"Molten Egg 2":15,"Coffee Dripper":0,"Black Star":57,"Bottled Lightning":87,"Toxic Egg 2":97,"StrikeDummy":44,"Toy Ornithopter":6}],"Toy Ornithopter":40},"card_choices":[{"not_picked":["Thunderclap","Infernal Blade"],"picked":"Pommel Strike","floor":1},{"not_picked":["Heavy Blade","Flex","Armaments"],"picked":"SKIP","floor":2},{"not_picked":["Flex","Ghostly Armor"],"picked":"Wild Strike","floor":4},{"not_picked":["Havoc","Metallicize"],"picked":"Uppercut","floor":7},{"not_picked":["Twin Strike","Thunderclap","Wild Strike"],"picked":"SKIP","floor":8},{"not_picked":["Wild Strike+1","Barricade"],"picked":"Blood for Blood+1","floor":11},{"not_picked":["Rampage+1","Heavy Blade+1","Clothesline+1"],"picked":"SKIP","floor":12},{"not_picked":["Reckless Charge+1","Twin Strike+1","Clothesline+1"],"picked":"SKIP","floor":14},{"not_picked":["Brutality","Impervious"],"picked":"Immolate+1","floor":16},{"not_picked":["Body Slam+1","Inflame"],"picked":"Battle Trance","floor":18},{"not_picked":["Fire Breathing","Sentinel"],"picked":"Pummel+1","floor":22},{"not_picked":["Pommel Strike+1","Ghostly Armor","Combust"],"picked":"SKIP","floor":23},{"not_picked":["Warcry","Rampage+1","Evolve"],"picked":"SKIP","floor":24},{"not_picked":["Twin Strike+1","Rampage+1"],"picked":"Immolate+1","floor":28},{"not_picked":["Dual Wield","Seeing Red"],"picked":"Entrench","floor":30},{"not_picked":["True Grit","Wild Strike+1","Inflame"],"picked":"SKIP","floor":31},{"not_picked":["True Grit","Wild Strike+1"],"picked":"Inflame","floor":31},{"not_picked":["Immolate+1","Berserk"],"picked":"Feed+1","floor":33},{"not_picked":["Thunderclap+1","Pommel Strike+1"],"picked":"Second Wind","floor":35},{"not_picked":["Clothesline+1","Sword Boomerang+1"],"picked":"Power Through","floor":38},{"not_picked":["Combust","Thunderclap+1","Clothesline+1"],"picked":"SKIP","floor":39},{"not_picked":["True Grit","Heavy Blade+1","Twin Strike+1"],"picked":"SKIP","floor":40},{"not_picked":["Flex","Clash+1"],"picked":"Double Tap","floor":42},{"not_picked":["Evolve+1","Thunderclap+1","Warcry"],"picked":"SKIP","floor":45},{"not_picked":["Rupture","Ghostly Armor","Wild Strike+1"],"picked":"SKIP","floor":47},{"not_picked":["Carnage+1","Flex+1"],"picked":"Second Wind+1","floor":48},{"not_picked":["Juggernaut","Fire Breathing"],"picked":"Entrench+1","floor":48},{"not_picked":["Clash+1","Flex+1"],"picked":"Demon Form","floor":48},{"not_picked":["Headbutt+1","Sword Boomerang+1"],"picked":"Feed+1","floor":48}],"player_experience":1930115,"relics_obtained":[{"floor":3,"key":"Toy Ornithopter"},{"floor":7,"key":"Lizard Tail"},{"floor":9,"key":"Molten Egg 2"},{"floor":12,"key":"Pen Nib"},{"floor":20,"key":"Nilry\u0027s Codex"},{"floor":23,"key":"Thread and Needle"},{"floor":26,"key":"StrikeDummy"},{"floor":28,"key":"Blood Vial"},{"floor":29,"key":"PreservedInsect"},{"floor":30,"key":"The Courier"},{"floor":37,"key":"Oddly Smooth Stone"},{"floor":40,"key":"Du-Vu Doll"},{"floor":40,"key":"Blue Candle"},{"floor":42,"key":"Eternal Feather"},{"floor":42,"key":"Bottled Lightning"}],"event_choices":[{"damage_healed":0,"gold_gain":0,"player_choice":"Upgraded","damage_taken":0,"max_hp_gain":0,"max_hp_loss":0,"event_name":"Upgrade Shrine","floor":5,"gold_loss":0,"cards_upgraded":["Bash"]},{"damage_healed":0,"gold_gain":0,"player_choice":"Simplicity","damage_taken":0,"max_hp_gain":0,"max_hp_loss":0,"event_name":"Back to Basics","floor":19,"gold_loss":0,"cards_upgraded":["Strike_R","Strike_R","Strike_R","Strike_R","Defend_R","Defend_R","Defend_R","Defend_R"]},{"damage_healed":0,"gold_gain":0,"player_choice":"Obtained Book","damage_taken":21,"max_hp_gain":0,"max_hp_loss":0,"event_name":"Cursed Tome","floor":20,"gold_loss":0},{"damage_healed":0,"gold_gain":0,"player_choice":"Read","damage_taken":0,"max_hp_gain":0,"max_hp_loss":0,"event_name":"The Library","floor":21,"gold_loss":0,"cards_obtained":["Shrug It Off"]},{"damage_healed":0,"gold_gain":0,"player_choice":"Max HP","damage_taken":0,"max_hp_gain":0,"max_hp_loss":4,"event_name":"Winding Halls","floor":36,"gold_loss":0},{"cards_removed":["Strike_R"],"damage_healed":0,"gold_gain":0,"player_choice":"Upgrade and Remove","damage_taken":0,"max_hp_gain":0,"max_hp_loss":0,"event_name":"Designer","floor":41,"gold_loss":110,"cards_upgraded":["Power Through"]}],"is_beta":false,"boss_relics":[{"not_picked":["Velvet Choker","Fusion Hammer"],"picked":"SlaversCollar"},{"not_picked":["Pandora\u0027s Box","Cursed Key"],"picked":"Black Star"}],"items_purged_floors":[13,48],"is_endless":false,"potions_floor_spawned":[2,7,12,18,22,24,28,31,35,38,42],"killed_by":"Donu and Deca","ascension_level":20}}