{"host":"qw4xe3mt0biolpvp","time":1608926426,"event":{"mods":["AchievementEnabler","Act Like it!","BaseMod","BetterRewards","Colored Map","Colored Powertips","Downfall","Gensokyo","Hallownest","Hermit","Highlight Path","Hubris","Infinite Spire","Jorbs\u0027s Wanderer Trilogy","Marisa????????","Minty Spire (QoL Compilation)","Quick Restart","Replay The Spire","StSLib","The Animator","The Bug Knight","The Cursed","The Jungle","The Servant 0.9.4","The Wild Card"],"gold_per_floor":[116,17,36,49,49,49,49,67,114,134,134,154,154,168,168,267,317,328,342,342,362,362,362,177,177,177,177,177],"floor_reached":27,"playtime":1545,"items_purged":["Strike_B"],"score":205,"play_id":"64e2a83d-02bb-4bbe-b636-c0e8035cce67","local_time":"20201225170026","is_ascension_mode":false,"campfire_choices":[{"data":"Zap","floor":6,"key":"SMITH"},{"floor":11,"key":"REST"},{"data":"Redo","floor":13,"key":"SMITH"},{"floor":15,"key":"REST"},{"data":"Redo","floor":23,"key":"SMITH"},{"data":"Dualcast","floor":25,"key":"SMITH"}],"circlet_count":0,"master_deck":["Strike_B","Strike_B","Defend_B","Defend_B","Defend_B","Defend_B","Zap+1","Dualcast+1","Redo+1","Barrage","Capacitor","Gash","Fusion","Gash","Ball Lightning","Sweeping Beam","Buffer+1","Panic Button","Consume","Redo+1","Slimebound:CheckThePlaybook","Slimebound:Icky","Double Energy","Go for the Eyes","Double Energy","Double Energy"],"relics":["Cracked Core","hubris:TenFootPole","Replay:Antivirus Software","Tiny House","hubris:BottledHeart","hubris:TinFlute"],"acts_visited":["Exordium","TheCity"],"potions_floor_usage":[27],"damage_taken":[{"damage":8,"enemies":"infinitespire:Voidling","floor":1,"turns":4},{"damage":6,"enemies":"2 Louse","floor":3,"turns":2},{"damage":0,"enemies":"Cultist","floor":4,"turns":3},{"damage":4,"enemies":"3 Louse","floor":8,"turns":4},{"damage":19,"enemies":"Large Slime","floor":10,"turns":6},{"damage":13,"enemies":"Red Slaver","floor":12,"turns":3},{"damage":24,"enemies":"Exordium Thugs","floor":14,"turns":4},{"damage":12,"enemies":"Fading Forest","floor":16,"turns":11},{"damage":21,"enemies":"Chosen","floor":18,"turns":5},{"damage":20,"enemies":"Spheric Guardian","floor":19,"turns":5},{"damage":23,"enemies":"Snecko","floor":21,"turns":6},{"damage":17,"enemies":"Nightmare","floor":27,"turns":5}],"seed_played":"-9098264928961157075","potions_obtained":[{"floor":3,"key":"Swift Potion"},{"floor":8,"key":"SmokeBomb"},{"floor":10,"key":"Elixir"},{"floor":12,"key":"Ancient Potion"},{"floor":17,"key":"champ:CounterPotion"}],"is_trial":false,"path_per_floor":["M","$","M","M","?","R","$","M","T","M","R","M","R","M","R","B",null,"M","M","?","M","?","R","$","R","T","NM"],"character_chosen":"DEFECT","items_purchased":["Redo","Barrage","Go for the Eyes","Double Energy"],"campfire_rested":2,"item_purchase_floors":[2,2,24,24],"current_hp_per_floor":[67,67,61,61,61,61,61,57,57,38,60,47,47,23,45,59,80,59,39,39,16,1,1,1,1,1,0,0],"gold":177,"neow_bonus":"RANDOM_COMMON_RELIC","is_daily":false,"chose_seed":false,"campfire_upgraded":4,"win_rate":0.0,"timestamp":1608926426,"path_taken":["M","$","?","M","?","R","$","M","T","?","R","M","R","M","R","BOSS","M","M","?","M","?","R","$","R","T","NM"],"items_purchased_type":["Card","Card","Card","Card"],"build_version":"2020-12-22","purchased_purges":1,"victory":false,"max_hp_per_floor":[75,75,75,75,75,75,75,75,75,75,75,75,75,75,75,75,80,80,80,80,80,1,1,1,1,1,1,1],"card_choices":[{"not_picked":["Stack","ReplayTheSpireMod:Repulse","Streamline"],"picked":"SKIP","floor":1},{"not_picked":["Recycle","Gash"],"picked":"Capacitor","floor":3},{"not_picked":["Compile Driver","Sunder"],"picked":"Gash","floor":4},{"not_picked":["BootSequence","hubris:Ukulele"],"picked":"Fusion","floor":8},{"not_picked":["Coolheaded","ReplaySolidLightProjector"],"picked":"Gash","floor":10},{"not_picked":["Stack","Hologram"],"picked":"Ball Lightning","floor":12},{"not_picked":["Sunder","BasicCrystalCard"],"picked":"Sweeping Beam","floor":14},{"not_picked":["Amplify","Mirror Shield"],"picked":"Buffer","floor":16},{"not_picked":["Darkness","Reprogram"],"picked":"Panic Button","floor":17},{"not_picked":["Recycle","Stack"],"picked":"Consume","floor":18},{"not_picked":["Coolheaded+1","Auto Shields+1"],"picked":"Redo","floor":19},{"not_picked":["BasicCrystalCard","Streamline"],"picked":"Double Energy","floor":21}],"player_experience":33092,"relics_obtained":[{"floor":9,"key":"Replay:Antivirus Software"},{"floor":26,"key":"hubris:TinFlute"}],"event_choices":[{"cards_removed":["Strike_B"],"damage_healed":0,"gold_gain":0,"player_choice":"Purged","damage_taken":0,"max_hp_gain":0,"max_hp_loss":0,"event_name":"Purifier","floor":5,"gold_loss":0}],"is_beta":false,"boss_relics":[{"not_picked":["Ring of Chaos","Coffee Dripper"],"picked":"Tiny House"}],"items_purged_floors":[24],"is_endless":false,"potions_floor_spawned":[3,8,10,12,19,21],"killed_by":"Nightmare","ascension_level":0}}