{"host":"l8lkgdumzpe3823a","time":1608910886,"event":{"mods":["Always Whale","Aspiration","BaseMod","Better Note","Clockwork Mod","Colored Powertips","Curses Come First","Custom Start","DeckTracker","Defuse TimeMaze Blight","Highlight Path","Hubris","Infinite Spire","Minty Spire (QoL Compilation)","Quick Restart","Replay The Spire","Shop Mod","StSLib","SuperFastMode","The Construct","The Dragon Tamer","vexMod"],"gold_per_floor":[110,120,45,45,45,76,90,90,90,107,123,123,150,150,150,247,247,261,10,21,31,51,51,75,75,75,88,114,133,133,108,108,213,213,239,268,304,304,304,304,353,353,353,62,77,101,101,17,17,17,17],"floor_reached":50,"playtime":1678,"items_purged":["Defend_R","Defend_R","Defend_R","Strike_R","Strike_R"],"score":973,"play_id":"4f1472bc-7054-4c25-a5f9-2afcf53d3e0b","local_time":"20201225094126","is_ascension_mode":true,"campfire_choices":[{"data":"Bash","floor":8.0,"key":"SMITH"},{"data":"Disarm","floor":15.0,"key":"SMITH"},{"data":"Immolate","floor":23.0,"key":"SMITH"},{"data":"True Grit","floor":25.0,"key":"SMITH"},{"data":"Feel No Pain","floor":30.0,"key":"SMITH"},{"floor":32.0,"key":"REST"},{"data":"Immolate","floor":40.0,"key":"SMITH"},{"floor":42.0,"key":"REST"},{"floor":49.0,"key":"REST"}],"circlet_count":0,"master_deck":["Strike_R","Strike_R","Strike_R","Defend_R","Bash+1","Sword Boomerang","Power Through+1","Evolve","Wild Strike","Disarm+1","Immolate+1","Wild Strike","Rage","True Grit+1","Feel No Pain+1","Wild Strike","Immolate+1","Metallicize+1","Burning Pact+1","infinitespire:Menacing","Feel No Pain+1","Immolate","Sentinel","Feel No Pain","hubris:EnhanceAbility","Fire Breathing","Wild Strike"],"relics":["Burning Blood","ReplayTheSpireMod:Spearhead","infinitespire:EmpoweringShard","Sozu","Orichalcum","Medical Kit","MerchantsRug","hubris:DeckOfHolding","Garlic","infinitespire:EvilPickle","vexMod:EndlessSickness","Runic Cube","HandDrill","infinitespire:Beetle Shell","Mercury Hourglass"],"acts_visited":["Exordium","TheCity","TheBeyond"],"potions_floor_usage":[50],"damage_taken":[{"damage":14.0,"enemies":"2 Louse","floor":1.0,"turns":3.0},{"damage":6.0,"enemies":"Cultist","floor":2.0,"turns":3.0},{"damage":40.0,"enemies":"Gremlin Nob","floor":6.0,"turns":5.0},{"damage":0.0,"enemies":"Jaw Worm","floor":7.0,"turns":3.0},{"damage":6.0,"enemies":"3 Louse","floor":10.0,"turns":5.0},{"damage":22.0,"enemies":"Lots of Slimes","floor":11.0,"turns":6.0},{"damage":20.0,"enemies":"Lagavulin","floor":13.0,"turns":5.0},{"damage":22.0,"enemies":"The Guardian","floor":16.0,"turns":12.0},{"damage":15.0,"enemies":"Spheric Guardian","floor":18.0,"turns":4.0},{"damage":15.0,"enemies":"2 Thieves","floor":20.0,"turns":3.0},{"damage":9.0,"enemies":"Snecko","floor":21.0,"turns":5.0},{"damage":21.0,"enemies":"Shelled Parasite and Fungi","floor":22.0,"turns":4.0},{"damage":6.0,"enemies":"Cultist and Chosen","floor":27.0,"turns":5.0},{"damage":0.0,"enemies":"Gremlin Leader","floor":28.0,"turns":6.0},{"damage":11.0,"enemies":"Sentry and Sphere","floor":29.0,"turns":5.0},{"damage":36.0,"enemies":"Pondfish","floor":33.0,"turns":12.0},{"damage":0.0,"enemies":"Orb Walker","floor":35.0,"turns":3.0},{"damage":13.0,"enemies":"3 Darklings","floor":36.0,"turns":4.0},{"damage":37.0,"enemies":"Jaw Worm Horde","floor":37.0,"turns":4.0},{"damage":22.0,"enemies":"Nemesis","floor":41.0,"turns":7.0},{"damage":27.0,"enemies":"Spire Growth","floor":45.0,"turns":4.0},{"damage":7.0,"enemies":"3 Darklings","floor":46.0,"turns":3.0},{"damage":52,"enemies":"Awakened One","floor":50,"turns":5}],"seed_played":"5544823302632140946","potions_obtained":[{"floor":10.0,"key":"Explosive Potion"},{"floor":11.0,"key":"GamblersBrew"},{"floor":13.0,"key":"SteroidPotion"},{"floor":14.0,"key":"EntropicBrew"}],"is_trial":false,"path_per_floor":["M","M","$","?","$","E","M","R","T","M","M","?","E","?","R","B",null,"M","$","M","M","M","R","$","R","T","M","E","M","R","?","R","B",null,"M","M","M","AVR","?","R","E","R","T","$","M","M","?","$","R","B"],"character_chosen":"IRONCLAD","items_purchased":["Orichalcum","True Grit","Medical Kit","Feel No Pain","MerchantsRug","Immolate","Fire Breathing","Wild Strike"],"campfire_rested":3,"item_purchase_floors":[19,24,24,24,24,44,48,48],"current_hp_per_floor":[64,64,64,64,64,30,36,36,36,36,20,44,30,30,30,14,64,55,55,46,43,28,28,28,28,28,28,34,29,29,29,53,23,66,72,65,34,34,34,34,18,42,42,42,21,20,20,20,44,0,0],"gold":17,"neow_bonus":"DSIX","is_daily":false,"chose_seed":false,"campfire_upgraded":6,"win_rate":0.0,"timestamp":1608910886,"path_taken":["M","M","$","?","$","E","M","R","T","?","M","?","E","?","R","BOSS","M","$","M","M","M","R","$","R","T","?","E","M","R","?","R","BOSS","M","M","M","AVR","?","R","E","R","T","$","?","M","?","$","R","BOSS"],"items_purchased_type":["Relic","Card","Relic","Card","Relic","Card","Card","Card"],"build_version":"2020-12-22","purchased_purges":5,"victory":false,"max_hp_per_floor":[80,80,80,80,80,80,80,80,80,80,80,80,80,80,80,80,80,80,80,80,80,80,80,80,80,80,80,80,80,80,80,80,80,80,80,80,80,80,80,80,80,80,80,80,80,80,80,80,80,80,80],"card_choices":[{"not_picked":["Warcry","Flex"],"picked":"Sword Boomerang","floor":1.0},{"not_picked":["Twin Strike","Combust"],"picked":"Power Through","floor":2.0},{"not_picked":["Heavy Blade","Rampage","Run Through"],"picked":"SKIP","floor":6.0},{"not_picked":["Heavy Blade","Iron Wave","Havoc"],"picked":"SKIP","floor":7.0},{"not_picked":["Reckless Charge","Disarm"],"picked":"Evolve","floor":10.0},{"not_picked":["Flex","ReplayTheSpireMod:Strike From Hell"],"picked":"Wild Strike","floor":11.0},{"not_picked":["Intimidate","Clothesline"],"picked":"Disarm","floor":13.0},{"not_picked":["Barricade","Eclipse"],"picked":"Immolate","floor":16.0},{"not_picked":["Clash","Iron Wave"],"picked":"Wild Strike","floor":18.0},{"not_picked":["infinitespire:OneForAll","Ghostly Armor"],"picked":"Rage","floor":20.0},{"not_picked":["Searing Blow","Clash+1","Burning Pact+1"],"picked":"SKIP","floor":21.0},{"not_picked":["Clothesline","Infernal Blade","Abandon+1"],"picked":"SKIP","floor":22.0},{"not_picked":["Heavy Blade","Warcry","Armaments"],"picked":"SKIP","floor":27.0},{"not_picked":["Twin Strike+1","Searing Blow","Cleave"],"picked":"SKIP","floor":28.0},{"not_picked":["Perfected Strike","Heavy Blade"],"picked":"Wild Strike","floor":29.0},{"not_picked":["Fiend Fire","Bludgeon"],"picked":"Immolate","floor":33.0},{"not_picked":["Heavy Blade+1","Perfected Strike+1","Armaments"],"picked":"SKIP","floor":35.0},{"not_picked":["Armaments+1","Flex+1"],"picked":"Metallicize+1","floor":36.0},{"not_picked":["Replay:Undeath\u0027s Touch+1","Heavy Blade"],"picked":"Burning Pact+1","floor":37.0},{"not_picked":["Warcry+1","Rupture","Uppercut+1"],"picked":"SKIP","floor":41.0},{"not_picked":["hubris:CleavingFinish+1","Run Through+1"],"picked":"Sentinel","floor":45.0},{"not_picked":["Clothesline+1","Sword Boomerang"],"picked":"Feel No Pain","floor":46.0},{"not_picked":["Panacea","Forethought"],"picked":"hubris:EnhanceAbility","floor":47.0}],"player_experience":626234,"relics_obtained":[{"floor":6.0,"key":"ReplayTheSpireMod:Spearhead"},{"floor":13.0,"key":"infinitespire:EmpoweringShard"},{"floor":26.0,"key":"hubris:DeckOfHolding"},{"floor":28.0,"key":"Garlic"},{"floor":41.0,"key":"infinitespire:Beetle Shell"},{"floor":43.0,"key":"Mercury Hourglass"}],"event_choices":[{"damage_healed":0.0,"max_hp_gain":0.0,"max_hp_loss":0.0,"gold_gain":0.0,"event_name":"Accursed Blacksmith","player_choice":"Forge","floor":4.0,"gold_loss":0.0,"damage_taken":0.0,"cards_upgraded":["Power Through"]},{"damage_healed":0.0,"max_hp_gain":0.0,"max_hp_loss":0.0,"gold_gain":0.0,"event_name":"Lab","player_choice":"Got Potions","floor":14.0,"gold_loss":0.0,"damage_taken":0.0},{"damage_healed":0.0,"max_hp_gain":0.0,"max_hp_loss":0.0,"gold_gain":0.0,"event_name":"Duplicator","player_choice":"Copied","floor":39.0,"gold_loss":0.0,"damage_taken":0.0,"cards_obtained":["Feel No Pain"]},{"damage_healed":0.0,"max_hp_gain":0.0,"max_hp_loss":0.0,"gold_gain":0.0,"event_name":"SensoryStone","player_choice":"Memory 1","floor":47.0,"gold_loss":0.0,"damage_taken":0.0}],"is_beta":false,"boss_relics":[{"not_picked":["vexMod:FluxCapacitor","Philosopher\u0027s Stone"],"picked":"Sozu"},{"not_picked":["vexMod:RockOfEvil","Replay:Bronze Core"],"picked":"vexMod:EndlessSickness"}],"items_purged_floors":[3,19,24,38,44],"is_endless":false,"potions_floor_spawned":[10,11,13,20,21,28,46],"killed_by":"Awakened One","ascension_level":7}}