{"host":"qljq6nt1bltq73k9","time":1608896859,"event":{"mods":["BaseMod","Colored Map","Colored Powertips","Minty Spire (QoL Compilation)","Quick Restart","Replay The Spire","StSLib","[IsaacMod]ÒÔÈö¼âËþ"],"gold_per_floor":[99999,100013,100013,99963,99963,99963,99994,99008,99088,98150,98150,98162,98225,97564,97564,97666,97666,97683,97189,97207,97207,97218,97244,97244,96572,96595,96595,96624,96635,96655,96675,96675,96776,96776,96791,96791,96891,96243,96265,96265,96282,96296,96296,95350,95366,95385,95399,95399,95399,95430,95430,95430],"floor_reached":53,"playtime":763,"items_purged":["Defend_P","Defend_P","Defend_P","Defend_P","Strike_P","Strike_P","Strike_P","Strike_P"],"score":1074,"play_id":"af369e99-efbf-4ad6-bdeb-12db0a95f976","local_time":"20201225194739","is_ascension_mode":false,"campfire_choices":[{"data":"DoctorFetus","floor":6,"key":"SMITH"},{"data":"Scrawl","floor":11,"key":"SMITH"},{"data":"Adaptation","floor":15,"key":"SMITH"},{"data":"Eruption","floor":24,"key":"SMITH"},{"data":"MentalFortress","floor":27,"key":"SMITH"},{"data":"BettingIsNotGood","floor":32,"key":"SMITH"},{"data":"Consecrate","floor":40,"key":"SMITH"},{"data":"Hidden Blade","floor":51,"key":"SMITH"}],"circlet_count":0,"master_deck":["Eruption+1","Vigilance","DoctorFetus+1","Consecrate+1","Scrawl+1","Adaptation+1","Secret Weapon","Nirvana","Violence","CrushJoints+1","Consecrate+1","MasterReality+1","CurseOfTheBell","FollowUp+1","MentalFortress+1","BettingIsNotGood+1","Pommel Strike+1","Wireheading+1","Cleave+1","Capacitor+1","Thunderclap+1","Ball Lightning+1","Infinite Blades","Sadistic Nature+1","Secret Weapon+1","Dramatic Entrance+1","Finesse+1","Thunderclap+1","Endless Agony+1","Iron Wave+1","Magnetism+1","MentalFortress+1","Well Laid Plans+1","Sword Boomerang+1","CrushJoints+1","Replay:Undeath\u0027s Touch+1","Cold Snap+1","BowlingBash+1","Footwork+1","Clash+1","Hidden Blade+1"],"relics":["HolyWater","HushsDoor","Orichalcum","MoneyPower","Thread and Needle","PreservedInsect","Smiling Mask","Incense Burner","PillsDrop","Toolbox","Molten Egg 2","White Beast Statue","Pet Ghost","Lee\u0027s Waffle","Golden Egg","GuppysHead","Regal Pillow","Frozen Eye","Calling Bell","Lantern","TuHaoJin","Unceasing Top","Oddly Smooth Stone","SalivaCoin","PrismaticShard","Art of War","Gremlin Food","StrikeDummy","Melange","ReplayFunnel","Replay:Rubber Ducky","GuppysTail","Dream Catcher","TheBean","ReplayTheSpireMod:ShopPack","AnarchistCookbook","Iron Hammer","Shuriken","Orrery"],"acts_visited":["Exordium","TheCity","TheBeyond"],"potions_floor_usage":[],"damage_taken":[{"damage":8,"enemies":"Jaw Worm","floor":1,"turns":4},{"damage":0,"enemies":"2 Louse","floor":2,"turns":1},{"damage":0,"enemies":"Replay:BlueRogue","floor":7,"turns":1},{"damage":0,"enemies":"Small Slimes","floor":12,"turns":1},{"damage":0,"enemies":"Gremlin Nob","floor":13,"turns":1},{"damage":0,"enemies":"Fading Forest","floor":16,"turns":1},{"damage":0,"enemies":"Spheric Guardian","floor":18,"turns":1},{"damage":0,"enemies":"Chosen","floor":20,"turns":1},{"damage":0,"enemies":"Sentry and Sphere","floor":22,"turns":1},{"damage":0,"enemies":"Gremlin Leader","floor":23,"turns":1},{"damage":0,"enemies":"Slavers","floor":28,"turns":1},{"damage":0,"enemies":"Centurion and Healer","floor":29,"turns":1},{"damage":0,"enemies":"Snecko","floor":30,"turns":1},{"damage":0,"enemies":"Snake Plant","floor":31,"turns":1},{"damage":0,"enemies":"Collector","floor":33,"turns":1},{"damage":0,"enemies":"3 Darklings","floor":35,"turns":1},{"damage":0,"enemies":"3 Shapes","floor":39,"turns":1},{"damage":0,"enemies":"Writhing Mass","floor":41,"turns":1},{"damage":0,"enemies":"Transient","floor":42,"turns":1},{"damage":0,"enemies":"Maw","floor":45,"turns":1},{"damage":0,"enemies":"Jaw Worm Horde","floor":46,"turns":1},{"damage":0,"enemies":"3 Darklings","floor":47,"turns":1},{"damage":0,"enemies":"4 Shapes","floor":50,"turns":1},{"damage":0,"enemies":"Donu and Deca","floor":52,"turns":1}],"seed_played":"3139049799437677939","potions_obtained":[{"floor":1,"key":"Elixir"}],"is_trial":false,"path_per_floor":["M","M","?","?","T","R","E","$","T","$","R","M","?","$","R_BF","B",null,"M","$","M","?","M","E","R","$","T","R","E","M","M","M","R","B",null,"M","?","?","$","M","R","M","M","T","$","M","M","M","PTL","PTL","M","R","B",null],"character_chosen":"WATCHER","items_purchased":["Incense Burner","PillsDrop","Toolbox","Adaptation","Secret Weapon","White Beast Statue","Pet Ghost","Lee\u0027s Waffle","Nirvana","Violence","Fire Potion","ColorlessPotion","GuppysHead","Regal Pillow","Frozen Eye","Oddly Smooth Stone","SalivaCoin","PrismaticShard","Gremlin Food","StrikeDummy","Melange","Wireheading","GuppysTail","Dream Catcher","TheBean","ReplayTheSpireMod:ShopPack","Sadistic Nature","Iron Hammer","Shuriken","Magnetism","MentalFortress","Orrery"],"campfire_rested":0,"item_purchase_floors":[8,8,8,8,8,10,10,10,10,10,10,10,14,14,14,19,19,19,25,25,25,25,34,38,38,38,38,44,44,44,44,44],"current_hp_per_floor":[64,64,64,64,64,64,64,64,64,79,79,79,79,79,79,79,74,74,74,74,74,74,74,74,74,74,74,74,69,69,69,69,69,59,59,59,59,59,59,59,59,59,59,59,54,54,57,57,57,57,57,57],"gold":95430,"neow_bonus":"RANDOM_COMMON_RELIC","is_daily":false,"chose_seed":false,"campfire_upgraded":8,"win_rate":0.0,"timestamp":1608896859,"path_taken":["M","M","?","?","?","R","E","$","T","$","R","M","?","$","R_BF","BOSS","M","$","M","?","M","E","R","$","T","R","E","M","M","M","R","BOSS","M","?","?","$","M","R","M","M","T","$","M","M","?","PTL","PTL","M","R","BOSS"],"items_purchased_type":["Relic","Relic","Relic","Card","Card","Relic","Relic","Relic","Card","Card","Potion","Potion","Relic","Relic","Relic","Relic","Relic","Relic","Relic","Relic","Relic","Card","Relic","Relic","Relic","Relic","Card","Relic","Relic","Card","Card","Relic"],"build_version":"2020-12-22","purchased_purges":8,"victory":true,"max_hp_per_floor":[72,72,72,72,72,72,72,72,72,79,79,79,79,79,79,79,74,74,74,74,74,74,74,74,74,74,74,74,69,69,69,69,69,59,59,59,59,59,59,59,59,59,59,59,54,54,57,57,57,57,57,57],"card_choices":[{"not_picked":[],"picked":"DoctorFetus","floor":0},{"not_picked":["FlurryOfBlows","Crescendo"],"picked":"Consecrate","floor":1},{"not_picked":["ReachHeaven","Tantrum"],"picked":"Scrawl","floor":2},{"not_picked":["Prostrate","Conclude","EmptyBody"],"picked":"SKIP","floor":7},{"not_picked":["EmptyMind","SignatureMove+1"],"picked":"CrushJoints+1","floor":12},{"not_picked":["Protect","WreathOfFlame"],"picked":"Consecrate+1","floor":13},{"not_picked":["Scrawl","Brilliance+1"],"picked":"MasterReality","floor":16},{"not_picked":["SignatureMove+1","WindmillStrike+1"],"picked":"FollowUp+1","floor":18},{"not_picked":["Perfected Strike+1","Sanctity+1","WaveOfTheHand+1"],"picked":"SKIP","floor":20},{"not_picked":["Armaments","Doom and Gloom+1"],"picked":"BettingIsNotGood","floor":22},{"not_picked":["Chrysalis","Searing Blow+1"],"picked":"Pommel Strike+1","floor":23},{"not_picked":["ReplayGash+1","Streamline+1","Heel Hook+1"],"picked":"SKIP","floor":28},{"not_picked":["Glass Knife+1","Protect"],"picked":"Cleave+1","floor":29},{"not_picked":["Chill","Combust+1"],"picked":"Capacitor+1","floor":30},{"not_picked":["Replay:Poison Smokescreen","Flying Knee+1"],"picked":"Thunderclap+1","floor":31},{"not_picked":["Shrug It Off+1","Clothesline+1"],"picked":"Ball Lightning+1","floor":35},{"not_picked":["Beam Cell+1","Replay:Undeath\u0027s Touch+1"],"picked":"Infinite Blades","floor":37},{"not_picked":["HandOfGreed","Transmutation"],"picked":"Secret Weapon","floor":38},{"not_picked":["Survey Options","Trip"],"picked":"Dramatic Entrance","floor":38},{"not_picked":["Trip","BloodyBrimstone"],"picked":"Finesse","floor":38},{"not_picked":["Draining Mist","Headbutt+1"],"picked":"Thunderclap+1","floor":39},{"not_picked":["JustLucky+1","Burning Pact"],"picked":"Endless Agony+1","floor":41},{"not_picked":["Streamline+1","Flex"],"picked":"Iron Wave+1","floor":42},{"not_picked":["ReplayRNGCard","ReplayTheSpireMod:Strike From Hell+1"],"picked":"Well Laid Plans+1","floor":44},{"not_picked":["Outmaneuver","Havoc+1"],"picked":"Sword Boomerang+1","floor":44},{"not_picked":["FlurryOfBlows+1","PathToVictory+1"],"picked":"CrushJoints+1","floor":44},{"not_picked":["Deadly Poison","True Grit"],"picked":"Replay:Undeath\u0027s Touch+1","floor":44},{"not_picked":["Replay:BluntJabs+1","Hidden Blade"],"picked":"Cold Snap+1","floor":44},{"not_picked":["Anger+1","Weave+1"],"picked":"BowlingBash+1","floor":45},{"not_picked":["Endless Agony+1","Warcry"],"picked":"Footwork+1","floor":46},{"not_picked":["Chill+1","ReplayTheSpireMod:GoodbyeWorld+1"],"picked":"Clash+1","floor":47},{"not_picked":["BasicCrystalCard","Blizzard+1"],"picked":"Hidden Blade","floor":50}],"player_experience":327209,"relics_obtained":[{"floor":5,"key":"PreservedInsect"},{"floor":7,"key":"Smiling Mask"},{"floor":9,"key":"Molten Egg 2"},{"floor":13,"key":"Golden Egg"},{"floor":17,"key":"Lantern"},{"floor":17,"key":"TuHaoJin"},{"floor":17,"key":"Unceasing Top"},{"floor":23,"key":"Art of War"},{"floor":26,"key":"ReplayFunnel"},{"floor":28,"key":"Replay:Rubber Ducky"},{"floor":43,"key":"AnarchistCookbook"}],"event_choices":[{"damage_healed":0,"gold_gain":0,"player_choice":"Box","damage_taken":0,"relics_obtained":["Thread and Needle"],"max_hp_gain":0,"max_hp_loss":0,"event_name":"Big Fish","floor":3,"gold_loss":0,"cards_obtained":["Regret"]},{"cards_removed":["Regret"],"damage_healed":0,"gold_gain":0,"player_choice":"Card Removal","damage_taken":0,"max_hp_gain":0,"max_hp_loss":0,"event_name":"The Cleric","floor":4,"gold_loss":50},{"damage_healed":0,"gold_gain":0,"player_choice":"Searched \u00271\u0027 times","damage_taken":0,"max_hp_gain":0,"max_hp_loss":0,"event_name":"Dead Adventurer","floor":13,"gold_loss":0},{"damage_healed":0,"gold_gain":0,"player_choice":"Read","damage_taken":0,"max_hp_gain":0,"max_hp_loss":0,"event_name":"The Library","floor":21,"gold_loss":0,"cards_obtained":["MentalFortress"]},{"damage_healed":0,"gold_gain":0,"player_choice":"Ignored","damage_taken":0,"max_hp_gain":0,"max_hp_loss":0,"event_name":"Tomb of Lord Red Mask","floor":36,"gold_loss":0}],"is_beta":false,"boss_relics":[{"not_picked":["Painkiller Herb","MagicMushroom"],"picked":"Calling Bell"},{"not_picked":[]},{"not_picked":["Astrolabe","Velvet Choker"],"picked":"HolyWater"},{"not_picked":[]}],"items_purged_floors":[8,10,14,17,19,25,38,44],"is_endless":false,"potions_floor_spawned":[1,12,13,16,18,20,22,23,29,30,31,33,35,39,41,42,45,46,47,50],"ascension_level":0}}