{"host":"d50bw6kybq14xu1u","time":1608875454,"event":{"mods":["BaseMod","Colored Map","Colored Powertips","Minty Spire (QoL Compilation)","Quick Restart"],"gold_per_floor":[114,126,136,136,136,167,185,185,185,221,221,221,221,221,221,341,641,659,659,311,334,3,41,41,41],"floor_reached":24,"playtime":587,"items_purged":["Regret"],"score":233,"play_id":"3db42769-157e-4974-8ef1-e69996740dca","local_time":"20201225135054","is_ascension_mode":true,"campfire_choices":[{"floor":8,"key":"REST"},{"floor":11,"key":"REST"},{"floor":15,"key":"REST"}],"circlet_count":0,"master_deck":["Strike_R","Strike_R","Strike_R","Strike_R","Strike_R","Defend_R","Defend_R+1","Defend_R+1","Defend_R","Bash","Blood for Blood","Armaments+1","Pummel","Rampage","Combust","Feed","CurseOfTheBell","Hemokinesis","Inflame"],"relics":["Burning Blood","NeowsBlessing","Juzu Bracelet","Golden Idol","Calipers","Gremlin Horn","Bag of Preparation","MealTicket","Calling Bell","Ancient Tea Set","Pantograph","Old Coin","PreservedInsect","Blood Vial","InkBottle","Bag of Marbles"],"acts_visited":["Exordium","TheCity"],"potions_floor_usage":[6,10,23],"damage_taken":[{"damage":0,"enemies":"Cultist","floor":1,"turns":1},{"damage":0,"enemies":"2 Louse","floor":2,"turns":1},{"damage":0,"enemies":"Jaw Worm","floor":3,"turns":1},{"damage":42,"enemies":"Lagavulin","floor":6,"turns":6},{"damage":20,"enemies":"Large Slime","floor":7,"turns":6},{"damage":35,"enemies":"Gremlin Nob","floor":10,"turns":5},{"damage":49,"enemies":"The Guardian","floor":16,"turns":9},{"damage":29,"enemies":"Chosen","floor":18,"turns":5},{"damage":17,"enemies":"3 Byrds","floor":21,"turns":4},{"damage":53,"enemies":"Slavers","floor":23,"turns":3},{"damage":47,"enemies":"Shelled Parasite and Fungi","floor":24,"turns":4}],"seed_played":"-6231589613960410036","potions_obtained":[{"floor":1,"key":"BloodPotion"},{"floor":2,"key":"AttackPotion"},{"floor":7,"key":"LiquidMemories"},{"floor":21,"key":"SteroidPotion"}],"is_trial":false,"path_per_floor":["M","M","M","?","?","E","M","R","T","E","R","?","?","T","R","B",null,"M","?","$","M","$","E","M"],"character_chosen":"IRONCLAD","items_purchased":["PreservedInsect","Swift Potion","Blood Vial","InkBottle"],"campfire_rested":3,"item_purchase_floors":[20,20,20,22],"current_hp_per_floor":[80,80,80,80,60,24,10,34,34,21,45,29,29,29,53,10,80,57,57,72,67,82,40,0,0],"gold":41,"neow_bonus":"THREE_ENEMY_KILL","is_daily":false,"chose_seed":false,"campfire_upgraded":0,"win_rate":0.0,"timestamp":1608875454,"path_taken":["M","M","?","?","?","E","M","R","T","E","R","?","?","?","R","BOSS","M","?","$","M","?","E","M"],"items_purchased_type":["Relic","Potion","Relic","Relic"],"build_version":"2020-12-22","purchased_purges":1,"victory":false,"max_hp_per_floor":[80,80,80,80,80,80,80,80,80,80,80,80,80,80,80,80,80,80,80,80,84,84,87,90,90],"card_choices":[{"not_picked":["Rampage","Second Wind"],"picked":"Blood for Blood","floor":1},{"not_picked":["Headbutt","Sword Boomerang"],"picked":"Armaments","floor":2},{"not_picked":["Armaments","Flex"],"picked":"Pummel","floor":3},{"not_picked":["Heavy Blade","Ghostly Armor"],"picked":"Rampage","floor":6},{"not_picked":["Dual Wield","Headbutt","Anger"],"picked":"SKIP","floor":7},{"not_picked":["True Grit","Entrench"],"picked":"Combust","floor":10},{"not_picked":["Immolate","Berserk"],"picked":"Feed","floor":16},{"not_picked":["Twin Strike","Clothesline"],"picked":"Hemokinesis","floor":18},{"not_picked":["Whirlwind","Seeing Red","Sentinel"],"picked":"SKIP","floor":21},{"not_picked":["Dark Embrace","Pommel Strike+1"],"picked":"Inflame","floor":23}],"player_experience":9388,"relics_obtained":[{"floor":6,"key":"Calipers"},{"floor":9,"key":"Gremlin Horn"},{"floor":10,"key":"Bag of Preparation"},{"floor":14,"key":"MealTicket"},{"floor":17,"key":"Ancient Tea Set"},{"floor":17,"key":"Pantograph"},{"floor":17,"key":"Old Coin"},{"floor":23,"key":"Bag of Marbles"}],"event_choices":[{"damage_healed":0,"gold_gain":0,"player_choice":"Box","damage_taken":0,"relics_obtained":["Juzu Bracelet"],"max_hp_gain":0,"max_hp_loss":0,"event_name":"Big Fish","floor":4,"gold_loss":0,"cards_obtained":["Regret"]},{"damage_healed":0,"gold_gain":0,"player_choice":"Take Damage","damage_taken":20,"relics_obtained":["Golden Idol"],"max_hp_gain":0,"max_hp_loss":0,"event_name":"Golden Idol","floor":5,"gold_loss":0},{"damage_healed":0,"gold_gain":0,"player_choice":"Entered Light","damage_taken":16,"max_hp_gain":0,"max_hp_loss":0,"event_name":"Shining Light","floor":12,"gold_loss":0,"cards_upgraded":["Defend_R","Defend_R"]},{"damage_healed":0,"gold_gain":0,"player_choice":"Grow","damage_taken":0,"max_hp_gain":0,"max_hp_loss":0,"event_name":"Living Wall","floor":13,"gold_loss":0,"cards_upgraded":["Armaments"]},{"damage_healed":0,"gold_gain":0,"player_choice":"Bought 0 Potions","damage_taken":0,"max_hp_gain":0,"max_hp_loss":0,"event_name":"The Woman in Blue","floor":19,"gold_loss":0}],"is_beta":false,"boss_relics":[{"not_picked":["Philosopher\u0027s Stone","Tiny House"],"picked":"Calling Bell"}],"items_purged_floors":[22],"is_endless":false,"potions_floor_spawned":[1,2,7,21],"killed_by":"Shelled Parasite and Fungi","ascension_level":1}}