{"host":"sdl5b0uiznq00owb","time":1608874171,"event":{"mods":["BaseMod","Minty Spire (QoL Compilation)","Permanent Neow","Relic Stats"],"gold_per_floor":[109,109,121,131,81,113,124,124,124,25,25,38,38,50,50,148,148,161,161,176,176,176,176,206,206,232,251,251,251],"floor_reached":28,"playtime":1980,"items_purged":["Strike_B"],"score":333,"play_id":"a175cc58-88a9-493a-ae4f-d32a5a09c6ca","local_time":"20201224232931","is_ascension_mode":true,"campfire_choices":[{"data":"Chaos","floor":8.0,"key":"SMITH"},{"data":"Coolheaded","floor":11.0,"key":"SMITH"},{"data":"Darkness","floor":15.0,"key":"SMITH"},{"floor":23.0,"key":"REST"},{"floor":25,"key":"REST"}],"circlet_count":0,"master_deck":["Strike_B","Strike_B","Defend_B","Defend_B","Defend_B","Defend_B","Zap","Dualcast","Glacier","Conserve Battery","Chaos+1","Coolheaded+1","Compile Driver","Ball Lightning","Darkness+1","Redo","Biased Cognition","Lockon","Necronomicurse","Genetic Algorithm","Sunder"],"relics":["Cracked Core","Vajra","Akabeko","Nuclear Battery","Necronomicon","Shuriken"],"acts_visited":["Exordium","TheCity"],"potions_floor_usage":[24,24,24,27],"damage_taken":[{"damage":1.0,"enemies":"Jaw Worm","floor":1.0,"turns":5.0},{"damage":3.0,"enemies":"Small Slimes","floor":3.0,"turns":4.0},{"damage":0.0,"enemies":"Cultist","floor":4.0,"turns":5.0},{"damage":20.0,"enemies":"Gremlin Nob","floor":6.0,"turns":4.0},{"damage":0.0,"enemies":"Red Slaver","floor":7.0,"turns":6.0},{"damage":0.0,"enemies":"Exordium Wildlife","floor":12.0,"turns":3.0},{"damage":0.0,"enemies":"2 Fungi Beasts","floor":14.0,"turns":3.0},{"damage":26.0,"enemies":"Slime Boss","floor":16.0,"turns":6.0},{"damage":0.0,"enemies":"Chosen","floor":18.0,"turns":4.0},{"damage":0.0,"enemies":"Spheric Guardian","floor":20.0,"turns":2.0},{"damage":26,"enemies":"Slavers","floor":24,"turns":5},{"damage":20,"enemies":"Chosen and Byrds","floor":27,"turns":6},{"damage":53,"enemies":"Gremlin Leader","floor":28,"turns":4}],"seed_played":"3747161582661856303","potions_obtained":[{"floor":3.0,"key":"AttackPotion"},{"floor":7.0,"key":"PowerPotion"},{"floor":14.0,"key":"AttackPotion"},{"floor":18.0,"key":"ColorlessPotion"},{"floor":20.0,"key":"Fruit Juice"},{"floor":24,"key":"AttackPotion"}],"is_trial":false,"path_per_floor":["M","?","M","M","?","E","M","R","T","$","R","M","$","M","R","B",null,"M","?","M","?","?","R","E","R","T","M","E"],"character_chosen":"DEFECT","items_purchased":["Ball Lightning"],"campfire_rested":2,"item_purchase_floors":[10],"current_hp_per_floor":[67,67,64,64,64,44,44,44,44,44,44,44,44,44,44,18,61,61,61,61,45,38,62,36,60,60,40,0,0],"gold":251,"neow_bonus":"THREE_CARDS","is_daily":false,"chose_seed":false,"campfire_upgraded":3,"win_rate":0.0,"timestamp":1608874171,"path_taken":["M","?","M","M","?","E","?","R","T","$","R","M","?","M","R","BOSS","M","?","M","?","?","R","E","R","T","M","E"],"items_purchased_type":["Card"],"build_version":"2020-12-22","purchased_purges":1,"victory":false,"max_hp_per_floor":[75,75,75,75,75,75,75,75,75,75,75,75,75,75,75,75,75,75,75,75,75,80,80,80,80,80,80,80,80],"relic_stats":{"counters":[13,57],"Shuriken":[1],"Necronomicon":[1],"obtain_stats":[{"Shuriken":24,"Vajra":6,"Necronomicon":21,"Cracked Core":0,"Akabeko":9,"Nuclear Battery":17},{"Shuriken":11,"Vajra":4,"Necronomicon":10,"Cracked Core":0,"Akabeko":5,"Nuclear Battery":8},{"Shuriken":47,"Vajra":18,"Necronomicon":42,"Cracked Core":0,"Akabeko":24,"Nuclear Battery":36}]},"card_choices":[{"not_picked":["Melter","Stack"],"picked":"Glacier","floor":0.0},{"not_picked":["Steam","Skim"],"picked":"Conserve Battery","floor":1.0},{"not_picked":["Stack","Static Discharge"],"picked":"Chaos","floor":3.0},{"not_picked":["Stack","Hologram","Beam Cell"],"picked":"SKIP","floor":4.0},{"not_picked":["Scrape","Sweeping Beam"],"picked":"Coolheaded","floor":6.0},{"not_picked":["Stack","Storm"],"picked":"Compile Driver","floor":7.0},{"not_picked":["Stack","Hyperbeam"],"picked":"Darkness","floor":12.0},{"not_picked":["Rip and Tear","Coolheaded"],"picked":"Redo","floor":14.0},{"not_picked":["Amplify","Thunder Strike"],"picked":"Biased Cognition","floor":16.0},{"not_picked":["Turbo+1","Streamline"],"picked":"Lockon","floor":18.0},{"not_picked":["Ball Lightning","Beam Cell","Scrape"],"picked":"SKIP","floor":20.0},{"not_picked":["Ball Lightning","Beam Cell","Scrape"],"picked":"SKIP","floor":20.0},{"not_picked":["Leap","Redo"],"picked":"Genetic Algorithm","floor":24},{"not_picked":["Hologram","Conserve Battery"],"picked":"Sunder","floor":27}],"player_experience":693412,"relics_obtained":[{"floor":6.0,"key":"Vajra"},{"floor":9.0,"key":"Akabeko"},{"floor":21.0,"key":"Necronomicon"},{"floor":24,"key":"Shuriken"}],"event_choices":[{"damage_healed":0.0,"max_hp_gain":0.0,"max_hp_loss":0.0,"gold_gain":0.0,"event_name":"Liars Game","player_choice":"Ignored","floor":2.0,"gold_loss":0.0,"damage_taken":0.0},{"cards_removed":["Strike_B"],"damage_healed":0.0,"max_hp_gain":0.0,"max_hp_loss":0.0,"gold_gain":0.0,"event_name":"The Cleric","player_choice":"Card Removal","floor":5.0,"gold_loss":50.0,"damage_taken":0.0},{"damage_healed":0.0,"max_hp_gain":0.0,"max_hp_loss":0.0,"gold_gain":0.0,"event_name":"Vampires","player_choice":"Ignored","floor":19.0,"gold_loss":0.0,"damage_taken":0.0},{"damage_healed":0.0,"max_hp_gain":0.0,"max_hp_loss":0.0,"gold_gain":0.0,"event_name":"Cursed Tome","player_choice":"Obtained Book","floor":21.0,"gold_loss":0.0,"damage_taken":16.0},{"damage_healed":0.0,"max_hp_gain":0.0,"max_hp_loss":0.0,"gold_gain":0.0,"event_name":"Knowing Skull","player_choice":"POTION ","floor":22.0,"potions_obtained":["PowerPotion"],"gold_loss":0.0,"damage_taken":12.0,"cards_obtained":[]}],"is_beta":false,"boss_relics":[{"not_picked":["Calling Bell","Ectoplasm"],"picked":"Nuclear Battery"}],"items_purged_floors":[10],"is_endless":false,"potions_floor_spawned":[3,7,14,18,20,24],"killed_by":"Gremlin Leader","ascension_level":8}}