{"host":"l8lkgdumzpe3823a","time":1608907593,"event":{"mods":["Always Whale","Aspiration","BaseMod","Better Note","Clockwork Mod","Colored Powertips","Curses Come First","Custom Start","DeckTracker","Defuse TimeMaze Blight","Highlight Path","Hubris","Infinite Spire","Minty Spire (QoL Compilation)","Quick Restart","Replay The Spire","Shop Mod","StSLib","SuperFastMode","The Construct","The Dragon Tamer","vexMod"],"gold_per_floor":[112,12,12,12,12,12,45,7,7,26,26,42,75,87,87,187,187,207,207,207,107,22,22,32,32,57,72,72,83,83,0,0,101,101,101,101],"floor_reached":35,"playtime":1050,"items_purged":["Defend_R","Shame"],"score":859,"play_id":"a1159b88-501a-4476-8e09-9b70748efce8","local_time":"20201225084633","is_ascension_mode":true,"campfire_choices":[{"data":"Shrug It Off","floor":6.0,"key":"SMITH"},{"data":"Fire Breathing","floor":15.0,"key":"SMITH"},{"data":"ReplayReversal","floor":23.0,"key":"SMITH"},{"data":"Offering","floor":25.0,"key":"SMITH"},{"data":"Shrug It Off","floor":28.0,"key":"SMITH"},{"data":"Spot Weakness","floor":30,"key":"SMITH"},{"data":"Pommel Strike","floor":32,"key":"SMITH"}],"circlet_count":0,"master_deck":["Strike_R","Strike_R","Strike_R","Strike_R","Strike_R","Defend_R","Defend_R","Defend_R","Bash","Clash","Shrug It Off+1","Pommel Strike+1","Fire Breathing+1","Shrug It Off+1","ReplayReversal+1","Offering+1","Spot Weakness+1"],"relics":["Burning Blood","NeowsBlessing","hubris:Reverence","hubris:ChampionShield","Ancient Tea Set","hubris:MedicalManual","Singing Bowl","Black Star","Garlic","Replay:Mystery Machine","infinitespire:EvilPickle","SacredBark"],"acts_visited":["Exordium","TheCity","TheBeyond"],"potions_floor_usage":[33,35],"damage_taken":[{"damage":0.0,"enemies":"Small Slimes","floor":1.0,"turns":1.0},{"damage":0.0,"enemies":"3 Sentries","floor":7.0,"turns":2.0},{"damage":0.0,"enemies":"2 Louse","floor":10.0,"turns":1.0},{"damage":1.0,"enemies":"Jaw Worm","floor":12.0,"turns":2.0},{"damage":52.0,"enemies":"Gremlin Nob","floor":13.0,"turns":5.0},{"damage":16.0,"enemies":"3 Louse","floor":14.0,"turns":4.0},{"damage":32.0,"enemies":"Hexaghost","floor":16.0,"turns":13.0},{"damage":32.0,"enemies":"Spheric Guardian","floor":18.0,"turns":7.0},{"damage":7.0,"enemies":"Shell Parasite","floor":24.0,"turns":6.0},{"damage":6.0,"enemies":"Cultist and Chosen","floor":27.0,"turns":7.0},{"damage":20,"enemies":"Chosen and Byrds","floor":29,"turns":9},{"damage":29,"enemies":"Pondfish","floor":33,"turns":12},{"damage":78,"enemies":"3 Darklings","floor":35,"turns":7}],"seed_played":"-4672970986154052303","potions_obtained":[{"floor":10.0,"key":"BloodPotion"},{"floor":12.0,"key":"Strength Potion"},{"floor":16.0,"key":"Venom Potion"},{"floor":27.0,"key":"LiquidMemories"}],"is_trial":false,"path_per_floor":["M","$","?","$","?","R","E","$","T","M","?","M","E","M","R","B",null,"M","?","?","$","?","R","M","R","T","M","R","M","R","?","R","B",null,"M"],"character_chosen":"IRONCLAD","items_purchased":["Shrug It Off","Fire Breathing"],"campfire_rested":0,"item_purchase_floors":[2,8],"current_hp_per_floor":[78,78,78,78,71,71,77,77,77,80,80,80,36,28,28,18,68,44,44,44,44,44,44,45,45,45,47,47,33,33,33,33,12,72,0,0],"gold":101,"neow_bonus":"THREE_ENEMY_KILL","is_daily":false,"chose_seed":false,"campfire_upgraded":7,"win_rate":0.0,"timestamp":1608907593,"path_taken":["M","$","?","$","?","R","E","?","T","M","?","M","E","?","R","BOSS","M","?","?","$","?","R","M","R","T","M","R","M","R","?","R","BOSS","M"],"items_purchased_type":["Card","Card"],"build_version":"2020-12-22","purchased_purges":2,"victory":false,"max_hp_per_floor":[80,80,80,80,80,80,80,80,80,80,80,80,82,84,84,84,84,86,86,86,86,86,86,88,88,88,90,90,90,90,90,90,92,92,92,92],"card_choices":[{"not_picked":["Ghostly Armor","Uppercut"],"picked":"Clash","floor":1.0},{"not_picked":["Burning Pact","Seeing Red"],"picked":"Pommel Strike","floor":7.0},{"not_picked":["Blood for Blood","Sword Boomerang"],"picked":"Shrug It Off","floor":10.0},{"not_picked":["Warcry","Iron Wave"],"picked":"ReplayReversal","floor":12.0},{"not_picked":["Anger","ReplayTheSpireMod:Strike From Hell","Searing Blow"],"picked":"SKIP","floor":13.0},{"not_picked":["Anger","ReplayTheSpireMod:Strike From Hell","Searing Blow"],"picked":"Singing Bowl","floor":13.0},{"not_picked":["Ghostly Armor","Cleave","Headbutt"],"picked":"Singing Bowl","floor":14.0},{"not_picked":["Reaper","Eclipse"],"picked":"Offering","floor":16.0},{"not_picked":["ReplayReversal+1","Body Slam","Iron Wave"],"picked":"Singing Bowl","floor":18.0},{"not_picked":["Rampage+1","Warcry","Twin Strike"],"picked":"Singing Bowl","floor":24.0},{"not_picked":["Replay:Undeath\u0027s Touch+1","Rupture","Thunderclap"],"picked":"Singing Bowl","floor":27.0},{"not_picked":["Infernal Blade","Anger"],"picked":"Spot Weakness","floor":29},{"not_picked":["Limit Break","Bludgeon","hubris:StunningStrike"],"picked":"Singing Bowl","floor":33}],"player_experience":624631,"relics_obtained":[{"floor":7.0,"key":"Ancient Tea Set"},{"floor":9.0,"key":"hubris:MedicalManual"},{"floor":13.0,"key":"Singing Bowl"},{"floor":26.0,"key":"Replay:Mystery Machine"}],"event_choices":[{"damage_healed":0.0,"max_hp_gain":0.0,"max_hp_loss":0.0,"gold_gain":0.0,"event_name":"Big Fish","player_choice":"Box","floor":3.0,"gold_loss":0.0,"damage_taken":0.0,"relics_obtained":["hubris:Reverence"],"cards_obtained":["Regret"]},{"damage_healed":0.0,"max_hp_gain":0.0,"max_hp_loss":0.0,"gold_gain":0.0,"event_name":"Scrap Ooze","player_choice":"Success","floor":5.0,"gold_loss":0.0,"damage_taken":7.0,"relics_obtained":["hubris:ChampionShield"]},{"cards_removed":["Regret"],"damage_healed":0.0,"max_hp_gain":0.0,"max_hp_loss":0.0,"gold_gain":0.0,"event_name":"Purifier","player_choice":"Purged","floor":11.0,"gold_loss":0.0,"damage_taken":0.0},{"damage_healed":0.0,"max_hp_gain":0.0,"max_hp_loss":0.0,"gold_gain":0.0,"event_name":"Addict","player_choice":"Obtained Relic","floor":22.0,"gold_loss":85.0,"damage_taken":0.0,"relics_obtained":["Garlic"]},{"damage_healed":0,"gold_gain":0,"player_choice":"Paid Fearfully","damage_taken":0,"max_hp_gain":0,"max_hp_loss":0,"event_name":"Masked Bandits","floor":31,"gold_loss":83}],"is_beta":false,"boss_relics":[{"not_picked":["infinitespire:Cupcake","Snecko Heart"],"picked":"Black Star"},{"not_picked":["aspiration:SilentSkillbook","aspiration:RunicSpoon"],"picked":"SacredBark"}],"items_purged_floors":[2,21],"is_endless":false,"potions_floor_spawned":[10,12,16,27],"killed_by":"3 Darklings","ascension_level":7}}