{"host":"cjmwurvrz00ml9vd","time":1608921075,"event":{"mods":["2.2 Compatiblity","AchievementEnabler","Act Like it!","Aspiration","BaseMod","Beaked The Cultist","Better Third Choice","BetterRewards","Colored Powertips","Conspire","Downfall","Hermit","Hubris","Infinite Spire","Marisa????????","Marked Mod","Minty Spire (QoL Compilation)","Robot Space Explorer","StSLib","The Blackbeard","The Cursed","The Disciple","The Jungle","The Necromancer","The Servant 0.9.4","TheFirefly"],"gold_per_floor":[118,118,130,149,29,57,57,71,71,82,116,116,132,132,132,227,227,237,112,125,125,125,152,152,184,210,210,137,156,170,170,170,269,269,283,298,298,353,363,395,422,422,447,447,459,78,104,131,131,131,131],"floor_reached":50,"playtime":1881,"items_purged":["Defend_MRS"],"score":650,"play_id":"8301318d-0a35-4360-b2b0-c7876b6481f4","local_time":"20201225193114","is_ascension_mode":true,"campfire_choices":[{"floor":7,"key":"REST"},{"data":"MilkyWay","floor":15,"key":"SMITH"},{"floor":24,"key":"REST"},{"data":"Occultation","floor":27,"key":"SMITH"},{"data":"NonDirectionalLaser","floor":32,"key":"SMITH"},{"floor":42,"key":"REST"},{"floor":49,"key":"REST"}],"circlet_count":0,"master_deck":["hubris:Fate+1","Strike_MRS","Strike_MRS","Strike_MRS","Strike_MRS","Defend_MRS","Defend_MRS","Defend_MRS","MasterSpark","UpSweep","FinalSpark+1","MilkyWay+1","NonDirectionalLaser+1","DoubleSpark","CasketOfStar","Occultation+1","Strike_from_Beyond"],"relics":["MiniHakkero","Bottled Lightning","aspiration:SeaSaltIceCream","Membership Card","Shuriken","Strawberry","hubris:DisguiseKit","Potion Belt","RampagingMagicTools","Mummified Hand","Ninja Scroll","CaptainsWheel","hubris:CrystalStatue","Boot","infinitespire:PuzzleCube","Peace Pipe","aspiration:Lifesprig","hubris:BottledRain","Smiling Mask","CeramicFish","hubris:SlimyHat","Frozen Eye","Calipers","conspire:TopHat"],"acts_visited":["Exordium","Exordium","TheBeyond"],"potions_floor_usage":[6,11,20,21,23,23,35,35,35,35,38,38,40,40,41,44,47,50,50],"damage_taken":[{"damage":0,"enemies":"Cultist","floor":1,"turns":1},{"damage":6,"enemies":"2 Louse","floor":3,"turns":2},{"damage":7,"enemies":"Small Slimes","floor":4,"turns":2},{"damage":0,"enemies":"Gremlin Nob","floor":6,"turns":2},{"damage":1,"enemies":"Red Slaver","floor":8,"turns":2},{"damage":6,"enemies":"Lots of Slimes","floor":10,"turns":2},{"damage":0,"enemies":"3 Sentries","floor":11,"turns":4},{"damage":11,"enemies":"2 Fungi Beasts","floor":13,"turns":3},{"damage":0,"enemies":"Hexaghost","floor":16,"turns":1},{"damage":2,"enemies":"theJungle:MUSHROOMGANG","floor":18,"turns":3},{"damage":5,"enemies":"Shell Parasite","floor":20,"turns":3},{"damage":36,"enemies":"JungleHuntersEvent","floor":21,"turns":5},{"damage":20,"enemies":"theJungle:Cassacara","floor":23,"turns":4},{"damage":0,"enemies":"theJungle:MamaSnecko","floor":25,"turns":4},{"damage":0,"enemies":"theJungle:2_Snecko_Cultists","floor":29,"turns":3},{"damage":0,"enemies":"theJungle:SlimyTreeVines","floor":30,"turns":2},{"damage":0,"enemies":"theJungle:QueenSpyder","floor":33,"turns":1},{"damage":2,"enemies":"3 Darklings","floor":35,"turns":3},{"damage":0,"enemies":"Orb Walker","floor":36,"turns":1},{"damage":21,"enemies":"2 Orb Walkers","floor":38,"turns":4},{"damage":0,"enemies":"Transient","floor":39,"turns":5},{"damage":25,"enemies":"beaked:SuperParasite","floor":40,"turns":7},{"damage":16,"enemies":"conspire:MimicChest","floor":41,"turns":3},{"damage":0,"enemies":"4 Shapes","floor":44,"turns":1},{"damage":3,"enemies":"3 Darklings","floor":45,"turns":2},{"damage":26,"enemies":"Nemesis","floor":47,"turns":3},{"damage":81,"enemies":"conspire:OrnateMirror","floor":50,"turns":2}],"seed_played":"889475644497255137","potions_obtained":[{"floor":4,"key":"EntropicBrew"},{"floor":8,"key":"FearPotion"},{"floor":10,"key":"Fire Potion"},{"floor":13,"key":"Weak Potion"},{"floor":18,"key":"Strength Potion"},{"floor":21,"key":"ColorlessPotion"},{"floor":29,"key":"Energy Potion"},{"floor":33,"key":"SpeedPotion"},{"floor":39,"key":"GamblersBrew"},{"floor":40,"key":"Block Potion"}],"is_trial":false,"path_per_floor":["M","?","M","M","$","E","R","M","T","M","E","?","M","?","R","B",null,"M","$","M","?","?","E","R","E","T","R","$","M","M","?","R","B",null,"M","M","?","?","M","E","?","R","T","M","M","$","E","T","R","B"],"character_chosen":"MARISA","items_purchased":["FinalSpark","MilkyWay","Bottled Lightning","aspiration:SeaSaltIceCream","NonDirectionalLaser","ColorlessPotion","Shuriken","Mummified Hand","infinitespire:PuzzleCube","CeramicFish","hubris:SlimyHat","Frozen Eye","DistilledChaos","hexamod:EctoCoolerPotion","SteroidPotion"],"campfire_rested":4,"item_purchase_floors":[0,0,0,0,0,0,5,19,28,46,46,46,46,46,46],"current_hp_per_floor":[27,27,36,29,29,36,60,59,59,53,53,61,65,57,57,57,76,74,74,69,33,33,28,52,52,52,52,52,52,52,52,52,52,75,73,73,73,52,52,27,11,35,35,50,47,47,36,36,60,0,0],"gold":131,"neow_bonus":"","is_daily":false,"chose_seed":false,"campfire_upgraded":3,"win_rate":0.0,"timestamp":1608921074,"path_taken":["M","?","M","M","$","E","R","M","T","M","E","?","M","?","R","BOSS","M","?","?","?","?","E","R","E","T","R","$","M","M","?","R","BOSS","M","M","?","?","M","E","?","R","T","M","?","$","E","?","R","BOSS"],"items_purchased_type":["Card","Card","Relic","Relic","Card","Potion","Relic","Relic","Relic","Relic","Relic","Relic","Potion","Potion","Potion"],"build_version":"2020-12-22","purchased_purges":1,"victory":false,"max_hp_per_floor":[75,75,75,75,75,82,82,82,82,82,82,82,82,82,82,82,82,82,82,82,82,82,82,82,82,82,82,82,82,82,82,82,82,82,82,82,82,82,82,82,82,82,82,82,82,82,82,82,82,82,82],"card_choices":[{"not_picked":["MysteriousBeam","GalacticHalo","AsteroidBelt"],"picked":"SKIP","floor":1},{"not_picked":["DarkMatter","GrandCross","SporeBomb"],"picked":"SKIP","floor":3},{"not_picked":["AlicesGift","GasGiant"],"picked":"DoubleSpark","floor":4},{"not_picked":["EnergyFlow","GasGiant","Occultation"],"picked":"SKIP","floor":6},{"not_picked":["BigCrunch","LuminesStrike","DragonMeteor"],"picked":"SKIP","floor":8},{"not_picked":["GalacticHalo","EnergyRecoil","WitchOfGreed","Corrupt"],"picked":"SKIP","floor":10},{"not_picked":["Singularity","MeteoricShower","AsteroidBelt","Blood_Is_Power"],"picked":"SKIP","floor":11},{"not_picked":["SporeBomb","Singularity","DeepEcoloBomb","Consume_Illness"],"picked":"SKIP","floor":13},{"not_picked":["MillisecondPulsars","BinaryStars","Grasp_Heart"],"picked":"CasketOfStar","floor":16},{"not_picked":["PowerUp+1","GravityBeat+1","Bone_Bullets"],"picked":"Occultation","floor":18},{"not_picked":["SporeBomb","WitchOfGreed+1","ShootingEcho+1","Shackles_Of_Pain"],"picked":"SKIP","floor":20},{"not_picked":["OrrerysSun","MillisecondPulsars","6A+1","Bone_Shift"],"picked":"SKIP","floor":23},{"not_picked":["GrandCross","OneTimeOff","CollectingQuirk","Death_March_Dance"],"picked":"SKIP","floor":25},{"not_picked":["StarBarrage","NonDirectionalLaser","PropBag+1","Bone_Spikes"],"picked":"SKIP","floor":29},{"not_picked":["WitchLeyline","EnergyRecoil","DC","Bones_to_Steel"],"picked":"SKIP","floor":30},{"not_picked":["DoubleSpark","UnstableBomb+1","GravityBeat","Blood_Curse"],"picked":"SKIP","floor":35},{"not_picked":["PowerUp","WitchLeyline+1","EnergyRecoil+1","Death_Coil"],"picked":"SKIP","floor":36},{"not_picked":["DoubleSpark+1","WitchOfGreed","GravityBeat"],"picked":"Strike_from_Beyond","floor":39},{"not_picked":["MysteriousBeam+1","GravityBeat+1","SatelliteIllusion","Negative_Energy_Sphere"],"picked":"SKIP","floor":40},{"not_picked":["GravityBeat","FairyDestructionRay","DC+1","Bone_Spikes"],"picked":"SKIP","floor":45},{"not_picked":["AlicesGift","StarlightTyphoon+1","WitchOfGreed","Vampiric_Strike"],"picked":"SKIP","floor":47}],"player_experience":639530,"relics_obtained":[{"floor":6,"key":"Strawberry"},{"floor":9,"key":"hubris:DisguiseKit"},{"floor":11,"key":"Potion Belt"},{"floor":21,"key":"Ninja Scroll"},{"floor":23,"key":"CaptainsWheel"},{"floor":25,"key":"hubris:CrystalStatue"},{"floor":26,"key":"Boot"},{"floor":38,"key":"Peace Pipe"},{"floor":40,"key":"aspiration:Lifesprig"},{"floor":41,"key":"hubris:BottledRain"},{"floor":43,"key":"Smiling Mask"},{"floor":47,"key":"Calipers"},{"floor":48,"key":"conspire:TopHat"}],"event_choices":[{"damage_healed":0,"gold_gain":0,"player_choice":"Damaged","damage_taken":8,"max_hp_gain":0,"max_hp_loss":0,"event_name":"Wheel of Change","floor":14,"gold_loss":0},{"damage_healed":0,"gold_gain":0,"player_choice":"Leave","damage_taken":0,"max_hp_gain":0,"max_hp_loss":0,"event_name":"conspire:Investor","floor":22,"gold_loss":0},{"damage_healed":0,"gold_gain":0,"player_choice":"Ignored","damage_taken":0,"max_hp_gain":0,"max_hp_loss":0,"event_name":"Tomb of Lord Red Mask","floor":37,"gold_loss":0},{"damage_healed":0,"gold_gain":0,"player_choice":"Fight","damage_taken":0,"max_hp_gain":0,"max_hp_loss":0,"event_name":"Mysterious Sphere","floor":38,"gold_loss":0}],"is_beta":false,"boss_relics":[{"not_picked":["hubris:CrackedHourglass","conspire:RoyalGoblet"],"picked":"RampagingMagicTools"},{"not_picked":["hubris:VirtuousBlindfold","Fusion Hammer","Busted Crown"]}],"items_purged_floors":[46],"is_endless":false,"potions_floor_spawned":[4,8,10,13,18,21,29,33,39,40,44],"killed_by":"conspire:OrnateMirror","ascension_level":6}}