{"host":"9jbduwjxg0e72hbg","time":1608868971,"event":{"mods":["AchievementEnabler","Act Like it!","Aspiration","BaseMod","Better Match","Better Skull","Better Third Choice","BetterRewards","CCEM","Conspire","Downfall","Elementarium","Energized Spire","Gensokyo","GifTheSpireLib","Gold Saver","GungeonMod","Hallownest","Hubris","Infinite Spire","Jedi Mod","Marisa????????","Menagerie","Minty Spire (QoL Compilation)","Pale of the Ancients","Relic Sorter","Replay The Spire","SCP261 Mod","Shop Mod","Spicy Shops","Spikes Relics","SpireExporter+","StSLib","Stuff the Spire","The Animator","The Blue Laboratory","The Gatherer","Trackpad","Wandering Minibosses","vexMod"],"gold_per_floor":[99,99,770,770,495,745,745,745],"floor_reached":6,"playtime":544,"items_purged":[],"score":57,"play_id":"c9032e9b-53f7-4c4c-8652-aa74aede756e","local_time":"20201224200251","is_ascension_mode":true,"campfire_choices":[{"floor":1,"key":"RECALL"}],"circlet_count":0,"master_deck":["hexamod:Float","animator:Boros+1","hexamod:ExtraCrispy+1","hexamod:Firestarter","hexamod:BurningTouch+1","hexamod:SpectersWail","hexamod:SixthSeal","hexamod:FifthSeal","LessonLearned+1","hexamod:HeatCrush","hexamod:RadiantFlame"],"relics":["hexamod:SpiritBrand","DemoMod:LamentConfigurum","DemoMod:LamentConfigurum","ReplayTheSpireMod:Ring of Challenge","downfall:HeartsMalice","ReplayTheSpireMod:Ring of Collecting","Ring of Chaos","Mummified Hand","Singing Bowl","Gensokyo:PortableGap","Replay:Baseball","ReplayTheSpireMod:TigerMarble","aspiration:TomeofQuesting","conspire:InfiniteJournal","vexMod:PaidLearning"],"acts_visited":["Exordium"],"potions_floor_usage":[6],"damage_taken":[{"damage":0,"enemies":"downfall:FleeingMerchant","floor":3,"turns":1},{"damage":0,"enemies":"Jaw Worm","floor":4,"turns":1},{"damage":0,"enemies":"downfall:FleeingMerchant","floor":5,"turns":1},{"damage":67,"enemies":"3 Sentries","floor":6,"turns":4}],"seed_played":"100077878417724217","potions_obtained":[],"is_trial":false,"path_per_floor":["R","?","$","M","$","E"],"character_chosen":"THE_SPIRIT","items_purchased":["Replay:Baseball","hexamod:Firestarter","ReplayTheSpireMod:TigerMarble","hexamod:BurningTouch","hexamod:RadiantFlame","blueLaboratory:FruitPunch","vexMod:PaidLearning"],"campfire_rested":0,"item_purchase_floors":[3,3,3,3,5,5,5],"current_hp_per_floor":[70,67,67,67,64,0,0,0],"gold":745,"neow_bonus":"THREE_ENEMY_KILL","is_daily":false,"chose_seed":false,"campfire_upgraded":0,"win_rate":0.0,"timestamp":1608868971,"path_taken":["R","?","$","?","?","E"],"items_purchased_type":["Relic","Card","Relic","Card","Card","Potion","Relic"],"build_version":"2020-12-22","purchased_purges":0,"victory":false,"max_hp_per_floor":[70,67,67,67,64,66,66,66],"card_choices":[{"not_picked":["hexamod:HauntingEcho","hexamod:GhostOfSpireFuture"],"picked":"hexamod:ExtraCrispy","floor":3},{"not_picked":["hexamod:GhostShield","hexamod:BurningTouch"],"picked":"hexamod:SpectersWail","floor":4},{"not_picked":["hexamod:TurnItUp","hexamod:TimeWarp"],"picked":"hexamod:HeatCrush","floor":5}],"player_experience":877765,"relics_obtained":[],"event_choices":[{"cards_removed":["hexamod:Defend"],"damage_healed":0,"gold_gain":0,"player_choice":"Purged","damage_taken":0,"max_hp_gain":0,"max_hp_loss":0,"event_name":"Purifier","floor":2,"gold_loss":0}],"is_beta":false,"boss_relics":[],"items_purged_floors":[],"is_endless":false,"potions_floor_spawned":[],"killed_by":"3 Sentries","ascension_level":1}}