{"host":"zzf13dk0jcen0ncv","time":1608885653,"event":{"mods":["AchievementEnabler","BaseMod","BetterRewards","Colored Map","Keyboard Shortcuts","Minty Spire (QoL Compilation)","Quick Restart","Shop Mod","StSLib","SuperFastMode","Waifu the Spire"],"gold_per_floor":[128,91,101,143,143,206,206,242,242,269,269,52,80,30,30,116,116,139,139,159,198,209,209,234,234,283,344,7,7,30,80,80,166,166,201,244,605,97,97,97,97,139,185,232,276,276,301,10,10,10,10,10,10,10,51,51],"floor_reached":57,"playtime":2373,"items_purged":["Strike_G","Strike_G","Strike_G","Strike_G","Strike_G"],"score":4053,"play_id":"69418f11-1594-420e-9b78-22b8a023d0f8","local_time":"20201225174053","is_ascension_mode":true,"campfire_choices":[{"data":"Adrenaline","floor":7.0,"key":"SMITH"},{"data":"Enlightenment","floor":15.0,"key":"SMITH"},{"data":"Berserk","floor":23.0,"key":"SMITH"},{"data":"Jack Of All Trades","floor":25.0,"key":"SMITH"},{"data":"Buffer","floor":29.0,"key":"SMITH"},{"data":"Magnetism","floor":32.0,"key":"SMITH"},{"data":"Juggernaut","floor":40.0,"key":"SMITH"},{"data":"Catalyst","floor":46.0,"key":"SMITH"},{"floor":49.0,"key":"RECALL"},{"data":"Panacea","floor":53.0,"key":"SMITH"}],"circlet_count":0,"master_deck":["AscendersBane","Defend_G","Defend_G","Defend_G","Defend_G","Defend_G","Survivor","Neutralize","Accuracy","Predator","Bandage Up","Mayhem","HandOfGreed","Dark Shackles","Noxious Fumes","Distraction","Backflip","Choke","Night Terror","Crippling Poison","Panacea+1","Noxious Fumes","Bouncing Flask","Mayhem","Finesse","Footwork","Leg Sweep","Outmaneuver","Footwork","Envenom","Catalyst+1","Sadistic Nature","Skewer","Acrobatics","Battle Trance","Enlightenment+1","Bloodletting","Adrenaline+1","Escape Plan","Capacitor","Backflip","Footwork","Berserk+1","Double Energy","Reinforced Body","Jack Of All Trades+1","Buffer+1","Prepared+1","PiercingWail+1","Magnetism+1","Infinite Blades","Juggernaut+1","Glacier+1","Acrobatics+1","Sadistic Nature+1","Tools of the Trade+1","Burst+1","Outmaneuver+1","Establishment+1","Infinite Blades+1","Seeing Red+1","Footwork+1","Outmaneuver+1","Distraction+1","Recycle+1"],"relics":["Ring of the Snake","Membership Card","CeramicFish","Sundial","Akabeko","StoneCalendar","Oddly Smooth Stone","Ornamental Fan","Orrery","TheAbacus","Blood Vial","Orichalcum","PrismaticShard","Anchor","Matryoshka","Chemical X","Mummified Hand","Gambling Chip","Regal Pillow","White Beast Statue","Tingsha","Letter Opener","TwistedFunnel","Vajra","Runic Pyramid","Omamori","Dream Catcher","Tiny Chest","Toxic Egg 2","Ninja Scroll","Sling","Black Star","Old Coin","Frozen Egg 2","ClockworkSouvenir","Strawberry","Darkstone Periapt","Blue Candle","Centennial Puzzle","Toy Ornithopter","Bag of Marbles","Calipers","Shuriken","Lantern","Gremlin Horn","Eternal Feather"],"acts_visited":["Exordium","TheCity","TheBeyond","TheEnding"],"potions_floor_usage":[56],"damage_taken":[{"damage":0.0,"enemies":"2 Louse","floor":1.0,"turns":2.0},{"damage":2.0,"enemies":"Jaw Worm","floor":3.0,"turns":3.0},{"damage":0.0,"enemies":"Small Slimes","floor":4.0,"turns":2.0},{"damage":12.0,"enemies":"3 Sentries","floor":6.0,"turns":6.0},{"damage":6.0,"enemies":"Lagavulin","floor":8.0,"turns":3.0},{"damage":0.0,"enemies":"Exordium Thugs","floor":10.0,"turns":1.0},{"damage":0.0,"enemies":"Gremlin Nob","floor":13.0,"turns":1.0},{"damage":4.0,"enemies":"The Guardian","floor":16.0,"turns":5.0},{"damage":8.0,"enemies":"2 Thieves","floor":18.0,"turns":2.0},{"damage":0.0,"enemies":"Shell Parasite","floor":20.0,"turns":2.0},{"damage":3.0,"enemies":"Sentry and Sphere","floor":21.0,"turns":4.0},{"damage":0.0,"enemies":"3 Cultists","floor":22.0,"turns":4.0},{"damage":3.0,"enemies":"Slavers","floor":24.0,"turns":2.0},{"damage":9.0,"enemies":"Gremlin Leader","floor":27.0,"turns":4.0},{"damage":3.0,"enemies":"Centurion and Healer","floor":30.0,"turns":1.0},{"damage":0.0,"enemies":"Collector","floor":33.0,"turns":6.0},{"damage":0.0,"enemies":"Orb Walker","floor":35.0,"turns":2.0},{"damage":0.0,"enemies":"3 Shapes","floor":36.0,"turns":3.0},{"damage":0.0,"enemies":"2 Orb Walkers","floor":37.0,"turns":3.0},{"damage":0.0,"enemies":"Nemesis","floor":42.0,"turns":3.0},{"damage":5.0,"enemies":"Jaw Worm Horde","floor":44.0,"turns":4.0},{"damage":0.0,"enemies":"Giant Head","floor":45.0,"turns":5.0},{"damage":0.0,"enemies":"Mind Bloom Boss Battle","floor":47.0,"turns":5.0},{"damage":1.0,"enemies":"Donu and Deca","floor":50.0,"turns":5.0},{"damage":21.0,"enemies":"Time Eater","floor":51.0,"turns":9.0},{"damage":0.0,"enemies":"Shield and Spear","floor":55.0,"turns":3.0},{"damage":49,"enemies":"The Heart","floor":56,"turns":11}],"seed_played":"-634407607375608709","potions_obtained":[{"floor":4.0,"key":"PowerPotion"},{"floor":6.0,"key":"Swift Potion"},{"floor":10.0,"key":"LiquidBronze"},{"floor":13.0,"key":"AttackPotion"},{"floor":18.0,"key":"PowerPotion"},{"floor":20.0,"key":"Fruit Juice"},{"floor":21.0,"key":"Regen Potion"},{"floor":27.0,"key":"Dexterity Potion"},{"floor":30.0,"key":"PowerPotion"},{"floor":35.0,"key":"PowerPotion"},{"floor":44.0,"key":"DuplicationPotion"},{"floor":47.0,"key":"GamblersBrew"}],"is_trial":false,"path_per_floor":["M","$","M","M","?","E","R","E","T","M","?","$","E","$","R","B",null,"M","?","M","M","M","R","E","R","T","E","$","R","M","?","R","B",null,"M","M","?","$","?","R","T","E","T","M","E","R","?","$","R","B","B",null,"R","$","E","B",null],"character_chosen":"THE_SILENT","items_purchased":["Membership Card","CeramicFish","Sundial","Phantasmal Killer","Accuracy","Predator","Bandage Up","Mayhem","Akabeko","StoneCalendar","HandOfGreed","Dark Shackles","Noxious Fumes","Distraction","Backflip","Oddly Smooth Stone","Ornamental Fan","Orrery","Panacea","Noxious Fumes","Bouncing Flask","TheAbacus","Blood Vial","Orichalcum","Mayhem","Finesse","Footwork","Leg Sweep","Outmaneuver","PrismaticShard","Anchor","Footwork","Envenom","Catalyst","Matryoshka","Sadistic Nature","Skewer","Chemical X","Acrobatics","Enlightenment","Letter Opener","TwistedFunnel","Backflip","Footwork","Prepared+1","Ninja Scroll","PiercingWail+1","Magnetism","Sling","Frozen Egg 2","ClockworkSouvenir","Sadistic Nature+1","Tools of the Trade+1","Burst+1","Outmaneuver+1","Strawberry","Shuriken","Footwork+1","Lantern","Outmaneuver+1","Distraction+1"],"campfire_rested":0,"item_purchase_floors":[0,0,0,0,0,0,0,0,0,0,0,0,0,0,0,0,0,0,0,0,0,0,0,0,0,0,0,0,0,0,0,0,0,0,0,0,0,0,0,2,12,12,14,14,28,28,28,28,28,38,38,38,38,38,38,38,48,48,48,48,48],"current_hp_per_floor":[61,61,65,66,61,55,55,55,55,57,62,62,64,64,64,66,70,63,43,50,53,55,55,54,54,54,60,60,60,63,55,55,61,76,81,81,81,88,88,88,88,88,88,83,88,88,88,88,88,87,67,83,83,83,88,47],"gold":51,"neow_bonus":"","is_daily":false,"chose_seed":false,"campfire_upgraded":9,"win_rate":0.0,"timestamp":1608885653,"path_taken":["M","$","M","M","?","E","R","E","T","M","?","?","E","$","R","BOSS","M","?","M","M","M","R","E","R","T","E","$","R","M","?","R","BOSS","M","M","?","$","?","R","?","E","T","M","E","R","?","$","R","BOSS","BOSS","R","$","E","BOSS"],"items_purchased_type":["Relic","Relic","Relic","Card","Card","Card","Card","Card","Relic","Relic","Card","Card","Card","Card","Card","Relic","Relic","Relic","Card","Card","Card","Relic","Relic","Relic","Card","Card","Card","Card","Card","Relic","Relic","Card","Card","Card","Relic","Card","Card","Relic","Card","Card","Relic","Relic","Card","Card","Card","Relic","Card","Card","Relic","Relic","Relic","Card","Card","Card","Card","Relic","Relic","Card","Relic","Card","Card"],"build_version":"2020-12-22","purchased_purges":5,"victory":true,"max_hp_per_floor":[66,66,66,66,66,66,66,66,66,66,71,71,71,71,71,71,71,71,76,81,81,81,81,81,81,81,81,81,81,81,81,81,81,81,81,81,81,88,88,88,88,88,88,88,88,88,88,88,88,88,88,88,88,88,88,88],"card_choices":[{"not_picked":["Underhanded Strike","Concentrate"],"picked":"Choke","floor":0.0},{"not_picked":["Poisoned Stab","Sucker Punch"],"picked":"Night Terror","floor":0.0},{"not_picked":["Terror","Dagger Throw"],"picked":"Crippling Poison","floor":0.0},{"not_picked":["Melter","Bouncing Flask"],"picked":"Battle Trance","floor":1.0},{"not_picked":["Wild Strike","CrushJoints","Compile Driver"],"picked":"SKIP","floor":3.0},{"not_picked":["FlyingSleeves","Sucker Punch"],"picked":"Bloodletting","floor":4.0},{"not_picked":["Iron Wave","Adaptation"],"picked":"Adrenaline","floor":6.0},{"not_picked":["Mind Blast","BattleHymn"],"picked":"Escape Plan","floor":8.0},{"not_picked":["Turbo","Sever Soul"],"picked":"Capacitor","floor":10.0},{"not_picked":["Compile Driver","FlyingSleeves","Heavy Blade"],"picked":"SKIP","floor":13.0},{"not_picked":["ConjureBlade","Fiend Fire"],"picked":"Berserk","floor":16.0},{"not_picked":["Headbutt","Backflip"],"picked":"Double Energy","floor":18.0},{"not_picked":["Masterful Stab","Dodge and Roll"],"picked":"Reinforced Body","floor":20.0},{"not_picked":["Streamline","Blood for Blood+1"],"picked":"Jack Of All Trades","floor":21.0},{"not_picked":["Expertise","Consecrate","FlurryOfBlows"],"picked":"SKIP","floor":22.0},{"not_picked":["True Grit","Leap+1","Choke"],"picked":"SKIP","floor":24.0},{"not_picked":["Deadly Poison+1","Dagger Throw"],"picked":"Buffer","floor":27.0},{"not_picked":["Rampage","Heavy Blade"],"picked":"Infinite Blades","floor":30.0},{"not_picked":["Wraith Form v2","Electrodynamics"],"picked":"Juggernaut","floor":33.0},{"not_picked":["Pommel Strike","Flash of Steel","Dagger Spray"],"picked":"SKIP","floor":35.0},{"not_picked":["WindmillStrike+1","Dagger Throw"],"picked":"Glacier+1","floor":36.0},{"not_picked":["JustLucky+1","PathToVictory+1"],"picked":"Acrobatics+1","floor":37.0},{"not_picked":["Protect+1","Armaments+1"],"picked":"Establishment+1","floor":42.0},{"not_picked":["Poisoned Stab","WreathOfFlame+1"],"picked":"Infinite Blades+1","floor":44.0},{"not_picked":["True Grit+1","Perseverance+1"],"picked":"Seeing Red+1","floor":45.0},{"not_picked":["Streamline","ClearTheMind+1"],"picked":"Recycle+1","floor":55.0}],"player_experience":913067,"relics_obtained":[{"floor":6.0,"key":"Gambling Chip"},{"floor":8.0,"key":"Regal Pillow"},{"floor":9.0,"key":"White Beast Statue"},{"floor":9.0,"key":"Tingsha"},{"floor":13.0,"key":"Vajra"},{"floor":24.0,"key":"Omamori"},{"floor":26.0,"key":"Dream Catcher"},{"floor":26.0,"key":"Tiny Chest"},{"floor":27.0,"key":"Toxic Egg 2"},{"floor":37.0,"key":"Old Coin"},{"floor":42.0,"key":"Darkstone Periapt"},{"floor":42.0,"key":"Blue Candle"},{"floor":43.0,"key":"Centennial Puzzle"},{"floor":45.0,"key":"Toy Ornithopter"},{"floor":45.0,"key":"Bag of Marbles"},{"floor":47.0,"key":"Calipers"},{"floor":55.0,"key":"Gremlin Horn"},{"floor":55.0,"key":"Eternal Feather"}],"event_choices":[{"damage_healed":0.0,"max_hp_gain":0.0,"max_hp_loss":0.0,"gold_gain":0.0,"event_name":"Scrap Ooze","player_choice":"Success","floor":5.0,"gold_loss":0.0,"damage_taken":5.0,"relics_obtained":["Mummified Hand"]},{"damage_healed":0.0,"max_hp_gain":5.0,"max_hp_loss":0.0,"gold_gain":0.0,"event_name":"Big Fish","player_choice":"Donut","floor":11.0,"gold_loss":0.0,"damage_taken":0.0},{"damage_healed":0.0,"max_hp_gain":5.0,"max_hp_loss":0.0,"gold_gain":0.0,"event_name":"Forgotten Altar","player_choice":"Shed Blood","floor":19.0,"gold_loss":0.0,"damage_taken":25.0},{"damage_healed":0.0,"max_hp_gain":0.0,"max_hp_loss":0.0,"gold_gain":50.0,"event_name":"FaceTrader","player_choice":"Touch","floor":31.0,"gold_loss":0.0,"damage_taken":8.0},{"damage_healed":0.0,"max_hp_gain":0.0,"max_hp_loss":0.0,"gold_gain":0.0,"event_name":"Mysterious Sphere","player_choice":"Fight","floor":37.0,"gold_loss":0.0,"damage_taken":0.0},{"cards_removed":["Phantasmal Killer"],"damage_healed":0.0,"max_hp_gain":0.0,"max_hp_loss":0.0,"gold_gain":0.0,"event_name":"Falling","player_choice":"Removed Skill","floor":39.0,"gold_loss":0.0,"damage_taken":0.0},{"damage_healed":0.0,"max_hp_gain":0.0,"max_hp_loss":0.0,"gold_gain":0.0,"event_name":"MindBloom","player_choice":"Fight","floor":47.0,"gold_loss":0.0,"damage_taken":0.0}],"is_beta":false,"boss_relics":[{"not_picked":["Busted Crown","SlaversCollar"],"picked":"Runic Pyramid"},{"not_picked":["Astrolabe","Tiny House"],"picked":"Black Star"}],"items_purged_floors":[0,0,0,0,0],"is_endless":false,"potions_floor_spawned":[4,6,10,13,16,18,20,21,22,24,27,30,33,35,36,37,42,44,45,47,55],"ascension_level":20}}