{"host":"6azrrw3tf7wb0f4b","time":1608861624,"event":{"mods":["BaseMod","DeckTracker","Minty Spire (QoL Compilation)","SuperFastMode"],"gold_per_floor":[119,119,72,85,95,125,125,125,149,211,229,245,258,275,275,372,372,382,401,469,545,545,545],"floor_reached":22,"playtime":552,"items_purged":[],"score":339,"play_id":"0522c4c2-6687-4820-957b-c96bf2fc9b1e","local_time":"20201225110024","is_ascension_mode":true,"campfire_choices":[{"data":"Sweeping Beam","floor":7.0,"key":"SMITH"},{"data":"Coolheaded","floor":15.0,"key":"SMITH"}],"circlet_count":0,"master_deck":["Strike_B","Strike_B","Strike_B","Strike_B","Defend_B","Defend_B","Defend_B","Defend_B","Zap+1","Dualcast+1","Barrage","Sweeping Beam+1","Self Repair","Leap","Leap","Melter","FTL","Electrodynamics","Coolheaded+1","Machine Learning","CurseOfTheBell","Rebound","Ball Lightning","Beam Cell+1"],"relics":["Cracked Core","Oddly Smooth Stone","SsserpentHead","Potion Belt","Calling Bell","Art of War","Pantograph","Gambling Chip","Red Mask"],"acts_visited":["Exordium","TheCity"],"potions_floor_usage":[22],"damage_taken":[{"damage":7.0,"enemies":"Jaw Worm","floor":1.0,"turns":3.0},{"damage":6.0,"enemies":"Cultist","floor":4.0,"turns":3.0},{"damage":0.0,"enemies":"Small Slimes","floor":5.0,"turns":3.0},{"damage":65.0,"enemies":"Gremlin Nob","floor":6.0,"turns":5.0},{"damage":9.0,"enemies":"Gremlin Gang","floor":10.0,"turns":4.0},{"damage":2.0,"enemies":"Large Slime","floor":11.0,"turns":6.0},{"damage":12.0,"enemies":"Exordium Wildlife","floor":12.0,"turns":5.0},{"damage":1.0,"enemies":"3 Louse","floor":13.0,"turns":2.0},{"damage":12.0,"enemies":"Looter","floor":14.0,"turns":3.0},{"damage":0.0,"enemies":"Slime Boss","floor":16.0,"turns":6.0},{"damage":35.0,"enemies":"3 Byrds","floor":18.0,"turns":4.0},{"damage":26,"enemies":"Shell Parasite","floor":19,"turns":5},{"damage":6,"enemies":"3 Cultists","floor":20,"turns":3},{"damage":12,"enemies":"Masked Bandits","floor":21,"turns":2},{"damage":6,"enemies":"Snake Plant","floor":22,"turns":2}],"seed_played":"-1884285102616267419","potions_obtained":[{"floor":4.0,"key":"FairyPotion"},{"floor":6.0,"key":"Regen Potion"},{"floor":12.0,"key":"FocusPotion"},{"floor":21,"key":"Dexterity Potion"}],"is_trial":false,"path_per_floor":["M","?","$","M","M","E","R","?","T","M","M","M","M","M","R","B",null,"M","M","M","?","M"],"character_chosen":"DEFECT","items_purchased":["Sweeping Beam"],"campfire_rested":0,"item_purchase_floors":[3],"current_hp_per_floor":[61,61,61,55,55,29,29,29,29,36,41,36,35,30,30,37,66,38,19,13,1,0,0],"gold":545,"neow_bonus":"UPGRADE_CARD","is_daily":false,"chose_seed":false,"campfire_upgraded":2,"win_rate":0.0,"timestamp":1608861624,"path_taken":["M","?","?","M","M","E","R","?","T","?","M","M","M","M","R","BOSS","M","M","?","?","M"],"items_purchased_type":["Card"],"build_version":"2020-12-22","purchased_purges":0,"victory":false,"max_hp_per_floor":[75,75,75,75,75,75,75,75,75,75,75,75,75,75,75,75,75,75,75,75,75,75,75],"card_choices":[{"not_picked":["Streamline","Aggregate"],"picked":"Barrage","floor":1.0},{"not_picked":["Steam","Compile Driver"],"picked":"Self Repair","floor":4.0},{"not_picked":["Redo","Hologram"],"picked":"Leap","floor":5.0},{"not_picked":["Reprogram","Rip and Tear"],"picked":"Leap","floor":6.0},{"not_picked":["Leap","Compile Driver"],"picked":"Melter","floor":10.0},{"not_picked":["Gash","Beam Cell"],"picked":"FTL","floor":11.0},{"not_picked":["Sunder","Conserve Battery"],"picked":"Electrodynamics","floor":12.0},{"not_picked":["Barrage","Scrape"],"picked":"Coolheaded","floor":13.0},{"not_picked":["Steam Power","Steam","Sunder"],"picked":"SKIP","floor":14.0},{"not_picked":["Rainbow","Seek"],"picked":"Machine Learning","floor":16.0},{"not_picked":["Barrage","Leap"],"picked":"Rebound","floor":18.0},{"not_picked":["Genetic Algorithm+1","Sweeping Beam+1"],"picked":"Ball Lightning","floor":19},{"not_picked":["Sweeping Beam","Aggregate+1","Streamline+1"],"picked":"SKIP","floor":20},{"not_picked":["Stack","Force Field+1"],"picked":"Beam Cell+1","floor":21}],"player_experience":642016,"relics_obtained":[{"floor":6.0,"key":"Oddly Smooth Stone"},{"floor":9.0,"key":"Potion Belt"},{"floor":17.0,"key":"Art of War"},{"floor":17.0,"key":"Pantograph"},{"floor":17.0,"key":"Gambling Chip"},{"floor":21,"key":"Red Mask"}],"event_choices":[{"damage_healed":0.0,"max_hp_gain":0.0,"max_hp_loss":0.0,"gold_gain":0.0,"event_name":"Upgrade Shrine","player_choice":"Upgraded","floor":2.0,"gold_loss":0.0,"damage_taken":0.0,"cards_upgraded":["Dualcast"]},{"damage_healed":0.0,"max_hp_gain":0.0,"max_hp_loss":0.0,"gold_gain":0.0,"event_name":"FaceTrader","player_choice":"Trade","floor":8.0,"gold_loss":0.0,"damage_taken":0.0,"relics_obtained":["SsserpentHead"]},{"damage_healed":0,"gold_gain":0,"player_choice":"Fought Bandits","damage_taken":0,"max_hp_gain":0,"max_hp_loss":0,"event_name":"Masked Bandits","floor":21,"gold_loss":0}],"is_beta":false,"boss_relics":[{"not_picked":["Philosopher\u0027s Stone","Tiny House"],"picked":"Calling Bell"}],"items_purged_floors":[],"is_endless":false,"potions_floor_spawned":[4,6,12,21],"killed_by":"Snake Plant","ascension_level":8}}