{"host":"6kpik4p6m02tzjjt","time":1608916181,"event":{"mods":["BaseMod","Colored Map","Minty Spire (QoL Compilation)","Quick Restart","Relic Stats"],"gold_per_floor":[109,109,128,147,196,196,231,252,276,309,309,309,353,376,376,376,376],"floor_reached":16,"playtime":563,"items_purged":[],"score":126,"play_id":"a38c8dc4-9aa5-477a-98b3-254331cbd233","local_time":"20201225120941","is_ascension_mode":true,"campfire_choices":[{"data":"Zap","floor":6,"key":"SMITH"},{"data":"Electrodynamics","floor":12,"key":"SMITH"},{"floor":15,"key":"REST"}],"circlet_count":0,"master_deck":["Strike_B","Strike_B","Strike_B","Strike_B","Defend_B","Defend_B","Defend_B","Defend_B","Zap+1","Dualcast","Electrodynamics+1","Redo","Injury","Fusion","Redo","Barrage","Coolheaded","White Noise","Sweeping Beam","Melter","FTL"],"relics":["Cracked Core","Golden Idol","Blood Vial","Bag of Marbles","MealTicket","Potion Belt","Dream Catcher"],"acts_visited":["Exordium"],"potions_floor_usage":[7,13,14],"damage_taken":[{"damage":0,"enemies":"Cultist","floor":1,"turns":3},{"damage":3,"enemies":"Jaw Worm","floor":3,"turns":3},{"damage":10,"enemies":"Small Slimes","floor":4,"turns":2},{"damage":17,"enemies":"Gremlin Nob","floor":7,"turns":4},{"damage":4,"enemies":"Blue Slaver","floor":8,"turns":3},{"damage":27,"enemies":"Lagavulin","floor":10,"turns":6},{"damage":18,"enemies":"3 Sentries","floor":13,"turns":3},{"damage":0,"enemies":"Large Slime","floor":14,"turns":2},{"damage":45,"enemies":"The Guardian","floor":16,"turns":7}],"seed_played":"1211101056946873493","potions_obtained":[{"floor":4,"key":"EssenceOfSteel"},{"floor":7,"key":"Strength Potion"},{"floor":10,"key":"ColorlessPotion"}],"is_trial":false,"path_per_floor":["M","?","M","M","T","R","E","M","T","E","?","R","E","M","R","B"],"character_chosen":"DEFECT","items_purchased":[],"campfire_rested":1,"item_purchase_floors":[],"current_hp_per_floor":[68,68,65,55,55,55,40,38,38,13,35,35,19,21,41,0,0],"gold":376,"neow_bonus":"THREE_RARE_CARDS","is_daily":false,"chose_seed":false,"campfire_upgraded":2,"win_rate":0.0,"timestamp":1608916181,"path_taken":["M","?","M","M","?","R","E","?","T","E","?","R","E","M","R","BOSS"],"items_purchased_type":[],"build_version":"2020-12-22","purchased_purges":0,"victory":false,"max_hp_per_floor":[68,68,68,68,68,68,68,68,68,68,68,68,68,68,68,68,68],"relic_stats":{"Blood Vial":12,"Dream Catcher":1,"counters":[9,33],"Golden Idol":40,"MealTicket":0,"obtain_stats":[{"Blood Vial":5,"Potion Belt":10,"Dream Catcher":13,"Golden Idol":2,"MealTicket":9,"Bag of Marbles":7,"Cracked Core":0},{"Blood Vial":3,"Potion Belt":6,"Dream Catcher":7,"Golden Idol":1,"MealTicket":5,"Bag of Marbles":4,"Cracked Core":0},{"Blood Vial":8,"Potion Belt":21,"Dream Catcher":24,"Golden Idol":3,"MealTicket":15,"Bag of Marbles":12,"Cracked Core":0}]},"card_choices":[{"not_picked":["Buffer","Rainbow"],"picked":"Electrodynamics","floor":0},{"not_picked":["Steam","Glacier"],"picked":"Redo","floor":1},{"not_picked":["Barrage","White Noise"],"picked":"Fusion","floor":3},{"not_picked":["Stack","Steam"],"picked":"Redo","floor":4},{"not_picked":["Beam Cell","Reprogram"],"picked":"Barrage","floor":7},{"not_picked":["Barrage","Aggregate"],"picked":"Coolheaded","floor":8},{"not_picked":["Consume","Hologram"],"picked":"White Noise","floor":10},{"not_picked":["Steam","Rebound"],"picked":"Sweeping Beam","floor":13},{"not_picked":["Fusion","Auto Shields"],"picked":"Melter","floor":14},{"not_picked":["Hologram","Barrage"],"picked":"FTL","floor":15}],"player_experience":23214,"relics_obtained":[{"floor":5,"key":"Blood Vial"},{"floor":7,"key":"Bag of Marbles"},{"floor":9,"key":"MealTicket"},{"floor":10,"key":"Potion Belt"},{"floor":13,"key":"Dream Catcher"}],"event_choices":[{"damage_healed":0,"gold_gain":0,"player_choice":"Take Wound","damage_taken":0,"relics_obtained":["Golden Idol"],"max_hp_gain":0,"max_hp_loss":0,"event_name":"Golden Idol","floor":2,"gold_loss":0,"cards_obtained":["Injury"]},{"damage_healed":22,"gold_gain":0,"player_choice":"Banana","damage_taken":0,"max_hp_gain":0,"max_hp_loss":0,"event_name":"Big Fish","floor":11,"gold_loss":0}],"is_beta":false,"boss_relics":[],"items_purged_floors":[],"is_endless":false,"potions_floor_spawned":[4,7,10],"killed_by":"The Guardian","ascension_level":1}}