{"host":"f1miojwxaupu79sp","time":1608886873,"event":{"mods":["BaseMod","Better Vampires","Minty Spire (QoL Compilation)","Shop Mod"],"gold_per_floor":[112,17,36,36,50,81,93,93,93,128,128,53,53,69,69,69,69],"floor_reached":16,"playtime":4706,"items_purged":["Strike_G"],"score":182,"play_id":"1f7bcd03-356b-47cc-ba92-c070fd9d4949","local_time":"20201225040113","is_ascension_mode":true,"campfire_choices":[{"data":"Deflect","floor":8,"key":"SMITH"},{"floor":11,"key":"REST"},{"data":"Night Terror","floor":15,"key":"SMITH"}],"circlet_count":0,"master_deck":["AscendersBane","Strike_G","Strike_G","Strike_G","Defend_G","Defend_G","Defend_G","Defend_G","Defend_G","Survivor","Neutralize","Sucker Punch+1","Backstab","Slice","Deflect+1","Storm of Steel","Night Terror+1"],"relics":["Runic Dome","Happy Flower","Lantern","Gremlin Horn"],"acts_visited":["Exordium"],"potions_floor_usage":[10],"damage_taken":[{"damage":0,"enemies":"2 Louse","floor":1,"turns":4},{"damage":2,"enemies":"Cultist","floor":3,"turns":4},{"damage":0,"enemies":"Small Slimes","floor":5,"turns":3},{"damage":13,"enemies":"3 Sentries","floor":6,"turns":11},{"damage":8,"enemies":"Exordium Thugs","floor":7,"turns":5},{"damage":26,"enemies":"Gremlin Nob","floor":10,"turns":6},{"damage":6,"enemies":"2 Fungi Beasts","floor":14,"turns":4},{"damage":17,"enemies":"The Guardian","floor":16,"turns":7}],"seed_played":"5412348499006489246","potions_obtained":[{"floor":1,"key":"SpeedPotion"},{"floor":3,"key":"Energy Potion"},{"floor":7,"key":"LiquidMemories"}],"is_trial":false,"path_per_floor":["M","$","M","?","M","E","M","R","T","E","R","$","?","M","R","B"],"character_chosen":"THE_SILENT","items_purchased":["Backstab","Slice"],"campfire_rested":1,"item_purchase_floors":[2,2],"current_hp_per_floor":[63,63,61,61,61,48,40,40,40,14,35,35,35,29,29,12,12],"gold":69,"neow_bonus":"BOSS_RELIC","is_daily":false,"chose_seed":false,"campfire_upgraded":2,"win_rate":0.0,"timestamp":1608886873,"path_taken":["M","$","M","?","?","E","M","R","T","E","R","$","?","?","R","BOSS"],"items_purchased_type":["Card","Card"],"build_version":"2020-12-22","purchased_purges":1,"victory":false,"max_hp_per_floor":[70,70,70,70,70,70,70,70,70,70,70,70,70,70,70,70,70],"card_choices":[{"not_picked":["Endless Agony","Acrobatics"],"picked":"Sucker Punch","floor":1},{"not_picked":["Setup","Masterful Stab"],"picked":"Deflect","floor":3},{"not_picked":["Dodge and Roll","Acrobatics","Blade Dance"],"picked":"SKIP","floor":5},{"not_picked":["Dodge and Roll","Flying Knee","Blade Dance"],"picked":"SKIP","floor":6},{"not_picked":["Expertise","Reflex","Quick Slash"],"picked":"SKIP","floor":7},{"not_picked":["Reflex","Well Laid Plans"],"picked":"Storm of Steel","floor":10},{"not_picked":["Concentrate","All Out Attack","Underhanded Strike"],"picked":"SKIP","floor":14}],"player_experience":821059,"relics_obtained":[{"floor":6,"key":"Happy Flower"},{"floor":9,"key":"Lantern"},{"floor":10,"key":"Gremlin Horn"}],"event_choices":[{"damage_healed":0,"gold_gain":0,"player_choice":"Upgraded","damage_taken":0,"max_hp_gain":0,"max_hp_loss":0,"event_name":"Upgrade Shrine","floor":4,"gold_loss":0,"cards_upgraded":["Sucker Punch"]},{"damage_healed":0,"gold_gain":0,"cards_transformed":["Strike_G"],"player_choice":"Transformed","damage_taken":0,"max_hp_gain":0,"max_hp_loss":0,"event_name":"Transmorgrifier","floor":13,"gold_loss":0,"cards_obtained":["Night Terror"]}],"is_beta":false,"boss_relics":[],"items_purged_floors":[12],"is_endless":false,"potions_floor_spawned":[1,3,6,7],"killed_by":"The Guardian","ascension_level":13}}