{"host":"3q8x5nua6nulvkr6","time":1608857991,"event":{"mods":["Aspiration","BaseMod","Better Note","BetterRewards","Colored Map","Colored Powertips","Conspire","GifTheSpireLib","Hubris","Infinite Spire","Minty Spire (QoL Compilation)","Rare Cards Sparkle","Replay The Spire","StSLib","Stuff the Spire","Wandering Minibosses"],"gold_per_floor":[113,113,113,38,57,57,85,85,137,137,170,170,197,210,210,312,312,327,346,23,23,37,66,66,94,119,151,151,165,183,196,196,295,295,314,314],"floor_reached":35,"playtime":2999,"items_purged":["Regret"],"score":587,"play_id":"e7cb33c3-3bea-4035-b0d9-a05f29f7e2ac","local_time":"20201224195951","daily_mods":["SealedDeck","Red Cards","Green Cards","Blue Cards","Purple Cards"],"is_ascension_mode":true,"campfire_choices":[{"data":"Armaments","floor":6,"key":"SMITH"},{"data":"Body Slam","floor":10,"key":"SMITH"},{"data":"Noxious Fumes","floor":12,"key":"SMITH"},{"floor":15,"key":"REST"},{"data":"Flechettes","floor":32,"key":"SMITH"}],"circlet_count":0,"master_deck":["Sucker Punch","Noxious Fumes+1","Dodge and Roll","ThirdEye","PiercingWail+1","Body Slam+1","Armaments+1","Iron Wave","Leap","Pray","Noxious Fumes","Shrug It Off+1","ReplayTheSpireMod:Speed Training","conspire:ExplosiveBarrier+1","Flechettes+1","Hyperbeam"],"relics":["Cracked Core","StuffTheSpire:RedRose","Replay:Accelerometer","Geode","Gremlin Food","infinitespire:SolderingIron","SacredBark","Membership Card","StoneCalendar","Bag of Marbles","Toy Ornithopter","Boot","Shuriken","Fusion Hammer"],"acts_visited":["Exordium","TheCity","TheBeyond"],"potions_floor_usage":[1,16,22,23,25,27,31],"damage_taken":[{"damage":0,"enemies":"2 Louse","floor":1,"turns":2},{"damage":0,"enemies":"Small Slimes","floor":5,"turns":3},{"damage":0,"enemies":"Lagavulin","floor":7,"turns":5},{"damage":0,"enemies":"3 Sentries","floor":11,"turns":7},{"damage":12,"enemies":"Gremlin Nob","floor":13,"turns":4},{"damage":0,"enemies":"conspire:RoseBush","floor":14,"turns":3},{"damage":13,"enemies":"The Guardian","floor":16,"turns":7},{"damage":12,"enemies":"Spheric Guardian","floor":18,"turns":6},{"damage":0,"enemies":"Shell Parasite","floor":19,"turns":5},{"damage":0,"enemies":"Shelled Parasite and Fungi","floor":22,"turns":5},{"damage":0,"enemies":"Replay:Snechameleon","floor":23,"turns":6},{"damage":0,"enemies":"Slavers","floor":25,"turns":6},{"damage":3,"enemies":"Gremlin Leader","floor":27,"turns":5},{"damage":3,"enemies":"Centurion and Healer","floor":29,"turns":7},{"damage":0,"enemies":"Snecko","floor":30,"turns":6},{"damage":3,"enemies":"Snake Plant","floor":31,"turns":4},{"damage":42,"enemies":"Collector","floor":33,"turns":11},{"damage":10,"enemies":"Orb Walker","floor":35,"turns":5}],"seed_played":"-8478831494718120393","potions_obtained":[{"floor":1,"key":"Fruit Juice"},{"floor":14,"key":"LiquidMemories"},{"floor":16,"key":"Fruit Juice"},{"floor":19,"key":"PowerPotion"},{"floor":23,"key":"SpeedPotion"},{"floor":24,"key":"PowerPotion"},{"floor":29,"key":"SteroidPotion"},{"floor":30,"key":"FearPotion"},{"floor":31,"key":"Swift Potion"}],"is_trial":true,"path_per_floor":["M","?","?","$","M","R","E","?","T","R","E","R","E","M","R","B",null,"M","M","$","?","M","E","?","E","T","E","?","M","M","M","R","B",null,"M"],"character_chosen":"DEFECT","items_purchased":["Membership Card","StoneCalendar","Block Potion"],"campfire_rested":1,"item_purchase_floors":[20,20,20],"current_hp_per_floor":[80,80,85,85,85,85,85,85,85,85,85,85,73,73,85,77,90,78,78,78,83,83,83,83,83,83,85,85,82,82,84,84,42,90,80,80],"gold":314,"neow_bonus":"","is_daily":false,"chose_seed":false,"campfire_upgraded":4,"win_rate":0.0,"timestamp":1608857991,"path_taken":["M","?","?","$","M","R","E","?","T","R","E","R","E","M","R","BOSS","M","M","$","?","M","E","?","E","T","E","?","M","?","M","R","BOSS","M"],"items_purchased_type":["Relic","Relic","Potion"],"build_version":"2020-12-22","purchased_purges":1,"victory":false,"max_hp_per_floor":[80,80,85,85,85,85,85,85,85,85,85,85,85,85,85,90,90,90,90,90,90,90,90,90,90,90,90,90,90,90,90,90,90,90,90,90],"card_choices":[{"not_picked":["EmptyBody","Beam Cell","Hidden Blade"],"picked":"SKIP","floor":1},{"not_picked":["Replay:Battleflow","Expertise","Perfected Strike"],"picked":"SKIP","floor":5},{"not_picked":["Steam Power","Thunderclap","Pray"],"picked":"SKIP","floor":7},{"not_picked":["Steam Power","Thunderclap"],"picked":"Pray","floor":7},{"not_picked":["Deadly Poison","Heatsinks","Loop"],"picked":"SKIP","floor":11},{"not_picked":["BasicCrystalCard","Crescendo"],"picked":"Noxious Fumes","floor":13},{"not_picked":["SashWhip","FollowUp","FearNoEvil"],"picked":"SKIP","floor":14},{"not_picked":["Clothesline","Crescendo","Rebound+1"],"picked":"SKIP","floor":18},{"not_picked":["Stack","Rebound","hubris:Ukulele"],"picked":"SKIP","floor":19},{"not_picked":["Stack","Rebound","hubris:Ukulele"],"picked":"SKIP","floor":19},{"not_picked":["FlyingSleeves","Warcry"],"picked":"Shrug It Off","floor":22},{"not_picked":["Slice","SandsOfTime","EmptyFist+1"],"picked":"SKIP","floor":23},{"not_picked":["Conserve Battery","StuffTheSpire:Injection"],"picked":"ReplayTheSpireMod:Speed Training","floor":25},{"not_picked":["Rage+1","EmptyBody"],"picked":"conspire:ExplosiveBarrier+1","floor":27},{"not_picked":["Bane","Skim","BowlingBash"],"picked":"SKIP","floor":29},{"not_picked":["Acrobatics+1","StuffTheSpire:BumpUp","Steam"],"picked":"SKIP","floor":30},{"not_picked":["StuffTheSpire:Slingshot","BowlingBash+1"],"picked":"Flechettes","floor":31},{"not_picked":["StuffTheSpire:ForEach","Poison Darts"],"picked":"Hyperbeam","floor":33},{"not_picked":["StuffTheSpire:Plugnplay+1","EmptyFist","Finisher+1"],"picked":"SKIP","floor":35}],"player_experience":1017059,"relics_obtained":[{"floor":7,"key":"Replay:Accelerometer"},{"floor":9,"key":"Geode"},{"floor":11,"key":"Gremlin Food"},{"floor":13,"key":"infinitespire:SolderingIron"},{"floor":23,"key":"Bag of Marbles"},{"floor":25,"key":"Toy Ornithopter"},{"floor":26,"key":"Boot"},{"floor":27,"key":"Shuriken"}],"event_choices":[{"damage_healed":0,"gold_gain":0,"player_choice":"Donut","damage_taken":0,"max_hp_gain":5,"max_hp_loss":0,"event_name":"Big Fish","floor":3,"gold_loss":0},{"damage_healed":0,"gold_gain":0,"player_choice":"Disagree","damage_taken":0,"max_hp_gain":0,"max_hp_loss":0,"event_name":"conspire:LoneGhost","floor":8,"gold_loss":0},{"cards_removed":["Headbutt"],"damage_healed":5,"gold_gain":0,"player_choice":"Offered Common","damage_taken":0,"max_hp_gain":0,"max_hp_loss":0,"event_name":"Bonfire Elementals","floor":21,"gold_loss":0},{"cards_removed":["Headbutt"],"damage_healed":5,"gold_gain":0,"player_choice":"Offered Special","damage_taken":0,"max_hp_gain":0,"max_hp_loss":0,"event_name":"Bonfire Elementals","floor":21,"gold_loss":0},{"damage_healed":0,"gold_gain":0,"player_choice":"Got Potions","damage_taken":0,"max_hp_gain":0,"max_hp_loss":0,"event_name":"Lab","floor":24,"gold_loss":0},{"damage_healed":0,"gold_gain":0,"player_choice":"Forge","damage_taken":0,"max_hp_gain":0,"max_hp_loss":0,"event_name":"Accursed Blacksmith","floor":28,"gold_loss":0,"cards_upgraded":["Shrug It Off"]}],"is_beta":false,"boss_relics":[{"not_picked":["Kintsugi","ChewingGum"],"picked":"SacredBark"},{"not_picked":["StuffTheSpire:RunicHypercube","hubris:Stopwatch"],"picked":"Fusion Hammer"}],"items_purged_floors":[4],"is_endless":false,"potions_floor_spawned":[1,14,16,19,23,29,30,31],"killed_by":"Orb Walker","ascension_level":1}}