{"host":"wna8kqr6yweggo4i","time":1608870934,"event":{"mods":["BaseMod","Colored Powertips","Hermit","Hubris","Marisa????????","Minty Spire (QoL Compilation)","StSLib"],"gold_per_floor":[212,387,462,485,501,501,526,526,549,549,559,578,613,625,637,649,649],"floor_reached":16,"playtime":559,"items_purged":[],"score":108,"play_id":"0b897be2-3776-49d5-a90b-c160a216a4f4","local_time":"20201224223534","is_ascension_mode":false,"campfire_choices":[{"data":"hermit:TakeAim","floor":6,"key":"SMITH"},{"floor":8,"key":"REST"},{"floor":10,"key":"REST"},{"floor":15,"key":"REST"}],"circlet_count":0,"master_deck":["hermit:Strike_Hermit","hermit:Strike_Hermit","hermit:Strike_Hermit","hermit:Strike_Hermit","hermit:Defend_Hermit","hermit:Defend_Hermit","hermit:Defend_Hermit","hermit:Defend_Hermit","hermit:Snapshot","hermit:Covet","hermit:Feint","Doubt","hermit:TakeAim+1","hermit:Coalescence","hermit:Grudge","hermit:BodyArmor","hermit:Maintenance+1"],"relics":["hermit:Momento","PreservedInsect","Ancient Tea Set","hubris:TenFootPole","MawBank"],"acts_visited":["Exordium"],"potions_floor_usage":[12,13,16],"damage_taken":[{"damage":0,"enemies":"2 Louse","floor":1,"turns":3},{"damage":4,"enemies":"Jaw Worm","floor":5,"turns":5},{"damage":35,"enemies":"Lagavulin","floor":7,"turns":10},{"damage":2,"enemies":"Cultist","floor":11,"turns":4},{"damage":30,"enemies":"Exordium Wildlife","floor":12,"turns":7},{"damage":23,"enemies":"Gremlin Nob","floor":13,"turns":5},{"damage":38,"enemies":"Hexaghost","floor":16,"turns":14}],"seed_played":"-3258502050752398027","potions_obtained":[{"floor":5,"key":"Fire Potion"},{"floor":11,"key":"hermit:Tonic"},{"floor":12,"key":"ColorlessPotion"}],"is_trial":false,"path_per_floor":["M","?","?","T","M","R","E","R","T","R","M","M","E","?","R","B"],"character_chosen":"HERMIT","items_purchased":[],"campfire_rested":3,"item_purchase_floors":[],"current_hp_per_floor":[75,75,64,64,60,60,25,47,47,69,67,37,14,14,36,0,0],"gold":649,"neow_bonus":"HUNDRED_GOLD","is_daily":false,"chose_seed":false,"campfire_upgraded":1,"win_rate":0.0,"timestamp":1608870934,"path_taken":["M","?","?","?","?","R","E","R","T","R","M","M","E","?","R","BOSS"],"items_purchased_type":[],"build_version":"2020-12-22","purchased_purges":0,"victory":false,"max_hp_per_floor":[75,75,75,75,75,75,75,75,75,75,75,75,75,75,75,75,75],"card_choices":[{"not_picked":["hermit:CalledShot","hermit:Quickdraw"],"picked":"hermit:Feint","floor":1},{"not_picked":["hermit:NoHoldsBarred","hermit:Brawl"],"picked":"hermit:TakeAim","floor":5},{"not_picked":["hermit:SprayPray","hermit:LoneWolf"],"picked":"hermit:Coalescence","floor":7},{"not_picked":["hermit:CalledShot","hermit:LowProfile"],"picked":"hermit:Grudge","floor":11},{"not_picked":["hermit:LoneWolf","hermit:Showdown"],"picked":"hermit:BodyArmor","floor":12},{"not_picked":["hermit:EyeOfTheStorm","hermit:WideOpen"],"picked":"hermit:Maintenance","floor":13}],"player_experience":375438,"relics_obtained":[{"floor":4,"key":"PreservedInsect"},{"floor":7,"key":"Ancient Tea Set"},{"floor":9,"key":"hubris:TenFootPole"},{"floor":13,"key":"MawBank"}],"event_choices":[{"damage_healed":0,"gold_gain":175,"player_choice":"AGREE","damage_taken":0,"max_hp_gain":0,"max_hp_loss":0,"event_name":"Liars Game","floor":2,"gold_loss":0,"cards_obtained":["Doubt"]},{"damage_healed":0,"gold_gain":75,"player_choice":"Gather Gold","damage_taken":11,"max_hp_gain":0,"max_hp_loss":0,"event_name":"World of Goop","floor":3,"gold_loss":0},{"damage_healed":0,"gold_gain":0,"player_choice":"Upgraded","damage_taken":0,"max_hp_gain":0,"max_hp_loss":0,"event_name":"Upgrade Shrine","floor":14,"gold_loss":0,"cards_upgraded":["hermit:Maintenance"]}],"is_beta":false,"boss_relics":[],"items_purged_floors":[],"is_endless":false,"potions_floor_spawned":[5,11,12],"killed_by":"Hexaghost","ascension_level":0}}