{"host":"dntw6kil9p09eemm","time":1608917626,"event":{"mods":["Alarm Clock","Aspiration","BaseMod","Colored Powertips","Downfall","Hermit","Hubris","Minty Spire (QoL Compilation)","Permanent Neow","Shop Mod","Spicy Shops","StSLib","The Runesmith"],"gold_per_floor":[117,117,129,143,161,194,208,208,208,219,236,236,188,207,207,302,302,313,313,329,329,344,375,375,391,391,325,345,345,345,345],"floor_reached":29,"playtime":1935,"items_purged":["Guardian:Defend_Guardian","Guardian:Strike_Guardian"],"score":251,"play_id":"ae428182-967e-44b1-b239-5bc646b15673","local_time":"20201226023346","is_ascension_mode":false,"campfire_choices":[{"floor":12.0,"key":"REST"},{"floor":15.0,"key":"REST"},{"floor":24,"key":"REST"}],"circlet_count":0,"master_deck":["Guardian:Strike_Guardian","Guardian:Strike_Guardian","Guardian:Strike_Guardian","Guardian:Defend_Guardian","Guardian:Defend_Guardian","Guardian:CurlUp","Guardian:TwinSlam","Guardian:StasisEngine","Guardian:Incinerate","Guardian:Harden","Guardian:Gem_Synthetic","Guardian:FloatingOrbs","Guardian:Orbwalk","Guardian:GuardianWhirl","Guardian:Gem_Green","Guardian:Gem_Orange","Guardian:Gem_Red","Guardian:PiercingHide","Guardian:BronzeArmor","Guardian:Incinerate","Guardian:TimeSifter","Guardian:ShieldSpikes","Guardian:PiercingHide","Guardian:GuardianWhirl","Guardian:Gem_White","Guardian:ExploitGems","Guardian:Harden","Guardian:RollAttack"],"relics":["Guardian:ModeShifter","Guardian:PickAxe","MerchantsRug","Runesmith:UraniumAnvil","hubris:TenFootPole","Frozen Egg 2"],"acts_visited":["Exordium","TheCity"],"potions_floor_usage":[20,22,23,25],"damage_taken":[{"damage":0.0,"enemies":"Small Slimes","floor":1.0,"turns":5.0},{"damage":7.0,"enemies":"2 Louse","floor":3.0,"turns":2.0},{"damage":1.0,"enemies":"Cultist","floor":4.0,"turns":5.0},{"damage":0.0,"enemies":"3 Louse","floor":5.0,"turns":6.0},{"damage":34.0,"enemies":"Lagavulin","floor":6.0,"turns":9.0},{"damage":11.0,"enemies":"Exordium Thugs","floor":7.0,"turns":7.0},{"damage":9.0,"enemies":"Looter","floor":10.0,"turns":3.0},{"damage":7.0,"enemies":"Blue Slaver","floor":11.0,"turns":4.0},{"damage":16.0,"enemies":"Lots of Slimes","floor":14.0,"turns":4.0},{"damage":15.0,"enemies":"Hexaghost","floor":16.0,"turns":10.0},{"damage":22,"enemies":"2 Thieves","floor":18,"turns":5},{"damage":14,"enemies":"Shell Parasite","floor":20,"turns":6},{"damage":6,"enemies":"Sentry and Sphere","floor":22,"turns":5},{"damage":15,"enemies":"Book of Stabbing","floor":23,"turns":5},{"damage":11,"enemies":"Centurion and Healer","floor":25,"turns":6},{"damage":2,"enemies":"Chosen and Byrds","floor":28,"turns":6},{"damage":43,"enemies":"Slavers","floor":29,"turns":4}],"seed_played":"-6244885677800173064","potions_obtained":[{"floor":3.0,"key":"SteroidPotion"},{"floor":4.0,"key":"DistilledChaos"},{"floor":7.0,"key":"FearPotion"},{"floor":10.0,"key":"Block Potion"},{"floor":11.0,"key":"Fruit Juice"},{"floor":14.0,"key":"Fire Potion"},{"floor":16.0,"key":"sneckomod:MuddlingPotion"},{"floor":18,"key":"SteroidPotion"},{"floor":20,"key":"Explosive Potion"},{"floor":22,"key":"Energy Potion"},{"floor":23,"key":"PowerPotion"},{"floor":25,"key":"Explosive Potion"}],"is_trial":false,"path_per_floor":["M","?","M","M","M","E","M","?","T","M","M","R","$","M","R","B",null,"M","?","M","?","M","E","R","M","T","$","M","E"],"character_chosen":"GUARDIAN","items_purchased":["MerchantsRug"],"campfire_rested":3,"item_purchase_floors":[13],"current_hp_per_floor":[80,80,73,72,72,38,27,21,21,12,10,35,35,19,44,29,85,63,63,49,49,43,28,53,42,42,42,40,0,0,0],"gold":345,"neow_bonus":"ONE_RANDOM_RARE_CARD","is_daily":false,"chose_seed":false,"campfire_upgraded":0,"win_rate":0.0,"timestamp":1608917626,"path_taken":["M","?","M","M","M","E","M","?","T","M","M","R","$","M","R","BOSS","M","?","M","?","M","E","R","M","T","$","M","E"],"items_purchased_type":["Relic"],"build_version":"2020-12-22","purchased_purges":2,"victory":false,"max_hp_per_floor":[80,80,80,80,80,80,80,80,80,80,85,85,85,85,85,85,85,85,85,85,85,85,85,85,85,85,85,85,85,85,85],"card_choices":[{"not_picked":["Guardian:Gem_Red","Guardian:Clone"],"picked":"Guardian:Incinerate","floor":1.0},{"not_picked":["Guardian:ShieldCharger","Guardian:Planning"],"picked":"Guardian:Harden","floor":3.0},{"not_picked":["Guardian:Gem_Lightblue","Guardian:Clone"],"picked":"Guardian:Gem_Synthetic","floor":4.0},{"not_picked":["Guardian:Emergency","Guardian:WalkerClaw"],"picked":"Guardian:FloatingOrbs","floor":5.0},{"not_picked":["Guardian:Repulse","Guardian:SphericShield"],"picked":"Guardian:Orbwalk","floor":6.0},{"not_picked":["Guardian:Reroute","Guardian:ArmoredProtocol"],"picked":"Guardian:GuardianWhirl","floor":7.0},{"not_picked":["Guardian:VentSteam","Guardian:ChargeCore"],"picked":"Guardian:PiercingHide","floor":10.0},{"not_picked":["Guardian:Suspension","Guardian:TemporalShield"],"picked":"Guardian:BronzeArmor","floor":11.0},{"not_picked":["Guardian:TemporalStrike","Guardian:Gem_Green"],"picked":"Guardian:Incinerate","floor":14.0},{"not_picked":["Guardian:StasisField","Guardian:BaubleBeam"],"picked":"Guardian:TimeSifter","floor":16.0},{"not_picked":["Guardian:EvasiveProtocol","Guardian:Incinerate"],"picked":"Guardian:ShieldSpikes","floor":18},{"not_picked":["Guardian:VentSteam+1","Guardian:TemporalShield+1"],"picked":"Guardian:PiercingHide","floor":20},{"not_picked":["Guardian:Planning","Guardian:CrystalBeam"],"picked":"Guardian:Gem_White","floor":22},{"not_picked":["Guardian:ChargeUp","Guardian:Gem_Green"],"picked":"Guardian:ExploitGems","floor":23},{"not_picked":["Guardian:Repulse","Guardian:RollAttack"],"picked":"Guardian:Harden","floor":25},{"not_picked":["Guardian:Suspension","Guardian:WalkerClaw"],"picked":"Guardian:RollAttack","floor":28}],"player_experience":464158,"relics_obtained":[{"floor":6.0,"key":"White Beast Statue"},{"floor":9.0,"key":"InkBottle"},{"floor":23,"key":"hubris:TenFootPole"},{"floor":26,"key":"Frozen Egg 2"}],"event_choices":[{"damage_healed":0.0,"max_hp_gain":0.0,"max_hp_loss":0.0,"gold_gain":0.0,"event_name":"Shining Light","player_choice":"Ignored","floor":2.0,"gold_loss":0.0,"damage_taken":0.0},{"damage_healed":0,"gold_gain":0,"cards_transformed":["Guardian:Defend_Guardian"],"player_choice":"Transformed","damage_taken":0,"max_hp_gain":0,"max_hp_loss":0,"event_name":"Transmorgrifier","floor":21,"gold_loss":0,"cards_obtained":["Guardian:GuardianWhirl"]}],"is_beta":false,"boss_relics":[{"not_picked":["Ectoplasm","aspiration:RunicSpoon"],"picked":"Runesmith:UraniumAnvil"}],"items_purged_floors":[27,27],"is_endless":false,"potions_floor_spawned":[3,4,7,10,11,14,16,18,20,22,23,25],"killed_by":"Slavers","ascension_level":0}}