{"host":"9v3x998ddbx8o276","time":1608883082,"event":{"mods":["AchievementEnabler","BaseMod","Colored Map","Highlight Path","Minty Spire (QoL Compilation)","Quick Restart","Rare Cards Sparkle"],"gold_per_floor":[109,73,73,73,73,73,112,112,112,112,150,171,194,238,238,238,238],"floor_reached":16,"playtime":635,"items_purged":[],"score":232,"play_id":"9a0c6590-de94-4a69-a34f-85230b7dadda","local_time":"20201225182802","is_ascension_mode":true,"campfire_choices":[{"floor":6.0,"key":"REST"},{"data":"Turbo","floor":8.0,"key":"SMITH"},{"floor":10.0,"key":"REST"},{"floor":15.0,"key":"REST"}],"circlet_count":0,"master_deck":["AscendersBane","Strike_B+1","Strike_B","Strike_B","Strike_B+1","Defend_B+1","Defend_B+1","Defend_B","Defend_B","Zap+1","Dualcast","Sweeping Beam+1","Turbo+1","Sweeping Beam","Beam Cell+1","Ball Lightning","Glacier"],"relics":["Cracked Core","Golden Idol","Potion Belt","The Courier","War Paint","Whetstone"],"acts_visited":["Exordium"],"potions_floor_usage":[16],"damage_taken":[{"damage":11.0,"enemies":"Small Slimes","floor":1.0,"turns":3.0},{"damage":14.0,"enemies":"Gremlin Nob","floor":7.0,"turns":3.0},{"damage":20.0,"enemies":"3 Sentries","floor":11.0,"turns":4.0},{"damage":0.0,"enemies":"2 Louse","floor":12.0,"turns":2.0},{"damage":0.0,"enemies":"Cultist","floor":13.0,"turns":3.0},{"damage":24.0,"enemies":"Lagavulin","floor":14.0,"turns":4.0},{"damage":41,"enemies":"Slime Boss","floor":16,"turns":7}],"seed_played":"4348824345842019454","potions_obtained":[{"floor":0.0,"key":"Fruit Juice"},{"floor":0.0,"key":"FearPotion"},{"floor":0.0,"key":"Dexterity Potion"},{"floor":7.0,"key":"Explosive Potion"},{"floor":11.0,"key":"Ancient Potion"},{"floor":14.0,"key":"Ancient Potion"}],"is_trial":false,"path_per_floor":["M","?","?","?","?","R","E","R","T","R","E","M","M","E","R","B"],"character_chosen":"DEFECT","items_purchased":[],"campfire_rested":3,"item_purchase_floors":[],"current_hp_per_floor":[58,58,58,37,37,57,43,43,43,63,43,43,43,19,39,0,0],"gold":238,"neow_bonus":"THREE_SMALL_POTIONS","is_daily":false,"chose_seed":false,"campfire_upgraded":1,"win_rate":0.0,"timestamp":1608883082,"path_taken":["M","?","?","?","?","R","E","R","T","R","E","M","M","E","R","BOSS"],"items_purchased_type":[],"build_version":"2020-12-22","purchased_purges":0,"victory":false,"max_hp_per_floor":[76,76,69,69,69,69,69,69,69,69,69,69,69,69,69,69,69],"card_choices":[{"not_picked":["Beam Cell","Steam"],"picked":"Sweeping Beam","floor":1.0},{"not_picked":["Blizzard","Meteor Strike"],"picked":"Turbo","floor":7.0},{"not_picked":["Stack","Barrage"],"picked":"Sweeping Beam","floor":11.0},{"not_picked":["Redo","Conserve Battery"],"picked":"Beam Cell","floor":12.0},{"not_picked":["Steam","Leap"],"picked":"Ball Lightning","floor":13.0},{"not_picked":["Defragment","Steam"],"picked":"Glacier","floor":14.0}],"player_experience":2067407,"relics_obtained":[{"floor":7.0,"key":"Potion Belt"},{"floor":9.0,"key":"The Courier"},{"floor":11.0,"key":"War Paint"},{"floor":14.0,"key":"Whetstone"}],"event_choices":[{"damage_healed":0.0,"max_hp_gain":0.0,"max_hp_loss":0.0,"gold_gain":0.0,"event_name":"World of Goop","player_choice":"Left Gold","floor":2.0,"gold_loss":36.0,"damage_taken":0.0},{"damage_healed":0.0,"max_hp_gain":0.0,"max_hp_loss":7.0,"gold_gain":0.0,"event_name":"Golden Idol","player_choice":"Lose Max HP","floor":3.0,"gold_loss":0.0,"damage_taken":0.0,"relics_obtained":["Golden Idol"]},{"damage_healed":0.0,"max_hp_gain":0.0,"max_hp_loss":0.0,"gold_gain":0.0,"event_name":"Shining Light","player_choice":"Entered Light","floor":4.0,"gold_loss":0.0,"damage_taken":21.0,"cards_upgraded":["Strike_B","Zap"]},{"damage_healed":0.0,"max_hp_gain":0.0,"max_hp_loss":0.0,"gold_gain":0.0,"event_name":"Living Wall","player_choice":"Grow","floor":5.0,"gold_loss":0.0,"damage_taken":0.0,"cards_upgraded":["Sweeping Beam"]}],"is_beta":false,"boss_relics":[],"items_purged_floors":[],"is_endless":false,"potions_floor_spawned":[7,11,14],"killed_by":"Slime Boss","ascension_level":20}}