{"host":"v1m5rkjj38qutr02","time":1608884178,"event":{"mods":["Act Like it!","BaseMod","Conspire","Gensokyo","GungeonMod","Hallownest","Minty Spire (QoL Compilation)","Replay The Spire","StSLib","The Bug Knight","Youmu£®ªÍ∆«—˝√Œ£©"],"gold_per_floor":[114,114,114,189,114,148,3,15,92,92,92,107,137,157,157,157,157],"floor_reached":16,"playtime":465,"items_purged":["Regret"],"score":140,"play_id":"fcc73ad9-de77-4189-8b09-55e83e063ce6","local_time":"20201225161618","is_ascension_mode":true,"campfire_choices":[{"data":"Crescendo","floor":11.0,"key":"SMITH"},{"data":"ForeignInfluence","floor":15,"key":"SMITH"}],"circlet_count":0,"master_deck":["Strike_P","Strike_P","Strike_P","Strike_P","Defend_P","Defend_P","Defend_P","Defend_P","Eruption","Vigilance","Adaptation","Crescendo+1","ForeignInfluence+1","Study"],"relics":["PureWater","NeowsBlessing","conspire:TopHat","DemoMod:GreenGuonStone","Anchor","Ornamental Fan","Ancient Tea Set"],"acts_visited":["Exordium"],"potions_floor_usage":[13],"damage_taken":[{"damage":0.0,"enemies":"Small Slimes","floor":1.0,"turns":1.0},{"damage":0.0,"enemies":"Gremlin Nob","floor":6.0,"turns":1.0},{"damage":0.0,"enemies":"2 Louse","floor":8.0,"turns":1.0},{"damage":0.0,"enemies":"Jaw Worm","floor":12.0,"turns":2.0},{"damage":1,"enemies":"Lagavulin","floor":13,"turns":5},{"damage":0,"enemies":"Red Slaver","floor":14,"turns":2},{"damage":91,"enemies":"Hexaghost","floor":16,"turns":12}],"seed_played":"-3178458228929725123","potions_obtained":[{"floor":1.0,"key":"Toxic Potion"},{"floor":13,"key":"Reflective Coating"}],"is_trial":false,"path_per_floor":["M","?","?","?","$","E","$","M","T","$","R","M","E","M","R","B"],"character_chosen":"WATCHER","items_purchased":["Anchor"],"campfire_rested":0,"item_purchase_floors":[7],"current_hp_per_floor":[72,72,72,61,61,61,61,61,61,61,61,61,66,66,66,5,5],"gold":157,"neow_bonus":"THREE_ENEMY_KILL","is_daily":false,"chose_seed":false,"campfire_upgraded":2,"win_rate":0.0,"timestamp":1608884178,"path_taken":["M","?","?","?","$","E","$","M","T","?","R","?","E","M","R","BOSS"],"items_purchased_type":["Relic"],"build_version":"2020-12-22","purchased_purges":1,"victory":false,"max_hp_per_floor":[72,72,72,72,72,72,72,72,72,72,72,72,72,72,72,72,72],"card_choices":[{"not_picked":["Replay:DivineShield","PathToVictory"],"picked":"Adaptation","floor":1.0},{"not_picked":["Replay:LoomingThreat","Evaluate"],"picked":"Crescendo","floor":6.0},{"not_picked":["EmptyFist","Crescendo","Replay:AtTheReady"],"picked":"SKIP","floor":8.0},{"not_picked":["BowlingBash","CutThroughFate"],"picked":"ForeignInfluence","floor":12.0},{"not_picked":["Consecrate","Collect","Replay:LoomingThreat"],"picked":"SKIP","floor":13},{"not_picked":["Replay:ManipulateFuture","SashWhip"],"picked":"Study","floor":14}],"player_experience":380796,"relics_obtained":[{"floor":6.0,"key":"DemoMod:GreenGuonStone"},{"floor":9.0,"key":"Ornamental Fan"},{"floor":13,"key":"Ancient Tea Set"}],"event_choices":[{"damage_healed":0.0,"max_hp_gain":0.0,"max_hp_loss":0.0,"gold_gain":0.0,"event_name":"conspire:Investor","player_choice":"Leave","floor":2.0,"gold_loss":0.0,"damage_taken":0.0},{"damage_healed":0.0,"max_hp_gain":0.0,"max_hp_loss":0.0,"gold_gain":0.0,"event_name":"Big Fish","player_choice":"Box","floor":3.0,"gold_loss":0.0,"damage_taken":0.0,"relics_obtained":["conspire:TopHat"],"cards_obtained":["Regret"]},{"damage_healed":0.0,"max_hp_gain":0.0,"max_hp_loss":0.0,"gold_gain":75.0,"event_name":"World of Goop","player_choice":"Gather Gold","floor":4.0,"gold_loss":0.0,"damage_taken":11.0}],"is_beta":false,"boss_relics":[],"items_purged_floors":[5],"is_endless":false,"potions_floor_spawned":[1,13],"killed_by":"Hexaghost","ascension_level":1}}