{"host":"8g24zuco0epbjwbo","time":1608928978,"event":{"mods":["BaseMod","Downfall","Minty Spire (QoL Compilation)","Relic Stats","StSLib"],"gold_per_floor":[99,99,27,27,27,62,142,156,189,189,64,92,104,104,104,104],"floor_reached":14,"playtime":406,"items_purged":[],"score":109,"play_id":"699b8494-f25a-4db7-b71b-7587699bb486","local_time":"20201225154258","is_ascension_mode":true,"campfire_choices":[{"floor":1,"key":"RECALL"},{"floor":11,"key":"REST"}],"circlet_count":0,"master_deck":["Slimebound:Strike_Slimebound","Slimebound:Strike_Slimebound","Slimebound:Tackle","Slimebound:Defend_Slimebound","Slimebound:Defend_Slimebound","Slimebound:Defend_Slimebound","Slimebound:Defend_Slimebound","Slimebound:Split","Slimebound:CorrosiveSpit","Slimebound:AcidTongue","Slimebound:SamplingLick","Slimebound:Gluttony","Slimebound:SamplingLick","Slimebound:MassRepurpose","Slimebound:GoopSpray","Slimebound:PressTheAttack","Slimebound:LevelUp","Slimebound:Schlurp"],"relics":["Slimebound:AbsorbEndCombat","downfall:HeartsMalice","Slimebound:GreedOozeRelic","Pantograph","InkBottle","Letter Opener","downfall:HeartBlessingRed","Potion Belt"],"acts_visited":["Exordium"],"potions_floor_usage":[12,12],"damage_taken":[{"damage":0,"enemies":"Cultist","floor":2,"turns":1},{"damage":0,"enemies":"downfall:FleeingMerchant","floor":3,"turns":1},{"damage":0,"enemies":"Small Slimes","floor":5,"turns":1},{"damage":42,"enemies":"Gremlin Nob","floor":6,"turns":5},{"damage":4,"enemies":"2 Louse","floor":8,"turns":2},{"damage":38,"enemies":"3 Sentries","floor":9,"turns":10},{"damage":13,"enemies":"Gremlin Nob","floor":12,"turns":3},{"damage":19,"enemies":"Exordium Thugs","floor":13,"turns":3},{"damage":13,"enemies":"Lagavulin","floor":14,"turns":3}],"seed_played":"7306762634899261009","potions_obtained":[{"floor":6,"key":"LiquidBronze"},{"floor":8,"key":"Strength Potion"},{"floor":9,"key":"SpeedPotion"},{"floor":13,"key":"CultistPotion"}],"is_trial":false,"path_per_floor":["R","M","$","?","M","E","T","M","E","?","R","E","M","E"],"character_chosen":"SLIMEBOUND","items_purchased":["Slimebound:Gluttony"],"campfire_rested":1,"item_purchase_floors":[3],"current_hp_per_floor":[60,60,60,60,60,26,26,32,8,8,26,21,10,0,0,0],"gold":104,"neow_bonus":"THREE_ENEMY_KILL","is_daily":false,"chose_seed":false,"campfire_upgraded":0,"win_rate":0.0,"timestamp":1608928978,"path_taken":["R","M","?","?","M","E","T","M","E","?","R","E","M","E"],"items_purchased_type":["Card"],"build_version":"2020-12-22","purchased_purges":0,"victory":false,"max_hp_per_floor":[60,60,60,60,60,60,60,60,60,60,60,60,60,60,60,60],"relic_stats":{"counters":[9,26],"Pantograph":0,"Letter Opener":[36],"obtain_stats":[{"Slimebound:GreedOozeRelic":4,"Potion Belt":12,"downfall:HeartBlessingRed":11,"Pantograph":6,"downfall:HeartsMalice":0,"Slimebound:AbsorbEndCombat":0,"Letter Opener":9,"InkBottle":7},{"Slimebound:GreedOozeRelic":2,"Potion Belt":7,"downfall:HeartBlessingRed":6,"Pantograph":4,"downfall:HeartsMalice":0,"Slimebound:AbsorbEndCombat":0,"Letter Opener":6,"InkBottle":4},{"Slimebound:GreedOozeRelic":0,"Potion Belt":20,"downfall:HeartBlessingRed":17,"Pantograph":5,"downfall:HeartsMalice":0,"Slimebound:AbsorbEndCombat":0,"Letter Opener":17,"InkBottle":5}],"InkBottle":[6]},"card_choices":[{"not_picked":["Slimebound:GrowthPunch","Slimebound:Schlurp"],"picked":"Slimebound:AcidTongue","floor":2},{"not_picked":["Slimebound:FinishingTackle","Slimebound:RollThrough"],"picked":"Slimebound:SamplingLick","floor":3},{"not_picked":["Slimebound:ItLooksTasty","Slimebound:DuplicatedForm"],"picked":"Slimebound:SamplingLick","floor":5},{"not_picked":["Slimebound:AcidTongue","Slimebound:ViciousTackle"],"picked":"Slimebound:MassRepurpose","floor":6},{"not_picked":["Slimebound:SlimeSpikes","Slimebound:ComboTackle"],"picked":"Slimebound:GoopSpray","floor":8},{"not_picked":["Slimebound:SplitAcid","Slimebound:GrowthPunch"],"picked":"Slimebound:PressTheAttack","floor":9},{"not_picked":["Slimebound:LeechingTouch","Slimebound:CheckThePlaybook"],"picked":"Slimebound:LevelUp","floor":12},{"not_picked":["Slimebound:HungryTackle","Slimebound:GoopTackle"],"picked":"Slimebound:Schlurp","floor":13}],"player_experience":434337,"relics_obtained":[{"floor":6,"key":"Pantograph"},{"floor":7,"key":"InkBottle"},{"floor":9,"key":"Letter Opener"},{"floor":12,"key":"Potion Belt"}],"event_choices":[{"cards_removed":["Slimebound:Strike_Slimebound"],"damage_healed":0,"gold_gain":0,"player_choice":"Card Removal","damage_taken":0,"max_hp_gain":0,"max_hp_loss":0,"event_name":"The Cleric","floor":10,"gold_loss":0}],"is_beta":false,"boss_relics":[],"items_purged_floors":[],"is_endless":false,"potions_floor_spawned":[6,8,9,13],"killed_by":"Lagavulin","ascension_level":1}}