{"host":"s8k08j4eybfen9r6","time":1608869709,"event":{"mods":["Ascension Reborn","Aspiration","BaseMod","Better Altar","Better Match","Better Note","Better Sensory Stone","Better Skull","Better Third Choice","BetterRewards","Downfall","Duelist Mod","Hubris","Minty Spire (QoL Compilation)","MostiFishMod","Rare Cards Sparkle","Shop Mod","Spicy Shops","StSLib","The Alterego","The Animator"],"gold_per_floor":[99,117,117,117,134,134,134,161,192,234,346,358,370,382,407,419,419,419],"floor_reached":16,"playtime":685,"items_purged":[],"score":102,"play_id":"07c4ad43-2d23-4fad-8ca6-38d37091a4f1","local_time":"20201225141509","is_ascension_mode":false,"campfire_choices":[{"data":"hexamod:Sear","floor":1,"key":"SMITH"},{"data":"hexamod:ExtraCrispy","floor":6,"key":"SMITH"},{"floor":13,"key":"REST"}],"circlet_count":0,"master_deck":["hexamod:Strike","hexamod:Strike","hexamod:Strike","hexamod:Strike","hexamod:Defend","hexamod:Defend","hexamod:Defend","hexamod:Defend","hexamod:Sear+1","hexamod:Float","hexamod:ExtraCrispy+1","Injury","hexamod:WildfireWeapon","hexamod:PhantomFireball+1","hexamod:EmpoweredFlame","hexamod:FifthSeal","hexamod:FirstSeal","hexamod:ThirdSeal","hexamod:Firestarter+1"],"relics":["hexamod:SpiritBrand","DaveBox","hubris:Zylophone","Nloth\u0027s Gift","Molten Egg 2","MawBank","hubris:64BitClover"],"acts_visited":["Exordium"],"potions_floor_usage":[10,10,12],"damage_taken":[{"damage":0,"enemies":"Small Slimes","floor":2,"turns":3},{"damage":0,"enemies":"2 Louse","floor":5,"turns":4},{"damage":11,"enemies":"Jaw Worm","floor":8,"turns":4},{"damage":27,"enemies":"3 Louse","floor":9,"turns":4},{"damage":8,"enemies":"3 Sentries","floor":10,"turns":7},{"damage":0,"enemies":"Exordium Thugs","floor":12,"turns":1},{"damage":18,"enemies":"Gremlin Gang","floor":15,"turns":6},{"damage":14,"enemies":"downfall:Ironclad","floor":16,"turns":2}],"seed_played":"-4498688954109797503","potions_obtained":[{"floor":8,"key":"Fire Potion"},{"floor":9,"key":"Fire Potion"},{"floor":10,"key":"SmokeBomb"}],"is_trial":false,"path_per_floor":["R","M","?","?","M","R","T","M","M","E","?","M","R","?","M","B"],"character_chosen":"THE_SPIRIT","items_purchased":[],"campfire_rested":1,"item_purchase_floors":[],"current_hp_per_floor":[49,49,49,49,49,49,49,38,11,3,3,3,24,31,13,0,0,0],"gold":419,"neow_bonus":"ONE_RARE_RELIC","is_daily":false,"chose_seed":false,"campfire_upgraded":2,"win_rate":0.0,"timestamp":1608869709,"path_taken":["R","M","?","?","M","R","T","M","M","E","?","?","R","?","M","BOSS"],"items_purchased_type":[],"build_version":"2020-12-22","purchased_purges":0,"victory":false,"max_hp_per_floor":[70,70,70,70,70,70,70,70,70,70,70,70,70,70,70,70,70,70],"card_choices":[{"not_picked":["hexamod:HeatShield","hexamod:Hexaguard"],"picked":"hexamod:ExtraCrispy","floor":2},{"not_picked":["hexamod:NightmareStrike+1","hexamod:SkipABeat"],"picked":"hexamod:PhantomFireball+1","floor":5},{"not_picked":["hexamod:GhostLash+1","hexamod:NightmareGuise"],"picked":"hexamod:EmpoweredFlame","floor":8},{"not_picked":["hexamod:FourthSeal","hexamod:NecessarySacrifice"],"picked":"hexamod:FifthSeal","floor":9},{"not_picked":["hexamod:FastForward","hexamod:SkipABeat"],"picked":"hexamod:FirstSeal","floor":10},{"not_picked":["hexamod:SecondSeal","hexamod:FourthSeal"],"picked":"hexamod:ThirdSeal","floor":15},{"not_picked":["hexamod:StepThrough+1","hexamod:PowerFromBeyond"],"picked":"hexamod:Firestarter+1","floor":15}],"player_experience":368921,"relics_obtained":[{"floor":7,"key":"MawBank"},{"floor":10,"key":"hubris:64BitClover"}],"event_choices":[],"is_beta":false,"boss_relics":[],"items_purged_floors":[],"is_endless":false,"potions_floor_spawned":[8,9,10,12],"killed_by":"downfall:Ironclad","ascension_level":0}}