{"host":"jj2vjthyc0953amx","time":1608870845,"event":{"mods":["Act Like it!","BaseMod","Conspire","Dota2Spire","Gensokyo","Lobotomy","LobotomyExtend","Minty Spire (QoL Compilation)","MostiFishMod","Replay The Spire","Shop Mod","Spicy Shops","StSLib","vexMod","【功能Mod】聪明的最终Boss","【遗物卡牌】REMEMod","残留之物","篝火指南"],"gold_per_floor":[118,129,146,146,160,187,43,83,83,83,117,117,133,133,13,114,114,127,162,209,227,246,273,290,321,321,321,335,335,420,420,240,342,342,402,402,402,413,413,116,174,179,229,276,326,370,458,477,378,408],"floor_reached":51,"playtime":7633,"items_purged":[],"score":903,"play_id":"7764dadf-b59b-4289-963c-e73de4204992","local_time":"20201225123405","is_ascension_mode":false,"campfire_choices":[{"data":"PlaceholderMod:GrowthForm","floor":12.0,"key":"SMITH"},{"data":"PlaceholderMod:Stable","floor":29.0,"key":"SMITH"}],"circlet_count":0,"master_deck":["BigBird","PlaceholderMod:BaseStrike+1","PlaceholderMod:BaseStrike","PlaceholderMod:BaseStrike","PlaceholderMod:BaseStrike","PlaceholderMod:BaseStrike","PlaceholderMod:BaseDefend","PlaceholderMod:BaseDefend","PlaceholderMod:BaseDefend","PlaceholderMod:BaseDefend","PlaceholderMod:BaseDefend","PlaceholderMod:Crystal","PlaceholderMod:PoisonWhip","PlaceholderMod:HardStrike","PlaceholderMod:EnergyAbsorb","PlaceholderMod:PoisonBlast","PlaceholderMod:EvolutionSpray","PlaceholderMod:SelfCoupling","PlaceholderMod:HighConcentration+1","PlaceholderMod:RadicalHit","PlaceholderMod:GrowthForm+1","PlaceholderMod:Assimilation+1","PlaceholderMod:Stable+1","PlaceholderMod:AbsorbTouch","PlaceholderMod:FinalSpray","PlaceholderMod:HealingAttack","PlaceholderMod:EvolutionSpray","PlaceholderMod:RadicalHit","PlaceholderMod:Stratification","Gensokyo:HouraiInAPot","PlaceholderMod:HealingAttack+1","PlaceholderMod:HardStrike","PlaceholderMod:SpinBlade+1","PlaceholderMod:ThreeBenzyolStart","PlaceholderMod:ChainPoly","PlaceholderMod:EnergyAbsorb","PlaceholderMod:EnergyAbsorb","PlaceholderMod:Inner","PlaceholderMod:SpinBlade+1","PlaceholderMod:Colorful+1","PlaceholderMod:AbsorbTouch+1","PlaceholderMod:DiffusionChemical","PlaceholderMod:ThreeBenzyolStart","PlaceholderMod:Hard+1","PlaceholderMod:Colorful","PlaceholderMod:Hard+1","PlaceholderMod:EvolutionSpray+1"],"relics":["PlaceholderMod:Tancle","DaveBox","REME_ComplimentaryCards","CogitoBucket","EGODaCapo","SynthV:TestCard","LetterFromLob","ReplayTheSpireMod:Ring of Exchange","Sling","Snack Pack","Membership Card","Dota2Spire:BlackKingBar","Dota2Spire:PhaseBoots","Oddly Smooth Stone","Divine Protection","Nilry\u0027s Codex","ChangeAnything","AtMidnight","Replay:Ringing Soul","Dota2Spire:Satanic","Bronze Scales","BrkXgEgg","Lamp_r","Vajra","conspire:InfiniteJournal","Dota2Spire:HandOfMidas","SynthV:C4","MerchantsRug","Blood Vial"],"acts_visited":["Exordium","TheCity","TheBeyond"],"potions_floor_usage":[45,50,50],"damage_taken":[{"damage":0.0,"enemies":"conspire:RoseBush","floor":1.0,"turns":3.0},{"damage":4.0,"enemies":"Jaw Worm","floor":2.0,"turns":3.0},{"damage":0.0,"enemies":"Small Slimes","floor":3.0,"turns":3.0},{"damage":12.0,"enemies":"Exordium Wildlife","floor":5.0,"turns":6.0},{"damage":12.0,"enemies":"Replay:BlueRogue","floor":6.0,"turns":11.0},{"damage":50.0,"enemies":"Looter","floor":8.0,"turns":7.0},{"damage":4.0,"enemies":"Lagavulin","floor":11.0,"turns":6.0},{"damage":2.0,"enemies":"conspire:2 RoseBushes","floor":13.0,"turns":7.0},{"damage":16.0,"enemies":"The Guardian","floor":16.0,"turns":8.0},{"damage":10.0,"enemies":"3 Byrds","floor":18.0,"turns":7.0},{"damage":23.0,"enemies":"conspire:MimicChest","floor":19.0,"turns":9.0},{"damage":35.0,"enemies":"Shell Parasite","floor":20.0,"turns":6.0},{"damage":15.0,"enemies":"Centurion and Healer","floor":21.0,"turns":5.0},{"damage":25.0,"enemies":"Cultist and Chosen","floor":22.0,"turns":6.0},{"damage":13.0,"enemies":"REME_1_Revenger","floor":23.0,"turns":5.0},{"damage":0.0,"enemies":"Snecko","floor":24.0,"turns":5.0},{"damage":21.0,"enemies":"Replay:Snechameleon","floor":25.0,"turns":4.0},{"damage":0.0,"enemies":"Sentry and Sphere","floor":28.0,"turns":13.0},{"damage":13.0,"enemies":"conspire:SneckoGhost","floor":30.0,"turns":6.0},{"damage":3.0,"enemies":"conspire:MysteriousRune","floor":33.0,"turns":7.0},{"damage":0.0,"enemies":"Orb Walker","floor":35.0,"turns":5.0},{"damage":22.0,"enemies":"3 Shapes","floor":38.0,"turns":4.0},{"damage":0,"enemies":"R_Hoarder","floor":41,"turns":6},{"damage":11,"enemies":"Writhing Mass","floor":44,"turns":5},{"damage":27,"enemies":"Jaw Worm Horde","floor":45,"turns":4},{"damage":7,"enemies":"3 Darklings","floor":46,"turns":3},{"damage":0,"enemies":"Maw","floor":47,"turns":5},{"damage":1,"enemies":"Jaw Worm Horde","floor":48,"turns":4},{"damage":42,"enemies":"conspire:OrnateMirror","floor":50,"turns":13}],"seed_played":"-8534178734868956514","potions_obtained":[{"floor":2.0,"key":"FearPotion"},{"floor":3.0,"key":"REME_GoldPotion"},{"floor":5.0,"key":"SteroidPotion"},{"floor":16.0,"key":"Dota2Spire:Clarity"},{"floor":18.0,"key":"REME_GoldPotion"},{"floor":22.0,"key":"conspire:TimeTravelPotion"},{"floor":31.0,"key":"EssenceOfSteel"},{"floor":44,"key":"Reflective Coating"},{"floor":45,"key":"GamblersBrew"},{"floor":47,"key":"SmokeBomb"},{"floor":48,"key":"Dota2Spire:Clarity"}],"is_trial":false,"path_per_floor":["M","M","M","?","M","E","R","M","T","?","E","R","M","?","R","B",null,"M","?","M","M","M","E","M","E","T","?","M","R","E","?","R","B",null,"M","?","?","M","?","R","E","$","T","M","M","M","M","M","R","B",null],"character_chosen":"THE_PLACEHOLDER","items_purchased":["Sling","PlaceholderMod:HighConcentration","PlaceholderMod:Stable","Dota2Spire:Satanic","Bronze Scales","PlaceholderMod:EnergyAbsorb","conspire:InfiniteJournal","Whetstone","Dota2Spire:HandOfMidas","MerchantsRug","Blood Vial","PlaceholderMod:EvolutionSpray+1"],"campfire_rested":0,"item_purchase_floors":[7,7,15,32,32,32,40,40,40,42,49,49],"current_hp_per_floor":[78,74,74,74,62,64,64,14,14,14,14,14,12,17,17,11,101,97,76,60,51,45,34,43,46,46,30,105,105,108,108,111,114,114,117,117,117,104,104,104,122,122,122,116,99,97,111,125,128,137],"gold":408,"neow_bonus":"","is_daily":false,"chose_seed":false,"campfire_upgraded":2,"win_rate":0.0,"timestamp":1608870845,"path_taken":["M","M","M","?","M","E","R","M","T","?","E","R","M","?","R","BOSS","M","?","M","?","M","E","M","E","T","?","M","R","E","?","R","BOSS","M","?","?","M","?","R","E","$","T","M","M","?","M","M","R","BOSS"],"items_purchased_type":["Relic","Card","Card","Relic","Relic","Card","Relic","Relic","Relic","Relic","Relic","Card"],"build_version":"2020-12-22","purchased_purges":0,"victory":true,"max_hp_per_floor":[78,78,78,78,78,92,92,92,92,92,92,92,92,97,97,101,101,101,101,101,101,101,101,101,101,101,101,105,105,108,108,111,114,114,117,117,117,120,120,120,123,123,123,126,134,137,140,148,151,151],"card_choices":[{"not_picked":["PlaceholderMod:Polyp","PlaceholderMod:Package"],"picked":"PlaceholderMod:HardStrike","floor":1.0},{"not_picked":["PlaceholderMod:Break","PlaceholderMod:ParasiteChange","PlaceholderMod:Turn","PlaceholderMod:PoisonAbsorb"],"picked":"PlaceholderMod:EnergyAbsorb","floor":2.0},{"not_picked":["PlaceholderMod:ComplexForm","PlaceholderMod:PoisonAbsorb","PlaceholderMod:OHStrongAttack","PlaceholderMod:ConsolidateHit"],"picked":"PlaceholderMod:PoisonBlast","floor":3.0},{"not_picked":["PlaceholderMod:StressReaction","PlaceholderMod:ComplexForm","PlaceholderMod:HardStinger","PlaceholderMod:RadicalHit"],"picked":"PlaceholderMod:EvolutionSpray","floor":5.0},{"not_picked":["PlaceholderMod:OHStrongAttack","PlaceholderMod:PoisonAbsorb","PlaceholderMod:TriggerStrike","PlaceholderMod:ConsolidateHit"],"picked":"PlaceholderMod:SelfCoupling","floor":6.0},{"not_picked":["PlaceholderMod:OHStrongAttack","PlaceholderMod:Break","PlaceholderMod:HornyBlast","PlaceholderMod:BlastSpray"],"picked":"PlaceholderMod:RadicalHit","floor":8.0},{"not_picked":["PlaceholderMod:CycleAttack","PlaceholderMod:PoisonExcitation","PlaceholderMod:Internalization","PlaceholderMod:Polyp"],"picked":"PlaceholderMod:GrowthForm","floor":11.0},{"not_picked":["PlaceholderMod:StressReaction","PlaceholderMod:EnergyAbsorb","PlaceholderMod:NutritionAbsorb","PlaceholderMod:HighConcentration"],"picked":"PlaceholderMod:Assimilation","floor":13.0},{"not_picked":["PlaceholderMod:GrowthForm","PlaceholderMod:HornyCollision","PlaceholderMod:FinalSpray","PlaceholderMod:DoublePoint"],"picked":"PlaceholderMod:AbsorbTouch","floor":16.0},{"not_picked":["PlaceholderMod:StressReaction","PlaceholderMod:StrongAcid+1","PlaceholderMod:MultipleOxi","PlaceholderMod:ProliferateStrike+1"],"picked":"PlaceholderMod:FinalSpray","floor":18.0},{"not_picked":["Scorched","Laetitia"],"picked":"FairyFestival","floor":19.0},{"not_picked":["PlaceholderMod:NutritionAbsorb","PlaceholderMod:OHStrongAttack+1","PlaceholderMod:TriggerStrike+1","PlaceholderMod:HighConcentration+1"],"picked":"PlaceholderMod:HealingAttack","floor":19.0},{"not_picked":["PlaceholderMod:MultipleOxi","PlaceholderMod:StressReaction","PlaceholderMod:SubstitutionNucleophilic1","PlaceholderMod:ConsolidateHit"],"picked":"PlaceholderMod:EvolutionSpray","floor":20.0},{"not_picked":["Variant","Scorched"],"picked":"QueenOfHatred","floor":21.0},{"not_picked":["PlaceholderMod:Polyp","PlaceholderMod:ConsolidateHit","PlaceholderMod:PoisonAbsorb+1","PlaceholderMod:DissolvingSpikes"],"picked":"PlaceholderMod:RadicalHit","floor":21.0},{"not_picked":["PlaceholderMod:PoisonAbsorb","PlaceholderMod:StressReaction","PlaceholderMod:FastReaction+1","PlaceholderMod:DissolvingSpikes"],"picked":"PlaceholderMod:Stratification","floor":22.0},{"not_picked":["PlaceholderMod:AttackAsDefend+1","PlaceholderMod:DoublePoint","PlaceholderMod:Turn+1","PlaceholderMod:Corrosion"],"picked":"PlaceholderMod:HealingAttack+1","floor":23.0},{"not_picked":["PlaceholderMod:EvolutionSpray","PlaceholderMod:DirectingGroup","PlaceholderMod:Turn","PlaceholderMod:PoisonAbsorb+1"],"picked":"PlaceholderMod:HardStrike","floor":24.0},{"not_picked":["PlaceholderMod:Polyp","PlaceholderMod:Corrosion","PlaceholderMod:PoisonAbsorb","PlaceholderMod:Colorful"],"picked":"PlaceholderMod:SpinBlade+1","floor":25.0},{"not_picked":["PlaceholderMod:CycleAttack","PlaceholderMod:SevereHeat","PlaceholderMod:Hard","PlaceholderMod:SpinBlade"],"picked":"PlaceholderMod:ThreeBenzyolStart","floor":28.0},{"not_picked":["PlaceholderMod:DirectingGroup+1","PlaceholderMod:ParasiteChange","PlaceholderMod:PoisonAbsorb+1","PlaceholderMod:ConsolidateHit"],"picked":"PlaceholderMod:ChainPoly","floor":30.0},{"not_picked":["WhitesApple","QueenBee"],"picked":"BigBird","floor":33.0},{"not_picked":["PlaceholderMod:Activation","PlaceholderMod:DoublePoint","PlaceholderMod:FinalSpray","PlaceholderMod:MultiReaction"],"picked":"PlaceholderMod:Inner","floor":33.0},{"not_picked":["PlaceholderMod:FastReaction","PlaceholderMod:ContinueSpray+1","PlaceholderMod:RadicalHit","PlaceholderMod:StressReaction+1"],"picked":"PlaceholderMod:SpinBlade+1","floor":35.0},{"not_picked":["PlaceholderMod:StressReaction+1","PlaceholderMod:CrystallizationStrike","PlaceholderMod:HardStinger","PlaceholderMod:Internalization"],"picked":"PlaceholderMod:Colorful+1","floor":38.0},{"not_picked":["PlaceholderMod:Corrosion+1","PlaceholderMod:NutritionAbsorb+1","PlaceholderMod:SpinBlade+1","PlaceholderMod:CycleAttack+1"],"picked":"PlaceholderMod:AbsorbTouch+1","floor":41},{"not_picked":["VoidDream","PlagueDoctor"],"picked":"DespairKnight","floor":44},{"not_picked":["PlaceholderMod:PoisonExcitation","PlaceholderMod:ConsolidateHit+1","PlaceholderMod:StrongAcid","PlaceholderMod:EvolutionSpray+1"],"picked":"PlaceholderMod:DiffusionChemical","floor":44},{"not_picked":["PlaceholderMod:NutritionAbsorb+1","PlaceholderMod:HighConcentration+1","PlaceholderMod:HardStinger","PlaceholderMod:SpinBlade"],"picked":"PlaceholderMod:ThreeBenzyolStart","floor":45},{"not_picked":["PlaceholderMod:Sweep","PlaceholderMod:SprayAttack","PlaceholderMod:DiffusionChemical+1","PlaceholderMod:AttackAsDefend+1"],"picked":"PlaceholderMod:Hard+1","floor":46},{"not_picked":["PlaceholderMod:SprayAttack","PlaceholderMod:HardStinger","PlaceholderMod:HornyBlast","PlaceholderMod:PoisonAbsorb"],"picked":"PlaceholderMod:Colorful","floor":47},{"not_picked":["PlaceholderMod:Hyperplasia","PlaceholderMod:DissolvingSpikes","PlaceholderMod:NearChange","PlaceholderMod:SelectReaction"],"picked":"PlaceholderMod:Hard+1","floor":48}],"player_experience":401,"relics_obtained":[{"floor":1.0,"key":"SynthV:TestCard"},{"floor":1.0,"key":"LetterFromLob"},{"floor":4.0,"key":"ReplayTheSpireMod:Ring of Exchange"},{"floor":6.0,"key":"Mango"},{"floor":9.0,"key":"Snack Pack"},{"floor":11.0,"key":"Dota2Spire:LotusOrb"},{"floor":19.0,"key":"Dota2Spire:BlackKingBar"},{"floor":23.0,"key":"Dota2Spire:PhaseBoots"},{"floor":25.0,"key":"Oddly Smooth Stone"},{"floor":26.0,"key":"Divine Protection"},{"floor":27.0,"key":"Nilry\u0027s Codex"},{"floor":28.0,"key":"AtMidnight"},{"floor":30.0,"key":"Replay:Ringing Soul"},{"floor":41,"key":"SynthV:C4"}],"event_choices":[{"damage_healed":0.0,"max_hp_gain":0.0,"max_hp_loss":0.0,"gold_gain":0.0,"event_name":"Living Wall","player_choice":"Grow","floor":10.0,"gold_loss":0.0,"damage_taken":0.0,"cards_upgraded":["PlaceholderMod:HighConcentration"]},{"damage_healed":0.0,"max_hp_gain":5.0,"max_hp_loss":0.0,"gold_gain":0.0,"event_name":"Big Fish","player_choice":"Donut","floor":14.0,"gold_loss":0.0,"damage_taken":0.0},{"damage_healed":0.0,"max_hp_gain":0.0,"max_hp_loss":0.0,"gold_gain":0.0,"event_name":"Cursed Tome","player_choice":"Obtained Book","floor":27.0,"gold_loss":0.0,"damage_taken":16.0},{"damage_healed":0.0,"max_hp_gain":0.0,"max_hp_loss":0.0,"gold_gain":0.0,"event_name":"Tomb of Lord Red Mask","player_choice":"Ignored","floor":36.0,"gold_loss":0.0,"damage_taken":0.0},{"cards_removed":["FairyFestival"],"damage_healed":0.0,"max_hp_gain":0.0,"max_hp_loss":0.0,"gold_gain":0.0,"event_name":"Falling","player_choice":"Removed Skill","floor":37.0,"gold_loss":0.0,"damage_taken":0.0},{"damage_healed":0.0,"max_hp_gain":0.0,"max_hp_loss":0.0,"gold_gain":0.0,"event_name":"WeMeetAgain","player_choice":"Gave Potion","floor":39.0,"gold_loss":0.0,"damage_taken":0.0,"relics_obtained":["Vajra"]}],"is_beta":false,"boss_relics":[{"not_picked":["ReplayTheSpireMod:DimensionalGlitch","Technique"],"picked":"Membership Card"},{"not_picked":["BirthdayGift-Tetrahedron","Snecko Eye"],"picked":"BrkXgEgg"}],"items_purged_floors":[],"is_endless":false,"potions_floor_spawned":[2,3,5,16,18,22,24,35,44,45,47,48],"ascension_level":0}}