{"host":"ywbsnexmk111etbw","time":1608867894,"event":{"mods":["Act Like it!","BaseMod","Beaked The Cultist","Colored Powertips","Curses Come First","Downfall","Hubris","Infinite Spire","Marisa????????","Minty Spire (QoL Compilation)","Pale of the Ancients","Permanent Neow","Replay The Spire","StSLib","The Cursed","The Dragon Tamer","The Mystic","The Necromancer","Wandering Minibosses"],"gold_per_floor":[116,136,155,8,8,8,8,8],"floor_reached":7,"playtime":310,"items_purged":[],"score":43,"play_id":"6288d18d-1c32-4fc6-88cb-8c1f6132da25","local_time":"20201224224454","is_ascension_mode":true,"campfire_choices":[{"data":"beaked:MachineEssence","floor":6,"key":"SMITH"}],"circlet_count":0,"master_deck":["beaked:Strike_Y","beaked:Strike_Y","beaked:Strike_Y","beaked:Strike_Y","beaked:Strike_Y","beaked:Strike_Y","beaked:Defend_Y","beaked:Defend_Y","beaked:Defend_Y","beaked:Defend_Y","beaked:Ceremony","beaked:Ceremony","beaked:Ceremony","beaked:DigDeep","beaked:MachineEssence+1","beaked:Windmill"],"relics":["Sizzling Blood","beaked:ThroatLozenge","infinitespire:Cubic Diamond"],"acts_visited":["Exordium"],"potions_floor_usage":[7],"damage_taken":[{"damage":12,"enemies":"Cultist","floor":1,"turns":5},{"damage":11,"enemies":"Small Slimes","floor":2,"turns":5},{"damage":22,"enemies":"Jaw Worm","floor":3,"turns":6},{"damage":36,"enemies":"3 Sentries","floor":7,"turns":4}],"seed_played":"-335462556273384844","potions_obtained":[{"floor":2,"key":"champ:CounterPotion"},{"floor":3,"key":"Adrenaline Potion"}],"is_trial":false,"path_per_floor":["M","M","M","$","?","R","E"],"character_chosen":"BEAKED_THE_CULTIST","items_purchased":["beaked:ThroatLozenge"],"campfire_rested":0,"item_purchase_floors":[4],"current_hp_per_floor":[48,52,45,45,45,45,9,9],"gold":8,"neow_bonus":"TEN_PERCENT_HP_BONUS","is_daily":false,"chose_seed":false,"campfire_upgraded":1,"win_rate":0.0,"timestamp":1608867894,"path_taken":["M","?","M","$","?","R","E"],"items_purchased_type":["Relic"],"build_version":"2020-12-22","purchased_purges":0,"victory":false,"max_hp_per_floor":[55,55,55,55,55,55,55,55],"card_choices":[{"not_picked":["beaked:Foresight","beaked:Flinch"],"picked":"beaked:DigDeep","floor":1},{"not_picked":["beaked:Tweet","beaked:Foresight"],"picked":"beaked:MachineEssence","floor":2},{"not_picked":["beaked:Struggle","beaked:HuntressEssence"],"picked":"beaked:Windmill","floor":3}],"player_experience":142675,"relics_obtained":[],"event_choices":[],"is_beta":false,"boss_relics":[],"items_purged_floors":[],"is_endless":false,"potions_floor_spawned":[2,3],"killed_by":"3 Sentries","ascension_level":1}}