{"host":"ci7ivtocgfxh0ueo","time":1608864387,"event":{"mods":["BaseMod","GifTheSpireLib","Minty Spire (QoL Compilation)","StSLib"],"gold_per_floor":[119,129,204,204,214,214,226,255,278,278,291,25,25,1,1,73,73,87,362,31,46,46,46,66,85,85,110,1,1,1,18,18,18,18],"floor_reached":33,"playtime":1227,"items_purged":["Regret"],"score":490,"play_id":"094a472d-07af-4172-a00f-bd691be151bf","local_time":"20201225104627","is_ascension_mode":true,"campfire_choices":[{"data":"Neutralize","floor":6,"key":"SMITH"},{"data":"Tactician","floor":10,"key":"SMITH"},{"data":"Footwork","floor":13,"key":"SMITH"},{"floor":15,"key":"REST"},{"data":"Envenom","floor":23,"key":"SMITH"},{"floor":29,"key":"REST"},{"floor":32,"key":"REST"}],"circlet_count":0,"master_deck":["AscendersBane","Survivor","Neutralize+1","Setup","Escape Plan","Concentrate","Malaise","Predator","Well Laid Plans","Poisoned Stab","Envenom+1","Unload","Tactician+1","Reflex","Calculated Gamble","Heel Hook","Footwork+1","Sucker Punch","After Image","Underhanded Strike","Deep Breath","Venomology","All Out Attack"],"relics":["Pandora\u0027s Box","PreservedInsect","Snake Skull","Mummified Hand","WristBlade","Omamori","Akabeko","Smiling Mask","Ginger"],"acts_visited":["Exordium","TheCity"],"potions_floor_usage":[7,8,11,21,21,25,27,27,31,33,33,33,33],"damage_taken":[{"damage":0,"enemies":"2 Louse","floor":1,"turns":1},{"damage":8,"enemies":"Small Slimes","floor":2,"turns":3},{"damage":3,"enemies":"Cultist","floor":5,"turns":4},{"damage":3,"enemies":"Blue Slaver","floor":7,"turns":4},{"damage":28,"enemies":"3 Sentries","floor":8,"turns":8},{"damage":0,"enemies":"Red Slaver","floor":11,"turns":2},{"damage":14,"enemies":"Hexaghost","floor":16,"turns":8},{"damage":3,"enemies":"Chosen","floor":18,"turns":5},{"damage":11,"enemies":"2 Thieves","floor":21,"turns":3},{"damage":21,"enemies":"3 Cultists","floor":24,"turns":5},{"damage":1,"enemies":"Centurion and Healer","floor":25,"turns":3},{"damage":6,"enemies":"Gremlin Leader","floor":27,"turns":6},{"damage":34,"enemies":"Shelled Parasite and Fungi","floor":31,"turns":6},{"damage":62,"enemies":"Automaton","floor":33,"turns":6}],"seed_played":"8888491088650282177","potions_obtained":[{"floor":1,"key":"ColorlessPotion"},{"floor":5,"key":"LiquidMemories"},{"floor":8,"key":"SneckoOil"},{"floor":16,"key":"SkillPotion"},{"floor":18,"key":"Block Potion"},{"floor":24,"key":"GamblersBrew"},{"floor":27,"key":"BlessingOfTheForge"}],"is_trial":false,"path_per_floor":["M","M","?","?","M","R","M","E","T","R","M","$","R","$","R","B",null,"M","?","$","M","?","R","M","M","T","E","$","R","?","M","R","B"],"character_chosen":"THE_SILENT","items_purchased":["Mummified Hand","Sucker Punch","Deep Breath","Omamori","FairyPotion"],"campfire_rested":3,"item_purchase_floors":[12,14,20,20,28],"current_hp_per_floor":[59,51,40,66,63,63,60,32,32,32,32,32,32,32,51,37,59,56,56,56,45,45,45,24,23,23,17,17,36,36,2,21,0,0],"gold":18,"neow_bonus":"BOSS_RELIC","is_daily":false,"chose_seed":false,"campfire_upgraded":4,"win_rate":0.0,"timestamp":1608864387,"path_taken":["M","M","?","?","M","R","?","E","T","R","M","$","R","$","R","BOSS","M","?","$","?","?","R","M","M","T","E","$","R","?","?","R","BOSS"],"items_purchased_type":["Relic","Card","Card","Relic","Potion"],"build_version":"2020-12-22","purchased_purges":1,"victory":false,"max_hp_per_floor":[66,66,66,66,66,66,66,66,66,66,66,66,66,66,66,66,66,66,66,66,66,66,66,66,66,66,66,66,66,66,66,66,66,66],"card_choices":[{"not_picked":["Dodge and Roll","Flying Knee","Dagger Spray"],"picked":"SKIP","floor":1},{"not_picked":["Deadly Poison","Reflex"],"picked":"Tactician","floor":2},{"not_picked":["Cloak And Dagger","Noxious Fumes"],"picked":"Reflex","floor":5},{"not_picked":["Riddle With Holes","Reflex"],"picked":"Calculated Gamble","floor":7},{"not_picked":["Predator","Outmaneuver"],"picked":"Heel Hook","floor":8},{"not_picked":["Acrobatics","Night Terror"],"picked":"Footwork","floor":11},{"not_picked":["Glass Knife","Malaise"],"picked":"After Image","floor":16},{"not_picked":["PiercingWail","Deadly Poison"],"picked":"Underhanded Strike","floor":18},{"not_picked":["Dagger Spray","Backflip","Masterful Stab"],"picked":"SKIP","floor":21},{"not_picked":["Quick Slash","Dodge and Roll+1"],"picked":"Venomology","floor":24},{"not_picked":["Dodge and Roll","Masterful Stab+1"],"picked":"All Out Attack","floor":25},{"not_picked":["Dagger Throw","Bane","Blade Dance"],"picked":"SKIP","floor":27},{"not_picked":["Setup","Finisher","Dodge and Roll"],"picked":"SKIP","floor":31}],"player_experience":1297855,"relics_obtained":[{"floor":8,"key":"PreservedInsect"},{"floor":9,"key":"Snake Skull"},{"floor":26,"key":"Smiling Mask"},{"floor":27,"key":"Ginger"}],"event_choices":[{"damage_healed":0,"gold_gain":75,"player_choice":"Gather Gold","damage_taken":11,"max_hp_gain":0,"max_hp_loss":0,"event_name":"World of Goop","floor":3,"gold_loss":0},{"damage_healed":26,"gold_gain":0,"player_choice":"Full Heal","damage_taken":0,"max_hp_gain":0,"max_hp_loss":0,"event_name":"Wheel of Change","floor":4,"gold_loss":0},{"damage_healed":0,"gold_gain":275,"player_choice":"Desecrate","damage_taken":0,"max_hp_gain":0,"max_hp_loss":0,"event_name":"Golden Shrine","floor":19,"gold_loss":0,"cards_obtained":["Regret"]},{"damage_healed":0,"gold_gain":0,"player_choice":"Opened","damage_taken":0,"relics_obtained":["Akabeko"],"max_hp_gain":0,"max_hp_loss":0,"event_name":"The Mausoleum","floor":22,"gold_loss":0,"cards_obtained":["Writhe"]},{"cards_removed":["Accuracy"],"damage_healed":0,"gold_gain":0,"player_choice":"Purged","damage_taken":0,"max_hp_gain":0,"max_hp_loss":0,"event_name":"Purifier","floor":30,"gold_loss":0}],"is_beta":false,"boss_relics":[{"not_picked":["Velvet Choker","Fusion Hammer"],"picked":"WristBlade"}],"items_purged_floors":[20],"is_endless":false,"potions_floor_spawned":[1,5,8,16,18,24,27,31],"killed_by":"Automaton","ascension_level":17}}