{"host":"63rwe7p34ct1i0qu","time":1608898046,"event":{"mods":["BaseMod","Colored Map","DeckTracker","Minty Spire (QoL Compilation)","Permanent Neow","Quick Restart","StSLib"],"gold_per_floor":[16,33,46,46,66,66,99,3,3,14,24,24,24,41,41,145,145,165,165,179,94,49,49,83,83,83,96,110,144,144,154,154,249,249,267,217,230,230,246,246,280,280,327,339,386,386,386,386,386,386],"floor_reached":51,"playtime":3178,"items_purged":["Infernal Blade"],"score":1235,"play_id":"b9b2ef65-c6dd-4376-a030-c6982ff4747a","local_time":"20201225210726","is_ascension_mode":true,"campfire_choices":[{"data":"Sword Boomerang","floor":6.0,"key":"SMITH"},{"data":"Demon Form","floor":13,"key":"SMITH"},{"data":"Battle Trance","floor":15,"key":"SMITH"},{"data":"Body Slam","floor":23,"key":"SMITH"},{"data":"Barricade","floor":32,"key":"SMITH"},{"data":"Entrench","floor":40,"key":"SMITH"},{"data":"Corruption","floor":42,"key":"SMITH"},{"data":"Body Slam","floor":47,"key":"SMITH"},{"data":"Seeing Red","floor":49,"key":"SMITH"}],"circlet_count":0,"master_deck":["Demon Form+1","Second Wind","Battle Trance+1","Sword Boomerang+1","Shrug It Off","Feel No Pain","Power Through","Shrug It Off","Feed","Reaper","Offering","Seeing Red+1","Impervious","Intimidate","Sentinel","Barricade+1","Bloodletting","Body Slam+1","Battle Trance","Body Slam+1","Burning Pact+1","Power Through","Battle Trance+1","Entrench+1","Body Slam+1","Corruption+1"],"relics":["Burning Blood","HornCleat","Gremlin Horn","Eternal Feather","Smiling Mask","Pandora\u0027s Box","Blue Candle","Sundial","MutagenicStrength","Pen Nib","Regal Pillow","SacredBark","Paper Frog","Toy Ornithopter","Ginger","Bottled Tornado"],"acts_visited":["TheCity","TheBeyond"],"potions_floor_usage":[10,16,20,27,31,33,41],"damage_taken":[{"damage":11.0,"enemies":"Cultist","floor":1.0,"turns":4.0},{"damage":1.0,"enemies":"Small Slimes","floor":2.0,"turns":5.0},{"damage":12.0,"enemies":"Jaw Worm","floor":3.0,"turns":3.0},{"damage":14.0,"enemies":"Large Slime","floor":5.0,"turns":6.0},{"damage":24.0,"enemies":"Gremlin Nob","floor":7.0,"turns":4.0},{"damage":12,"enemies":"Exordium Wildlife","floor":10,"turns":4},{"damage":5,"enemies":"Blue Slaver","floor":11,"turns":5},{"damage":0,"enemies":"Looter","floor":14,"turns":4},{"damage":16,"enemies":"The Guardian","floor":16,"turns":9},{"damage":12,"enemies":"Chosen","floor":18,"turns":7},{"damage":12,"enemies":"Spheric Guardian","floor":20,"turns":4},{"damage":9,"enemies":"Gremlin Leader","floor":24,"turns":4},{"damage":18,"enemies":"Cultist and Chosen","floor":27,"turns":4},{"damage":9,"enemies":"Centurion and Healer","floor":28,"turns":4},{"damage":9,"enemies":"Book of Stabbing","floor":29,"turns":4},{"damage":6,"enemies":"Sentry and Sphere","floor":31,"turns":11},{"damage":35,"enemies":"Automaton","floor":33,"turns":8},{"damage":3,"enemies":"3 Shapes","floor":35,"turns":4},{"damage":13,"enemies":"3 Darklings","floor":37,"turns":4},{"damage":6,"enemies":"Sphere and 2 Shapes","floor":39,"turns":2},{"damage":9,"enemies":"Nemesis","floor":41,"turns":7},{"damage":3,"enemies":"Spire Growth","floor":44,"turns":5},{"damage":20,"enemies":"2 Orb Walkers","floor":45,"turns":2},{"damage":9,"enemies":"Awakened One","floor":50,"turns":5}],"seed_played":"-5126104892206257246","potions_obtained":[{"floor":2.0,"key":"BloodPotion"},{"floor":10,"key":"LiquidMemories"},{"floor":11,"key":"PowerPotion"},{"floor":14,"key":"BloodPotion"},{"floor":16,"key":"PowerPotion"},{"floor":20,"key":"SteroidPotion"},{"floor":27,"key":"Block Potion"},{"floor":29,"key":"SmokeBomb"},{"floor":31,"key":"Block Potion"},{"floor":35,"key":"Ancient Potion"},{"floor":41,"key":"SteroidPotion"}],"is_trial":false,"path_per_floor":["M","M","M","?","M","R","E","?","T","M","M","T","R","M","R","B",null,"M","?","M","?","$","R","E","?","T","M","M","E","?","M","R","B",null,"M","$","M","?","M","R","E","R","T","M","?","?","R","T","R","B",null],"character_chosen":"IRONCLAD","items_purchased":["Body Slam"],"campfire_rested":0,"item_purchase_floors":[22],"current_hp_per_floor":[67,72,66,71,63,63,45,45,45,56,57,57,66,72,81,71,82,85,85,79,79,79,85,82,82,82,77,84,85,85,88,88,68,83,91,91,84,84,84,91,91,91,91,94,80,80,94,94,94,92],"gold":386,"neow_bonus":"THREE_RARE_CARDS","is_daily":false,"chose_seed":false,"campfire_upgraded":9,"win_rate":0.0,"timestamp":1608898046,"path_taken":["M","?","M","?","M","R","E","?","T","M","?","?","R","M","R","BOSS","M","?","M","?","?","R","E","?","T","?","M","E","?","M","R","BOSS","M","$","M","?","?","R","E","R","T","M","?","?","R","?","R","BOSS"],"items_purchased_type":["Card"],"build_version":"2020-12-22","purchased_purges":1,"victory":true,"max_hp_per_floor":[80,80,80,85,85,85,85,85,85,85,85,85,85,85,85,85,85,85,85,85,85,85,85,85,85,85,85,85,85,85,88,88,88,88,91,91,91,91,91,91,91,91,91,94,94,94,94,94,94,94],"card_choices":[{"not_picked":["Corruption","Offering"],"picked":"Demon Form","floor":0.0},{"not_picked":["Warcry","Dark Embrace"],"picked":"Second Wind","floor":1.0},{"not_picked":["Feel No Pain","Power Through"],"picked":"Battle Trance","floor":2.0},{"not_picked":["Intimidate","Twin Strike","Searing Blow"],"picked":"SKIP","floor":3.0},{"not_picked":["Rage","Cleave"],"picked":"Sword Boomerang","floor":5.0},{"not_picked":["Thunderclap","Clash"],"picked":"Shrug It Off","floor":7.0},{"not_picked":["Warcry","Armaments"],"picked":"Feel No Pain","floor":10},{"not_picked":["Uppercut","Havoc"],"picked":"Power Through","floor":11},{"not_picked":["Anger","Wild Strike"],"picked":"Shrug It Off","floor":14},{"not_picked":["Immolate","Fiend Fire"],"picked":"Feed","floor":16},{"not_picked":["Armaments","Cleave","Flame Barrier"],"picked":"SKIP","floor":18},{"not_picked":["Feel No Pain","Perfected Strike+1"],"picked":"Battle Trance","floor":20},{"not_picked":["Intimidate","Warcry"],"picked":"Burning Pact+1","floor":24},{"not_picked":["Shrug It Off","Clothesline"],"picked":"Power Through","floor":27},{"not_picked":["Disarm","Havoc"],"picked":"Battle Trance+1","floor":28},{"not_picked":["Flame Barrier","Wild Strike+1"],"picked":"Entrench","floor":29},{"not_picked":["Fiend Fire","Ghostly Armor"],"picked":"Body Slam+1","floor":31},{"not_picked":["Double Tap","Reaper"],"picked":"Corruption","floor":33},{"not_picked":["Anger","Battle Trance","Rupture+1"],"picked":"SKIP","floor":35},{"not_picked":["Anger","Battle Trance","Rupture+1"],"picked":"SKIP","floor":35},{"not_picked":["Reckless Charge","Bloodletting","Armaments"],"picked":"SKIP","floor":37},{"not_picked":["Wild Strike+1","Clash+1","Exhume"],"picked":"SKIP","floor":39},{"not_picked":["Clash","Twin Strike","Heavy Blade+1"],"picked":"SKIP","floor":41},{"not_picked":["Pummel","Heavy Blade","Searing Blow+1"],"picked":"SKIP","floor":44}],"player_experience":812049,"relics_obtained":[{"floor":7.0,"key":"HornCleat"},{"floor":9.0,"key":"Eternal Feather"},{"floor":12,"key":"Smiling Mask"},{"floor":24,"key":"Sundial"},{"floor":26,"key":"Pen Nib"},{"floor":29,"key":"Regal Pillow"},{"floor":41,"key":"Paper Frog"},{"floor":43,"key":"Toy Ornithopter"},{"floor":45,"key":"Ginger"},{"floor":48,"key":"Bottled Tornado"}],"event_choices":[{"damage_healed":0.0,"max_hp_gain":5.0,"max_hp_loss":0.0,"gold_gain":0.0,"event_name":"Big Fish","player_choice":"Donut","floor":4.0,"gold_loss":0.0,"damage_taken":0.0},{"damage_healed":0.0,"max_hp_gain":0.0,"max_hp_loss":0.0,"gold_gain":0.0,"event_name":"WeMeetAgain","player_choice":"Paid Gold","floor":8.0,"gold_loss":96.0,"damage_taken":0.0,"relics_obtained":["Gremlin Horn"]},{"damage_healed":0,"gold_gain":0,"player_choice":"Read","damage_taken":0,"max_hp_gain":0,"max_hp_loss":0,"event_name":"The Library","floor":19,"gold_loss":0,"cards_obtained":["Body Slam"]},{"damage_healed":0,"gold_gain":0,"player_choice":"Obtained Relic","damage_taken":0,"relics_obtained":["Blue Candle"],"max_hp_gain":0,"max_hp_loss":0,"event_name":"Addict","floor":21,"gold_loss":85},{"damage_healed":0,"gold_gain":0,"player_choice":"Inject Mutagens","damage_taken":0,"relics_obtained":["MutagenicStrength"],"max_hp_gain":0,"max_hp_loss":0,"event_name":"Drug Dealer","floor":25,"gold_loss":0},{"damage_healed":0,"gold_gain":0,"player_choice":"Ignored","damage_taken":0,"max_hp_gain":0,"max_hp_loss":0,"event_name":"Vampires","floor":30,"gold_loss":0},{"damage_healed":0,"gold_gain":0,"player_choice":"Ignored","damage_taken":0,"max_hp_gain":0,"max_hp_loss":0,"event_name":"SecretPortal","floor":38,"gold_loss":0},{"damage_healed":0,"gold_gain":0,"player_choice":"Fight","damage_taken":0,"max_hp_gain":0,"max_hp_loss":0,"event_name":"Mysterious Sphere","floor":45,"gold_loss":0},{"cards_removed":["Bash"],"damage_healed":0,"gold_gain":0,"player_choice":"Removed Attack","damage_taken":0,"max_hp_gain":0,"max_hp_loss":0,"event_name":"Falling","floor":46,"gold_loss":0}],"is_beta":false,"boss_relics":[{"not_picked":["Calling Bell","Busted Crown"],"picked":"Pandora\u0027s Box"},{"not_picked":["Snecko Eye","Mark of Pain"],"picked":"SacredBark"}],"items_purged_floors":[36],"is_endless":false,"potions_floor_spawned":[2,10,11,14,16,20,27,29,31,35,37,41],"ascension_level":9}}