{"host":"cz3p2o9n3b1gdmkz","time":1608906025,"event":{"mods":["AchievementEnabler","BaseMod","CapriCore","GungeonMod","Hermit","Lobotomy","Minty Spire (QoL Compilation)","Replay The Spire","Shop Mod","StSLib","SuperFastMode","The Cursed","The Dragon Tamer","The Gatherer","The Jungle","The Poker Player","The Runesmith"],"gold_per_floor":[17,32,32,10,24,24,24,24,98,123,137,207,217,236,236,338,338,352,364,376,291,306,306,341,341,341,375,393,428,518,89,89,192,192,209,209,209,219,234,234,82,110,110,110,136,136,168,22,22,22,22,22,22,22,55,55],"floor_reached":57,"playtime":2651,"items_purged":["Gatherer:Defend_Gatherer"],"score":1546,"play_id":"da662d90-9f2e-4273-b51d-b7f512af8576","local_time":"20201225232025","is_ascension_mode":true,"metric_token":1117,"campfire_choices":[{"data":"Gatherer:Centralize","floor":6.0,"key":"SMITH"},{"data":"Gatherer:FlowerWhip","floor":8.0,"key":"SMITH"},{"data":"Gatherer:AlchemyTrial","floor":15.0,"key":"SMITH"},{"data":"Gatherer:PoisonMastery","floor":23.0,"key":"SMITH"},{"data":"Gatherer:EnergyBasket","floor":25,"key":"SMITH"},{"floor":32,"key":"REST"},{"data":"Gatherer:MindSearch","floor":40,"key":"SMITH"},{"data":"Gatherer:SealedBomb","floor":44,"key":"SMITH"},{"floor":49,"key":"RECALL"},{"floor":53,"key":"REST"}],"circlet_count":0,"master_deck":["Gatherer:Strike_Gatherer","Gatherer:Strike_Gatherer+1","Gatherer:Strike_Gatherer","Gatherer:Strike_Gatherer","Gatherer:Defend_Gatherer+1","Gatherer:Defend_Gatherer","Gatherer:Defend_Gatherer","Gatherer:Defend_Gatherer","Gatherer:Centralize+1","Gatherer:FlowerWhip+2","Gatherer:SealedBomb+1","Gatherer:EnergyBasket+1","Gatherer:Snatch","Gatherer:AlchemyTrial+1","Gatherer:DrugPower","Gatherer:Liquidism","Gatherer:PoisonMastery+1","Gatherer:BlackTea","Gatherer:FlamingBottle","Gatherer:MindSearch+1","Gatherer:EchoOfNature","Gatherer:SealedBomb"],"relics":["Gatherer:AlchemyBag","Pocketwatch","Ring of Fury","White Beast Statue","DemoMod:BlueGuonStone","TungstenRod","Bottled Flame","Runic Pyramid","Blue Doll","DemoMod:DecoyRelic","Akabeko","Gremlin Food","Bottled Lightning","SlaversCollar","Orichalcum","DollysMirror","Replay:Accelerometer","Gatherer:FloralEgg","FossilizedHelix","Potion Belt","Replay:Mystery Machine","Toy Ornithopter"],"acts_visited":["Exordium","TheCity","TheBeyond","TheEnding"],"potions_floor_usage":[24,24,29,29,29,33,33,33,39,42,42,45,50,56,56,56,56,56],"damage_taken":[{"damage":1.0,"enemies":"Cultist","floor":1.0,"turns":3.0},{"damage":5.0,"enemies":"2 Louse","floor":2.0,"turns":3.0},{"damage":4.0,"enemies":"Jaw Worm","floor":5.0,"turns":3.0},{"damage":0.0,"enemies":"Lagavulin","floor":10.0,"turns":3.0},{"damage":0.0,"enemies":"Lots of Slimes","floor":11.0,"turns":4.0},{"damage":0.0,"enemies":"3 Louse","floor":13.0,"turns":2.0},{"damage":0.0,"enemies":"Looter","floor":14.0,"turns":1.0},{"damage":8.0,"enemies":"Hexaghost","floor":16.0,"turns":6.0},{"damage":0.0,"enemies":"Spheric Guardian","floor":18.0,"turns":2.0},{"damage":7.0,"enemies":"Chosen","floor":19.0,"turns":2.0},{"damage":3.0,"enemies":"Centurion and Healer","floor":20.0,"turns":4.0},{"damage":0.0,"enemies":"Shelled Parasite and Fungi","floor":22.0,"turns":2.0},{"damage":0,"enemies":"Gremlin Leader","floor":24,"turns":2},{"damage":16,"enemies":"Book of Stabbing","floor":27,"turns":4},{"damage":0,"enemies":"Snecko","floor":28,"turns":2},{"damage":0,"enemies":"Gremlin Leader","floor":29,"turns":1},{"damage":2,"enemies":"Pondfish","floor":33,"turns":5},{"damage":9,"enemies":"3 Darklings","floor":35,"turns":5},{"damage":0,"enemies":"3 Shapes","floor":38,"turns":3},{"damage":1,"enemies":"Maw","floor":39,"turns":6},{"damage":6,"enemies":"R_Hoarder","floor":42,"turns":4},{"damage":4,"enemies":"Giant Head","floor":45,"turns":4},{"damage":2,"enemies":"R_Hoarder","floor":47,"turns":5},{"damage":31,"enemies":"Replay:Hell Engine","floor":50,"turns":6},{"damage":17,"enemies":"Shield and Spear","floor":55,"turns":5},{"damage":61,"enemies":"The Heart","floor":56,"turns":8}],"seed_played":"6325358509429688735","potions_obtained":[{"floor":1.0,"key":"Swift Potion"},{"floor":2.0,"key":"SteroidPotion"},{"floor":10.0,"key":"DemoMod:LeadSkinPotion"},{"floor":11.0,"key":"Weak Potion"},{"floor":13.0,"key":"Block Potion"},{"floor":14.0,"key":"Dexterity Potion"},{"floor":16.0,"key":"Reflective Coating"},{"floor":18.0,"key":"AttackPotion"},{"floor":19.0,"key":"DuplicationPotion"},{"floor":20.0,"key":"Adrenaline Potion"},{"floor":22.0,"key":"SteroidPotion"},{"floor":24,"key":"SteroidPotion"},{"floor":27,"key":"BloodPotion"},{"floor":28,"key":"BottledMiracle"},{"floor":29,"key":"Energy Potion"},{"floor":33,"key":"PowerPotion"},{"floor":35,"key":"Dexterity Potion"},{"floor":38,"key":"Flashbang"},{"floor":39,"key":"FearPotion"},{"floor":42,"key":"Energy Potion"},{"floor":45,"key":"BottledMiracle"},{"floor":47,"key":"DemoMod:BlankPotion"},{"floor":55,"key":"Energy Potion"}],"is_trial":false,"path_per_floor":["M","M","?","$","M","R","?","R","T","E","M","T","M","M","R","B",null,"M","M","M","?","M","R","E","R","T","E","M","E","?","$","R","B",null,"M","T","?","M","M","R","$","E","T","R","E","T","E","$","R","B",null,null,"R","$","E","B",null],"character_chosen":"THE_GATHERER","items_purchased":["Gatherer:Snatch","Bottled Lightning","DemoMod:LeadSkinPotion","BottledMiracle","DollysMirror","DuplicationPotion","GamblersBrew"],"campfire_rested":2,"item_purchase_floors":[4,31,31,31,41,48,48],"current_hp_per_floor":[64,59,59,59,55,55,48,48,48,48,48,48,48,48,48,40,64,64,57,54,54,54,54,54,54,54,38,38,52,37,37,58,56,68,59,59,59,59,58,58,58,52,52,52,48,48,46,46,46,15,15,58,72,72,55,19],"gold":55,"neow_bonus":"ONE_RARE_RELIC","is_daily":false,"chose_seed":false,"campfire_upgraded":7,"win_rate":0.0,"timestamp":1608906025,"path_taken":["M","?","?","$","M","R","?","R","T","E","M","?","M","M","R","BOSS","M","?","M","?","M","R","E","R","T","E","M","E","?","$","R","BOSS","M","?","?","?","M","R","$","E","T","R","E","?","E","$","R","BOSS","R","$","E","BOSS"],"items_purchased_type":["Card","Relic","Undefined","Potion","Relic","Potion","Potion"],"build_version":"2020-12-22","purchased_purges":1,"victory":true,"max_hp_per_floor":[72,72,72,72,72,72,72,72,72,72,72,72,72,72,72,72,72,72,72,72,72,72,72,72,72,72,72,72,72,72,72,72,72,72,72,72,72,72,72,72,72,72,72,72,72,72,72,72,72,72,72,72,72,72,72,72],"card_choices":[{"not_picked":["Gatherer:ScherryThrow","Gatherer:Snatch"],"picked":"Gatherer:SealedBomb","floor":1.0},{"not_picked":["Gatherer:PotentialSlash","Gatherer:FlowerFalling"],"picked":"Gatherer:EnergyBasket","floor":2.0},{"not_picked":["Gatherer:GatherMaterial","Gatherer:WitheringStrike","Gatherer:BalancedGrowth"],"picked":"SKIP","floor":5.0},{"not_picked":["Gatherer:FlowerPower","Gatherer:FinishingStrike"],"picked":"Gatherer:AlchemyTrial","floor":10.0},{"not_picked":["Gatherer:FlowerBeam","Gatherer:FlowerFalling"],"picked":"Gatherer:DrugPower","floor":11.0},{"not_picked":["Gatherer:FragileHammer","Gatherer:AcidicSpray","Gatherer:FlowerBeam"],"picked":"SKIP","floor":13.0},{"not_picked":["Gatherer:FruitForce","Gatherer:BambuSword"],"picked":"Gatherer:Liquidism","floor":14.0},{"not_picked":["Gatherer:Bulldoze","Gatherer:ColorfulGarden"],"picked":"Gatherer:PoisonMastery","floor":16.0},{"not_picked":["Gatherer:Solidify","Gatherer:UpgradeBag","Gatherer:AromaProtection"],"picked":"SKIP","floor":18.0},{"not_picked":["Gatherer:Duplicator","Gatherer:FragileHammer","Gatherer:Nutrients"],"picked":"SKIP","floor":19.0},{"not_picked":["Gatherer:Convert","Gatherer:CursedBlade","Gatherer:FruitForce"],"picked":"SKIP","floor":20.0},{"not_picked":["Gatherer:ScrollOfWall+1","Gatherer:BambuSword","Gatherer:PotentialSlash+1"],"picked":"SKIP","floor":22.0},{"not_picked":["Gatherer:FragileHammer+1","Gatherer:Pollute","Gatherer:Convert+1"],"picked":"SKIP","floor":24},{"not_picked":["Gatherer:TacticalStrike","Gatherer:FeelingFine+1"],"picked":"Gatherer:BlackTea","floor":27},{"not_picked":["Gatherer:WoolGloves","Gatherer:Nutrients","Gatherer:TacticalStrike+1"],"picked":"SKIP","floor":28},{"not_picked":["Gatherer:DrugPower","Gatherer:FlowerShield+1"],"picked":"Gatherer:FlamingBottle","floor":29},{"not_picked":["Gatherer:ColorfulGarden","Gatherer:Examine"],"picked":"Gatherer:MindSearch","floor":33},{"not_picked":["Gatherer:GatherMaterial","Gatherer:RecipeChange","Gatherer:OddSpoils+1"],"picked":"SKIP","floor":35},{"not_picked":["Gatherer:RottenStipe","Gatherer:WoolGloves+1","Gatherer:ScrollOfWall"],"picked":"SKIP","floor":38},{"not_picked":["Gatherer:FruitForce+1","Gatherer:FlowerFalling","Gatherer:FragileHammer"],"picked":"SKIP","floor":39},{"not_picked":["Gatherer:Solidify+1","Gatherer:ScherryThrow","Gatherer:Enchant+1"],"picked":"SKIP","floor":42},{"not_picked":["Gatherer:PotentialSlash","Gatherer:StoneFence","Gatherer:Convert"],"picked":"SKIP","floor":45},{"not_picked":["Gatherer:AcidicSpray","Gatherer:Photoscythe","Gatherer:PotentialSlash+1"],"picked":"SKIP","floor":47},{"not_picked":["Gatherer:RecoveryHerb","Gatherer:GatherMaterial+1","Gatherer:Convert"],"picked":"SKIP","floor":55}],"player_experience":1025837,"relics_obtained":[{"floor":3.0,"key":"Ring of Fury"},{"floor":9.0,"key":"DemoMod:BlueGuonStone"},{"floor":10.0,"key":"TungstenRod"},{"floor":12.0,"key":"Bottled Flame"},{"floor":24,"key":"DemoMod:DecoyRelic"},{"floor":27,"key":"Akabeko"},{"floor":29,"key":"Gremlin Food"},{"floor":36,"key":"Orichalcum"},{"floor":42,"key":"Replay:Accelerometer"},{"floor":43,"key":"Gatherer:FloralEgg"},{"floor":45,"key":"FossilizedHelix"},{"floor":46,"key":"Potion Belt"},{"floor":47,"key":"Replay:Mystery Machine"},{"floor":55,"key":"Toy Ornithopter"}],"event_choices":[{"damage_healed":0.0,"max_hp_gain":0.0,"max_hp_loss":0.0,"gold_gain":0.0,"event_name":"Scrap Ooze","player_choice":"Success","floor":7.0,"gold_loss":0.0,"damage_taken":7.0,"relics_obtained":["White Beast Statue"]},{"damage_healed":0.0,"max_hp_gain":0.0,"max_hp_loss":0.0,"gold_gain":0.0,"event_name":"Addict","player_choice":"Obtained Relic","floor":21.0,"gold_loss":85.0,"damage_taken":0.0,"relics_obtained":["Blue Doll"]},{"damage_healed":0,"gold_gain":90,"player_choice":"GOLD POTION ","damage_taken":18,"max_hp_gain":0,"max_hp_loss":0,"event_name":"Knowing Skull","floor":30,"potions_obtained":["SneckoOil"],"gold_loss":0,"cards_obtained":[]},{"damage_healed":0,"gold_gain":0,"cards_transformed":["Gatherer:Strike_Gatherer"],"player_choice":"Transformed","damage_taken":0,"max_hp_gain":0,"max_hp_loss":0,"event_name":"Transmorgrifier","floor":37,"gold_loss":0,"cards_obtained":["Gatherer:EchoOfNature"]}],"is_beta":false,"boss_relics":[{"not_picked":["Empty Cage","Painkiller Herb"],"picked":"Runic Pyramid"},{"not_picked":["ReplayTheSpireMod:DimensionalGlitch","Abe\u0027s Treasure"],"picked":"SlaversCollar"}],"items_purged_floors":[31],"is_endless":false,"potions_floor_spawned":[1,2,10,11,13,14,16,18,19,20,22,24,27,28,29,33,35,38,39,42,45,47,55],"ascension_level":7}}