{"host":"1c52r9kaxdyo25eq","time":1608939420,"event":{"mods":["AchievementEnabler","BaseMod","Minty Spire (QoL Compilation)","Rare Cards Sparkle","SuperFastMode","everything is the same but u backflip on backflip"],"gold_per_floor":[110,120,133,58,68,93,93,126,126,126,153,53,53,53,53,155,155,168,180,195,195,195,50,50,50,124,134,134,150,150,163,163,268,268,283,300,320,320,336,363,363,390,390,420,435,455,455,455,455,455,455,455,20,46,46,46],"floor_reached":55,"playtime":1623,"items_purged":["Defend_R","Defend_R","Strike_R"],"score":1067,"play_id":"89b418e4-f810-4ae8-a4c2-f6654aa64099","local_time":"20201226083700","is_ascension_mode":true,"campfire_choices":[{"data":"Armaments","floor":7.0,"key":"SMITH"},{"floor":10.0,"key":"REST"},{"data":"1","floor":13.0,"key":"LIFT"},{"data":"2","floor":15.0,"key":"LIFT"},{"data":"Heavy Blade","floor":28.0,"key":"SMITH"},{"data":"3","floor":30.0,"key":"LIFT"},{"data":"Rupture","floor":32.0,"key":"SMITH"},{"data":"Berserk","floor":41.0,"key":"SMITH"},{"floor":47.0,"key":"REST"},{"floor":49.0,"key":"RECALL"},{"data":"Inflame","floor":52,"key":"SMITH"}],"circlet_count":0,"master_deck":["Defend_R","Bash","Impervious","Shrug It Off","Hemokinesis","Armaments+1","Berserk+1","Pummel+1","Berserk+1","Anger+1","Inflame+1","Heavy Blade+1","Rupture+1","Feed","Shockwave","Shrug It Off","Heavy Blade+1"],"relics":["Burning Blood","Girya","Boot","Incense Burner","Astrolabe","Vajra","Mercury Hourglass","Velvet Choker","Champion Belt","Magic Flower","Bottled Tornado","Bottled Flame","Bottled Lightning","Ornamental Fan"],"acts_visited":["Exordium","TheCity","TheBeyond","TheEnding"],"potions_floor_usage":[50,55,55],"damage_taken":[{"damage":6.0,"enemies":"Cultist","floor":1.0,"turns":3.0},{"damage":1.0,"enemies":"Jaw Worm","floor":2.0,"turns":5.0},{"damage":10.0,"enemies":"Small Slimes","floor":3.0,"turns":6.0},{"damage":16.0,"enemies":"3 Louse","floor":5.0,"turns":7.0},{"damage":28.0,"enemies":"Gremlin Nob","floor":6.0,"turns":4.0},{"damage":22.0,"enemies":"Lagavulin","floor":8.0,"turns":8.0},{"damage":25.0,"enemies":"Gremlin Nob","floor":11.0,"turns":4.0},{"damage":39.0,"enemies":"The Guardian","floor":16.0,"turns":10.0},{"damage":2.0,"enemies":"Spheric Guardian","floor":18.0,"turns":3.0},{"damage":2.0,"enemies":"Shell Parasite","floor":19.0,"turns":1.0},{"damage":13.0,"enemies":"Centurion and Healer","floor":20.0,"turns":4.0},{"damage":0.0,"enemies":"Book of Stabbing","floor":24.0,"turns":1.0},{"damage":2.0,"enemies":"Snake Plant","floor":27.0,"turns":2.0},{"damage":7.0,"enemies":"Snecko","floor":29.0,"turns":4.0},{"damage":18.0,"enemies":"Cultist and Chosen","floor":31.0,"turns":5.0},{"damage":49.0,"enemies":"Automaton","floor":33.0,"turns":6.0},{"damage":9.0,"enemies":"3 Darklings","floor":35.0,"turns":4.0},{"damage":2.0,"enemies":"3 Shapes","floor":36.0,"turns":4.0},{"damage":2.0,"enemies":"Jaw Worm Horde","floor":37.0,"turns":3.0},{"damage":43.0,"enemies":"Transient","floor":39.0,"turns":5.0},{"damage":27.0,"enemies":"Giant Head","floor":40.0,"turns":7.0},{"damage":32.0,"enemies":"Reptomancer","floor":42.0,"turns":4.0},{"damage":14.0,"enemies":"Nemesis","floor":44.0,"turns":5.0},{"damage":3.0,"enemies":"3 Darklings","floor":45.0,"turns":6.0},{"damage":7.0,"enemies":"Jaw Worm Horde","floor":46.0,"turns":5.0},{"damage":59,"enemies":"Time Eater","floor":50,"turns":8},{"damage":33,"enemies":"Shield and Spear","floor":54,"turns":5},{"damage":54,"enemies":"The Heart","floor":55,"turns":3}],"seed_played":"4916548698124978140","potions_obtained":[{"floor":2.0,"key":"Strength Potion"},{"floor":3.0,"key":"LiquidBronze"},{"floor":5.0,"key":"EntropicBrew"},{"floor":8.0,"key":"CultistPotion"},{"floor":11.0,"key":"FearPotion"},{"floor":18.0,"key":"DuplicationPotion"},{"floor":20.0,"key":"SmokeBomb"},{"floor":25.0,"key":"BloodPotion"},{"floor":25.0,"key":"DuplicationPotion"},{"floor":33.0,"key":"ElixirPotion"},{"floor":44.0,"key":"CultistPotion"},{"floor":46.0,"key":"Energy Potion"},{"floor":54,"key":"LiquidMemories"}],"is_trial":false,"path_per_floor":["M","M","M","$","M","E","R","E","T","R","E","$","R","?","R","B",null,"M","M","M","?","?","$","E","?","T","M","R","M","R","M","R","B",null,"M","M","M","?","M","E","R","E","T","E","M","M","R","?","R","B",null,"R","$","E","B"],"character_chosen":"IRONCLAD","items_purchased":["Vajra","Bottled Lightning","FearPotion"],"campfire_rested":2,"item_purchase_floors":[23,53,53],"current_hp_per_floor":[72,77,73,73,63,41,41,25,25,49,30,30,30,56,56,23,66,70,74,67,67,67,67,73,73,73,77,77,76,76,64,64,21,65,66,74,81,81,44,43,43,26,26,21,33,35,62,62,62,12,73,73,73,54,0,0],"gold":46,"neow_bonus":"TRANSFORM_CARD","is_daily":false,"chose_seed":false,"campfire_upgraded":5,"win_rate":0.0,"timestamp":1608939420,"path_taken":["M","M","M","$","?","E","R","E","T","R","E","$","R","?","R","BOSS","M","M","M","?","?","$","E","?","T","M","R","M","R","M","R","BOSS","M","?","M","?","M","E","R","E","T","E","M","M","R","?","R","BOSS","R","$","E","BOSS"],"items_purchased_type":["Relic","Relic","Potion"],"build_version":"2020-12-22","purchased_purges":3,"victory":false,"max_hp_per_floor":[80,80,80,80,80,80,80,80,80,80,80,80,80,80,80,80,80,80,80,80,80,80,80,80,80,80,80,80,80,80,80,80,80,80,84,88,91,86,86,89,89,89,89,89,93,93,93,93,93,93,93,93,93,96,96,96],"card_choices":[{"not_picked":["Iron Wave","Sword Boomerang","Bloodletting"],"picked":"SKIP","floor":1.0},{"not_picked":["Havoc","Cleave"],"picked":"Shrug It Off","floor":2.0},{"not_picked":["Iron Wave","Evolve","Wild Strike"],"picked":"SKIP","floor":3.0},{"not_picked":["Infernal Blade","Sword Boomerang"],"picked":"Hemokinesis","floor":5.0},{"not_picked":["Sword Boomerang","Corruption"],"picked":"Armaments","floor":6.0},{"not_picked":["True Grit","Cleave","Havoc"],"picked":"SKIP","floor":8.0},{"not_picked":["Anger","Cleave","Sever Soul"],"picked":"SKIP","floor":11.0},{"not_picked":["Anger","Cleave","Sever Soul"],"picked":"SKIP","floor":11.0},{"not_picked":["Immolate","Brutality"],"picked":"Berserk","floor":16.0},{"not_picked":["Wild Strike+1","Ghostly Armor","Headbutt"],"picked":"SKIP","floor":18.0},{"not_picked":["Headbutt","True Grit+1"],"picked":"Inflame","floor":19.0},{"not_picked":["Wild Strike","Armaments+1","Carnage"],"picked":"SKIP","floor":20.0},{"not_picked":["Sentinel","Perfected Strike","Anger"],"picked":"SKIP","floor":27.0},{"not_picked":["Sword Boomerang","Blood for Blood+1"],"picked":"Rupture","floor":29.0},{"not_picked":["Anger","Warcry+1","Sever Soul+1"],"picked":"SKIP","floor":31.0},{"not_picked":["Juggernaut","Corruption"],"picked":"Feed","floor":33.0},{"not_picked":["Armaments","Havoc"],"picked":"Shockwave","floor":35.0},{"not_picked":["Warcry","Iron Wave+1","Pommel Strike"],"picked":"SKIP","floor":36.0},{"not_picked":["Thunderclap","Fiend Fire","Havoc"],"picked":"SKIP","floor":37.0},{"not_picked":["Wild Strike","Ghostly Armor+1","Twin Strike+1"],"picked":"SKIP","floor":39.0},{"not_picked":["Rampage","Flame Barrier+1"],"picked":"Shrug It Off","floor":40.0},{"not_picked":["Flex+1","Sever Soul","Shrug It Off"],"picked":"SKIP","floor":42.0},{"not_picked":["Reckless Charge","Pommel Strike","Fiend Fire"],"picked":"SKIP","floor":44.0},{"not_picked":["Uppercut","Power Through+1","Body Slam+1"],"picked":"SKIP","floor":45.0},{"not_picked":["Body Slam+1","Second Wind+1","Wild Strike+1"],"picked":"SKIP","floor":46.0},{"not_picked":["Inflame+1","Thunderclap+1"],"picked":"Heavy Blade+1","floor":54}],"player_experience":517582,"relics_obtained":[{"floor":6.0,"key":"Girya"},{"floor":8.0,"key":"Boot"},{"floor":11.0,"key":"Incense Burner"},{"floor":26.0,"key":"Mercury Hourglass"},{"floor":40.0,"key":"Champion Belt"},{"floor":42.0,"key":"Magic Flower"},{"floor":43.0,"key":"Bottled Tornado"},{"floor":44.0,"key":"Bottled Flame"},{"floor":54,"key":"Ornamental Fan"}],"event_choices":[{"damage_healed":26.0,"max_hp_gain":0.0,"max_hp_loss":0.0,"gold_gain":0.0,"event_name":"Big Fish","player_choice":"Banana","floor":14.0,"gold_loss":0.0,"damage_taken":0.0},{"cards_removed":["Strike_R"],"damage_healed":0.0,"max_hp_gain":0.0,"max_hp_loss":0.0,"gold_gain":0.0,"event_name":"Back to Basics","player_choice":"Elegance","floor":21.0,"gold_loss":0.0,"damage_taken":0.0},{"damage_healed":0.0,"max_hp_gain":0.0,"max_hp_loss":0.0,"gold_gain":0.0,"event_name":"The Library","player_choice":"Read","floor":22.0,"gold_loss":0.0,"damage_taken":0.0,"cards_obtained":["Heavy Blade"]},{"damage_healed":0.0,"max_hp_gain":0.0,"max_hp_loss":0.0,"gold_gain":0.0,"event_name":"Lab","player_choice":"Got Potions","floor":25.0,"gold_loss":0.0,"damage_taken":0.0},{"damage_healed":0.0,"max_hp_gain":0.0,"max_hp_loss":5.0,"gold_gain":0.0,"event_name":"Winding Halls","player_choice":"Max HP","floor":38.0,"gold_loss":0.0,"damage_taken":0.0},{"damage_healed":0.0,"max_hp_gain":0.0,"max_hp_loss":0.0,"gold_gain":0.0,"event_name":"Tomb of Lord Red Mask","player_choice":"Ignored","floor":48.0,"gold_loss":0.0,"damage_taken":0.0}],"is_beta":false,"boss_relics":[{"not_picked":["Busted Crown","Black Blood"],"picked":"Astrolabe"},{"not_picked":["Runic Dome","Calling Bell"],"picked":"Velvet Choker"}],"items_purged_floors":[4,12,53],"is_endless":false,"potions_floor_spawned":[2,3,5,8,11,18,20,24,27,33,35,37,44,46,54],"killed_by":"The Heart","ascension_level":7}}