{"host":"gttgmv2wah99hzdm","time":1608922241,"event":{"mods":["AchievementEnabler","BaseMod","Bestiary","Block Reminder","Filter the Spire","Highlight Path","Minty Spire (QoL Compilation)","Permanent Neow","Random Character Button","Relic Stats","StSLib"],"gold_per_floor":[117,42,62,80,130,130,164,13,13,13,13],"floor_reached":10,"playtime":2995,"items_purged":["Strike_R"],"score":129,"play_id":"8068ba90-2a89-4963-8d5e-4fc0bb79768f","local_time":"20201225125041","is_ascension_mode":true,"campfire_choices":[{"data":"Uppercut","floor":6,"key":"SMITH"}],"circlet_count":0,"master_deck":["AscendersBane","Strike_R","Strike_R","Strike_R","Defend_R","Defend_R","Defend_R","Defend_R","Bash","Armaments","Uppercut+1","Reaper","Blood for Blood","Bloodletting"],"relics":["Runic Cube","Blue Candle","Bronze Scales"],"acts_visited":["Exordium"],"potions_floor_usage":[],"damage_taken":[{"damage":9,"enemies":"Jaw Worm","floor":1,"turns":5},{"damage":1,"enemies":"Cultist","floor":3,"turns":4},{"damage":3,"enemies":"2 Louse","floor":4,"turns":4},{"damage":34,"enemies":"Lagavulin","floor":7,"turns":9},{"damage":37,"enemies":"Gremlin Nob","floor":10,"turns":3}],"seed_played":"4858030358193641593","potions_obtained":[{"floor":3,"key":"Weak Potion"},{"floor":7,"key":"ElixirPotion"}],"is_trial":false,"path_per_floor":["M","?","M","M","?","R","E","$","T","E"],"character_chosen":"IRONCLAD","items_purchased":["Bloodletting"],"campfire_rested":0,"item_purchase_floors":[8],"current_hp_per_floor":[59,59,58,55,55,55,24,24,24,0,0],"gold":13,"neow_bonus":"BOSS_RELIC","is_daily":false,"chose_seed":false,"campfire_upgraded":1,"win_rate":0.0,"timestamp":1608922241,"path_taken":["M","?","M","M","?","R","E","$","T","E"],"items_purchased_type":["Card"],"build_version":"2020-12-22","purchased_purges":1,"victory":false,"max_hp_per_floor":[75,75,75,75,75,75,75,75,75,75,75],"relic_stats":{"counters":[5,25],"Blue Candle":[0],"Bronze Scales":[3],"obtain_stats":[{"Blue Candle":7,"Bronze Scales":9,"Burning Blood":0,"Runic Cube":0},{"Blue Candle":4,"Bronze Scales":4,"Burning Blood":0,"Runic Cube":0},{"Blue Candle":22,"Bronze Scales":22,"Burning Blood":0,"Runic Cube":0}],"Runic Cube":[10]},"card_choices":[{"not_picked":["Clash","Sentinel"],"picked":"Armaments","floor":1},{"not_picked":["Wild Strike","Armaments"],"picked":"Uppercut","floor":3},{"not_picked":["Anger","Headbutt"],"picked":"Reaper","floor":4},{"not_picked":["Infernal Blade","Headbutt"],"picked":"Blood for Blood","floor":7}],"player_experience":863901,"relics_obtained":[{"floor":7,"key":"Blue Candle"},{"floor":9,"key":"Bronze Scales"}],"event_choices":[{"cards_removed":["Strike_R"],"damage_healed":0,"gold_gain":0,"player_choice":"Card Removal","damage_taken":0,"max_hp_gain":0,"max_hp_loss":0,"event_name":"The Cleric","floor":2,"gold_loss":75},{"damage_healed":0,"gold_gain":50,"player_choice":"Pray","damage_taken":0,"max_hp_gain":0,"max_hp_loss":0,"event_name":"Golden Shrine","floor":5,"gold_loss":0}],"is_beta":false,"boss_relics":[],"items_purged_floors":[8],"is_endless":false,"potions_floor_spawned":[3,7],"killed_by":"Gremlin Nob","ascension_level":19}}