{"host":"gttgmv2wah99hzdm","time":1608923809,"event":{"mods":["AchievementEnabler","BaseMod","Bestiary","Block Reminder","Filter the Spire","Highlight Path","Minty Spire (QoL Compilation)","Permanent Neow","Random Character Button","Relic Stats","StSLib"],"gold_per_floor":[119,129,146,162,12,40,40,40,40,59,93,93,122,142,142,219,219,234,249,249,267,267,267],"floor_reached":22,"playtime":1531,"items_purged":["Strike_R"],"score":406,"play_id":"09c879b7-bc2e-472e-af58-2d24f502ac8e","local_time":"20201225131649","is_ascension_mode":true,"campfire_choices":[{"data":"Combust","floor":8.0,"key":"SMITH"},{"floor":12.0,"key":"REST"},{"data":"Disarm","floor":15.0,"key":"SMITH"}],"circlet_count":0,"master_deck":["AscendersBane","Bash+1","Sword Boomerang","Clothesline","Disarm+1","Combust+1","Impervious","Wild Strike","Burning Pact","Burning Pact","Exhume","Exhume","Uppercut","Dual Wield","Dual Wield","True Grit","Bloodletting","Juggernaut","Uppercut","Havoc","Feel No Pain"],"relics":["Velvet Choker","StrikeDummy","Mango","Incense Burner","Kunai","Pandora\u0027s Box"],"acts_visited":["Exordium","TheCity"],"potions_floor_usage":[],"damage_taken":[{"damage":9.0,"enemies":"2 Louse","floor":1.0,"turns":2.0},{"damage":2.0,"enemies":"Jaw Worm","floor":2.0,"turns":3.0},{"damage":0.0,"enemies":"Cultist","floor":3.0,"turns":3.0},{"damage":10.0,"enemies":"Gremlin Gang","floor":4.0,"turns":5.0},{"damage":34.0,"enemies":"Lagavulin","floor":6.0,"turns":8.0},{"damage":12.0,"enemies":"Large Slime","floor":10.0,"turns":4.0},{"damage":8.0,"enemies":"Gremlin Nob","floor":11.0,"turns":3.0},{"damage":17.0,"enemies":"Lagavulin","floor":13.0,"turns":6.0},{"damage":6.0,"enemies":"Blue Slaver","floor":14.0,"turns":3.0},{"damage":18.0,"enemies":"Hexaghost","floor":16.0,"turns":9.0},{"damage":12.0,"enemies":"Spheric Guardian","floor":18.0,"turns":4.0},{"damage":15,"enemies":"Shell Parasite","floor":19,"turns":7},{"damage":32,"enemies":"Centurion and Healer","floor":21,"turns":7},{"damage":31,"enemies":"3 Cultists","floor":22,"turns":3}],"seed_played":"5666415451344900515","potions_obtained":[{"floor":3.0,"key":"ElixirPotion"},{"floor":6.0,"key":"BloodPotion"},{"floor":11.0,"key":"Swift Potion"},{"floor":13.0,"key":"Dexterity Potion"},{"floor":16.0,"key":"BloodPotion"},{"floor":18.0,"key":"PowerPotion"}],"is_trial":false,"path_per_floor":["M","M","M","M","$","E","?","R","T","M","E","R","E","M","R","B",null,"M","M","?","M","M"],"character_chosen":"IRONCLAD","items_purchased":["Impervious"],"campfire_rested":1,"item_purchase_floors":[5],"current_hp_per_floor":[59,57,57,47,47,13,13,13,27,32,24,50,33,27,27,9,69,74,59,59,27,0,0],"gold":267,"neow_bonus":"BOSS_RELIC","is_daily":false,"chose_seed":false,"campfire_upgraded":2,"win_rate":0.0,"timestamp":1608923809,"path_taken":["M","M","M","M","$","E","?","R","T","M","E","R","E","M","R","BOSS","M","M","?","M","M"],"items_purchased_type":["Card"],"build_version":"2020-12-22","purchased_purges":1,"victory":false,"max_hp_per_floor":[75,75,75,75,75,75,75,75,89,89,89,89,89,89,89,89,89,89,89,89,89,89,89],"relic_stats":{"counters":[14,67],"Pandora\u0027s Box":["Exhume","Uppercut","Dual Wield","Dual Wield","True Grit","Bloodletting","Juggernaut","Uppercut"],"Kunai":[3],"obtain_stats":[{"Velvet Choker":0,"Mango":9,"Pandora\u0027s Box":17,"Incense Burner":11,"Kunai":13,"StrikeDummy":6,"Burning Blood":0},{"Velvet Choker":0,"Mango":5,"Pandora\u0027s Box":10,"Incense Burner":7,"Kunai":8,"StrikeDummy":5,"Burning Blood":0},{"Velvet Choker":0,"Mango":21,"Pandora\u0027s Box":46,"Incense Burner":28,"Kunai":34,"StrikeDummy":21,"Burning Blood":0}]},"card_choices":[{"not_picked":["Heavy Blade","Perfected Strike"],"picked":"Sword Boomerang","floor":1.0},{"not_picked":["Flex","Body Slam"],"picked":"Clothesline","floor":2.0},{"not_picked":["Pummel","Wild Strike"],"picked":"Disarm","floor":3.0},{"not_picked":["Thunderclap","Headbutt"],"picked":"Combust","floor":4.0},{"not_picked":["True Grit","Searing Blow"],"picked":"Wild Strike","floor":6.0},{"not_picked":["Fire Breathing","Perfected Strike","Headbutt"],"picked":"SKIP","floor":10.0},{"not_picked":["Dual Wield","Intimidate","Headbutt"],"picked":"SKIP","floor":11.0},{"not_picked":["Dual Wield","Intimidate","Headbutt"],"picked":"SKIP","floor":11.0},{"not_picked":["Perfected Strike","Wild Strike"],"picked":"Burning Pact","floor":13.0},{"not_picked":["Second Wind","Fiend Fire"],"picked":"Burning Pact","floor":14.0},{"not_picked":["Barricade","Limit Break"],"picked":"Exhume","floor":16.0},{"not_picked":["Heavy Blade","Clothesline","Sword Boomerang"],"picked":"SKIP","floor":18.0},{"not_picked":["Barricade","Fire Breathing+1"],"picked":"Havoc","floor":19},{"not_picked":["Havoc","Body Slam+1","Blood for Blood"],"picked":"SKIP","floor":21}],"player_experience":866896,"relics_obtained":[{"floor":6.0,"key":"StrikeDummy"},{"floor":9.0,"key":"Mango"},{"floor":11.0,"key":"Incense Burner"},{"floor":13.0,"key":"Kunai"}],"event_choices":[{"damage_healed":0.0,"max_hp_gain":0.0,"max_hp_loss":0.0,"gold_gain":0.0,"event_name":"Living Wall","player_choice":"Grow","floor":7.0,"gold_loss":0.0,"damage_taken":0.0,"cards_upgraded":["Bash"]},{"damage_healed":0,"gold_gain":0,"player_choice":"Read","damage_taken":0,"max_hp_gain":0,"max_hp_loss":0,"event_name":"The Library","floor":20,"gold_loss":0,"cards_obtained":["Feel No Pain"]}],"is_beta":false,"boss_relics":[{"not_picked":["Black Star","Fusion Hammer"],"picked":"Pandora\u0027s Box"}],"items_purged_floors":[5],"is_endless":false,"potions_floor_spawned":[3,6,11,13,16,18,19],"killed_by":"3 Cultists","ascension_level":19}}