{"host":"od099uxc49ip1k8b","time":1608906532,"event":{"mods":["Act Like it!","BaseMod","Downfall","Gensokyo","Hermit","Highlight Path","Koishi","Marisa????????","Minty Spire (QoL Compilation)","Rare Cards Sparkle","Remilia??????","StSLib","Td1madao Mod","The Administrix","The Animator","The Cursed","The Gatherer","The Servant 0.9.4","The Wild Card","Waifu the Spire","WarShipGirlsR/????R mod","Yuyuko"],"gold_per_floor":[110,123,136,136,136,136,136],"floor_reached":6,"playtime":691,"items_purged":[],"score":36,"play_id":"c66b7455-22cc-46a4-b9cb-5f6466edea3e","local_time":"20201225092852","is_ascension_mode":false,"campfire_choices":[],"circlet_count":0,"master_deck":["Fantasy Butterflies","Fantasy Butterflies","Fantasy Butterflies","Fantasy Butterflies","Fantasy Butterflies","Dreamy Sakura","Dreamy Sakura","Dreamy Sakura","Dreamy Sakura","Dreamy Sakura","Deathly Ground","Faramita\u0027s Temptation","Dancing Butterflies","Final of Final"],"relics":["Coronal","Yuyuko\u0027s fan"],"acts_visited":["Exordium"],"potions_floor_usage":[],"damage_taken":[{"damage":11,"enemies":"Small Slimes","floor":1,"turns":3},{"damage":24,"enemies":"Cultist","floor":2,"turns":4},{"damage":11,"enemies":"2 Louse","floor":3,"turns":2},{"damage":27,"enemies":"Lagavulin","floor":6,"turns":3}],"seed_played":"2381772549650651348","potions_obtained":[{"floor":3,"key":"PowerPotion"}],"is_trial":false,"path_per_floor":["M","M","M","?","?","E"],"character_chosen":"YUYOKO","items_purchased":[],"campfire_rested":0,"item_purchase_floors":[],"current_hp_per_floor":[41,28,17,10,10,0,0],"gold":136,"neow_bonus":"TEN_PERCENT_HP_BONUS","is_daily":false,"chose_seed":false,"campfire_upgraded":0,"win_rate":0.0,"timestamp":1608906532,"path_taken":["M","M","M","?","?","E"],"items_purchased_type":[],"build_version":"2020-12-22","purchased_purges":0,"victory":false,"max_hp_per_floor":[44,44,44,44,44,44,44],"card_choices":[{"not_picked":["Ghostdom Sakura","Fondling of Papilio"],"picked":"Dancing Butterflies","floor":1},{"not_picked":["Monster Cherry Tree","Stifle"],"picked":"The Forgotten Winter","floor":2},{"not_picked":["Ghostdom Sakura","City of Death"],"picked":"Final of Final","floor":3}],"player_experience":82144,"relics_obtained":[],"event_choices":[{"cards_removed":["The Forgotten Winter"],"damage_healed":0,"gold_gain":0,"player_choice":"Card Removal","damage_taken":7,"max_hp_gain":0,"max_hp_loss":0,"event_name":"Golden Wing","floor":4,"gold_loss":0},{"damage_healed":0,"gold_gain":0,"player_choice":"Ignored","damage_taken":0,"max_hp_gain":0,"max_hp_loss":0,"event_name":"Purifier","floor":5,"gold_loss":0}],"is_beta":false,"boss_relics":[],"items_purged_floors":[],"is_endless":false,"potions_floor_spawned":[3],"killed_by":"Lagavulin","ascension_level":0}}