{"host":"k85tjwrh7mjrrc9a","time":1608933979,"event":{"mods":["AchievementEnabler","BaseMod","Colored Powertips","Highlight Path","Minty Spire (QoL Compilation)","Rare Cards Sparkle","StSLib"],"gold_per_floor":[113,126,126,149,74,74,115,127,192,248,260,272,302,345,357,369,369],"floor_reached":16,"playtime":1166,"items_purged":["Strike_G"],"score":130,"play_id":"1d82da21-a007-47f6-8cbc-6e102be0c331","local_time":"20201225170619","is_ascension_mode":true,"campfire_choices":[{"data":"Deflect","floor":6,"key":"SMITH"},{"floor":8,"key":"REST"},{"floor":12,"key":"REST"},{"floor":15,"key":"REST"}],"circlet_count":0,"master_deck":["Strike_G","Strike_G","Strike_G","Strike_G","Defend_G","Defend_G","Defend_G","Defend_G","Defend_G","Survivor","Neutralize+1","Deflect+1","Quick Slash","Expertise","Footwork","Quick Slash","Backstab"],"relics":["Ring of the Snake","Golden Idol","MawBank","Orichalcum","Darkstone Periapt","Ornamental Fan","Bag of Preparation"],"acts_visited":["Exordium"],"potions_floor_usage":[16,16,16],"damage_taken":[{"damage":0,"enemies":"Small Slimes","floor":1,"turns":4},{"damage":0,"enemies":"Jaw Worm","floor":2,"turns":4},{"damage":0,"enemies":"Cultist","floor":4,"turns":3},{"damage":30,"enemies":"Gremlin Nob","floor":7,"turns":6},{"damage":16,"enemies":"Lagavulin","floor":10,"turns":10},{"damage":3,"enemies":"3 Louse","floor":13,"turns":5},{"damage":21,"enemies":"Gremlin Nob","floor":14,"turns":6},{"damage":47,"enemies":"Slime Boss","floor":16,"turns":7}],"seed_played":"-4424040306491163055","potions_obtained":[{"floor":1,"key":"Ancient Potion"},{"floor":10,"key":"Ancient Potion"},{"floor":13,"key":"FearPotion"}],"is_trial":false,"path_per_floor":["M","M","?","M","$","R","E","R","T","E","T","R","M","E","R","B"],"character_chosen":"THE_SILENT","items_purchased":[],"campfire_rested":3,"item_purchase_floors":[],"current_hp_per_floor":[70,70,53,53,53,53,23,44,44,28,28,49,46,25,46,0,0],"gold":369,"neow_bonus":"UPGRADE_CARD","is_daily":false,"chose_seed":false,"campfire_upgraded":1,"win_rate":0.0,"timestamp":1608933979,"path_taken":["M","M","?","M","$","R","E","R","T","E","?","R","M","E","R","BOSS"],"items_purchased_type":[],"build_version":"2020-12-22","purchased_purges":1,"victory":false,"max_hp_per_floor":[70,70,70,70,70,70,70,70,70,70,70,70,70,70,70,70,70],"card_choices":[{"not_picked":["Reflex","Slice"],"picked":"Deflect","floor":1},{"not_picked":["PiercingWail","Bane"],"picked":"Quick Slash","floor":2},{"not_picked":["Poisoned Stab","Masterful Stab","Riddle With Holes"],"picked":"SKIP","floor":4},{"not_picked":["Deadly Poison","Accuracy"],"picked":"Expertise","floor":7},{"not_picked":["Catalyst","Infinite Blades"],"picked":"Footwork","floor":10},{"not_picked":["Tactician","Underhanded Strike"],"picked":"Quick Slash","floor":13},{"not_picked":["Predator","Deflect"],"picked":"Backstab","floor":14}],"player_experience":59593,"relics_obtained":[{"floor":7,"key":"MawBank"},{"floor":9,"key":"Orichalcum"},{"floor":10,"key":"Darkstone Periapt"},{"floor":11,"key":"Ornamental Fan"},{"floor":14,"key":"Bag of Preparation"}],"event_choices":[{"damage_healed":0,"gold_gain":0,"player_choice":"Take Damage","damage_taken":17,"relics_obtained":["Golden Idol"],"max_hp_gain":0,"max_hp_loss":0,"event_name":"Golden Idol","floor":3,"gold_loss":0}],"is_beta":false,"boss_relics":[],"items_purged_floors":[5],"is_endless":false,"potions_floor_spawned":[1,10,13,14],"killed_by":"Slime Boss","ascension_level":2}}