{"host":"gk9qdtkqd8dwfeg2","time":1608882368,"event":{"mods":["Aspiration","BaseMod","Colored Powertips","Minty Spire (QoL Compilation)","Quick Restart","Replay The Spire","Shop Mod","StSLib","TestMod","The Servant 0.9.4","Waifu the Spire"],"gold_per_floor":[119,119,133,58,71,71,99,99,99,132,144,144,144],"floor_reached":12,"playtime":215,"items_purged":["Strike_P"],"score":176,"play_id":"273c4f55-3aa4-4e8c-be1f-512a3bd53579","local_time":"20201225154608","is_ascension_mode":true,"campfire_choices":[{"data":"Eruption","floor":6,"key":"SMITH"}],"circlet_count":0,"master_deck":["AscendersBane","Strike_P","Strike_P","Defend_P","Defend_P","Defend_P","Defend_P","Eruption+1","Vigilance","FlurryOfBlows","InnerPeace","SignatureMove","FearNoEvil","Replay:Cycle","Scrawl","Halt"],"relics":["PureWater","testmod-TestBox","testmod-InfectionSource","NeowsBlessing","Ancient Tea Set","Turnip","testmod-HeartOfDaVinci"],"acts_visited":["Exordium"],"potions_floor_usage":[11],"damage_taken":[{"damage":0,"enemies":"2 Louse","floor":1,"turns":2},{"damage":0,"enemies":"Jaw Worm","floor":3,"turns":1},{"damage":0,"enemies":"Cultist","floor":5,"turns":1},{"damage":16,"enemies":"Gremlin Nob","floor":7,"turns":3},{"damage":20,"enemies":"Lagavulin","floor":10,"turns":5},{"damage":0,"enemies":"Lots of Slimes","floor":11,"turns":2},{"damage":5,"enemies":"3 Sentries","floor":12,"turns":2}],"seed_played":"-7896151035840021603","potions_obtained":[{"floor":5,"key":"GamblersBrew"},{"floor":7,"key":"BlessingOfTheForge"},{"floor":8,"key":"Fire Potion"},{"floor":11,"key":"SpeedPotion"}],"is_trial":false,"path_per_floor":["M","?","M","$","M","R","E","?","T","E","M","E"],"character_chosen":"WATCHER","items_purchased":[],"campfire_rested":0,"item_purchase_floors":[],"current_hp_per_floor":[61,61,61,61,61,61,45,45,45,25,25,20,20],"gold":144,"neow_bonus":"THREE_ENEMY_KILL","is_daily":false,"chose_seed":false,"campfire_upgraded":1,"win_rate":0.0,"timestamp":1608882368,"path_taken":["M","?","M","$","M","R","E","?","T","E","?","E"],"items_purchased_type":[],"build_version":"2020-12-22","purchased_purges":1,"victory":false,"max_hp_per_floor":[68,68,68,68,68,68,68,68,68,68,68,68,68],"card_choices":[{"not_picked":["ClearTheMind","CutThroughFate"],"picked":"FlurryOfBlows","floor":1},{"not_picked":["Consecrate","Replay:DivineShield"],"picked":"SignatureMove","floor":3},{"not_picked":["Perseverance","Meditate"],"picked":"FearNoEvil","floor":5},{"not_picked":["FlyingSleeves","Replay:Hum"],"picked":"Replay:Cycle","floor":7},{"not_picked":["BowlingBash","Evaluate"],"picked":"Scrawl","floor":10},{"not_picked":["EmptyBody","EmptyFist"],"picked":"Halt","floor":11}],"player_experience":557394,"relics_obtained":[{"floor":7,"key":"Ancient Tea Set"},{"floor":9,"key":"Turnip"},{"floor":10,"key":"testmod-HeartOfDaVinci"}],"event_choices":[{"damage_healed":0,"gold_gain":0,"cards_transformed":["Strike_P"],"player_choice":"Change","damage_taken":0,"max_hp_gain":0,"max_hp_loss":0,"event_name":"Living Wall","floor":2,"gold_loss":0,"cards_obtained":["InnerPeace"]},{"damage_healed":0,"gold_gain":0,"player_choice":"Got Potions","damage_taken":0,"max_hp_gain":0,"max_hp_loss":0,"event_name":"Lab","floor":8,"gold_loss":0}],"is_beta":false,"boss_relics":[],"items_purged_floors":[4],"is_endless":false,"potions_floor_spawned":[5,7,11],"killed_by":"3 Sentries","ascension_level":20}}