{"host":"qrbkigq52dd42dk0","time":1608940539,"event":{"mods":["AchievementEnabler","BaseMod","Colored Map","Colored Powertips","Downfall","Minty Spire (QoL Compilation)","Quick Restart","StSLib","SuperFastMode"],"gold_per_floor":[99,99,116,216,101,114,114,62,76,76,86,71,89,121,137,236,236,86,101,114,114,132,117,117,127,52,83,103,103,43,43,54,152,152,152,95,13,33,33,45,69,69,83,83,83,94,94,105,115,115,115,148,4,4,4,4,4],"floor_reached":55,"playtime":4223,"items_purged":["Guardian:Strike_Guardian","Guardian:Defend_Guardian"],"score":691,"play_id":"8e41445f-7ece-45e3-b347-b7814b317f44","local_time":"20201226005539","is_ascension_mode":false,"campfire_choices":[{"data":"Guardian:SphericShield","floor":1.0,"key":"SMITH"},{"floor":10.0,"key":"RECALL"},{"data":"Guardian:PrismaticBarrier","floor":18.0,"key":"SMITH"},{"data":"Guardian:HyperBeam_Guardian","floor":26.0,"key":"SMITH"},{"data":"Guardian:DecasProtection","floor":29.0,"key":"SMITH"},{"data":"Guardian:BaubleBeam","floor":35.0,"key":"SMITH"},{"data":"Guardian:Clone","floor":42.0,"key":"SMITH"},{"data":"Guardian:EvasiveProtocol","floor":45.0,"key":"SMITH"},{"data":"Guardian:TimeBomb","floor":47.0,"key":"SMITH"},{"data":"Guardian:FastForward","floor":54.0,"key":"SMITH"}],"circlet_count":0,"master_deck":["Guardian:Strike_Guardian","Guardian:Defend_Guardian","Guardian:Defend_Guardian","Guardian:Defend_Guardian","Guardian:CurlUp","Guardian:TwinSlam","Guardian:SphericShield+1","Guardian:HyperBeam_Guardian+1","Guardian:Planning","Guardian:TemporalStrike","Guardian:PrismaticBarrier+1","Guardian:Clone+1","Guardian:FastForward+1","Guardian:BaubleBeam+1","Guardian:PiercingHide","Guardian:TimeBomb+1","Guardian:Recover+1","Guardian:ChargeCore+1","Clumsy","Guardian:EvasiveProtocol+1","Guardian:DonusPower+1","Guardian:DecasProtection+1","Guardian:ChargeCore+1","Guardian:EvasiveProtocol+1","Guardian:EvasiveProtocol+1","Slimebound:Icky","Guardian:ArmoredProtocol+1","Clumsy","Guardian:TimeCapacitor+1","Guardian:Emergency+1","Guardian:Clone+1"],"relics":["Guardian:ModeShifter","downfall:ShatteredFragment","Matryoshka","Boot","Cursed Key","downfall:HeartBlessingRed","downfall:HeartBlessingGreen","Vajra","downfall:HeartBlessingBlue","Eternal Feather","Empty Cage","Frozen Egg 2","Pear","Anchor","Pantograph","Blood Vial","Lee\u0027s Waffle"],"acts_visited":["Exordium","TheCity","TheBeyond","TheEnding"],"potions_floor_usage":[],"damage_taken":[{"damage":0.0,"enemies":"Jaw Worm","floor":3.0,"turns":4.0},{"damage":0.0,"enemies":"downfall:FleeingMerchant","floor":5.0,"turns":4.0},{"damage":0.0,"enemies":"Small Slimes","floor":6.0,"turns":2.0},{"damage":5.0,"enemies":"downfall:FleeingMerchant","floor":8.0,"turns":4.0},{"damage":0.0,"enemies":"Cultist","floor":9.0,"turns":4.0},{"damage":0.0,"enemies":"Blue Slaver","floor":11.0,"turns":3.0},{"damage":13.0,"enemies":"downfall:FleeingMerchant","floor":12.0,"turns":4.0},{"damage":0.0,"enemies":"Exordium Thugs","floor":13.0,"turns":5.0},{"damage":12.0,"enemies":"3 Sentries","floor":14.0,"turns":8.0},{"damage":1.0,"enemies":"3 Louse","floor":15.0,"turns":3.0},{"damage":21.0,"enemies":"downfall:Silent","floor":16.0,"turns":13.0},{"damage":6.0,"enemies":"Spheric Guardian","floor":19.0,"turns":4.0},{"damage":6.0,"enemies":"Chosen","floor":20.0,"turns":5.0},{"damage":1.0,"enemies":"Shelled Parasite and Fungi","floor":22.0,"turns":5.0},{"damage":0.0,"enemies":"downfall:FleeingMerchant","floor":23.0,"turns":4.0},{"damage":16.0,"enemies":"3 Cultists","floor":25.0,"turns":6.0},{"damage":20.0,"enemies":"Gremlin Leader","floor":27.0,"turns":8.0},{"damage":0.0,"enemies":"Snake Plant","floor":28.0,"turns":4.0},{"damage":0.0,"enemies":"downfall:FleeingMerchant","floor":30.0,"turns":4.0},{"damage":0.0,"enemies":"Centurion and Healer","floor":32.0,"turns":4.0},{"damage":5.0,"enemies":"downfall:Ironclad","floor":33.0,"turns":9.0},{"damage":0.0,"enemies":"downfall:FleeingMerchant","floor":36.0,"turns":2.0},{"damage":0.0,"enemies":"3 Shapes","floor":38.0,"turns":2.0},{"damage":1.0,"enemies":"3 Darklings","floor":40.0,"turns":4.0},{"damage":10.0,"enemies":"Maw","floor":43.0,"turns":7.0},{"damage":8.0,"enemies":"4 Shapes","floor":46.0,"turns":3.0},{"damage":17.0,"enemies":"Transient","floor":48.0,"turns":5.0},{"damage":0.0,"enemies":"Spire Growth","floor":49.0,"turns":4.0},{"damage":9.0,"enemies":"downfall:Defect","floor":50.0,"turns":10.0},{"damage":30.0,"enemies":"downfall:CharBossMerchant","floor":52.0,"turns":14.0},{"damage":117,"enemies":"downfall:NeowBoss","floor":55,"turns":29}],"seed_played":"-8053394445322243776","potions_obtained":[{"floor":9.0,"key":"Regen Potion"},{"floor":11.0,"key":"FearPotion"},{"floor":13.0,"key":"PowerPotion"},{"floor":16.0,"key":"GamblersBrew"},{"floor":19.0,"key":"sneckomod:MuddlingPotion"},{"floor":25.0,"key":"Dexterity Potion"},{"floor":33.0,"key":"Swift Potion"},{"floor":40.0,"key":"AttackPotion"},{"floor":52.0,"key":"FearPotion"}],"is_trial":false,"path_per_floor":["R","?","M","?","$","M","T","$","M","R","M","$","M","E","M","B",null,"R","M","M","?","M","$","T","M","R","E","M","R","$","?","M","B",null,"R","$","$","M","?","M","T","R","M","?","R","M","R","M","M","B",null,"E","$","R","B"],"character_chosen":"GUARDIAN","items_purchased":["Guardian:Planning","Guardian:Repulse","Guardian:Gem_Red","Frozen Egg 2","Guardian:EvasiveProtocol+1","Guardian:EvasiveProtocol+1","Lee\u0027s Waffle"],"campfire_rested":0,"item_purchase_floors":[5,8,30,36,36,37,53],"current_hp_per_floor":[80,56,56,56,56,56,56,51,51,51,51,38,38,26,25,19,80,80,74,68,68,67,67,67,51,61,41,41,56,56,56,56,51,90,90,90,90,90,90,89,99,100,90,90,100,92,100,83,83,91,100,70,107,107,0,0,0],"gold":4,"neow_bonus":"ONE_RANDOM_RARE_CARD","is_daily":false,"chose_seed":false,"campfire_upgraded":9,"win_rate":0.0,"timestamp":1608940539,"path_taken":["R","?","M","?","$","M","T","$","M","R","M","?","M","E","M","BOSS","R","M","M","?","M","$","T","M","R","E","M","R","$","?","M","BOSS","R","?","$","M","?","M","T","R","?","?","R","M","R","M","M","BOSS","E","$","R","BOSS"],"items_purchased_type":["Card","Card","Card","Relic","Card","Card","Relic"],"build_version":"2020-12-22","purchased_purges":2,"victory":false,"max_hp_per_floor":[80,80,80,80,80,80,80,80,80,80,80,80,80,80,80,80,80,80,80,80,80,80,80,80,80,90,90,90,90,90,90,90,90,90,90,90,90,90,90,90,100,100,100,100,100,100,100,100,100,100,100,100,107,107,107,107,107],"card_choices":[{"not_picked":["Guardian:Recover","Guardian:Gem_Lightblue"],"picked":"Guardian:Gem_Red","floor":3.0},{"not_picked":["Guardian:Repulse","Guardian:RollAttack"],"picked":"Guardian:HyperBeam_Guardian","floor":5.0},{"not_picked":["Guardian:MultiBeam","Guardian:PiercingHide"],"picked":"Guardian:TemporalStrike","floor":6.0},{"not_picked":["Guardian:PrismaticBeam","Guardian:RollAttack"],"picked":"Guardian:Gem_Crimson","floor":8.0},{"not_picked":["Guardian:PiercingHide","Guardian:Harden"],"picked":"Guardian:Gem_Purple","floor":9.0},{"not_picked":["Guardian:RollAttack","Guardian:Suspension"],"picked":"Guardian:PrismaticBarrier","floor":11.0},{"not_picked":["Guardian:CrystalBeam","Guardian:FloatingOrbs"],"picked":"Guardian:Gem_Cyan","floor":12.0},{"not_picked":["Guardian:SpikerProtocol","Guardian:Gem_Red"],"picked":"Guardian:Gem_Green","floor":13.0},{"not_picked":["Guardian:Gem_Crimson","Guardian:PrimingBeam"],"picked":"Guardian:Clone","floor":14.0},{"not_picked":["Guardian:Gem_Cyan","Guardian:PiercingHide"],"picked":"Guardian:FastForward","floor":15.0},{"not_picked":["Guardian:TimeSifter","Guardian:FastForward"],"picked":"Guardian:BaubleBeam","floor":16.0},{"not_picked":["Guardian:PolyBeam","Guardian:ShieldSpikes"],"picked":"Guardian:PiercingHide","floor":19.0},{"not_picked":["Guardian:VentSteam","Guardian:PrismaticBeam"],"picked":"Guardian:TimeBomb","floor":20.0},{"not_picked":["Guardian:Planning","Guardian:Gem_Cyan"],"picked":"Guardian:Recover+1","floor":22.0},{"not_picked":["Guardian:PrismaticBarrier+1","Guardian:Gem_Lightblue"],"picked":"Guardian:ChargeCore+1","floor":23.0},{"not_picked":["Guardian:TemporalShield","Guardian:RollAttack"],"picked":"Guardian:EvasiveProtocol","floor":25.0},{"not_picked":["Guardian:Gem_White","Guardian:TemporalShield"],"picked":"Guardian:DonusPower+1","floor":27.0},{"not_picked":["Guardian:RollAttack","Guardian:Gem_Cyan"],"picked":"Guardian:DecasProtection","floor":28.0},{"not_picked":["Guardian:ChargeCore","Guardian:Gem_Crimson"],"picked":"Guardian:Gem_Green","floor":30.0},{"not_picked":["Guardian:TemporalShield","Guardian:PiercingHide","Guardian:VentSteam"],"picked":"SKIP","floor":32.0},{"not_picked":["Guardian:ConstructionForm","Guardian:HyperBeam_Guardian"],"picked":"Guardian:Gem_Orange","floor":33.0},{"not_picked":["Guardian:PrismaticBeam","Guardian:HyperBeam_Guardian"],"picked":"Guardian:ChargeCore+1","floor":36.0},{"not_picked":["Guardian:Gem_Fragmented","Guardian:BronzeArmor","Guardian:Planning"],"picked":"SKIP","floor":38.0},{"not_picked":["Guardian:Gem_Lightblue","Guardian:Planning","Guardian:ChargeCore"],"picked":"SKIP","floor":40.0},{"not_picked":["Guardian:WalkerClaw","Guardian:Gem_Blue"],"picked":"Guardian:ArmoredProtocol+1","floor":43.0},{"not_picked":["Guardian:ChargeCore+1","Guardian:WalkerClaw"],"picked":"Guardian:TimeCapacitor+1","floor":46.0},{"not_picked":["Guardian:ConstructionForm+1","Guardian:BronzeArmor+1","Guardian:Preprogram+1"],"picked":"SKIP","floor":48.0},{"not_picked":["Guardian:Planning","Guardian:PrismaticBeam+1"],"picked":"Guardian:Emergency+1","floor":49.0},{"not_picked":["Guardian:Gem_Fragmented","Guardian:DecasProtection+1"],"picked":"Guardian:Clone+1","floor":52.0}],"player_experience":58310,"relics_obtained":[{"floor":7.0,"key":"Matryoshka"},{"floor":14.0,"key":"Boot"},{"floor":24.0,"key":"Vajra"},{"floor":27.0,"key":"Eternal Feather"},{"floor":41.0,"key":"Pear"},{"floor":41.0,"key":"Anchor"},{"floor":44.0,"key":"Pantograph"},{"floor":52.0,"key":"Blood Vial"}],"event_choices":[{"damage_healed":0.0,"max_hp_gain":0.0,"max_hp_loss":0.0,"gold_gain":0.0,"event_name":"Ghosts","player_choice":"Ignored","floor":21.0,"gold_loss":0.0,"damage_taken":0.0},{"cards_removed":["Guardian:Repulse"],"damage_healed":0.0,"max_hp_gain":0.0,"max_hp_loss":0.0,"gold_gain":0.0,"event_name":"Falling","player_choice":"Removed Power","floor":39.0,"gold_loss":0.0,"damage_taken":0.0}],"is_beta":false,"boss_relics":[{"not_picked":["Tiny House","SacredBark"],"picked":"Cursed Key"},{"not_picked":["Fusion Hammer","Calling Bell"],"picked":"Empty Cage"}],"items_purged_floors":[5,36],"is_endless":false,"potions_floor_spawned":[9,11,13,16,19,25,27,32,33,38,40,52],"killed_by":"downfall:NeowBoss","ascension_level":0}}