{"host":"ayh4nqhr0ddw4ozv","time":1608890422,"event":{"mods":["BaseMod","Minty Spire (QoL Compilation)","Relic Stats","Robot Space Explorer","StSLib"],"gold_per_floor":[112,123,143,68,84,84,115,115,138,163,163,179,205,222,222,326,326,311,211,224,224,224,259,277,277,277,290,300,300,326,345,345,447,447,460,520,584,684,701,733,745,772,772,772,493,493,513,548,548,548,548,548,95,124,124],"floor_reached":56,"playtime":4459,"items_purged":["RobotSpaceExplorer:Strike","RobotSpaceExplorer:Defend","RobotSpaceExplorer:Strike","RobotSpaceExplorer:Defend"],"score":1351,"play_id":"bd171867-16f1-45bb-ad2f-850d98c5c49b","local_time":"20201225020022","is_ascension_mode":false,"campfire_choices":[{"data":"RobotSpaceExplorer:ShovelStrike","floor":6,"key":"SMITH"},{"data":"RobotSpaceExplorer:ChargingLaser","floor":11,"key":"SMITH"},{"data":"RobotSpaceExplorer:Jetpack","floor":15,"key":"SMITH"},{"floor":32,"key":"REST"},{"floor":44,"key":"REST"},{"floor":46,"key":"RECALL"},{"floor":49,"key":"REST"},{"floor":52,"key":"REST"}],"circlet_count":0,"master_deck":["RobotSpaceExplorer:Strike+1","RobotSpaceExplorer:Strike+1","RobotSpaceExplorer:Scan+1","RobotSpaceExplorer:MiniLasers+1","RobotSpaceExplorer:ShovelStrike+1","RobotSpaceExplorer:Jetpack+1","RobotSpaceExplorer:Autoloader","RobotSpaceExplorer:DoubleBlock","RobotSpaceExplorer:ChargingLaser+1","RobotSpaceExplorer:FreezingShield","RobotSpaceExplorer:Calculate","RobotSpaceExplorer:Multitool","RobotSpaceExplorer:FranticSearch+1","RobotSpaceExplorer:FranticSearch","RobotSpaceExplorer:ScrapToss+1","RobotSpaceExplorer:Jetpack","RobotSpaceExplorer:Accelerator+1","RobotSpaceExplorer:LuckyStrike+1","RobotSpaceExplorer:PowerCollector+1","RobotSpaceExplorer:LuckyStrike+1"],"relics":["RobotSpaceExplorer:TurboCore","Regal Pillow","PreservedInsect","Bag of Preparation","Blue Candle","Fusion Hammer","Torii","Kunai","Frozen Egg 2","SsserpentHead","Darkstone Periapt","TungstenRod","Anchor","FossilizedHelix","Whetstone","RobotSpaceExplorer:BottledGravity","RobotSpaceExplorer:FoglandsKnife","Eternal Feather"],"acts_visited":["Exordium","TheCity","TheBeyond","TheEnding"],"potions_floor_usage":[16,30,38,55,55,55],"damage_taken":[{"damage":0,"enemies":"Small Slimes","floor":1,"turns":3},{"damage":0,"enemies":"2 Louse","floor":2,"turns":2},{"damage":0,"enemies":"Cultist","floor":3,"turns":3},{"damage":2,"enemies":"Looter","floor":5,"turns":5},{"damage":18,"enemies":"Lagavulin","floor":7,"turns":10},{"damage":9,"enemies":"Gremlin Nob","floor":10,"turns":5},{"damage":1,"enemies":"3 Louse","floor":12,"turns":5},{"damage":1,"enemies":"Lagavulin","floor":13,"turns":6},{"damage":0,"enemies":"Lots of Slimes","floor":14,"turns":4},{"damage":7,"enemies":"Hexaghost","floor":16,"turns":11},{"damage":0,"enemies":"2 Thieves","floor":18,"turns":4},{"damage":16,"enemies":"Spheric Guardian","floor":20,"turns":4},{"damage":3,"enemies":"Book of Stabbing","floor":23,"turns":6},{"damage":1,"enemies":"Snake Plant","floor":24,"turns":7},{"damage":0,"enemies":"Snecko","floor":27,"turns":6},{"damage":1,"enemies":"Centurion and Healer","floor":28,"turns":6},{"damage":0,"enemies":"Slavers","floor":30,"turns":5},{"damage":0,"enemies":"3 Cultists","floor":31,"turns":5},{"damage":17,"enemies":"Automaton","floor":33,"turns":13},{"damage":0,"enemies":"3 Shapes","floor":35,"turns":4},{"damage":2,"enemies":"Orb Walker","floor":36,"turns":4},{"damage":0,"enemies":"Spire Growth","floor":37,"turns":3},{"damage":13,"enemies":"Mind Bloom Boss Battle","floor":38,"turns":6},{"damage":13,"enemies":"3 Darklings","floor":39,"turns":4},{"damage":0,"enemies":"Reptomancer","floor":40,"turns":4},{"damage":5,"enemies":"Maw","floor":41,"turns":7},{"damage":10,"enemies":"Nemesis","floor":42,"turns":6},{"damage":0,"enemies":"Jaw Worm Horde","floor":47,"turns":3},{"damage":0,"enemies":"Reptomancer","floor":48,"turns":2},{"damage":37,"enemies":"Awakened One","floor":50,"turns":11},{"damage":9,"enemies":"Shield and Spear","floor":54,"turns":5},{"damage":5,"enemies":"The Heart","floor":55,"turns":5}],"seed_played":"-3093042010252917251","potions_obtained":[{"floor":1,"key":"SmokeBomb"},{"floor":2,"key":"Block Potion"},{"floor":12,"key":"RobotSpaceExplorer:PlasmaFlask"},{"floor":20,"key":"Explosive Potion"},{"floor":22,"key":"DuplicationPotion"},{"floor":22,"key":"Swift Potion"},{"floor":22,"key":"RobotSpaceExplorer:RecyclePotion"},{"floor":30,"key":"LiquidBronze"},{"floor":31,"key":"Regen Potion"},{"floor":35,"key":"Energy Potion"},{"floor":39,"key":"Dexterity Potion"}],"is_trial":false,"path_per_floor":["M","M","M","$","M","R","E","?","T","E","R","M","E","M","R","B",null,"M","$","M","?","?","E","M","?","T","M","M","?","E","M","R","B",null,"M","M","M","?","M","E","M","E","T","R","$","R","M","E","R","B",null,"R","$","E","B",null],"character_chosen":"RobotSpaceExplorer","items_purchased":["Whetstone","RobotSpaceExplorer:FoglandsKnife","RobotSpaceExplorer:Wormhole","RobotSpaceExplorer:PowerCollector+1"],"campfire_rested":4,"item_purchase_floors":[45,53,53,53],"current_hp_per_floor":[75,75,75,75,73,73,55,40,40,31,31,30,29,29,29,22,75,75,75,59,59,59,56,55,46,46,46,45,45,45,45,75,58,75,75,73,73,60,47,47,42,32,32,69,69,69,69,69,75,38,75,75,75,66,61],"gold":124,"neow_bonus":"REMOVE_CARD","is_daily":false,"chose_seed":false,"campfire_upgraded":3,"win_rate":0.0,"timestamp":1608890422,"path_taken":["M","M","M","$","M","R","E","?","T","E","R","M","E","M","R","BOSS","M","$","M","?","?","E","?","?","T","M","M","?","E","M","R","BOSS","M","?","?","?","M","E","M","E","T","R","$","R","M","E","R","BOSS","R","$","E","BOSS"],"items_purchased_type":["Relic","Relic","Card","Card"],"build_version":"2020-12-22","purchased_purges":4,"victory":true,"max_hp_per_floor":[75,75,75,75,75,75,75,75,75,75,75,75,75,75,75,75,75,75,75,75,75,75,75,75,75,75,75,75,75,75,75,75,75,75,75,75,75,75,75,75,75,75,75,75,75,75,75,75,75,75,75,75,75,75,75],"relic_stats":{"Darkstone Periapt":0,"Regal Pillow":23,"Torii":20,"counters":[32,174],"Blue Candle":[0],"Eternal Feather":0,"PreservedInsect":361,"Bag of Preparation":[52],"Whetstone":["RobotSpaceExplorer:Strike","RobotSpaceExplorer:MiniLasers"],"SsserpentHead":150,"Kunai":[125],"obtain_stats":[{"Darkstone Periapt":30,"Regal Pillow":7,"Torii":21,"Blue Candle":13,"RobotSpaceExplorer:RoboCore":0,"Eternal Feather":54,"PreservedInsect":9,"Bag of Preparation":10,"Whetstone":45,"Frozen Egg 2":26,"RobotSpaceExplorer:TurboCore":34,"SsserpentHead":29,"RobotSpaceExplorer:FoglandsKnife":53,"Anchor":40,"RobotSpaceExplorer:BottledGravity":48,"Fusion Hammer":17,"Kunai":23,"TungstenRod":38,"FossilizedHelix":42},{"Darkstone Periapt":17,"Regal Pillow":5,"Torii":12,"Blue Candle":8,"RobotSpaceExplorer:RoboCore":0,"Eternal Feather":31,"PreservedInsect":5,"Bag of Preparation":6,"Whetstone":27,"Frozen Egg 2":14,"RobotSpaceExplorer:TurboCore":19,"SsserpentHead":16,"RobotSpaceExplorer:FoglandsKnife":30,"Anchor":25,"RobotSpaceExplorer:BottledGravity":29,"Fusion Hammer":10,"Kunai":13,"TungstenRod":23,"FossilizedHelix":27},{"Darkstone Periapt":92,"Regal Pillow":23,"Torii":62,"Blue Candle":39,"RobotSpaceExplorer:RoboCore":0,"Eternal Feather":169,"PreservedInsect":23,"Bag of Preparation":28,"Whetstone":148,"Frozen Egg 2":75,"RobotSpaceExplorer:TurboCore":110,"SsserpentHead":87,"RobotSpaceExplorer:FoglandsKnife":164,"Anchor":135,"RobotSpaceExplorer:BottledGravity":153,"Fusion Hammer":54,"Kunai":68,"TungstenRod":127,"FossilizedHelix":148}],"TungstenRod":27},"card_choices":[{"not_picked":["RobotSpaceExplorer:Counterblock","RobotSpaceExplorer:SwiftStep"],"picked":"RobotSpaceExplorer:ShovelStrike","floor":1},{"not_picked":["RobotSpaceExplorer:MiniDrones","RobotSpaceExplorer:StarDust"],"picked":"RobotSpaceExplorer:Jetpack","floor":2},{"not_picked":["RobotSpaceExplorer:Probe","RobotSpaceExplorer:SurgingShield"],"picked":"RobotSpaceExplorer:Autoloader","floor":3},{"not_picked":["RobotSpaceExplorer:Probe","RobotSpaceExplorer:ScrapMissile"],"picked":"RobotSpaceExplorer:DoubleBlock","floor":5},{"not_picked":["RobotSpaceExplorer:StunGrenade","RobotSpaceExplorer:Pulsar","RobotSpaceExplorer:SurgingStrike"],"picked":"SKIP","floor":7},{"not_picked":["RobotSpaceExplorer:Exploration","RobotSpaceExplorer:GlueShot"],"picked":"RobotSpaceExplorer:ChargingLaser","floor":10},{"not_picked":["RobotSpaceExplorer:DoubleFind","RobotSpaceExplorer:StarLightning"],"picked":"RobotSpaceExplorer:FreezingShield","floor":12},{"not_picked":["RobotSpaceExplorer:StunGrenade","RobotSpaceExplorer:Reload"],"picked":"RobotSpaceExplorer:Calculate","floor":13},{"not_picked":["RobotSpaceExplorer:StarDust","RobotSpaceExplorer:MakeshiftVolley","RobotSpaceExplorer:GlueSpray"],"picked":"SKIP","floor":14},{"not_picked":["RobotSpaceExplorer:DroneSwarm","RobotSpaceExplorer:HighVoltage"],"picked":"RobotSpaceExplorer:Multitool","floor":16},{"not_picked":["RobotSpaceExplorer:Electroshield","RobotSpaceExplorer:ScrapMissile","RobotSpaceExplorer:SurgingStrike"],"picked":"SKIP","floor":18},{"not_picked":["RobotSpaceExplorer:DoubleBlock","RobotSpaceExplorer:GlueShot+1"],"picked":"RobotSpaceExplorer:FranticSearch+1","floor":20},{"not_picked":["RobotSpaceExplorer:PowerGlove","RobotSpaceExplorer:ScrapMissile","RobotSpaceExplorer:Smokescreen"],"picked":"SKIP","floor":23},{"not_picked":["RobotSpaceExplorer:GlueShot","RobotSpaceExplorer:SlimeMissile+1"],"picked":"RobotSpaceExplorer:FranticSearch","floor":24},{"not_picked":["RobotSpaceExplorer:FrostMissile","RobotSpaceExplorer:Reload","RobotSpaceExplorer:MiniBoosters+1"],"picked":"SKIP","floor":27},{"not_picked":["RobotSpaceExplorer:Counterblock+1","RobotSpaceExplorer:Electropulse"],"picked":"RobotSpaceExplorer:ScrapToss+1","floor":28},{"not_picked":["RobotSpaceExplorer:StunGrenade","RobotSpaceExplorer:ShockKick","RobotSpaceExplorer:ToxicBomb+1"],"picked":"SKIP","floor":30},{"not_picked":["RobotSpaceExplorer:ImprovisedAttack","RobotSpaceExplorer:ScrapMissile+1"],"picked":"RobotSpaceExplorer:Jetpack","floor":31},{"not_picked":["RobotSpaceExplorer:Multitool+1","RobotSpaceExplorer:HighVoltage"],"picked":"RobotSpaceExplorer:Accelerator+1","floor":33},{"not_picked":["RobotSpaceExplorer:MiniBoosters+1","RobotSpaceExplorer:ExhaustFan+1"],"picked":"RobotSpaceExplorer:LuckyStrike+1","floor":35},{"not_picked":["RobotSpaceExplorer:ImprovisedAttack+1","RobotSpaceExplorer:SurgingStrike","RobotSpaceExplorer:GlueShot"],"picked":"SKIP","floor":36},{"not_picked":["RobotSpaceExplorer:Electropulse+1","RobotSpaceExplorer:PlasmaMissile","RobotSpaceExplorer:DroneSwarm+1"],"picked":"SKIP","floor":37},{"not_picked":["RobotSpaceExplorer:ShockKick","RobotSpaceExplorer:ImprovisedAttack","RobotSpaceExplorer:MiniDrones"],"picked":"SKIP","floor":39},{"not_picked":["RobotSpaceExplorer:Counterblock+1","RobotSpaceExplorer:Reload","RobotSpaceExplorer:FrostMissile"],"picked":"SKIP","floor":40},{"not_picked":["RobotSpaceExplorer:SelfCleaning","RobotSpaceExplorer:StarLightning+1","RobotSpaceExplorer:DualCore+1"],"picked":"SKIP","floor":41},{"not_picked":["RobotSpaceExplorer:SelfCleaning+1","RobotSpaceExplorer:StunGrenade","RobotSpaceExplorer:Exploration"],"picked":"SKIP","floor":42},{"not_picked":["RobotSpaceExplorer:FreezeRay+1","RobotSpaceExplorer:Ammunition","RobotSpaceExplorer:GlueShot+1"],"picked":"SKIP","floor":47},{"not_picked":["RobotSpaceExplorer:Electropulse+1","RobotSpaceExplorer:Counterblock","RobotSpaceExplorer:SurgingShield+1"],"picked":"SKIP","floor":48},{"not_picked":["RobotSpaceExplorer:DualCore+1","RobotSpaceExplorer:StarDust+1"],"picked":"RobotSpaceExplorer:LuckyStrike+1","floor":54}],"player_experience":212406,"relics_obtained":[{"floor":7,"key":"Regal Pillow"},{"floor":9,"key":"PreservedInsect"},{"floor":10,"key":"Bag of Preparation"},{"floor":13,"key":"Blue Candle"},{"floor":23,"key":"Kunai"},{"floor":26,"key":"Frozen Egg 2"},{"floor":30,"key":"Darkstone Periapt"},{"floor":38,"key":"TungstenRod"},{"floor":40,"key":"Anchor"},{"floor":42,"key":"FossilizedHelix"},{"floor":48,"key":"RobotSpaceExplorer:BottledGravity"},{"floor":54,"key":"Eternal Feather"}],"event_choices":[{"damage_healed":0,"gold_gain":0,"player_choice":"Entered Light","damage_taken":15,"max_hp_gain":0,"max_hp_loss":0,"event_name":"Shining Light","floor":8,"gold_loss":0,"cards_upgraded":["RobotSpaceExplorer:Scan","RobotSpaceExplorer:Strike"]},{"damage_healed":0,"gold_gain":0,"player_choice":"Opened","damage_taken":0,"relics_obtained":["Torii"],"max_hp_gain":0,"max_hp_loss":0,"event_name":"The Mausoleum","floor":21,"gold_loss":0},{"damage_healed":0,"gold_gain":0,"player_choice":"Got Potions","damage_taken":0,"max_hp_gain":0,"max_hp_loss":0,"event_name":"Lab","floor":22,"gold_loss":0},{"damage_healed":0,"gold_gain":0,"player_choice":"Stopped","damage_taken":9,"max_hp_gain":0,"max_hp_loss":0,"event_name":"Cursed Tome","floor":25,"gold_loss":0},{"damage_healed":0,"gold_gain":0,"player_choice":"Trade","damage_taken":0,"relics_obtained":["SsserpentHead"],"max_hp_gain":0,"max_hp_loss":0,"event_name":"FaceTrader","floor":29,"gold_loss":0},{"damage_healed":0,"gold_gain":0,"player_choice":"Fight","damage_taken":0,"max_hp_gain":0,"max_hp_loss":0,"event_name":"MindBloom","floor":38,"gold_loss":0}],"is_beta":false,"boss_relics":[{"not_picked":["RobotSpaceExplorer:Reprocessor","Busted Crown"],"picked":"Fusion Hammer"},{"not_picked":["Black Star","Snecko Eye"],"picked":"RobotSpaceExplorer:TurboCore"}],"items_purged_floors":[4,19,45,53],"is_endless":false,"potions_floor_spawned":[1,2,12,20,23,30,31,35,39,40,42,47],"ascension_level":0}}