{"host":"j204k34h42bd6fas","time":1608863325,"event":{"mods":["Aspiration","BaseMod","Colored Map","Colored Powertips","Conspire","Energized Spire","Hubris","Infinite Spire","JesterMod","Mimic Mod","Minty Spire (QoL Compilation)","Rare Cards Sparkle","Relic Stats","Replay The Spire","Say the Spire","StSLib","The Cursed","The Marked"],"gold_per_floor":[115,15,15,15,15,40,50,50,82,131,153,153,177,177,177,181,181],"floor_reached":16,"playtime":449,"items_purged":[],"score":166,"play_id":"2da1ee5d-8f36-4e62-920e-27ace0843535","local_time":"20201224212845","is_ascension_mode":true,"campfire_choices":[{"data":"Footwork","floor":8,"key":"SMITH"}],"circlet_count":0,"master_deck":["Strike_G","Strike_G+1","Strike_G","Strike_G","Strike_G","Defend_G+1","Defend_G+1","Defend_G+1","Defend_G+1","Defend_G+1","Survivor","Neutralize","Bane","Footwork","Quick Slash","Spreading Infection","All Out Attack+1","Footwork+1","Venomology","Crippling Poison","Prepared","All Out Attack"],"relics":["NeowsBlessing","Matryoshka","hubris:OldNail","MealTicket","Anchor","Replay:Bandana","Replay:Accelerometer","Sizzling Blood","Potion Belt","Replay:Bottled Eggs"],"acts_visited":["Exordium"],"potions_floor_usage":[9,11,13,13],"damage_taken":[{"damage":0,"enemies":"Jaw Worm","floor":1,"turns":1},{"damage":0,"enemies":"Gremlin Nob","floor":6,"turns":1},{"damage":0,"enemies":"2 Louse","floor":7,"turns":1},{"damage":10,"enemies":"Small Slimes","floor":9,"turns":14},{"damage":13,"enemies":"3 Sentries","floor":10,"turns":10},{"damage":0,"enemies":"Small Slimes","floor":11,"turns":2},{"damage":12,"enemies":"Exordium Thugs","floor":13,"turns":6},{"damage":23,"enemies":"The Guardian","floor":16,"turns":2}],"seed_played":"-3144233743077504518","potions_obtained":[{"floor":1,"key":"Adrenaline Potion"},{"floor":7,"key":"Dexterity Potion"},{"floor":10,"key":"Poison Potion"}],"is_trial":false,"path_per_floor":["M","$","?","?","?","E","M","R","MIM","E","M","?","M","T","R_BF","B"],"character_chosen":"THE_SILENT","items_purchased":["Footwork","Quick Slash"],"campfire_rested":0,"item_purchase_floors":[2,2],"current_hp_per_floor":[70,70,70,58,58,58,58,58,48,35,35,39,31,31,16,0,0],"gold":181,"neow_bonus":"THREE_ENEMY_KILL","is_daily":false,"chose_seed":false,"campfire_upgraded":1,"win_rate":0.0,"timestamp":1608863325,"path_taken":["M","$","?","?","?","E","?","R","MIM","E","M","?","M","?","R_BF","BOSS"],"items_purchased_type":["Card","Card"],"build_version":"2020-12-22","purchased_purges":0,"victory":false,"max_hp_per_floor":[70,70,70,70,70,70,70,70,70,70,70,74,74,74,74,74,74],"relic_stats":{"counters":[8,37],"MealTicket":0,"obtain_stats":[{"Potion Belt":14,"Replay:Accelerometer":10,"Anchor":9,"Replay:Bandana":9,"Matryoshka":3,"NeowsBlessing":0,"MealTicket":6,"Sizzling Blood":12,"Replay:Bottled Eggs":14,"hubris:OldNail":4,"Ring of the Snake":0},{"Potion Belt":7,"Replay:Accelerometer":5,"Anchor":4,"Replay:Bandana":4,"Matryoshka":1,"NeowsBlessing":0,"MealTicket":2,"Sizzling Blood":6,"Replay:Bottled Eggs":7,"hubris:OldNail":1,"Ring of the Snake":0},{"Potion Belt":35,"Replay:Accelerometer":27,"Anchor":17,"Replay:Bandana":17,"Matryoshka":1,"NeowsBlessing":0,"MealTicket":2,"Sizzling Blood":29,"Replay:Bottled Eggs":35,"hubris:OldNail":1,"Ring of the Snake":0}]},"card_choices":[{"not_picked":["Dagger Throw","Bouncing Flask"],"picked":"Bane","floor":1},{"not_picked":["Deflect","Expertise"],"picked":"All Out Attack","floor":6},{"not_picked":["Crippling Poison","Poisoned Stab"],"picked":"Footwork","floor":7},{"not_picked":["ReplayTheSpireMod:Scrap Shanks","Deflect"],"picked":"Venomology","floor":9},{"not_picked":["Cloak And Dagger","Catalyst"],"picked":"Crippling Poison","floor":10},{"not_picked":["Draining Mist","Crippling Poison"],"picked":"Prepared","floor":11},{"not_picked":["Outmaneuver","hubris:SlightOfHand"],"picked":"All Out Attack","floor":13}],"player_experience":298310,"relics_obtained":[{"floor":6,"key":"MealTicket"},{"floor":9,"key":"Anchor"},{"floor":9,"key":"Replay:Bandana"},{"floor":10,"key":"Replay:Accelerometer"},{"floor":14,"key":"Potion Belt"},{"floor":14,"key":"Replay:Bottled Eggs"}],"event_choices":[{"damage_healed":0,"gold_gain":0,"player_choice":"Box","damage_taken":0,"relics_obtained":["Matryoshka"],"max_hp_gain":0,"max_hp_loss":0,"event_name":"Big Fish","floor":3,"gold_loss":0,"cards_obtained":["Regret"]},{"damage_healed":0,"gold_gain":0,"player_choice":"Success","damage_taken":12,"relics_obtained":["hubris:OldNail"],"max_hp_gain":0,"max_hp_loss":0,"event_name":"Scrap Ooze","floor":4,"gold_loss":0},{"damage_healed":0,"gold_gain":0,"cards_transformed":["Regret"],"player_choice":"Transformed","damage_taken":0,"max_hp_gain":0,"max_hp_loss":0,"event_name":"Transmorgrifier","floor":5,"gold_loss":0,"cards_obtained":["Spreading Infection"]},{"damage_healed":0,"gold_gain":0,"player_choice":"Entered Light","damage_taken":15,"max_hp_gain":0,"max_hp_loss":0,"event_name":"Shining Light","floor":15,"gold_loss":0,"cards_upgraded":["All Out Attack","Strike_G"]}],"is_beta":false,"boss_relics":[],"items_purged_floors":[],"is_endless":false,"potions_floor_spawned":[1,7,10,11],"killed_by":"The Guardian","ascension_level":5}}