{"host":"30jsp143e4v19aze","time":1608915237,"event":{"mods":["BaseMod","Colored Map","Colored Powertips","Curses Come First","DeckTracker","Highlight Path","Minty Spire (QoL Compilation)","Quick Restart","Relic Stats","StSLib","everything is the same but u backflip on backflip","slay the spire mod where everything is the same but ironclad has a cowboy hat"],"gold_per_floor":[209,44,9,22,36,65,78,78,78,78,78,95,114,114,114],"floor_reached":14,"playtime":477,"items_purged":[],"score":184,"play_id":"bca685fb-efee-4716-b18d-6f2a9e735a80","local_time":"20201225175357","is_ascension_mode":true,"campfire_choices":[{"data":"Immolate","floor":11,"key":"SMITH"}],"circlet_count":0,"master_deck":["AscendersBane","Strike_R+1","Strike_R","Strike_R","Strike_R","Strike_R+1","Defend_R","Defend_R","Defend_R","Defend_R","Bash","Thunderclap","Immolate+1","True Grit","Pain","Shrug It Off","Spot Weakness"],"relics":["Burning Blood","Oddly Smooth Stone","Whetstone","WarpedTongs"],"acts_visited":["Exordium"],"potions_floor_usage":[7,14],"damage_taken":[{"damage":14,"enemies":"Small Slimes","floor":1,"turns":4},{"damage":0,"enemies":"2 Louse","floor":4,"turns":1},{"damage":1,"enemies":"Cultist","floor":5,"turns":3},{"damage":37,"enemies":"3 Sentries","floor":6,"turns":6},{"damage":14,"enemies":"Exordium Thugs","floor":7,"turns":2},{"damage":13,"enemies":"Looter","floor":12,"turns":3},{"damage":3,"enemies":"Gremlin Gang","floor":13,"turns":2},{"damage":32,"enemies":"Lagavulin","floor":14,"turns":10}],"seed_played":"7359250065163334890","potions_obtained":[{"floor":6,"key":"SkillPotion"},{"floor":7,"key":"Weak Potion"}],"is_trial":false,"path_per_floor":["M","$","?","M","M","E","M","?","T","?","R","M","M","E"],"character_chosen":"IRONCLAD","items_purchased":["Immolate"],"campfire_rested":0,"item_purchase_floors":[2],"current_hp_per_floor":[60,60,75,75,75,44,36,36,36,36,36,29,32,0,0],"gold":114,"neow_bonus":"HUNDRED_GOLD","is_daily":false,"chose_seed":false,"campfire_upgraded":1,"win_rate":0.0,"timestamp":1608915237,"path_taken":["M","$","?","M","M","E","M","?","T","?","R","M","?","E"],"items_purchased_type":["Card"],"build_version":"2020-12-22","purchased_purges":0,"victory":false,"max_hp_per_floor":[75,75,75,75,75,75,75,75,75,75,75,75,75,75,75],"relic_stats":{"counters":[8,31],"Whetstone":["Strike_R","Strike_R"],"obtain_stats":[{"Oddly Smooth Stone":6,"Whetstone":9,"Burning Blood":0,"WarpedTongs":10},{"Oddly Smooth Stone":4,"Whetstone":5,"Burning Blood":0,"WarpedTongs":5},{"Oddly Smooth Stone":14,"Whetstone":16,"Burning Blood":0,"WarpedTongs":16}],"Burning Blood":31,"WarpedTongs":[14]},"card_choices":[{"not_picked":["Headbutt","Flex"],"picked":"Thunderclap","floor":1},{"not_picked":["Havoc","Rage","Iron Wave"],"picked":"SKIP","floor":4},{"not_picked":["Rage","Body Slam","Pummel"],"picked":"SKIP","floor":5},{"not_picked":["Dual Wield","Pommel Strike"],"picked":"True Grit","floor":6},{"not_picked":["Thunderclap","Rampage","Heavy Blade"],"picked":"SKIP","floor":7},{"not_picked":["Wild Strike","Flex"],"picked":"Shrug It Off","floor":12},{"not_picked":["Inflame","Iron Wave"],"picked":"Spot Weakness","floor":13}],"player_experience":3190033,"relics_obtained":[{"floor":6,"key":"Oddly Smooth Stone"},{"floor":9,"key":"Whetstone"}],"event_choices":[{"damage_healed":18,"gold_gain":0,"player_choice":"Healed","damage_taken":0,"max_hp_gain":0,"max_hp_loss":0,"event_name":"The Cleric","floor":3,"gold_loss":35},{"damage_healed":0,"gold_gain":0,"player_choice":"Ignored","damage_taken":0,"max_hp_gain":0,"max_hp_loss":0,"event_name":"Liars Game","floor":8,"gold_loss":0},{"damage_healed":0,"gold_gain":0,"player_choice":"Rummage","damage_taken":0,"relics_obtained":["WarpedTongs"],"max_hp_gain":0,"max_hp_loss":0,"event_name":"Accursed Blacksmith","floor":10,"gold_loss":0,"cards_obtained":["Pain"]}],"is_beta":false,"boss_relics":[],"items_purged_floors":[],"is_endless":false,"potions_floor_spawned":[6,7],"killed_by":"Lagavulin","ascension_level":20}}