{"host":"6ko66ogg91i6g7xq","time":1608869177,"event":{"mods":["AchievementEnabler","Act Like it!","BaseMod","Colored Map","Colored Powertips","Downfall","Hermit","Minty Spire (QoL Compilation)","Quick Restart","Relic Stats","StSLib","The Jungle","everything is the same but u backflip on backflip"],"gold_per_floor":[119,119,119,194,75,75,104,104,104,122,153,171,171,189,189,284,284,284,284],"floor_reached":18,"playtime":355,"items_purged":[],"score":212,"play_id":"e5e31952-04db-42c7-aa7c-878f49f1383e","local_time":"20201224230617","is_ascension_mode":true,"campfire_choices":[{"floor":6.0,"key":"RECALL"},{"data":"Finisher","floor":8.0,"key":"SMITH"},{"data":"Die Die Die","floor":13.0,"key":"SMITH"},{"data":"Dagger Spray","floor":15.0,"key":"SMITH"}],"circlet_count":0,"master_deck":["Strike_G","Strike_G","Strike_G","Defend_G","Defend_G","Defend_G","Defend_G","Survivor","Neutralize","Infinite Blades+1","Cloak And Dagger","Finisher+1","Die Die Die+1","Blade Dance","Dagger Spray+1","Sucker Punch","Adrenaline","Masterful Stab+1","Calculated Gamble+1","Accuracy+1"],"relics":["Ring of the Snake","NeowsBlessing","Mango","HornCleat","Bag of Preparation","Astrolabe"],"acts_visited":["Exordium","TheCity"],"potions_floor_usage":[],"damage_taken":[{"damage":0.0,"enemies":"Small Slimes","floor":1.0,"turns":1.0},{"damage":0.0,"enemies":"Lagavulin","floor":7.0,"turns":1.0},{"damage":0.0,"enemies":"Cultist","floor":10.0,"turns":1.0},{"damage":1.0,"enemies":"3 Sentries","floor":11.0,"turns":6.0},{"damage":4.0,"enemies":"Jaw Worm","floor":12.0,"turns":2.0},{"damage":0.0,"enemies":"3 Louse","floor":14.0,"turns":1.0},{"damage":63.0,"enemies":"The Guardian","floor":16.0,"turns":11.0},{"damage":0,"enemies":"2 Thieves","floor":18,"turns":1}],"seed_played":"-6234229301380713909","potions_obtained":[{"floor":1.0,"key":"Slimebound:ThreeZeroPotion"},{"floor":11.0,"key":"AttackPotion"},{"floor":14.0,"key":"GamblersBrew"}],"is_trial":false,"path_per_floor":["M","?","$","?","$","R","E","R","T","M","E","M","R","M","R","B",null,"M"],"character_chosen":"THE_SILENT","items_purchased":["Cloak And Dagger","Finisher"],"campfire_rested":0,"item_purchase_floors":[5,5],"current_hp_per_floor":[70,70,70,59,59,59,73,73,73,73,72,68,68,68,68,5,84,84,84],"gold":284,"neow_bonus":"THREE_ENEMY_KILL","is_daily":false,"chose_seed":false,"campfire_upgraded":3,"win_rate":0.0,"timestamp":1608869177,"path_taken":["M","?","?","?","$","R","E","R","T","M","E","M","R","M","R","BOSS","M"],"items_purchased_type":["Card","Card"],"build_version":"2020-12-22","purchased_purges":0,"victory":false,"max_hp_per_floor":[70,70,70,70,70,70,84,84,84,84,84,84,84,84,84,84,84,84,84],"relic_stats":{"counters":[8,24],"Astrolabe":["Masterful Stab","Calculated Gamble","Accuracy"],"Bag of Preparation":[8],"obtain_stats":[{"HornCleat":9,"NeowsBlessing":0,"Astrolabe":17,"Mango":7,"Bag of Preparation":11,"Ring of the Snake":0},{"HornCleat":2,"NeowsBlessing":0,"Astrolabe":7,"Mango":2,"Bag of Preparation":4,"Ring of the Snake":0},{"HornCleat":2,"NeowsBlessing":0,"Astrolabe":23,"Mango":2,"Bag of Preparation":9,"Ring of the Snake":0}],"Ring of the Snake":[16]},"card_choices":[{"not_picked":["Quick Slash","Eviscerate"],"picked":"Infinite Blades","floor":1.0},{"not_picked":["Prepared","Outmaneuver"],"picked":"Die Die Die","floor":7.0},{"not_picked":["Concentrate","Slice"],"picked":"Blade Dance","floor":10.0},{"not_picked":["Sucker Punch","Wraith Form v2","Flying Knee"],"picked":"SKIP","floor":11.0},{"not_picked":["Acrobatics","Deflect"],"picked":"Dagger Spray","floor":12.0},{"not_picked":["PiercingWail","Reflex"],"picked":"Sucker Punch","floor":14.0},{"not_picked":["Doppelganger","Storm of Steel"],"picked":"Adrenaline","floor":16.0}],"player_experience":242437,"relics_obtained":[{"floor":7.0,"key":"Mango"},{"floor":9.0,"key":"HornCleat"},{"floor":11.0,"key":"Bag of Preparation"}],"event_choices":[{"damage_healed":0.0,"max_hp_gain":0.0,"max_hp_loss":0.0,"gold_gain":0.0,"event_name":"Upgrade Shrine","player_choice":"Upgraded","floor":2.0,"gold_loss":0.0,"damage_taken":0.0,"cards_upgraded":["Infinite Blades"]},{"damage_healed":0.0,"max_hp_gain":0.0,"max_hp_loss":0.0,"gold_gain":75.0,"event_name":"World of Goop","player_choice":"Gather Gold","floor":4.0,"gold_loss":0.0,"damage_taken":11.0}],"is_beta":false,"boss_relics":[{"not_picked":["Empty Cage","Fusion Hammer"],"picked":"Astrolabe"}],"items_purged_floors":[],"is_endless":false,"potions_floor_spawned":[1,11,14],"killed_by":"2 Thieves","ascension_level":2}}