{"host":"3xls0xm49ftugio7","time":1608914365,"event":{"mods":["2.2 Compatiblity","AchievementEnabler","Act Like it!","BaseMod","Colored Powertips","GifTheSpireLib","Mimic Mod","Minty Spire (QoL Compilation)","Quick Restart","Relic Stats","StSLib","The Runesmith"],"gold_per_floor":[111,128,303,320,320,352,389,14,14,49,69,69,88,106,106,211,211,230,240,255,269,13,13,30,30,65,65,76,101,101,101,101,205,205,222,222,16,28,28,28,38,72,102,135,153,172,28,53,53,53],"floor_reached":51,"playtime":4948,"items_purged":["Doubt"],"score":764,"play_id":"fb2c6a7f-5b30-4940-b1bb-927babc8ff09","local_time":"20201225183925","is_ascension_mode":false,"campfire_choices":[{"data":"Runesmith:Firestorm","floor":12.0,"key":"SMITH"},{"data":"Runesmith:Accelerate","floor":15.0,"key":"SMITH"},{"floor":23.0,"key":"REST"},{"data":"Runesmith:MetallurgicalResearch","floor":25.0,"key":"SMITH"},{"data":"Runesmith:ReplicatingBarrier","floor":27.0,"key":"SMITH"},{"data":"Runesmith:CreatorForm","floor":32.0,"key":"SMITH"},{"data":"Runesmith:LithiumIon","floor":40.0,"key":"SMITH"},{"data":"Runesmith:CraftPrismatica","floor":49,"key":"SMITH"}],"circlet_count":0,"master_deck":["Runesmith:Defend_RS","Runesmith:Defend_RS","Runesmith:Defend_RS","Runesmith:Defend_RS","Runesmith:CraftFirestone","Runesmith:Fortify","Runesmith:CraftVitae","Runesmith:Overpower","Runesmith:ChaoticBlast","Runesmith:CraftMagma","Runesmith:Reinforce","Runesmith:DuctTape","Runesmith:CraftMagma","Runesmith:Accelerate+1","Runesmith:OneForEveryone","Runesmith:LithiumIon+1","Runesmith:Firestorm+1","Runesmith:Firewall","Runesmith:MetallurgicalResearch+1","Runesmith:Grindstone+1","Runesmith:FrozenChisel+1","Runesmith:CreatorForm+1","Runesmith:HeatExchange","Runesmith:OneForEveryone+1","Runesmith:ReplicatingBarrier+1","Runesmith:HeatExchange","Runesmith:DuctTape","Bite","Bite","Bite","Bite","Bite","Runesmith:GenerateForcefield+1","Runesmith:HeatExchange+1","Runesmith:Prism","Runesmith:HeatExchange","Runesmith:CraftPrismatica+1","Runesmith:Permafrost","Runesmith:RuneHurl+1","Runesmith:FrozenChisel+1"],"relics":["Runesmith:BrokenRuby","Question Card","Art of War","Runesmith:Nanobots","HornCleat","Runesmith:PocketReactor","Mummified Hand","Pear","Shuriken","Nilry\u0027s Codex","Runesmith:UraniumAnvil","PreservedInsect","Regal Pillow","Calipers","Lizard Tail","Lee\u0027s Waffle","Ancient Tea Set"],"acts_visited":["Exordium","TheCity","TheBeyond"],"potions_floor_usage":[50],"damage_taken":[{"damage":0.0,"enemies":"2 Louse","floor":1.0,"turns":3.0},{"damage":2.0,"enemies":"Small Slimes","floor":2.0,"turns":4.0},{"damage":0.0,"enemies":"Jaw Worm","floor":4.0,"turns":3.0},{"damage":18.0,"enemies":"Lagavulin","floor":6.0,"turns":8.0},{"damage":0.0,"enemies":"Large Slime","floor":7.0,"turns":7.0},{"damage":20.0,"enemies":"Gremlin Nob","floor":10.0,"turns":5.0},{"damage":0.0,"enemies":"Large Slime","floor":11.0,"turns":4.0},{"damage":0.0,"enemies":"Gremlin Gang","floor":13.0,"turns":3.0},{"damage":0.0,"enemies":"Lots of Slimes","floor":14.0,"turns":3.0},{"damage":3.0,"enemies":"Hexaghost","floor":16.0,"turns":8.0},{"damage":0.0,"enemies":"Shell Parasite","floor":18.0,"turns":5.0},{"damage":7.0,"enemies":"Spheric Guardian","floor":19.0,"turns":5.0},{"damage":34.0,"enemies":"3 Cultists","floor":20.0,"turns":6.0},{"damage":0.0,"enemies":"Centurion and Healer","floor":21.0,"turns":8.0},{"damage":8.0,"enemies":"Cultist and Chosen","floor":24.0,"turns":8.0},{"damage":0.0,"enemies":"Snake Plant","floor":26.0,"turns":7.0},{"damage":0.0,"enemies":"Snake Plant","floor":28.0,"turns":5.0},{"damage":11.0,"enemies":"Gremlin Leader","floor":29.0,"turns":5.0},{"damage":33.0,"enemies":"Collector","floor":33.0,"turns":10.0},{"damage":10.0,"enemies":"3 Shapes","floor":35.0,"turns":5.0},{"damage":15.0,"enemies":"Orb Walker","floor":38.0,"turns":3.0},{"damage":7.0,"enemies":"3 Darklings","floor":41.0,"turns":8.0},{"damage":38.0,"enemies":"Reptomancer","floor":42.0,"turns":6.0},{"damage":0.0,"enemies":"4 Shapes","floor":43.0,"turns":8.0},{"damage":22.0,"enemies":"Nemesis","floor":44.0,"turns":10.0},{"damage":9,"enemies":"4 Shapes","floor":45,"turns":5},{"damage":2,"enemies":"Spire Growth","floor":46,"turns":5},{"damage":26,"enemies":"Time Eater","floor":50,"turns":11}],"seed_played":"-2017044570572961417","potions_obtained":[{"floor":0.0,"key":"SmokeBomb"},{"floor":0.0,"key":"EssenceOfSteel"},{"floor":0.0,"key":"FearPotion"},{"floor":6.0,"key":"Ancient Potion"},{"floor":18.0,"key":"Dexterity Potion"},{"floor":21.0,"key":"Fruit Juice"},{"floor":41.0,"key":"SteroidPotion"},{"floor":42.0,"key":"DuplicationPotion"},{"floor":46,"key":"Fire Potion"}],"is_trial":false,"path_per_floor":["M","M","?","M","?","E","MIM","$","T","E","M","R","M","M","R","B",null,"M","M","M","M","$","R","M","R","MIM","R","M","E","?","?","R","B",null,"M","?","$","M","$","R","M","E","MIM","E","M","M","$","T","R","B",null],"character_chosen":"RUNESMITH_CLASS","items_purchased":["Runesmith:DuctTape","Runesmith:CraftMagma","Runesmith:Accelerate","Runesmith:OneForEveryone","Mummified Hand","PreservedInsect","ColorlessPotion","Lee\u0027s Waffle"],"campfire_rested":1,"item_purchase_floors":[8,8,8,8,22,37,37,47],"current_hp_per_floor":[70,68,68,68,73,55,55,55,55,35,35,35,35,35,35,32,75,75,68,34,34,34,56,48,48,58,58,58,47,47,38,38,15,59,55,55,60,49,49,49,49,13,24,19,14,19,71,71,71,45],"gold":53,"neow_bonus":"THREE_SMALL_POTIONS","is_daily":false,"chose_seed":false,"campfire_upgraded":7,"win_rate":0.0,"timestamp":1608914365,"path_taken":["M","M","?","M","?","E","?","$","T","E","M","R","M","M","R","BOSS","M","M","?","M","$","R","M","R","MIM","R","?","E","?","?","R","BOSS","M","?","?","M","$","R","M","E","MIM","E","M","M","?","?","R","BOSS"],"items_purchased_type":["Card","Card","Card","Card","Relic","Relic","Potion","Relic"],"build_version":"2020-12-22","purchased_purges":1,"victory":true,"max_hp_per_floor":[70,70,70,70,75,75,75,75,75,75,75,75,75,75,75,75,75,75,75,75,75,75,75,75,75,85,85,85,85,59,59,59,59,59,59,59,64,64,64,64,64,64,64,64,64,64,71,71,71,71],"relic_stats":{"Regal Pillow":0,"Lizard Tail":0,"Lee\u0027s Waffle":52,"counters":[28,168],"Mummified Hand":[86],"Shuriken":[17],"PreservedInsect":105,"Art of War":[30],"Question Card":24,"obtain_stats":[{"Runesmith:BrokenRuby":0,"Runesmith:Nanobots":9,"Regal Pillow":42,"Lee\u0027s Waffle":47,"Pear":26,"Calipers":43,"Nilry\u0027s Codex":31,"PreservedInsect":37,"Question Card":6,"Ancient Tea Set":48,"Lizard Tail":44,"HornCleat":10,"Mummified Hand":22,"Shuriken":29,"Runesmith:UraniumAnvil":34,"Art of War":7,"Runesmith:PocketReactor":17},{"Runesmith:BrokenRuby":0,"Runesmith:Nanobots":5,"Regal Pillow":23,"Lee\u0027s Waffle":27,"Pear":16,"Calipers":24,"Nilry\u0027s Codex":18,"PreservedInsect":20,"Question Card":4,"Ancient Tea Set":27,"Lizard Tail":25,"HornCleat":6,"Mummified Hand":14,"Shuriken":18,"Runesmith:UraniumAnvil":19,"Art of War":5,"Runesmith:PocketReactor":10},{"Runesmith:BrokenRuby":0,"Runesmith:Nanobots":25,"Regal Pillow":129,"Lee\u0027s Waffle":157,"Pear":87,"Calipers":137,"Nilry\u0027s Codex":97,"PreservedInsect":112,"Question Card":18,"Ancient Tea Set":157,"Lizard Tail":147,"HornCleat":30,"Mummified Hand":72,"Shuriken":97,"Runesmith:UraniumAnvil":107,"Art of War":25,"Runesmith:PocketReactor":48}]},"card_choices":[{"not_picked":["Runesmith:Repurpose","Runesmith:HammerThrow"],"picked":"Runesmith:CraftVitae","floor":1.0},{"not_picked":["Runesmith:UnstableHammer","Runesmith:BackupBattery"],"picked":"Runesmith:Overpower","floor":2.0},{"not_picked":["Runesmith:Attraction","Runesmith:OneForEveryone"],"picked":"Runesmith:ChaoticBlast","floor":4.0},{"not_picked":["Runesmith:ElementalConversion","Runesmith:FrozenChisel"],"picked":"Runesmith:CraftMagma","floor":6.0},{"not_picked":["Runesmith:Malloc","Runesmith:HammerThrow","Runesmith:HammerAndChisel"],"picked":"Runesmith:Reinforce","floor":7.0},{"not_picked":["Runesmith:Empowerment","Runesmith:Overpower","Runesmith:Prism"],"picked":"Runesmith:LithiumIon","floor":10.0},{"not_picked":["Runesmith:CraftMagma","Runesmith:Superposition","Runesmith:MakeshiftArmor"],"picked":"Runesmith:Firestorm","floor":11.0},{"not_picked":["Runesmith:RuneHurl","Runesmith:NanitesCloud","Runesmith:Augment","Runesmith:Overpower"],"picked":"SKIP","floor":13.0},{"not_picked":["Runesmith:ChiselStab","Runesmith:DoubleUp","Runesmith:StaticCage"],"picked":"Runesmith:Firewall","floor":14.0},{"not_picked":["Runesmith:LightningRod","Runesmith:ArcReactor","Runesmith:FissionHammer"],"picked":"Runesmith:MetallurgicalResearch","floor":16.0},{"not_picked":["Runesmith:ShiftingStrike","Runesmith:HammerThrow+1","Runesmith:EarthShield"],"picked":"Runesmith:Grindstone+1","floor":18.0},{"not_picked":["Runesmith:CraftObretio","Runesmith:Overpower+1","Runesmith:HammerThrow"],"picked":"Runesmith:FrozenChisel+1","floor":19.0},{"not_picked":["Runesmith:Overpower","Runesmith:BackupBattery","Runesmith:EnergizedChisel+1"],"picked":"Runesmith:CreatorForm","floor":20.0},{"not_picked":["Runesmith:EnergizedChisel","Runesmith:HeatedChisel","Runesmith:StaticCage+1"],"picked":"Runesmith:HeatExchange","floor":21.0},{"not_picked":["Runesmith:Repurpose+1","Runesmith:CraftMagma","Runesmith:HammerThrow"],"picked":"Runesmith:OneForEveryone+1","floor":24.0},{"not_picked":["Runesmith:HammerThrow+1","Runesmith:HammerAndChisel","Runesmith:EnergizedChisel+1"],"picked":"Runesmith:ReplicatingBarrier","floor":26.0},{"not_picked":["Runesmith:StaticCage","Runesmith:Firestorm","Runesmith:BackupBattery"],"picked":"Runesmith:HeatExchange","floor":28.0},{"not_picked":["Runesmith:FieryHammer","Runesmith:Reinforce+1","Runesmith:CreatorForm"],"picked":"Runesmith:DuctTape","floor":29.0},{"not_picked":["Runesmith:CreatorForm","Runesmith:CraftMedicinae","Runesmith:LightningRod"],"picked":"Runesmith:GenerateForcefield","floor":33.0},{"not_picked":["Runesmith:UnstableHammer+1","Runesmith:HeatedChisel+1","Runesmith:EnergizedChisel"],"picked":"Runesmith:HeatExchange+1","floor":35.0},{"not_picked":["Runesmith:ShiftingStrike","Runesmith:Empowerment+1","Runesmith:Malloc"],"picked":"Runesmith:Prism","floor":38.0},{"not_picked":["Runesmith:HammerThrow+1","Runesmith:ChiselStab","Runesmith:ShiftingStrike"],"picked":"Runesmith:HeatExchange","floor":41.0},{"not_picked":["Runesmith:Electrocute+1","Runesmith:Repurpose","Runesmith:ShiftingStrike+1","Runesmith:Overpower"],"picked":"SKIP","floor":42.0},{"not_picked":["Runesmith:BackupBattery+1","Runesmith:EnergizedChisel+1","Runesmith:Firewall+1"],"picked":"Runesmith:CraftPrismatica","floor":43.0},{"not_picked":["Runesmith:HeatedChisel+1","Runesmith:ElementalConversion","Runesmith:Grindstone"],"picked":"Runesmith:Permafrost","floor":44},{"not_picked":["Runesmith:EnergizedChisel+1","Runesmith:Repurpose+1","Runesmith:StaticCage"],"picked":"Runesmith:RuneHurl+1","floor":45},{"not_picked":["Runesmith:BackupBattery+1","Runesmith:Firewall+1","Runesmith:OneForEveryone+1"],"picked":"Runesmith:FrozenChisel+1","floor":46}],"player_experience":685429,"relics_obtained":[{"floor":6.0,"key":"Question Card"},{"floor":7.0,"key":"Art of War"},{"floor":9.0,"key":"Runesmith:Nanobots"},{"floor":10.0,"key":"HornCleat"},{"floor":26.0,"key":"Pear"},{"floor":29.0,"key":"Shuriken"},{"floor":31.0,"key":"Nilry\u0027s Codex"},{"floor":42.0,"key":"Regal Pillow"},{"floor":43.0,"key":"Calipers"},{"floor":44,"key":"Lizard Tail"},{"floor":48,"key":"Ancient Tea Set"}],"event_choices":[{"damage_healed":0.0,"max_hp_gain":0.0,"max_hp_loss":0.0,"gold_gain":175.0,"event_name":"Liars Game","player_choice":"AGREE","floor":3.0,"gold_loss":0.0,"damage_taken":0.0,"cards_obtained":["Doubt"]},{"damage_healed":0.0,"max_hp_gain":5.0,"max_hp_loss":0.0,"gold_gain":0.0,"event_name":"Big Fish","player_choice":"Donut","floor":5.0,"gold_loss":0.0,"damage_taken":0.0},{"damage_healed":0.0,"max_hp_gain":0.0,"max_hp_loss":26.0,"gold_gain":0.0,"event_name":"Vampires","player_choice":"Became a vampire","floor":30.0,"gold_loss":0.0,"damage_taken":0.0,"cards_obtained":["Bite","Bite","Bite","Bite","Bite"]},{"damage_healed":0.0,"max_hp_gain":0.0,"max_hp_loss":0.0,"gold_gain":0.0,"event_name":"Cursed Tome","player_choice":"Obtained Book","floor":31.0,"gold_loss":0.0,"damage_taken":16.0},{"damage_healed":0.0,"max_hp_gain":0.0,"max_hp_loss":0.0,"gold_gain":0.0,"event_name":"Accursed Blacksmith","player_choice":"Forge","floor":36.0,"gold_loss":0.0,"damage_taken":0.0,"cards_upgraded":["Runesmith:GenerateForcefield"]}],"is_beta":false,"boss_relics":[{"not_picked":["SlaversCollar","Philosopher\u0027s Stone"],"picked":"Runesmith:PocketReactor"},{"not_picked":["Sozu","Calling Bell"],"picked":"Runesmith:UraniumAnvil"}],"items_purged_floors":[8],"is_endless":false,"potions_floor_spawned":[6,10,11,14,18,19,21,29,41,42,46],"ascension_level":0}}