{"host":"fzku1ofsxv8lro8o","time":1608908839,"event":{"mods":["BaseMod","Colored Map","Downfall","Minty Spire (QoL Compilation)","Relic Stats","StSLib","everything is the same but u backflip on backflip"],"gold_per_floor":[99,117,117,135,153,182,261,171,184,69,89,14,14,48,63,168,168,93,111,111,111,129,144,170,197,7,41,56,56,56,56,70,172,172,172,191,236,252,252,264,264,294,344,344,269,296,296,168,183,183,183,214,17,17,17],"floor_reached":56,"playtime":3182,"items_purged":["champ:Defend","champ:Defend","champ:Strike"],"score":1701,"play_id":"3fadf07b-6999-41f1-a91e-654db7b86f5d","local_time":"20201225180719","is_ascension_mode":true,"campfire_choices":[{"floor":1,"key":"RECALL"},{"data":"champ:Taunt","floor":12,"key":"SMITH"},{"data":"champ:Improvising","floor":18,"key":"SMITH"},{"data":"champ:Encircle","floor":30,"key":"SMITH"},{"data":"champ:Encircle","floor":35,"key":"SMITH"},{"data":"1","floor":45,"key":"LIFT"},{"data":"2","floor":47,"key":"LIFT"},{"data":"3","floor":54,"key":"LIFT"}],"circlet_count":0,"master_deck":["champ:Strike","champ:Defend","champ:Defend","champ:Execute","champ:Taunt+1","champ:AdrenalArmor","champ:Encircle+1","champ:BringItOn","champ:BerserkersShout+1","champ:RageSigil+1","champ:AdrenalArmor+1","champ:BerserkersShout+1","champ:Encircle+1","champ:Backstep+1","champ:Improvising+1","champ:AdrenalArmor+1","champ:ArenaPreparation+1","champ:BerserkersShout+1","expansioncontent:QuickStudy+1","champ:AdrenalArmor+1","champ:DeathBlow","champ:Control+1","champ:Backstep+1","champ:EnchantShield+1","Master of Strategy+1","Trip+1","champ:GladiatorsShout+1","champ:Backstep+1"],"relics":["SlaversCollar","Lizard Tail","Lantern","Toxic Egg 2","downfall:HeartBlessingRed","Calipers","Philosopher\u0027s Stone","downfall:HeartBlessingGreen","Blood Vial","Happy Flower","Smiling Mask","Runic Pyramid","Question Card","Regal Pillow","Girya","downfall:HeartBlessingBlue","Ice Cream","Akabeko","ClockworkSouvenir"],"acts_visited":["Exordium","TheCity","TheBeyond","TheEnding"],"potions_floor_usage":[16,25,27],"damage_taken":[{"damage":6,"enemies":"Cultist","floor":2,"turns":3},{"damage":10,"enemies":"Small Slimes","floor":4,"turns":4},{"damage":10,"enemies":"Jaw Worm","floor":5,"turns":6},{"damage":70,"enemies":"3 Sentries","floor":6,"turns":17},{"damage":16,"enemies":"downfall:FleeingMerchant","floor":8,"turns":4},{"damage":34,"enemies":"Exordium Wildlife","floor":9,"turns":4},{"damage":42,"enemies":"downfall:FleeingMerchant","floor":10,"turns":4},{"damage":21,"enemies":"Exordium Thugs","floor":11,"turns":4},{"damage":16,"enemies":"Gremlin Nob","floor":14,"turns":3},{"damage":16,"enemies":"Red Slaver","floor":15,"turns":2},{"damage":64,"enemies":"downfall:Defect","floor":16,"turns":6},{"damage":42,"enemies":"3 Byrds","floor":19,"turns":4},{"damage":50,"enemies":"Spheric Guardian","floor":22,"turns":5},{"damage":50,"enemies":"Snake Plant","floor":23,"turns":5},{"damage":69,"enemies":"Slavers","floor":25,"turns":4},{"damage":77,"enemies":"downfall:FleeingMerchant","floor":26,"turns":4},{"damage":69,"enemies":"Book of Stabbing","floor":27,"turns":4},{"damage":27,"enemies":"Chosen and Byrds","floor":28,"turns":2},{"damage":49,"enemies":"Cultist and Chosen","floor":32,"turns":4},{"damage":122,"enemies":"downfall:Ironclad","floor":33,"turns":6},{"damage":44,"enemies":"3 Shapes","floor":36,"turns":2},{"damage":57,"enemies":"Orb Walker","floor":38,"turns":3},{"damage":91,"enemies":"Maw","floor":40,"turns":6},{"damage":75,"enemies":"Reptomancer","floor":42,"turns":4},{"damage":109,"enemies":"Mind Bloom Boss Battle","floor":43,"turns":6},{"damage":87,"enemies":"Giant Head","floor":46,"turns":5},{"damage":65,"enemies":"downfall:FleeingMerchant","floor":48,"turns":4},{"damage":29,"enemies":"Writhing Mass","floor":49,"turns":3},{"damage":81,"enemies":"downfall:Silent","floor":50,"turns":4},{"damage":96,"enemies":"downfall:CharBossMerchant","floor":52,"turns":5},{"damage":264,"enemies":"downfall:NeowBoss","floor":55,"turns":16}],"seed_played":"-5059773410929054666","potions_obtained":[{"floor":2,"key":"GamblersBrew"},{"floor":4,"key":"CultistPotion"},{"floor":5,"key":"SpeedPotion"},{"floor":16,"key":"FairyPotion"},{"floor":23,"key":"FearPotion"},{"floor":25,"key":"Energy Potion"},{"floor":36,"key":"AttackPotion"},{"floor":40,"key":"Guardian:BlockOnCardUsePotion"}],"is_trial":false,"path_per_floor":["R","M","T","M","M","E","T","$","M","$","M","R","?","E","M","B",null,"R","M","?","?","M","M","T","E","$","E","M","?","R","?","M","B",null,"R","M","T","M","?","M","T","E","?","?","R","E","R","$","M","B",null,"E","$","R","B",null],"character_chosen":"THE_CHAMP","items_purchased":["expansioncontent:QuickStudy+1","champ:EnchantShield+1","Master of Strategy+1","Trip+1","ClockworkSouvenir","champ:Backstep+1"],"campfire_rested":0,"item_purchase_floors":[26,48,48,48,53,53],"current_hp_per_floor":[90,89,89,86,82,48,48,48,29,22,17,17,17,17,17,51,95,95,91,91,72,60,60,60,76,78,64,66,66,66,66,68,70,100,100,100,100,100,100,100,100,97,96,96,106,113,113,115,113,115,115,107,107,107,115],"gold":17,"neow_bonus":"BOSS_RELIC","is_daily":false,"chose_seed":false,"campfire_upgraded":4,"win_rate":0.0,"timestamp":1608908839,"path_taken":["R","M","?","M","M","E","T","$","?","$","?","R","?","E","M","BOSS","R","M","?","?","?","M","T","E","?","E","M","?","R","?","M","BOSS","R","M","?","?","?","M","T","E","?","?","R","E","R","$","M","BOSS","E","$","R","BOSS"],"items_purchased_type":["Card","Card","Card","Card","Relic","Card"],"build_version":"2020-12-22","purchased_purges":3,"victory":true,"max_hp_per_floor":[90,90,90,90,90,95,95,95,95,95,95,95,95,95,95,95,95,95,95,95,100,100,100,100,100,100,100,100,100,100,100,100,100,100,100,100,100,100,100,100,100,100,100,100,110,115,115,115,115,115,115,115,115,115,115],"relic_stats":{"Blood Vial":22,"Lizard Tail":47,"Regal Pillow":0,"Happy Flower":[26],"counters":[31,153],"Smiling Mask":75,"Question Card":6,"obtain_stats":[{"Ice Cream":46,"Girya":43,"Lantern":6,"Regal Pillow":42,"Calipers":14,"downfall:HeartBlessingRed":12,"Happy Flower":25,"champ:ChampionCrown":0,"downfall:HeartBlessingGreen":18,"Smiling Mask":27,"Question Card":41,"Akabeko":52,"ClockworkSouvenir":53,"Blood Vial":24,"SlaversCollar":0,"Lizard Tail":3,"downfall:BrokenWingStatue":13,"downfall:HeartBlessingBlue":45,"Philosopher\u0027s Stone":17,"Toxic Egg 2":7,"Runic Pyramid":34},{"Ice Cream":26,"Girya":25,"Lantern":4,"Regal Pillow":24,"Calipers":9,"downfall:HeartBlessingRed":8,"Happy Flower":15,"champ:ChampionCrown":0,"downfall:HeartBlessingGreen":11,"Smiling Mask":17,"Question Card":23,"Akabeko":30,"ClockworkSouvenir":30,"Blood Vial":14,"SlaversCollar":0,"Lizard Tail":1,"downfall:BrokenWingStatue":8,"downfall:HeartBlessingBlue":25,"Philosopher\u0027s Stone":11,"Toxic Egg 2":4,"Runic Pyramid":20},{"Ice Cream":121,"Girya":116,"Lantern":30,"Regal Pillow":110,"Calipers":49,"downfall:HeartBlessingRed":46,"Happy Flower":75,"champ:ChampionCrown":0,"downfall:HeartBlessingGreen":57,"Smiling Mask":83,"Question Card":106,"Akabeko":137,"ClockworkSouvenir":137,"Blood Vial":71,"SlaversCollar":0,"Lizard Tail":3,"downfall:BrokenWingStatue":46,"downfall:HeartBlessingBlue":116,"Philosopher\u0027s Stone":57,"Toxic Egg 2":30,"Runic Pyramid":95}]},"card_choices":[{"not_picked":["champ:FalseCounter","champ:ShieldWall"],"picked":"champ:AdrenalArmor","floor":2},{"not_picked":["champ:Riposte","champ:PerfectedStrike"],"picked":"champ:FightOn","floor":4},{"not_picked":["champ:BerserkersShout","champ:Lariat"],"picked":"champ:Encircle","floor":5},{"not_picked":["champ:CrookedStrike","champ:FanOfKnives"],"picked":"champ:BringItOn","floor":6},{"not_picked":["champ:EnGarde+1","champ:RisingSlash"],"picked":"champ:BerserkersShout+1","floor":8},{"not_picked":["champ:FaceSlap","champ:GladiatorsShout+1"],"picked":"champ:RageSigil+1","floor":9},{"not_picked":["champ:StanceDance+1","champ:BladeFlurry"],"picked":"champ:AdrenalArmor+1","floor":10},{"not_picked":["champ:GutPunch","champ:ViciousMockery+1"],"picked":"champ:BerserkersShout+1","floor":11},{"not_picked":["champ:Balance+1","champ:ShieldThrow"],"picked":"champ:Encircle","floor":14},{"not_picked":["champ:GutPunch","champ:Haymaker"],"picked":"champ:Backstep+1","floor":15},{"not_picked":["champ:CheapShot","champ:Devastate"],"picked":"champ:Improvising","floor":16},{"not_picked":["champ:DefensiveShout+1","champ:RapidStrikes+1"],"picked":"champ:AdrenalArmor+1","floor":19},{"not_picked":["champ:Encircle","champ:StanceDance+1","champ:Haymaker+1"],"picked":"SKIP","floor":22},{"not_picked":["champ:HeartStrike","champ:Circumvent+1","champ:FanOfKnives"],"picked":"SKIP","floor":23},{"not_picked":["champ:HeartStrike","champ:Circumvent+1","champ:FanOfKnives"],"picked":"SKIP","floor":23},{"not_picked":["champ:SkillfulDodge+1","champ:DefensiveStyle"],"picked":"champ:BerserkersShout+1","floor":25},{"not_picked":["champ:Aggression+1","champ:TornadoPunch","champ:SwordSigil+1"],"picked":"SKIP","floor":26},{"not_picked":["champ:Devastate","champ:RageSigil+1"],"picked":"champ:AdrenalArmor+1","floor":27},{"not_picked":["champ:FaceSlap","champ:RageSigil+1"],"picked":"champ:AdrenalArmor+1","floor":28},{"not_picked":["champ:RisingSlash","champ:IronFortress+1","champ:AdrenalArmor+1"],"picked":"SKIP","floor":32},{"not_picked":["champ:ViciousMockery+1","champ:RageSigil+1"],"picked":"champ:DeathBlow","floor":36},{"not_picked":["champ:FocusedBerserking+1","champ:FlashCut+1","champ:BerserkersShout+1"],"picked":"SKIP","floor":38},{"not_picked":["champ:Haymaker+1","champ:BladeFlurry+1","champ:StanceDance+1"],"picked":"SKIP","floor":40},{"not_picked":["champ:ArenaPreparation+1","champ:StanceDance+1","champ:IronFortress"],"picked":"champ:Control+1","floor":42},{"not_picked":["champ:BladeFlurry","champ:CrookedStrike","champ:StanceDance+1"],"picked":"champ:FightOn","floor":43},{"not_picked":["champ:DancingMaster","champ:ShieldSigil+1","champ:PerfectedStrike"],"picked":"champ:Backstep+1","floor":46},{"not_picked":["champ:AdrenalArmor+1","champ:FalseCounter+1","champ:EndlessRage","champ:ViciousMockery+1"],"picked":"SKIP","floor":48},{"not_picked":["champ:GutPunch","champ:BringItOn+1","champ:TornadoPunch+1","champ:ShieldSigil+1"],"picked":"SKIP","floor":49},{"not_picked":["champ:FocusedGladiator+1","champ:Control+1","champ:FlashCut"],"picked":"champ:GladiatorsShout+1","floor":52}],"player_experience":795009,"relics_obtained":[{"floor":3,"key":"Lizard Tail"},{"floor":6,"key":"Lantern"},{"floor":7,"key":"Toxic Egg 2"},{"floor":14,"key":"Calipers"},{"floor":24,"key":"Blood Vial"},{"floor":25,"key":"Happy Flower"},{"floor":27,"key":"Smiling Mask"},{"floor":41,"key":"Question Card"},{"floor":42,"key":"Regal Pillow"},{"floor":43,"key":"Girya"},{"floor":46,"key":"Ice Cream"},{"floor":52,"key":"Akabeko"}],"event_choices":[{"damage_healed":0,"gold_gain":0,"cards_transformed":["champ:Strike","champ:Strike"],"player_choice":"Became Test Subject","damage_taken":0,"max_hp_gain":0,"max_hp_loss":0,"event_name":"Drug Dealer","floor":20,"gold_loss":0,"cards_obtained":["champ:ArenaPreparation","champ:ShieldWall"]},{"cards_removed":["champ:ShieldWall"],"damage_healed":0,"gold_gain":0,"player_choice":"Card Removal","damage_taken":0,"max_hp_gain":0,"max_hp_loss":0,"event_name":"Wheel of Change","floor":31,"gold_loss":0},{"cards_removed":["champ:AdrenalArmor"],"damage_healed":0,"gold_gain":0,"player_choice":"Removed Skill","damage_taken":0,"max_hp_gain":0,"max_hp_loss":0,"event_name":"Falling","floor":39,"gold_loss":0}],"is_beta":false,"boss_relics":[{"not_picked":["SacredBark","Fusion Hammer"],"picked":"Philosopher\u0027s Stone"},{"not_picked":["Busted Crown","Pandora\u0027s Box"],"picked":"Runic Pyramid"}],"items_purged_floors":[8,10,48],"is_endless":false,"potions_floor_spawned":[2,4,5,15,16,22,23,25,36,40,43],"ascension_level":2}}