{"host":"q387i5o1hp66091u","time":1608898189,"event":{"mods":["2.2 Compatiblity","BaseMod","Minty Spire (QoL Compilation)","Rare Cards Sparkle"],"gold_per_floor":[112,125,152,168,168,168,223,240,240,273,448,461,491,509,509,614,614,625,550,35,55,55,55,55],"floor_reached":23,"playtime":1207,"items_purged":["Doubt"],"score":222,"play_id":"b778ed6b-624f-4d9a-98cd-4270fbca8eed","local_time":"20201225210949","is_ascension_mode":true,"campfire_choices":[{"data":"Eruption","floor":6.0,"key":"SMITH"},{"floor":15.0,"key":"REST"}],"circlet_count":0,"master_deck":["Strike_P","Strike_P","Strike_P","Defend_P","Defend_P","Defend_P","Defend_P","Eruption+1","Vigilance","MentalFortress","FollowUp","Adaptation","MentalFortress","CutThroughFate","Nirvana","ThirdEye","MasterReality","SashWhip","Wish","CurseOfTheBell","Halt","Secret Weapon","Enlightenment","SashWhip+1","RitualDagger"],"relics":["SlaversCollar","Bag of Preparation","CultistMask","Mummified Hand","Shuriken","Anchor","Orichalcum","Calling Bell","Vajra","TeardropLocket","Ginger","Oddly Smooth Stone"],"acts_visited":["Exordium","TheCity"],"potions_floor_usage":[],"damage_taken":[{"damage":2.0,"enemies":"Cultist","floor":1.0,"turns":4.0},{"damage":2.0,"enemies":"2 Louse","floor":2.0,"turns":3.0},{"damage":0.0,"enemies":"Jaw Worm","floor":4.0,"turns":3.0},{"damage":18.0,"enemies":"Gremlin Nob","floor":7.0,"turns":4.0},{"damage":0.0,"enemies":"2 Fungi Beasts","floor":8.0,"turns":2.0},{"damage":14.0,"enemies":"3 Sentries","floor":10.0,"turns":6.0},{"damage":12.0,"enemies":"3 Louse","floor":12.0,"turns":3.0},{"damage":14.0,"enemies":"Lagavulin","floor":13.0,"turns":10.0},{"damage":0.0,"enemies":"Exordium Wildlife","floor":14.0,"turns":3.0},{"damage":19.0,"enemies":"Slime Boss","floor":16.0,"turns":8.0},{"damage":0,"enemies":"3 Byrds","floor":18,"turns":6},{"damage":0,"enemies":"2 Thieves","floor":21,"turns":4},{"damage":75,"enemies":"Gremlin Leader","floor":23,"turns":4}],"seed_played":"-2413422324814405898","potions_obtained":[{"floor":2.0,"key":"PowerPotion"},{"floor":4.0,"key":"ColorlessPotion"},{"floor":7.0,"key":"EssenceOfSteel"},{"floor":21,"key":"BlessingOfTheForge"}],"is_trial":false,"path_per_floor":["M","M","T","M","?","R","E","M","T","E","?","M","E","M","R","B",null,"M","?","$","M","?","E"],"character_chosen":"WATCHER","items_purchased":["Secret Weapon","Enlightenment","Oddly Smooth Stone"],"campfire_rested":1,"item_purchase_floors":[20,20,20],"current_hp_per_floor":[70,68,68,68,68,68,50,50,50,36,36,24,10,10,31,12,72,72,72,72,72,66,0,0],"gold":55,"neow_bonus":"BOSS_RELIC","is_daily":false,"chose_seed":false,"campfire_upgraded":1,"win_rate":0.0,"timestamp":1608898189,"path_taken":["M","M","?","M","?","R","E","?","T","E","?","M","E","M","R","BOSS","M","?","$","M","?","E"],"items_purchased_type":["Card","Card","Relic"],"build_version":"2020-12-22","purchased_purges":1,"victory":false,"max_hp_per_floor":[72,72,72,72,72,72,72,72,72,72,72,72,72,72,72,72,72,72,72,72,72,72,72,72],"card_choices":[{"not_picked":["BowlingBash","WheelKick"],"picked":"MentalFortress","floor":1.0},{"not_picked":["EmptyBody","ReachHeaven"],"picked":"FollowUp","floor":2.0},{"not_picked":["EmptyBody","Consecrate"],"picked":"Adaptation","floor":4.0},{"not_picked":["FlyingSleeves","CrushJoints"],"picked":"MentalFortress","floor":7.0},{"not_picked":["PathToVictory","BowlingBash"],"picked":"CutThroughFate","floor":8.0},{"not_picked":["EmptyFist","SashWhip"],"picked":"Nirvana","floor":10.0},{"not_picked":["CrushJoints","MentalFortress"],"picked":"ThirdEye","floor":12.0},{"not_picked":["ClearTheMind","PathToVictory"],"picked":"MasterReality","floor":13.0},{"not_picked":["EmptyFist","Protect"],"picked":"SashWhip","floor":14.0},{"not_picked":["Omniscience","Vault"],"picked":"Wish","floor":16.0},{"not_picked":["Consecrate","SashWhip"],"picked":"Halt","floor":18},{"not_picked":["EmptyBody+1","TalkToTheHand"],"picked":"SashWhip+1","floor":21}],"player_experience":558591,"relics_obtained":[{"floor":3.0,"key":"Bag of Preparation"},{"floor":7.0,"key":"Mummified Hand"},{"floor":9.0,"key":"Shuriken"},{"floor":10.0,"key":"Anchor"},{"floor":13.0,"key":"Orichalcum"},{"floor":17.0,"key":"Vajra"},{"floor":17.0,"key":"TeardropLocket"},{"floor":17.0,"key":"Ginger"}],"event_choices":[{"damage_healed":0.0,"max_hp_gain":0.0,"max_hp_loss":0.0,"gold_gain":0.0,"event_name":"FaceTrader","player_choice":"Trade","floor":5.0,"gold_loss":0.0,"damage_taken":0.0,"relics_obtained":["CultistMask"]},{"damage_healed":0.0,"max_hp_gain":0.0,"max_hp_loss":0.0,"gold_gain":175.0,"event_name":"Liars Game","player_choice":"AGREE","floor":11.0,"gold_loss":0.0,"damage_taken":0.0,"cards_obtained":["Doubt"]},{"cards_removed":["Strike_P"],"damage_healed":0,"gold_gain":0,"player_choice":"Gave Gold","damage_taken":0,"max_hp_gain":0,"max_hp_loss":0,"event_name":"Beggar","floor":19,"gold_loss":75},{"damage_healed":0,"gold_gain":0,"player_choice":"Joined the Cult","damage_taken":6,"max_hp_gain":0,"max_hp_loss":0,"event_name":"Nest","floor":22,"gold_loss":0,"cards_obtained":["RitualDagger"]}],"is_beta":false,"boss_relics":[{"not_picked":["Tiny House","Runic Dome"],"picked":"Calling Bell"}],"items_purged_floors":[20],"is_endless":false,"potions_floor_spawned":[2,4,7,21],"killed_by":"Gremlin Leader","ascension_level":1}}