{"host":"mqhvlr3kpxebko0t","time":1608864988,"event":{"mods":["AchievementEnabler","BaseMod","Colored Map","Keyboard Shortcuts","Minty Spire (QoL Compilation)","StSLib","SuperFastMode"],"gold_per_floor":[117,117,117,132,282,321,344,344,344,344,344],"floor_reached":10,"playtime":73,"items_purged":[],"score":164,"play_id":"d0f2ee06-0469-4180-88ba-cd68874fa4b8","local_time":"20201225115628","is_ascension_mode":true,"campfire_choices":[{"data":"Neutralize","floor":8,"key":"SMITH"}],"circlet_count":0,"master_deck":["AscendersBane","Strike_G","Strike_G","Strike_G","Strike_G","Defend_G","Defend_G","Defend_G","Defend_G","Defend_G","Survivor","Neutralize+1","Blade Dance","Doubt","Masterful Stab"],"relics":["Ring of the Snake","NeowsBlessing","Golden Idol","Darkstone Periapt","Molten Egg 2"],"acts_visited":["Exordium"],"potions_floor_usage":[],"damage_taken":[{"damage":0,"enemies":"2 Louse","floor":1,"turns":1},{"damage":0,"enemies":"Jaw Worm","floor":4,"turns":1},{"damage":0,"enemies":"Lagavulin","floor":6,"turns":1},{"damage":0,"enemies":"Small Slimes","floor":7,"turns":2},{"damage":53,"enemies":"Gremlin Nob","floor":10,"turns":4}],"seed_played":"4239331670424707797","potions_obtained":[{"floor":7,"key":"LiquidMemories"}],"is_trial":false,"path_per_floor":["M","?","?","M","?","E","M","R","T","E"],"character_chosen":"THE_SILENT","items_purchased":[],"campfire_rested":0,"item_purchase_floors":[],"current_hp_per_floor":[59,59,52,52,52,52,52,52,52,0,0],"gold":344,"neow_bonus":"THREE_ENEMY_KILL","is_daily":false,"chose_seed":false,"campfire_upgraded":1,"win_rate":0.0,"timestamp":1608864988,"path_taken":["M","?","?","M","?","E","M","R","T","E"],"items_purchased_type":[],"build_version":"2020-12-22","purchased_purges":0,"victory":false,"max_hp_per_floor":[66,60,60,60,60,60,60,60,60,60,60],"card_choices":[{"not_picked":["Prepared","Dodge and Roll"],"picked":"Blade Dance","floor":1},{"not_picked":["PiercingWail","Slice","Distraction"],"picked":"SKIP","floor":4},{"not_picked":["Dagger Throw","Catalyst"],"picked":"Masterful Stab","floor":6},{"not_picked":["Dodge and Roll","Eviscerate","All Out Attack"],"picked":"SKIP","floor":7}],"player_experience":683709,"relics_obtained":[{"floor":6,"key":"Darkstone Periapt"},{"floor":9,"key":"Molten Egg 2"}],"event_choices":[{"damage_healed":0,"gold_gain":0,"player_choice":"Lose Max HP","damage_taken":0,"relics_obtained":["Golden Idol"],"max_hp_gain":0,"max_hp_loss":6,"event_name":"Golden Idol","floor":2,"gold_loss":0},{"cards_removed":["Strike_G"],"damage_healed":0,"gold_gain":0,"player_choice":"Card Removal","damage_taken":7,"max_hp_gain":0,"max_hp_loss":0,"event_name":"Golden Wing","floor":3,"gold_loss":0},{"damage_healed":0,"gold_gain":150,"player_choice":"AGREE","damage_taken":0,"max_hp_gain":0,"max_hp_loss":0,"event_name":"Liars Game","floor":5,"gold_loss":0,"cards_obtained":["Doubt"]}],"is_beta":false,"boss_relics":[],"items_purged_floors":[],"is_endless":false,"potions_floor_spawned":[7],"killed_by":"Gremlin Nob","ascension_level":16}}