{"host":"uv231blk40vjdojr","time":1608910964,"event":{"mods":["BaseMod","Minty Spire (QoL Compilation)","Relic Stats"],"gold_per_floor":[119,138,54,54,29,29,55,69,69,69,69,108,133,147,147,245,245,264,289,310,310,72,106,106,106,106],"floor_reached":25,"playtime":1146,"items_purged":["Strike_R"],"score":416,"play_id":"8c1bc0ec-8a60-4ffb-bf65-24755eb2501e","local_time":"20201225164244","is_ascension_mode":true,"campfire_choices":[{"data":"Armaments","floor":6,"key":"SMITH"},{"data":"Anger","floor":10,"key":"SMITH"},{"data":"Bash","floor":15,"key":"SMITH"},{"data":"Whirlwind","floor":24,"key":"SMITH"}],"circlet_count":0,"master_deck":["AscendersBane","Strike_R","Strike_R","Defend_R","Defend_R","Defend_R","Bash+1","Blood for Blood","Anger+1","Cleave","Inflame","Armaments+1","Whirlwind+1","Demon Form","Twin Strike+1","Limit Break+1","Bludgeon+1","Heavy Blade+1","Ghostly","Ghostly","Ghostly"],"relics":["Burning Blood","HornCleat","Centennial Puzzle","Sundial","Golden Idol","Ancient Tea Set","Astrolabe","Sling","Singing Bowl"],"acts_visited":["Exordium","TheCity"],"potions_floor_usage":[16,18,25],"damage_taken":[{"damage":3,"enemies":"Small Slimes","floor":1,"turns":5},{"damage":1,"enemies":"Cultist","floor":2,"turns":3},{"damage":16,"enemies":"3 Sentries","floor":7,"turns":5},{"damage":7,"enemies":"Jaw Worm","floor":8,"turns":2},{"damage":20,"enemies":"Lagavulin","floor":12,"turns":7},{"damage":6,"enemies":"Looter","floor":13,"turns":2},{"damage":19,"enemies":"Exordium Thugs","floor":14,"turns":3},{"damage":36,"enemies":"Slime Boss","floor":16,"turns":6},{"damage":22,"enemies":"2 Thieves","floor":18,"turns":3},{"damage":0,"enemies":"Spheric Guardian","floor":19,"turns":3},{"damage":37,"enemies":"Cultist and Chosen","floor":20,"turns":6},{"damage":11,"enemies":"Slavers","floor":23,"turns":5},{"damage":15,"enemies":"Snake Plant","floor":25,"turns":4}],"seed_played":"2703887710580090746","potions_obtained":[{"floor":2,"key":"LiquidMemories"},{"floor":13,"key":"Ancient Potion"},{"floor":16,"key":"AttackPotion"},{"floor":18,"key":"Fruit Juice"}],"is_trial":false,"path_per_floor":["M","M","$","?","$","R","E","M","T","R","?","E","M","M","R","B",null,"M","M","M","?","$","E","R","M"],"character_chosen":"IRONCLAD","items_purchased":["Inflame","Armaments","Sling"],"campfire_rested":0,"item_purchase_floors":[3,5,22],"current_hp_per_floor":[71,75,75,75,75,75,65,64,64,64,64,50,50,37,37,7,53,42,48,17,17,17,14,14,0,0],"gold":106,"neow_bonus":"THREE_CARDS","is_daily":false,"chose_seed":false,"campfire_upgraded":4,"win_rate":0.0,"timestamp":1608910964,"path_taken":["M","M","$","?","?","R","E","M","T","R","?","E","M","?","R","BOSS","M","M","M","?","$","E","R","M"],"items_purchased_type":["Card","Card","Relic"],"build_version":"2020-12-22","purchased_purges":1,"victory":false,"max_hp_per_floor":[75,75,75,75,75,75,75,75,75,75,68,68,68,68,68,68,68,73,73,73,36,36,38,38,38,38],"relic_stats":{"Centennial Puzzle":[27],"Singing Bowl":2,"counters":[13,54],"Sundial":[4],"Golden Idol":56,"Astrolabe":["Twin Strike","Limit Break","Bludgeon"],"obtain_stats":[{"Centennial Puzzle":7,"HornCleat":4,"Singing Bowl":23,"Sundial":9,"Golden Idol":11,"Astrolabe":17,"Ancient Tea Set":12,"Sling":22,"Burning Blood":0},{"Centennial Puzzle":3,"HornCleat":2,"Singing Bowl":12,"Sundial":4,"Golden Idol":4,"Astrolabe":8,"Ancient Tea Set":5,"Sling":11,"Burning Blood":0},{"Centennial Puzzle":13,"HornCleat":8,"Singing Bowl":50,"Sundial":15,"Golden Idol":15,"Astrolabe":33,"Ancient Tea Set":22,"Sling":45,"Burning Blood":0}],"Burning Blood":71},"card_choices":[{"not_picked":["Warcry","Metallicize"],"picked":"Blood for Blood","floor":0},{"not_picked":["Body Slam","Seeing Red"],"picked":"Anger","floor":1},{"not_picked":["Blood for Blood","Headbutt"],"picked":"Cleave","floor":2},{"not_picked":["Hemokinesis","Anger"],"picked":"Whirlwind","floor":7},{"not_picked":["Shrug It Off","Clash","Armaments"],"picked":"SKIP","floor":8},{"not_picked":["Sword Boomerang","Hemokinesis","Perfected Strike"],"picked":"SKIP","floor":12},{"not_picked":["True Grit","Intimidate","Feel No Pain"],"picked":"SKIP","floor":13},{"not_picked":["Clash","Berserk","Thunderclap"],"picked":"SKIP","floor":14},{"not_picked":["Juggernaut","Exhume"],"picked":"Demon Form","floor":16},{"not_picked":["Wild Strike+1","Clash","Carnage"],"picked":"SKIP","floor":18},{"not_picked":["Entrench","Cleave","Seeing Red"],"picked":"SKIP","floor":19},{"not_picked":["Burning Pact","Armaments"],"picked":"Heavy Blade+1","floor":20},{"not_picked":["Sentinel","Sword Boomerang","Seeing Red"],"picked":"Singing Bowl","floor":23}],"player_experience":531222,"relics_obtained":[{"floor":4,"key":"HornCleat"},{"floor":7,"key":"Centennial Puzzle"},{"floor":9,"key":"Sundial"},{"floor":12,"key":"Ancient Tea Set"},{"floor":23,"key":"Singing Bowl"}],"event_choices":[{"damage_healed":0,"gold_gain":0,"player_choice":"Relic","damage_taken":0,"max_hp_gain":0,"max_hp_loss":0,"event_name":"Wheel of Change","floor":4,"gold_loss":0},{"damage_healed":0,"gold_gain":0,"player_choice":"Lose Max HP","damage_taken":0,"relics_obtained":["Golden Idol"],"max_hp_gain":0,"max_hp_loss":7,"event_name":"Golden Idol","floor":11,"gold_loss":0},{"damage_healed":0,"gold_gain":0,"player_choice":"Became a Ghost","damage_taken":0,"max_hp_gain":0,"max_hp_loss":37,"event_name":"Ghosts","floor":21,"gold_loss":0,"cards_obtained":["Ghostly","Ghostly","Ghostly"]}],"is_beta":false,"boss_relics":[{"not_picked":["Tiny House","Runic Cube"],"picked":"Astrolabe"}],"items_purged_floors":[22],"is_endless":false,"potions_floor_spawned":[2,13,16,18],"killed_by":"Snake Plant","ascension_level":16}}