{"host":"rvh455abssmal91i","time":1608936083,"event":{"mods":["AchievementEnabler","Aspiration","BaseMod","Better Third Choice","BetterRewards","Colored Map","Colored Powertips","Gold Saver","Googly Eyes","Highlight Path","Infinite Spire","Mimic Mod","Minty Spire (QoL Compilation)","Rare Cards Sparkle","Remove Card Discount Mod","Spikes Relics","StSLib","The Cursed"],"gold_per_floor":[1002,1018,965,965,965,990,1000,1000,1080,1105,1105,1120,1136,1154,1154,1251,1251,1269,1269,1063,1063,1063,1063,1073,1073,1100,1100,1100,1125,1136,685,685,780,780,791,791,803,803,723,753,772,784,857,700,700,700,710,722,722,722],"floor_reached":51,"playtime":3121,"items_purged":["TheCursedMod:Strike_TheCursed","TheCursedMod:Strike_TheCursed","TheCursedMod:Defend_TheCursed","TheCursedMod:Defend_TheCursed","TheCursedMod:Defend_TheCursed","TheCursedMod:Defend_TheCursed","TheCursedMod:Strike_TheCursed","TheCursedMod:Strike_TheCursed","Intolerance"],"score":730,"play_id":"11e38a1f-10a6-4505-a619-782c3e9b3809","local_time":"20201225174123","is_ascension_mode":false,"campfire_choices":[{"data":"TheCursedMod:HellfireBreathing","floor":8.0,"key":"SMITH"},{"data":"TheCursedMod:HellfireBreathing","floor":11.0,"key":"SMITH"},{"floor":15.0,"key":"REST"},{"data":"TheCursedMod:VitalStrike","floor":23.0,"key":"SMITH"},{"data":"TheCursedMod:AbyssShockwave","floor":27,"key":"SMITH"},{"data":"Panache","floor":32,"key":"SMITH"},{"floor":49,"key":"REST"}],"circlet_count":0,"master_deck":["TheCursedMod:CursedWand+1","TheCursedMod:CleanUpWorkshop+1","TheCursedMod:Dregs","TheCursedMod:WearCloak+1","TheCursedMod:CursedMace","TheCursedMod:Stigma+1","TheCursedMod:HellfireBreathing+1","TheCursedMod:HellfireBreathing+1","BlessedFruit+1","BlessedFruit+1","TheCursedMod:AbyssShockwave+1","TheCursedMod:WearCloak+1","TheCursedMod:VitalStrike+1","TheCursedMod:CursedAmulet+1","TheCursedMod:DemonSword+1","TheCursedMod:CircleOfFocus+1","TheCursedMod:SpreadPlague+1","Panache+1","TheCursedMod:RapidMovement+1","CurseOfTheBell","TheCursedMod:CursedBoomerang+1","TheCursedMod:CollectTribute","TheCursedMod:Stigma+1","TheCursedMod:CursedBlade+1","Writhe","Injury","TheCursedMod:SurpriseAttack+1"],"relics":["TheCursedMod:BlackMagicAdvanced","Torii","Toxic Egg 2","HeavenlyBonsai","Cursed Key","Boot","Calling Bell","aspiration:TomeofQuesting","Gremlin Horn","Thread and Needle","Vajra","Membership Card","Ice Cream","Bottled Tornado","War Paint","SpikesRelics:ToyHorsey","White Beast Statue","infinitespire:CursedDice"],"acts_visited":["Exordium","TheCity","TheBeyond"],"potions_floor_usage":[50,50,50],"damage_taken":[{"damage":1.0,"enemies":"Cultist","floor":1.0,"turns":4.0},{"damage":1.0,"enemies":"Jaw Worm","floor":2.0,"turns":4.0},{"damage":18.0,"enemies":"3 Sentries","floor":6.0,"turns":12.0},{"damage":0.0,"enemies":"2 Louse","floor":7.0,"turns":2.0},{"damage":21.0,"enemies":"Gremlin Nob","floor":10.0,"turns":4.0},{"damage":16.0,"enemies":"Exordium Thugs","floor":12.0,"turns":4.0},{"damage":0.0,"enemies":"3 Louse","floor":13.0,"turns":1.0},{"damage":9.0,"enemies":"Large Slime","floor":14.0,"turns":5.0},{"damage":16.0,"enemies":"Slime Boss","floor":16.0,"turns":8.0},{"damage":0.0,"enemies":"Chosen","floor":18.0,"turns":4.0},{"damage":10.0,"enemies":"Spheric Guardian","floor":24.0,"turns":4.0},{"damage":9,"enemies":"Book of Stabbing","floor":29,"turns":4},{"damage":0,"enemies":"Centurion and Healer","floor":30,"turns":3},{"damage":6,"enemies":"Automaton","floor":33,"turns":5},{"damage":0,"enemies":"3 Darklings","floor":35,"turns":2},{"damage":11,"enemies":"Orb Walker","floor":37,"turns":2},{"damage":13,"enemies":"Nemesis","floor":40,"turns":4},{"damage":0,"enemies":"3 Darklings","floor":41,"turns":2},{"damage":12,"enemies":"4 Shapes","floor":42,"turns":2},{"damage":19,"enemies":"Maw","floor":47,"turns":5},{"damage":6,"enemies":"Jaw Worm Horde","floor":48,"turns":2},{"damage":43,"enemies":"Awakened One","floor":50,"turns":6}],"seed_played":"-571532955784448230","potions_obtained":[{"floor":1.0,"key":"SkillPotion"},{"floor":6.0,"key":"Block Potion"},{"floor":12.0,"key":"SteroidPotion"},{"floor":18.0,"key":"SpeedPotion"},{"floor":35,"key":"DuplicationPotion"}],"is_trial":false,"path_per_floor":["M","M","$","?","?","E","M","R","T","E","R","M","M","M","R","B",null,"M","?","$","?","$","R","M","?","T","R","AVR","E","M","$","R","B",null,"M","?","M","?","$","E","M","M","T","$","?","?","M","M","R","B",null],"character_chosen":"THE_CURSED","items_purchased":["TheCursedMod:Stigma","TheCursedMod:SpreadPlague+1","Panache","Membership Card","Ice Cream","Bottled Tornado","TheCursedMod:TacticalStrike","War Paint","infinitespire:CursedDice"],"campfire_rested":2,"item_purchase_floors":[3,20,20,31,31,31,31,39,44],"current_hp_per_floor":[81,80,80,80,80,62,62,62,62,41,41,29,29,24,51,39,94,96,96,96,96,96,96,90,100,100,100,100,95,99,99,99,97,112,116,116,109,120,120,111,115,107,107,107,107,107,92,90,132,93],"gold":722,"neow_bonus":"TEN_PERCENT_HP_BONUS","is_daily":false,"chose_seed":false,"campfire_upgraded":5,"win_rate":0.0,"timestamp":1608936083,"path_taken":["M","M","$","?","?","E","M","R","T","E","R","M","M","?","R","BOSS","M","?","$","?","$","R","?","?","T","R","AVR","E","M","?","R","BOSS","M","?","M","?","$","E","M","M","T","$","?","?","M","M","R","BOSS"],"items_purchased_type":["Card","Card","Card","Relic","Relic","Relic","Card","Relic","Relic"],"build_version":"2020-12-22","purchased_purges":9,"victory":true,"max_hp_per_floor":[82,82,82,82,82,82,82,82,82,82,82,86,86,90,90,94,94,96,96,96,96,96,96,100,100,100,100,100,104,108,108,108,112,112,116,116,120,120,120,124,128,132,132,132,132,132,136,140,140,144],"card_choices":[{"not_picked":["TheCursedMod:Torture","TheCursedMod:BlessingInDisguise"],"picked":"TheCursedMod:WearCloak","floor":1.0},{"not_picked":["TheCursedMod:RapidMovement","TheCursedMod:HellsGateOpen"],"picked":"TheCursedMod:CursedMace","floor":2.0},{"not_picked":["TheCursedMod:ForbiddenAlchemy","TheCursedMod:SpitefulStrike"],"picked":"TheCursedMod:HellfireBreathing","floor":6.0},{"not_picked":["TheCursedMod:PrepareRite","TheCursedMod:RavingStaff"],"picked":"TheCursedMod:HellfireBreathing","floor":7.0},{"not_picked":["TheCursedMod:Stigma","TheCursedMod:CursedAmulet+1"],"picked":"TheCursedMod:AbyssShockwave","floor":10.0},{"not_picked":["TheCursedMod:HellsGateOpen","TheCursedMod:CircleOfCorruption+1"],"picked":"TheCursedMod:WearCloak+1","floor":12.0},{"not_picked":["TheCursedMod:SpitefulStrike","TheCursedMod:SurpriseAttack"],"picked":"TheCursedMod:VitalStrike","floor":13.0},{"not_picked":["TheCursedMod:ManaBullet","TheCursedMod:CursedBlade"],"picked":"TheCursedMod:CursedAmulet+1","floor":14.0},{"not_picked":["TheCursedMod:Neurasthenia+1","TheCursedMod:DemonicPact"],"picked":"TheCursedMod:DemonSword","floor":16.0},{"not_picked":["TheCursedMod:DoubleShield+1","TheCursedMod:RavingStaff"],"picked":"TheCursedMod:CircleOfFocus+1","floor":18.0},{"not_picked":["TheCursedMod:Wield","TheCursedMod:EmpowerCircles+1"],"picked":"TheCursedMod:RapidMovement+1","floor":24},{"not_picked":["TheCursedMod:ReleasedKnowledge+1","TheCursedMod:Torture+1"],"picked":"TheCursedMod:CursedBoomerang+1","floor":29},{"not_picked":["TheCursedMod:CursedMace","TheCursedMod:CircleOfCorruption+1","TheCursedMod:SaltUponWound+1"],"picked":"SKIP","floor":30},{"not_picked":["TheCursedMod:ForbiddenAlchemy+1","TheCursedMod:DemonicPact"],"picked":"TheCursedMod:CollectTribute","floor":33},{"not_picked":["TheCursedMod:CursedShiv+1","TheCursedMod:WearCloak+1"],"picked":"TheCursedMod:Stigma+1","floor":35},{"not_picked":["TheCursedMod:EmpowerCircles+1","TheCursedMod:LuckyCharm+1"],"picked":"TheCursedMod:CursedBlade+1","floor":37},{"not_picked":["TheCursedMod:CursedShiv","TheCursedMod:CursedBlade","TheCursedMod:CursedSpellbook+1"],"picked":"SKIP","floor":40},{"not_picked":["TheCursedMod:CursedMace+1","TheCursedMod:CircleOfCorruption+1","TheCursedMod:VitalStrike"],"picked":"SKIP","floor":41},{"not_picked":["TheCursedMod:Stigma","TheCursedMod:SmokeScreen+1","TheCursedMod:VitalStrike+1"],"picked":"SKIP","floor":42},{"not_picked":["TheCursedMod:Neurasthenia+1","TheCursedMod:LuckyCharm","TheCursedMod:SmokeScreen+1"],"picked":"SKIP","floor":47},{"not_picked":["TheCursedMod:CursedStaff+1","TheCursedMod:CircleOfAmplification+1"],"picked":"TheCursedMod:SurpriseAttack+1","floor":48}],"player_experience":145874,"relics_obtained":[{"floor":6.0,"key":"Torii"},{"floor":9.0,"key":"Toxic Egg 2"},{"floor":10.0,"key":"HeavenlyBonsai"},{"floor":26,"key":"Boot"},{"floor":28,"key":"aspiration:TomeofQuesting"},{"floor":28,"key":"Gremlin Horn"},{"floor":28,"key":"Thread and Needle"},{"floor":29,"key":"Vajra"},{"floor":40,"key":"SpikesRelics:ToyHorsey"},{"floor":43,"key":"White Beast Statue"}],"event_choices":[{"damage_healed":0.0,"max_hp_gain":0.0,"max_hp_loss":0.0,"gold_gain":0.0,"event_name":"Living Wall","player_choice":"Grow","floor":4.0,"gold_loss":0.0,"damage_taken":0.0,"cards_upgraded":["TheCursedMod:Stigma"]},{"damage_healed":0.0,"max_hp_gain":0.0,"max_hp_loss":0.0,"gold_gain":0.0,"event_name":"Upgrade Shrine","player_choice":"Upgraded","floor":5.0,"gold_loss":0.0,"damage_taken":0.0,"cards_upgraded":["TheCursedMod:CursedWand"]},{"damage_healed":0.0,"max_hp_gain":0.0,"max_hp_loss":0.0,"gold_gain":0.0,"event_name":"Beggar","player_choice":"Ignored","floor":19.0,"gold_loss":0.0,"damage_taken":0.0},{"damage_healed":0.0,"max_hp_gain":0.0,"max_hp_loss":0.0,"gold_gain":0.0,"event_name":"Upgrade Shrine","player_choice":"Upgraded","floor":21.0,"gold_loss":0.0,"damage_taken":0.0,"cards_upgraded":["TheCursedMod:DemonSword"]},{"cards_removed":["TheCursedMod:TacticalStrike"],"damage_healed":0,"gold_gain":0,"player_choice":"Removed Attack","damage_taken":0,"max_hp_gain":0,"max_hp_loss":0,"event_name":"Falling","floor":36,"gold_loss":0},{"damage_healed":30,"gold_gain":0,"player_choice":"Writhe","damage_taken":0,"max_hp_gain":0,"max_hp_loss":0,"event_name":"Winding Halls","floor":38,"gold_loss":0,"cards_obtained":["Writhe"]},{"damage_healed":0,"gold_gain":0,"player_choice":"Ignored","damage_taken":0,"max_hp_gain":0,"max_hp_loss":0,"event_name":"Tomb of Lord Red Mask","floor":46,"gold_loss":0}],"is_beta":false,"boss_relics":[{"not_picked":["aspiration:PoetsPen","Runic Pyramid"],"picked":"Cursed Key"},{"not_picked":["Sozu","aspiration:SecretTechniqueScroll"],"picked":"TheCursedMod:BlackMagicAdvanced"}],"items_purged_floors":[3,20,20,20,20,20,31,31,39],"is_endless":false,"potions_floor_spawned":[1,6,12,18,33,35,37,47,48],"ascension_level":0}}