{"host":"w3q5ijqu8eoknil3","time":1608859370,"event":{"mods":["BaseMod","Block Reminder","Colored Powertips","Minty Spire (QoL Compilation)","Quick Restart","Relic Stats","ojb\u0027s Better Paths Mod","ojb\u0027s Info Mod","slay the spire mod where everything is the same but ironclad has a cowboy hat"],"gold_per_floor":[118,134,209,51,51,51,92,92,92,110,260,260,278,278,278,368,368,382,6,19,19,19,19,19],"floor_reached":23,"playtime":538,"items_purged":["Doubt"],"score":424,"play_id":"ab66e055-286b-4e17-bebe-2dfdbb5a3f05","local_time":"20201225012250","is_ascension_mode":true,"campfire_choices":[{"data":"Bash","floor":6,"key":"SMITH"},{"data":"Shockwave","floor":8,"key":"SMITH"},{"data":"Second Wind","floor":12,"key":"SMITH"},{"data":"Clothesline","floor":15,"key":"SMITH"}],"circlet_count":0,"master_deck":["AscendersBane","Strike_R","Strike_R+1","Strike_R","Strike_R","Strike_R","Defend_R","Defend_R","Defend_R","Defend_R","Bash+1","Shockwave+1","Clothesline+1","Second Wind+1","Pommel Strike+1","Cleave","Feed","Armaments"],"relics":["Burning Blood","NeowsBlessing","Medical Kit","Bloody Idol","Ancient Tea Set","StrikeDummy","Busted Crown","Meat on the Bone"],"acts_visited":["Exordium","TheCity"],"potions_floor_usage":[16,16,23],"damage_taken":[{"damage":0,"enemies":"2 Louse","floor":1,"turns":1},{"damage":0,"enemies":"Jaw Worm","floor":2,"turns":1},{"damage":0,"enemies":"3 Sentries","floor":7,"turns":1},{"damage":7,"enemies":"Small Slimes","floor":10,"turns":4},{"damage":9,"enemies":"2 Fungi Beasts","floor":13,"turns":4},{"damage":40,"enemies":"Hexaghost","floor":16,"turns":12},{"damage":40,"enemies":"Spheric Guardian","floor":18,"turns":6},{"damage":22,"enemies":"3 Byrds","floor":20,"turns":5},{"damage":24,"enemies":"Gremlin Leader","floor":23,"turns":5}],"seed_played":"5715017022745010110","potions_obtained":[{"floor":1,"key":"Fire Potion"},{"floor":13,"key":"Regen Potion"},{"floor":20,"key":"PowerPotion"}],"is_trial":false,"path_per_floor":["M","M","?","$","?","R","E","R","T","M","?","R","M","?","R","B",null,"M","$","M","$","?","E"],"character_chosen":"IRONCLAD","items_purchased":["Medical Kit","Meat on the Bone","Armaments"],"campfire_rested":0,"item_purchase_floors":[4,19,19],"current_hp_per_floor":[74,75,64,64,64,64,68,68,68,67,67,67,64,44,44,25,57,26,26,22,22,22,0,0],"gold":19,"neow_bonus":"THREE_ENEMY_KILL","is_daily":false,"chose_seed":false,"campfire_upgraded":4,"win_rate":0.0,"timestamp":1608859370,"path_taken":["M","M","?","$","?","R","E","R","T","M","?","R","M","?","R","BOSS","M","$","M","$","?","E"],"items_purchased_type":["Relic","Relic","Card"],"build_version":"2020-12-22","purchased_purges":1,"victory":false,"max_hp_per_floor":[75,75,75,75,68,68,68,68,68,68,68,68,68,68,68,68,68,71,71,71,71,71,71,71],"relic_stats":{"Busted Crown":4,"counters":[9,39],"Bloody Idol":0,"Medical Kit":[9],"obtain_stats":[{"Busted Crown":17,"NeowsBlessing":0,"Golden Idol":5,"Bloody Idol":22,"Medical Kit":4,"Ancient Tea Set":7,"StrikeDummy":9,"Burning Blood":0,"Meat on the Bone":19},{"Busted Crown":6,"NeowsBlessing":0,"Golden Idol":2,"Bloody Idol":8,"Medical Kit":2,"Ancient Tea Set":3,"StrikeDummy":3,"Burning Blood":0,"Meat on the Bone":7},{"Busted Crown":23,"NeowsBlessing":0,"Golden Idol":2,"Bloody Idol":34,"Medical Kit":2,"Ancient Tea Set":3,"StrikeDummy":3,"Burning Blood":0,"Meat on the Bone":29}],"Burning Blood":41,"Meat on the Bone":12},"card_choices":[{"not_picked":["Dark Embrace","Headbutt"],"picked":"Shockwave","floor":1},{"not_picked":["True Grit","Shrug It Off"],"picked":"Clothesline","floor":2},{"not_picked":["True Grit","Reckless Charge"],"picked":"Second Wind","floor":7},{"not_picked":["Blood for Blood","Clash"],"picked":"Pommel Strike","floor":10},{"not_picked":["Headbutt","Warcry"],"picked":"Cleave","floor":13},{"not_picked":["Double Tap","Exhume"],"picked":"Feed","floor":16},{"not_picked":["Clothesline"],"picked":"SKIP","floor":18},{"not_picked":["Clothesline"],"picked":"SKIP","floor":20}],"player_experience":944031,"relics_obtained":[{"floor":7,"key":"Ancient Tea Set"},{"floor":9,"key":"StrikeDummy"}],"event_choices":[{"damage_healed":0,"gold_gain":75,"player_choice":"Gather Gold","damage_taken":11,"max_hp_gain":0,"max_hp_loss":0,"event_name":"World of Goop","floor":3,"gold_loss":0},{"damage_healed":0,"gold_gain":0,"player_choice":"Lose Max HP","damage_taken":0,"relics_obtained":["Golden Idol"],"max_hp_gain":0,"max_hp_loss":7,"event_name":"Golden Idol","floor":5,"gold_loss":0},{"damage_healed":0,"gold_gain":150,"player_choice":"AGREE","damage_taken":0,"max_hp_gain":0,"max_hp_loss":0,"event_name":"Liars Game","floor":11,"gold_loss":0,"cards_obtained":["Doubt"]},{"damage_healed":0,"gold_gain":0,"player_choice":"Entered Light","damage_taken":20,"max_hp_gain":0,"max_hp_loss":0,"event_name":"Shining Light","floor":14,"gold_loss":0,"cards_upgraded":["Pommel Strike","Strike_R"]},{"damage_healed":0,"gold_gain":0,"player_choice":"Gave Idol","damage_taken":0,"relics_obtained":["Bloody Idol"],"max_hp_gain":0,"max_hp_loss":0,"event_name":"Forgotten Altar","floor":22,"relics_lost":["Golden Idol"],"gold_loss":0}],"is_beta":false,"boss_relics":[{"not_picked":["Black Star","SacredBark"],"picked":"Busted Crown"}],"items_purged_floors":[19],"is_endless":false,"potions_floor_spawned":[1,13,20],"killed_by":"Gremlin Leader","ascension_level":20}}