{"host":"qxeepl7ydvsgmfdb","time":1608910519,"event":{"mods":["AchievementEnabler","BaseMod","Colored Powertips","Minty Spire (QoL Compilation)","Quick Restart","slay the spire mod where everything is the same but ironclad has a cowboy hat"],"gold_per_floor":[118,49,66,141,141,171,189,139,164,10,42,122,140,160,160,256,256,269,269,368,378,390,390,390,390],"floor_reached":24,"playtime":644,"items_purged":[],"score":300,"play_id":"26e6e446-3906-46b2-a917-dfbf9c760d5f","local_time":"20201225103519","is_ascension_mode":true,"campfire_choices":[{"floor":15.0,"key":"REST"}],"circlet_count":0,"master_deck":["Strike_G","Strike_G","Strike_G","Strike_G","Defend_G","Defend_G","Defend_G","Defend_G","Defend_G","Survivor","Neutralize+1","Footwork","Slice+1","Deflect","Cloak And Dagger+1","Noxious Fumes","Backstab","Dagger Spray","Backflip+1","Backflip+1"],"relics":["Ring of the Snake","NeowsBlessing","Anchor","Whetstone","Strawberry","WristBlade","MutagenicStrength"],"acts_visited":["Exordium","TheCity"],"potions_floor_usage":[16,24],"damage_taken":[{"damage":0.0,"enemies":"2 Louse","floor":1.0,"turns":1.0},{"damage":0.0,"enemies":"Jaw Worm","floor":3.0,"turns":1.0},{"damage":0.0,"enemies":"Lagavulin","floor":6.0,"turns":1.0},{"damage":0.0,"enemies":"Cultist","floor":7.0,"turns":3.0},{"damage":13.0,"enemies":"Gremlin Nob","floor":11.0,"turns":4.0},{"damage":4.0,"enemies":"3 Louse","floor":13.0,"turns":3.0},{"damage":10.0,"enemies":"Large Slime","floor":14.0,"turns":5.0},{"damage":15,"enemies":"Slime Boss","floor":16,"turns":10},{"damage":21,"enemies":"2 Thieves","floor":18,"turns":4},{"damage":18,"enemies":"3 Byrds","floor":21,"turns":5},{"damage":25,"enemies":"Centurion and Healer","floor":22,"turns":10},{"damage":6,"enemies":"Slavers","floor":24,"turns":2}],"seed_played":"2442143579009223249","potions_obtained":[{"floor":1.0,"key":"SteroidPotion"},{"floor":6.0,"key":"AttackPotion"},{"floor":14.0,"key":"ColorlessPotion"},{"floor":22,"key":"Swift Potion"}],"is_trial":false,"path_per_floor":["M","$","M","?","?","E","M","?","T","$","E","?","M","M","R","B",null,"M","?","?","M","M","?","E"],"character_chosen":"THE_SILENT","items_purchased":["Slice","Deflect","Noxious Fumes","Backstab"],"campfire_rested":1,"item_purchase_floors":[2,2,10,10],"current_hp_per_floor":[63,63,63,52,52,52,52,52,52,52,46,46,42,32,55,40,68,47,47,47,29,4,4,0,0],"gold":390,"neow_bonus":"THREE_ENEMY_KILL","is_daily":false,"chose_seed":false,"campfire_upgraded":0,"win_rate":0.0,"timestamp":1608910519,"path_taken":["M","$","M","?","?","E","?","?","T","$","E","?","M","M","R","BOSS","M","?","?","M","M","?","E"],"items_purchased_type":["Card","Card","Card","Card"],"build_version":"2020-12-22","purchased_purges":0,"victory":false,"max_hp_per_floor":[70,70,70,70,70,70,70,70,70,70,77,77,77,77,77,77,77,77,77,77,77,77,77,77,77],"card_choices":[{"not_picked":["Infinite Blades","Heel Hook"],"picked":"Footwork","floor":1.0},{"not_picked":["Leg Sweep","Underhanded Strike"],"picked":"Cloak And Dagger","floor":3.0},{"not_picked":["Sucker Punch","Predator","Calculated Gamble"],"picked":"SKIP","floor":6.0},{"not_picked":["Endless Agony","Skewer","Sucker Punch"],"picked":"SKIP","floor":7.0},{"not_picked":["Malaise","Masterful Stab","Sucker Punch"],"picked":"SKIP","floor":11.0},{"not_picked":["Sucker Punch","Endless Agony"],"picked":"Dagger Spray","floor":13.0},{"not_picked":["Dagger Spray","Underhanded Strike","Choke"],"picked":"SKIP","floor":14.0},{"not_picked":["Outmaneuver+1","Bouncing Flask"],"picked":"Backflip+1","floor":18},{"not_picked":["Flying Knee","Dash","Unload"],"picked":"SKIP","floor":21},{"not_picked":["Distraction","Flechettes"],"picked":"Backflip+1","floor":22}],"player_experience":384161,"relics_obtained":[{"floor":6.0,"key":"Anchor"},{"floor":9.0,"key":"Whetstone"},{"floor":11.0,"key":"Strawberry"}],"event_choices":[{"damage_healed":0.0,"max_hp_gain":0.0,"max_hp_loss":0.0,"gold_gain":75.0,"event_name":"World of Goop","player_choice":"Gather Gold","floor":4.0,"gold_loss":0.0,"damage_taken":11.0},{"damage_healed":0.0,"max_hp_gain":0.0,"max_hp_loss":0.0,"gold_gain":0.0,"event_name":"Upgrade Shrine","player_choice":"Upgraded","floor":5.0,"gold_loss":0.0,"damage_taken":0.0,"cards_upgraded":["Cloak And Dagger"]},{"cards_removed":["Strike_G"],"damage_healed":0.0,"max_hp_gain":0.0,"max_hp_loss":0.0,"gold_gain":0.0,"event_name":"The Cleric","player_choice":"Card Removal","floor":8.0,"gold_loss":50.0,"damage_taken":0.0},{"damage_healed":0.0,"max_hp_gain":0.0,"max_hp_loss":0.0,"gold_gain":80.0,"event_name":"Golden Wing","player_choice":"Gained Gold","floor":12.0,"gold_loss":0.0,"damage_taken":0.0},{"damage_healed":0,"gold_gain":0,"player_choice":"Ignored","damage_taken":0,"max_hp_gain":0,"max_hp_loss":0,"event_name":"Vampires","floor":19,"gold_loss":0},{"damage_healed":0,"gold_gain":99,"player_choice":"Stole From Cult","damage_taken":0,"max_hp_gain":0,"max_hp_loss":0,"event_name":"Nest","floor":20,"gold_loss":0},{"damage_healed":0,"gold_gain":0,"player_choice":"Inject Mutagens","damage_taken":0,"relics_obtained":["MutagenicStrength"],"max_hp_gain":0,"max_hp_loss":0,"event_name":"Drug Dealer","floor":23,"gold_loss":0}],"is_beta":false,"boss_relics":[{"not_picked":["Astrolabe","Empty Cage"],"picked":"WristBlade"}],"items_purged_floors":[],"is_endless":false,"potions_floor_spawned":[1,6,14,22],"killed_by":"Slavers","ascension_level":6}}