{"host":"5gc11emcm5chfr5t","time":1608895941,"event":{"mods":["2.2 Compatiblity","AchievementEnabler","BaseMod","Bestiary","Better Note","Colored Map","Colored Powertips","Downfall","Googly Eyes","Minty Spire (QoL Compilation)","Rare Cards Sparkle","StSLib"],"gold_per_floor":[99,99,99,249,249,249,249,47,65,50,69,69,83,68,86,86,86],"floor_reached":16,"playtime":660,"items_purged":["Regret"],"score":176,"play_id":"5f60225f-e71a-4bfa-b2b2-939b3b9e5bc8","local_time":"20201225063221","is_ascension_mode":true,"campfire_choices":[{"floor":1,"key":"RECALL"}],"circlet_count":0,"master_deck":["AscendersBane","sneckomod:Strike","sneckomod:Strike","sneckomod:Defend","sneckomod:Defend","sneckomod:Defend","sneckomod:TailWhip","sneckomod:SnekBite","sneckomod:Unknown","sneckomod:Unknown","sneckomod:IronFang","sneckomod:UnknownClassPURPLE","sneckomod:Unknown1Cost","expansioncontent:DefensiveMode","sneckomod:QuickBite","sneckomod:UnknownClassPURPLE","sneckomod:ImprovisedGuard","sneckomod:UnknownStrength","sneckomod:WideSting","sneckomod:UnknownStrength","sneckomod:WideSting"],"relics":["sneckomod:SneckoSoul","downfall:HeartsMalice","Art of War","Mercury Hourglass"],"acts_visited":["Exordium"],"potions_floor_usage":[10,14,14],"damage_taken":[{"damage":0,"enemies":"Small Slimes","floor":2,"turns":1},{"damage":0,"enemies":"Jaw Worm","floor":3,"turns":1},{"damage":0,"enemies":"downfall:FleeingMerchant","floor":8,"turns":1},{"damage":0,"enemies":"2 Louse","floor":9,"turns":2},{"damage":0,"enemies":"downfall:FleeingMerchant","floor":10,"turns":4},{"damage":0,"enemies":"Exordium Thugs","floor":11,"turns":4},{"damage":10,"enemies":"Gremlin Gang","floor":13,"turns":4},{"damage":10,"enemies":"downfall:FleeingMerchant","floor":14,"turns":4},{"damage":0,"enemies":"Exordium Wildlife","floor":15,"turns":3},{"damage":66,"enemies":"downfall:Watcher","floor":16,"turns":12}],"seed_played":"-8660244078266949630","potions_obtained":[{"floor":9,"key":"ColorlessPotion"},{"floor":11,"key":"ColorlessPotion"},{"floor":13,"key":"Weak Potion"}],"is_trial":false,"path_per_floor":["R","M","M","?","?","?","T","$","M","$","M","?","M","$","M","B"],"character_chosen":"THE_SNECKO","items_purchased":["expansioncontent:DefensiveMode","sneckomod:QuickBite"],"campfire_rested":0,"item_purchase_floors":[8,8],"current_hp_per_floor":[75,75,76,76,76,76,76,77,78,78,79,79,69,60,60,0,0],"gold":86,"neow_bonus":"THREE_ENEMY_KILL","is_daily":false,"chose_seed":false,"campfire_upgraded":0,"win_rate":0.0,"timestamp":1608895941,"path_taken":["R","M","M","?","?","?","T","$","M","$","?","?","M","?","M","BOSS"],"items_purchased_type":["Card","Card"],"build_version":"2020-12-22","purchased_purges":1,"victory":false,"max_hp_per_floor":[83,83,84,84,84,84,84,85,86,86,87,87,87,88,88,88,88],"card_choices":[{"not_picked":["sneckomod:UnknownWeak","sneckomod:UnknownVulnerable"],"picked":"sneckomod:IronFang","floor":2},{"not_picked":["sneckomod:UnknownWeak","sneckomod:MixItUp"],"picked":"sneckomod:UnknownClassPURPLE","floor":3},{"not_picked":["sneckomod:RainOfDice","sneckomod:UnknownStrike"],"picked":"sneckomod:Unknown1Cost","floor":8},{"not_picked":["sneckomod:UnknownCommonAttack","sneckomod:DiceCrush"],"picked":"sneckomod:UnknownClassPURPLE","floor":9},{"not_picked":["sneckomod:UnknownX","sneckomod:UnknownWeak"],"picked":"sneckomod:ImprovisedGuard","floor":10},{"not_picked":["sneckomod:UnknownClassHEXA_GHOST_PURPLE","sneckomod:UnknownStrike"],"picked":"sneckomod:UnknownStrength","floor":11},{"not_picked":["sneckomod:SoulExchange","sneckomod:IronFang"],"picked":"sneckomod:WideSting","floor":13},{"not_picked":["sneckomod:SnakeSap","sneckomod:UnknownStrike"],"picked":"sneckomod:UnknownStrength","floor":14},{"not_picked":["sneckomod:UnknownUncommonAttack","sneckomod:DefensiveFlair"],"picked":"sneckomod:WideSting","floor":15}],"player_experience":493073,"relics_obtained":[{"floor":7,"key":"Mercury Hourglass"}],"event_choices":[{"cards_removed":["Doubt"],"damage_healed":0,"gold_gain":0,"player_choice":"Card Removal","damage_taken":0,"max_hp_gain":0,"max_hp_loss":0,"event_name":"The Cleric","floor":5,"gold_loss":0},{"damage_healed":0,"gold_gain":0,"player_choice":"Box","damage_taken":0,"relics_obtained":["Art of War"],"max_hp_gain":0,"max_hp_loss":0,"event_name":"Big Fish","floor":6,"gold_loss":0,"cards_obtained":["Regret"]},{"cards_removed":["sneckomod:Strike"],"damage_healed":0,"gold_gain":0,"player_choice":"Offered Basic","damage_taken":0,"max_hp_gain":0,"max_hp_loss":0,"event_name":"Bonfire Elementals","floor":12,"gold_loss":0}],"is_beta":false,"boss_relics":[],"items_purged_floors":[8],"is_endless":false,"potions_floor_spawned":[9,11,13],"killed_by":"downfall:Watcher","ascension_level":20}}