{"host":"e6oyrm1qxoctfokz","time":1608937909,"event":{"mods":["BaseMod","Clawfect","Colored Powertips","Defuse TimeMaze Blight","Halation","Highlight Path","Hubris","Infinite Spire","Minty Spire (QoL Compilation)","Permanent Neow","Quick Restart","Relic Sorter","Replay The Spire","StSLib","Trackpad","vexMod"],"gold_per_floor":[116,131,131,56,74,106,106,106,106,139,160,191,91,310,310,409,409,425,425,218,218,233,258,258,288,288,288,288,138,138,202,202,303,303,318,318,335,353,382,382,382,437,451,466,484,309,339,339,339,339,339,139,164,164],"floor_reached":56,"playtime":3374,"items_purged":["Defend_B","Defend_B","Defend_B+1","Defend_B+1","Flash of Steel","Skim","Gash+1"],"score":1595,"play_id":"19c6c7ea-cdf6-4b58-92ca-6550dc14c6a2","local_time":"20201225211149","is_ascension_mode":true,"campfire_choices":[{"floor":7,"key":"REST"},{"data":"Pot Of Greed","floor":15,"key":"SMITH"},{"data":"Pot Of Greed","floor":24,"key":"SMITH"},{"floor":27,"key":"RECALL"},{"data":"Skim","floor":30,"key":"SMITH"},{"data":"FTL","floor":32,"key":"PURGE"},{"data":"Finesse","floor":49,"key":"SMITH"},{"floor":52,"key":"REST"}],"circlet_count":0,"master_deck":["Gash+1","Gash+1","Gash+1","Gash+1","Finesse+1","Pot Of Greed+1","Skim+1","Pot Of Greed+1","Clawfect:ClawSnap+1","infinitespire:Collect+1"],"relics":["Clawfect:DRClaw","vexMod:RedPlottingStone","Pen Nib","Odd Mushroom","Simple Rune","Grinning Jar","MutagenicStrength","Durian","Happy Flower","hubris:Teleporter","infinitespire:EmpoweringShard","vexMod:ImprovementManual","ReplayFunnel","hubris:TenFootPole","Blue Doll","trackpad:AdjectivePendant","infinitespire:CursedDice"],"acts_visited":["Exordium","TheCity","TheBeyond","TheEnding"],"potions_floor_usage":[6,23,55],"damage_taken":[{"damage":2,"enemies":"Jaw Worm","floor":1,"turns":3},{"damage":2,"enemies":"2 Louse","floor":2,"turns":3},{"damage":0,"enemies":"Small Slimes","floor":5,"turns":3},{"damage":11,"enemies":"Gremlin Nob","floor":6,"turns":4},{"damage":16,"enemies":"3 Sentries","floor":10,"turns":7},{"damage":14,"enemies":"The Mushroom Lair","floor":11,"turns":4},{"damage":8,"enemies":"Lagavulin","floor":12,"turns":5},{"damage":0,"enemies":"Blue Slaver","floor":14,"turns":1},{"damage":18,"enemies":"The Guardian","floor":16,"turns":5},{"damage":3,"enemies":"Spheric Guardian","floor":18,"turns":3},{"damage":1,"enemies":"2 Thieves","floor":22,"turns":2},{"damage":3,"enemies":"Slavers","floor":23,"turns":2},{"damage":0,"enemies":"Replay:Snechameleon","floor":25,"turns":2},{"damage":7,"enemies":"Champ","floor":33,"turns":2},{"damage":6,"enemies":"3 Shapes","floor":35,"turns":1},{"damage":0,"enemies":"3 Darklings","floor":37,"turns":1},{"damage":0,"enemies":"Jaw Worm Horde","floor":38,"turns":1},{"damage":0,"enemies":"Giant Head","floor":40,"turns":1},{"damage":0,"enemies":"Writhing Mass","floor":44,"turns":1},{"damage":0,"enemies":"Spire Growth","floor":45,"turns":2},{"damage":0,"enemies":"Jaw Worm Horde","floor":46,"turns":1},{"damage":9,"enemies":"R_Hoarder","floor":48,"turns":5},{"damage":0,"enemies":"Donu and Deca","floor":50,"turns":1},{"damage":0,"enemies":"Shield and Spear","floor":54,"turns":1},{"damage":46,"enemies":"The Heart","floor":55,"turns":4}],"seed_played":"-8648027134900894256","potions_obtained":[{"floor":1,"key":"Block Potion"},{"floor":10,"key":"Doom Potion"},{"floor":14,"key":"Explosive Potion"},{"floor":22,"key":"Block Potion"},{"floor":35,"key":"Regen Potion"},{"floor":42,"key":"Venom Potion"}],"is_trial":false,"path_per_floor":["M","M","?","$","M","E","R","$","T","E","?","E","$","M","R","B",null,"M","?","$","?","M","E","R","E","T","R","?","$","R","?","R","B",null,"M","AVR","M","M","E","?","?","T","M","M","M","$","E","R","B",null,"R","$","E","B",null],"character_chosen":"DEFECT","items_purchased":["Skim"],"campfire_rested":2,"item_purchase_floors":[20],"current_hp_per_floor":[73,71,56,56,56,45,67,67,67,51,37,29,29,49,49,31,85,82,82,82,82,81,83,83,83,83,83,83,83,83,61,61,54,90,84,84,84,84,84,84,84,84,84,84,84,84,75,75,75,90,90,90,90,44],"gold":164,"neow_bonus":"REMOVE_CARD","is_daily":false,"chose_seed":false,"campfire_upgraded":4,"win_rate":0.0,"timestamp":1608937909,"path_taken":["M","M","?","$","M","E","R","$","T","E","?","E","$","M","R","BOSS","M","?","$","?","M","E","R","E","T","R","?","$","R","?","R","BOSS","M","AVR","M","M","E","?","?","T","M","M","M","$","E","R","BOSS","R","$","E","BOSS"],"items_purchased_type":["Card"],"build_version":"2020-12-22","purchased_purges":7,"victory":true,"max_hp_per_floor":[75,75,75,75,75,75,75,75,75,75,75,75,75,85,85,85,85,85,85,85,85,85,90,90,90,90,90,90,90,90,90,90,90,90,90,90,90,90,90,90,90,90,90,90,90,90,90,90,90,90,90,90,90,90],"card_choices":[{"not_picked":["Defragment","Steam","BasicCrystalCard"],"picked":"SKIP","floor":1},{"not_picked":["BasicCrystalCard","Rebound","Clawfect:ScrapingClaw"],"picked":"SKIP","floor":2},{"not_picked":["Steam","Redo","ReplayTheSpireMod:Repulse"],"picked":"SKIP","floor":5},{"not_picked":["Conserve Battery","Coolheaded","hubris:Prefetch"],"picked":"SKIP","floor":6},{"not_picked":["Crystallizer","hubris:Ukulele","Hologram"],"picked":"SKIP","floor":10},{"not_picked":["BasicCrystalCard","Rebound"],"picked":"FTL","floor":11},{"not_picked":["Hologram","ReplayTheSpireMod:Calculation Training","Clawfect:ClawingBeam"],"picked":"SKIP","floor":12},{"not_picked":["Coolheaded","Time Bomb","Darkness"],"picked":"SKIP","floor":14},{"not_picked":["Gash","Leap","FTL"],"picked":"SKIP","floor":18},{"not_picked":["Clawfect:ClawLightning+1","Clawfect:ScrapingClaw"],"picked":"Skim","floor":22},{"not_picked":["ReplayTheSpireMod:Reroute Power","Coolheaded+1","Tempest"],"picked":"SKIP","floor":23},{"not_picked":["Amplify","ReplayTheSpireMod:Omega Cannon","Clawfect:Clawter"],"picked":"SKIP","floor":25},{"not_picked":["Clawfect:ClawForTheEyes","Clawfect:ClawingBeam+1","FIFO Queue"],"picked":"SKIP","floor":35},{"not_picked":["Fusion","Loop","Steam+1"],"picked":"SKIP","floor":37},{"not_picked":["ReplayTheSpireMod:GoodbyeWorld+1","Time Bomb","Blizzard+1"],"picked":"SKIP","floor":38},{"not_picked":["ReplayTheSpireMod:System Scan","Rebound+1","Clawfect:ClawCell"],"picked":"SKIP","floor":40},{"not_picked":["Redo+1","Clawfect:ScrapingClaw+1","Rebound"],"picked":"SKIP","floor":44},{"not_picked":["Clawfect:ClawpileDriver+1","Rebound+1","Redo"],"picked":"SKIP","floor":45},{"not_picked":["Redo","BasicCrystalCard","Clawfect:ScrapingClaw+1"],"picked":"SKIP","floor":46},{"not_picked":["Clawfect:Clawter","Genetic Algorithm","Chaos"],"picked":"SKIP","floor":48},{"not_picked":["Glacier+1","Self Repair+1","Coolheaded"],"picked":"SKIP","floor":54}],"player_experience":394156,"relics_obtained":[{"floor":6,"key":"Pen Nib"},{"floor":10,"key":"vexMod:RedPlottingStone"},{"floor":11,"key":"Odd Mushroom"},{"floor":12,"key":"Simple Rune"},{"floor":23,"key":"Durian"},{"floor":25,"key":"Happy Flower"},{"floor":26,"key":"hubris:Teleporter"},{"floor":31,"key":"infinitespire:EmpoweringShard"},{"floor":40,"key":"hubris:TenFootPole"},{"floor":43,"key":"Blue Doll"},{"floor":48,"key":"trackpad:AdjectivePendant"},{"floor":54,"key":"infinitespire:CursedDice"}],"event_choices":[{"damage_healed":0,"gold_gain":0,"player_choice":"Entered Light","damage_taken":15,"max_hp_gain":0,"max_hp_loss":0,"event_name":"Shining Light","floor":3,"gold_loss":0,"cards_upgraded":["Gash","Gash"]},{"damage_healed":0,"gold_gain":0,"player_choice":"Fought Mushrooms","damage_taken":0,"max_hp_gain":0,"max_hp_loss":0,"event_name":"Mushrooms","floor":11,"gold_loss":0},{"damage_healed":0,"gold_gain":0,"player_choice":"Ignored","damage_taken":0,"max_hp_gain":0,"max_hp_loss":0,"event_name":"Cursed Tome","floor":19,"gold_loss":0},{"damage_healed":0,"gold_gain":0,"player_choice":"Inject Mutagens","damage_taken":0,"relics_obtained":["MutagenicStrength"],"max_hp_gain":0,"max_hp_loss":0,"event_name":"Drug Dealer","floor":21,"gold_loss":0},{"damage_healed":0,"gold_gain":0,"player_choice":"Read","damage_taken":0,"max_hp_gain":0,"max_hp_loss":0,"event_name":"The Library","floor":28,"gold_loss":0,"cards_obtained":["Clawfect:ClawSnap"]},{"damage_healed":0,"gold_gain":0,"player_choice":"Got Potions","damage_taken":0,"max_hp_gain":0,"max_hp_loss":0,"event_name":"Lab","floor":42,"gold_loss":0}],"is_beta":false,"boss_relics":[{"not_picked":["vexMod:MegatonBomb","Pandora\u0027s Box","vexMod:CursedCompass"]},{"not_picked":["Abe\u0027s Treasure","halation:SmartPhone","hubris:GrandSneckoEye"]}],"items_purged_floors":[4,13,20,29,36,47,53],"is_endless":false,"potions_floor_spawned":[1,10,14,22,35,44,54],"ascension_level":2}}