{"host":"w31as9kcl9qjbzmo","time":1608925806,"event":{"mods":["BaseMod","Friendly Minions","Lobotomy","Minty Spire (QoL Compilation)","StSLib"],"gold_per_floor":[113,130,130,130,148,174,189,189,236,236,252,276,289,305,305,305,305],"floor_reached":16,"playtime":1139,"items_purged":[],"score":104,"play_id":"42d08846-69c4-4190-a469-4e2a1b76eae4","local_time":"20201226045006","is_ascension_mode":false,"campfire_choices":[{"floor":8,"key":"REST"},{"floor":10,"key":"REST"},{"floor":15,"key":"REST"}],"circlet_count":0,"master_deck":["Strike_R","Strike_R","Strike_R","Strike_R","Strike_R","Defend_R","Defend_R","Bash","WallGazer","Flex","VoidDream","Exhume","OldLady","Rage","SingingMachine","Shrug It Off","FairyFestival","Wild Strike","Yin","Flex","Thunderclap","LaLuna"],"relics":["Burning Blood","CogitoBucket","Self Forming Clay","Potion Belt","HellTrain","PreservedInsect","Yang_Lob"],"acts_visited":["Exordium"],"potions_floor_usage":[16],"damage_taken":[{"damage":18,"enemies":"Jaw Worm","floor":1,"turns":3},{"damage":7,"enemies":"Small Slimes","floor":2,"turns":3},{"damage":9,"enemies":"Cultist","floor":5,"turns":4},{"damage":60,"enemies":"3 Sentries","floor":6,"turns":12},{"damage":6,"enemies":"Blue Slaver","floor":7,"turns":3},{"damage":20,"enemies":"Exordium Wildlife","floor":11,"turns":6},{"damage":61,"enemies":"Large Slime","floor":13,"turns":5},{"damage":22,"enemies":"Exordium Thugs","floor":14,"turns":5},{"damage":57,"enemies":"Hexaghost","floor":16,"turns":5}],"seed_played":"932995156412307653","potions_obtained":[{"floor":2,"key":"Block Potion"},{"floor":4,"key":"PowerPotion"},{"floor":4,"key":"SneckoOil"},{"floor":4,"key":"SpeedPotion"},{"floor":5,"key":"SteroidPotion"},{"floor":7,"key":"LiquidMemories"},{"floor":11,"key":"FairyPotion"}],"is_trial":false,"path_per_floor":["M","M","?","?","M","E","M","R","T","R","M","T","M","M","R","B"],"character_chosen":"IRONCLAD","items_purchased":[],"campfire_rested":3,"item_purchase_floors":[],"current_hp_per_floor":[68,67,67,67,64,10,10,34,34,58,50,50,30,17,41,0,0],"gold":305,"neow_bonus":"","is_daily":false,"chose_seed":false,"campfire_upgraded":0,"win_rate":0.0,"timestamp":1608925806,"path_taken":["M","M","?","?","M","E","M","R","T","R","M","?","M","M","R","BOSS"],"items_purchased_type":[],"build_version":"2020-12-22","purchased_purges":0,"victory":false,"max_hp_per_floor":[80,80,80,80,80,80,80,80,80,80,80,80,80,80,80,80,80],"card_choices":[{"not_picked":["ShyLook","CrumblingArmor"],"picked":"WallGazer","floor":1},{"not_picked":["Second Wind","Disarm"],"picked":"Flex","floor":1},{"not_picked":["CrumblingArmor","OSAHOGD"],"picked":"VoidDream","floor":2},{"not_picked":["Second Wind","Havoc"],"picked":"Exhume","floor":2},{"not_picked":["BeautyBeast","LittleHelper"],"picked":"OldLady","floor":5},{"not_picked":["Metallicize","Ghostly Armor"],"picked":"Rage","floor":5},{"not_picked":["QueenOfHatred","PunishingBird"],"picked":"SingingMachine","floor":6},{"not_picked":["Warcry","Battle Trance"],"picked":"Shrug It Off","floor":6},{"not_picked":["OSAHOGD","NakedNest"],"picked":"FairyFestival","floor":7},{"not_picked":["Thunderclap","Dropkick"],"picked":"Wild Strike","floor":7},{"not_picked":["BeautyBeast","Wellcheers"],"picked":"Yin","floor":11},{"not_picked":["Headbutt","Perfected Strike"],"picked":"Flex","floor":11},{"not_picked":["True Grit","Iron Wave"],"picked":"Thunderclap","floor":13},{"not_picked":["Woodsman","MHz"],"picked":"LaLuna","floor":14},{"not_picked":["Rampage","Body Slam","Combust"],"picked":"SKIP","floor":14},{"not_picked":["Rampage","Body Slam","Combust"],"picked":"SKIP","floor":14}],"player_experience":332224,"relics_obtained":[{"floor":6,"key":"Self Forming Clay"},{"floor":9,"key":"Potion Belt"},{"floor":12,"key":"PreservedInsect"}],"event_choices":[{"damage_healed":0,"gold_gain":0,"player_choice":"Ignored","damage_taken":0,"max_hp_gain":0,"max_hp_loss":0,"event_name":"Liars Game","floor":3,"gold_loss":0},{"damage_healed":0,"gold_gain":0,"player_choice":"Got Potions","damage_taken":0,"max_hp_gain":0,"max_hp_loss":0,"event_name":"Lab","floor":4,"gold_loss":0}],"is_beta":false,"boss_relics":[],"items_purged_floors":[],"is_endless":false,"potions_floor_spawned":[2,5,7,11],"killed_by":"Hexaghost","ascension_level":0}}