{"host":"acpsw8r33r8788yr","time":1608926338,"event":{"mods":["BaseMod","Better Altar","Better Skull","Better Third Choice","BetterRewards","Colored Map","Downfall","Hermit","Highlight Path","Hubris","Minty Spire (QoL Compilation)","Quick Restart","Replay The Spire","Robot Space Explorer","Shop Mod","StSLib","The Bug Knight","The Construct","The Cursed","The Disciple","The Jungle","The Runesmith","The Senshi"],"gold_per_floor":[111,127,127,93,93,93,110,136,136,153,153,153,232,232,232,232,232],"floor_reached":16,"playtime":527,"items_purged":[],"score":103,"play_id":"cdc6e2fe-7058-43c3-9c6d-4191b0132a04","local_time":"20201225115858","is_ascension_mode":true,"campfire_choices":[{"data":"RobotSpaceExplorer:MiniDrones","floor":6,"key":"SMITH"},{"data":"RobotSpaceExplorer:SurgingStrike","floor":11,"key":"SMITH"},{"data":"RobotSpaceExplorer:GearShield","floor":15,"key":"SMITH"}],"circlet_count":0,"master_deck":["RobotSpaceExplorer:Strike","RobotSpaceExplorer:Strike","RobotSpaceExplorer:Strike","RobotSpaceExplorer:Defend","RobotSpaceExplorer:Defend","RobotSpaceExplorer:Defend","RobotSpaceExplorer:Defend","RobotSpaceExplorer:Scan","RobotSpaceExplorer:MiniLasers","RobotSpaceExplorer:GearShield+1","RobotSpaceExplorer:MiniDrones+1","RobotSpaceExplorer:Jetpack+1","RobotSpaceExplorer:SurgingStrike+1"],"relics":["RobotSpaceExplorer:RoboCore","NeowsBlessing","Replay:Rubber Ducky","Durian","hubris:Icosahedron","Golden Egg"],"acts_visited":["Exordium"],"potions_floor_usage":[8,16],"damage_taken":[{"damage":0,"enemies":"2 Louse","floor":1,"turns":1},{"damage":0,"enemies":"Small Slimes","floor":2,"turns":2},{"damage":0,"enemies":"Cultist","floor":7,"turns":1},{"damage":47,"enemies":"Gremlin Nob","floor":8,"turns":7},{"damage":0,"enemies":"Blue Slaver","floor":10,"turns":4},{"damage":16,"enemies":"Hexaghost","floor":16,"turns":14}],"seed_played":"9013531396250224056","potions_obtained":[{"floor":1,"key":"RobotSpaceExplorer:LiquidFusion"},{"floor":7,"key":"Explosive Potion"},{"floor":10,"key":"Swift Potion"}],"is_trial":false,"path_per_floor":["M","M","?","$","?","R","M","E","T","M","R","?","T","?","R","B"],"character_chosen":"RobotSpaceExplorer","items_purchased":["RobotSpaceExplorer:Jetpack"],"campfire_rested":0,"item_purchase_floors":[4],"current_hp_per_floor":[75,75,68,68,68,68,68,21,26,26,26,26,26,26,26,10,10],"gold":232,"neow_bonus":"THREE_ENEMY_KILL","is_daily":false,"chose_seed":false,"campfire_upgraded":3,"win_rate":0.0,"timestamp":1608926338,"path_taken":["M","M","?","$","?","R","?","E","T","M","R","?","?","?","R","BOSS"],"items_purchased_type":["Card"],"build_version":"2020-12-22","purchased_purges":0,"victory":false,"max_hp_per_floor":[75,75,75,75,75,75,75,75,80,80,80,80,80,80,80,80,80],"card_choices":[{"not_picked":["RobotSpaceExplorer:ExhaustFan","RobotSpaceExplorer:FranticSearch"],"picked":"RobotSpaceExplorer:GearShield","floor":1},{"not_picked":["RobotSpaceExplorer:ImprovisedAttack","RobotSpaceExplorer:SurgingShield"],"picked":"RobotSpaceExplorer:MiniDrones","floor":2},{"not_picked":["RobotSpaceExplorer:Pulsar","RobotSpaceExplorer:FrostMissile"],"picked":"RobotSpaceExplorer:SurgingStrike","floor":7},{"not_picked":["RobotSpaceExplorer:StarDust","RobotSpaceExplorer:SelfCleaning","RobotSpaceExplorer:FreezingShield"],"picked":"SKIP","floor":8},{"not_picked":["RobotSpaceExplorer:BigMissile","RobotSpaceExplorer:Counterblock","RobotSpaceExplorer:Probe"],"picked":"SKIP","floor":10}],"player_experience":360555,"relics_obtained":[{"floor":8,"key":"Replay:Rubber Ducky"},{"floor":9,"key":"Durian"},{"floor":13,"key":"Golden Egg"}],"event_choices":[{"cards_removed":["RobotSpaceExplorer:Strike"],"damage_healed":0,"gold_gain":0,"player_choice":"Card Removal","damage_taken":7,"max_hp_gain":0,"max_hp_loss":0,"event_name":"Golden Wing","floor":3,"gold_loss":0},{"damage_healed":0,"gold_gain":0,"player_choice":"Forge","damage_taken":0,"max_hp_gain":0,"max_hp_loss":0,"event_name":"Accursed Blacksmith","floor":5,"gold_loss":0,"cards_upgraded":["RobotSpaceExplorer:Jetpack"]},{"damage_healed":0,"gold_gain":0,"player_choice":"0 cards matched","damage_taken":0,"max_hp_gain":0,"max_hp_loss":0,"event_name":"Match and Keep!","floor":14,"gold_loss":0,"cards_obtained":[]}],"is_beta":false,"boss_relics":[],"items_purged_floors":[],"is_endless":false,"potions_floor_spawned":[1,7,10],"killed_by":"Hexaghost","ascension_level":1}}