{"host":"ishme5wb80o83upk","time":1608923296,"event":{"mods":["Arknights The Spire","BaseMod","BetterRewards","Minty Spire (QoL Compilation)","StSLib"],"gold_per_floor":[12,12,12,31,49,83,95,128,177,211,211,239,239,250,250,351,351,361,140,156,173,185,218,218,252,303,303,316,351,266,166,166,264,264,280,293,313,331,341,341,367,382,407,407,423,449,449,481,481,481,481,481,55,86,86],"floor_reached":56,"playtime":3234,"items_purged":["ats:Strike G","ats:Strike S","ats:Strike V"],"score":1408,"play_id":"4bd81c10-7faf-4863-a15e-2b82db437604","local_time":"20201226040816","is_ascension_mode":true,"campfire_choices":[{"data":"ats:Emotion Absorption","floor":11.0,"key":"SMITH"},{"data":"ats:Automatic Cover","floor":13.0,"key":"SMITH"},{"data":"ats:Volcano","floor":15.0,"key":"SMITH"},{"data":"ats:Calcification","floor":24.0,"key":"SMITH"},{"data":"ats:Ignite","floor":27.0,"key":"SMITH"},{"floor":32.0,"key":"REST"},{"data":"ats:Shadow Assault","floor":40.0,"key":"SMITH"},{"data":"ats:Guardian Obelisk","floor":44.0,"key":"SMITH"},{"floor":49.0,"key":"RECALL"},{"data":"ats:Burning Ground","floor":52.0,"key":"SMITH"}],"circlet_count":0,"master_deck":["ats:Strike C","ats:Armor Crushing Shot","ats:Defend","ats:Defend","ats:Defend","ats:Defend","ats:Emotion Absorption+1","Apotheosis+1","ats:Automatic Cover+1","ats:Very Hot Blade","ats:Ignite+1","ats:Volcano+1","ats:Calcification+1","ats:Very Hot Blade","ats:Shadow Assault+1","ats:Burning Ground+1","ats:Burning Ground+1","ats:Guardian Obelisk+1","ats:Burning Ground+1","ats:Guardian Obelisk+1","ats:Healing Drone+1","ats:Volcano"],"relics":["ats:Sanity","ats:Originium","ats:Military Tradition","ats:Originium","Kunai","Happy Flower","ats:Originium","ats:Hidden Killer","ats:Originium","ats:Industrial Water Cannon","ats:Tactical Delivery","TheAbacus","ats:Originium","Regal Pillow","Mercury Hourglass","Toy Ornithopter","Sundial","SlaversCollar","Bottled Lightning","ats:Rhine Circuitry","Blue Candle","PreservedInsect","HornCleat","Letter Opener"],"acts_visited":["Exordium","TheCity","TheBeyond","TheEnding"],"potions_floor_usage":[55,55,55,55,55,55],"damage_taken":[{"damage":2.0,"enemies":"2 Louse","floor":1.0,"turns":3.0},{"damage":0.0,"enemies":"Small Slimes","floor":4.0,"turns":4.0},{"damage":0.0,"enemies":"Cultist","floor":5.0,"turns":3.0},{"damage":0.0,"enemies":"Gremlin Nob","floor":6.0,"turns":3.0},{"damage":0.0,"enemies":"Large Slime","floor":7.0,"turns":4.0},{"damage":4.0,"enemies":"Lagavulin","floor":8.0,"turns":8.0},{"damage":8.0,"enemies":"Gremlin Nob","floor":10.0,"turns":4.0},{"damage":11.0,"enemies":"Lagavulin","floor":12.0,"turns":8.0},{"damage":4.0,"enemies":"Exordium Thugs","floor":14.0,"turns":5.0},{"damage":35.0,"enemies":"Slime Boss","floor":16.0,"turns":7.0},{"damage":1.0,"enemies":"Shell Parasite","floor":18.0,"turns":6.0},{"damage":1.0,"enemies":"Spheric Guardian","floor":20.0,"turns":5.0},{"damage":10.0,"enemies":"Centurion and Healer","floor":21.0,"turns":7.0},{"damage":0.0,"enemies":"Cultist and Chosen","floor":22.0,"turns":8.0},{"damage":3.0,"enemies":"Gremlin Leader","floor":23.0,"turns":7.0},{"damage":0.0,"enemies":"Book of Stabbing","floor":25.0,"turns":6.0},{"damage":0.0,"enemies":"Snecko","floor":28.0,"turns":4.0},{"damage":28.0,"enemies":"Slavers","floor":29.0,"turns":6.0},{"damage":56.0,"enemies":"Automaton","floor":33.0,"turns":11.0},{"damage":0.0,"enemies":"3 Shapes","floor":35.0,"turns":4.0},{"damage":2.0,"enemies":"3 Darklings","floor":36.0,"turns":5.0},{"damage":0.0,"enemies":"Sphere and 2 Shapes","floor":37.0,"turns":2.0},{"damage":32.0,"enemies":"Spire Growth","floor":38.0,"turns":5.0},{"damage":0.0,"enemies":"Transient","floor":39.0,"turns":5.0},{"damage":9.0,"enemies":"Giant Head","floor":41.0,"turns":8.0},{"damage":0.0,"enemies":"4 Shapes","floor":42.0,"turns":3.0},{"damage":3.0,"enemies":"Sphere and 2 Shapes","floor":45.0,"turns":2.0},{"damage":8.0,"enemies":"Reptomancer","floor":46.0,"turns":3.0},{"damage":0.0,"enemies":"Nemesis","floor":48.0,"turns":4.0},{"damage":34.0,"enemies":"Awakened One","floor":50.0,"turns":10.0},{"damage":13.0,"enemies":"Shield and Spear","floor":54.0,"turns":3.0},{"damage":158,"enemies":"The Heart","floor":55,"turns":8}],"seed_played":"-8919788063734350686","potions_obtained":[{"floor":1.0,"key":"Strength Potion"},{"floor":3.0,"key":"Block Potion"},{"floor":3.0,"key":"Weak Potion"},{"floor":3.0,"key":"AttackPotion"},{"floor":8.0,"key":"DuplicationPotion"},{"floor":16.0,"key":"SkillPotion"},{"floor":23.0,"key":"DistilledChaos"},{"floor":25.0,"key":"ats:Emergency Sanity Potion"},{"floor":28.0,"key":"Block Potion"},{"floor":29.0,"key":"SpeedPotion"},{"floor":36.0,"key":"DuplicationPotion"},{"floor":41.0,"key":"SneckoOil"},{"floor":42.0,"key":"ats:Emergency Sanity Potion"},{"floor":48.0,"key":"EntropicBrew"}],"is_trial":false,"path_per_floor":["M","?","?","M","M","E","M","E","T","E","R","E","R","M","R","B",null,"M","$","M","M","M","E","R","E","T","R","M","E","?","$","R","B",null,"M","M","M","M","M","R","E","M","T","R","M","E","?","E","R","B",null,"R","$","E","B",null],"character_chosen":"DOCTOR_CLASS","items_purchased":["TheAbacus","HornCleat","PowerPotion"],"campfire_rested":1,"item_purchase_floors":[19,53,53],"current_hp_per_floor":[70,70,70,70,70,70,70,66,66,58,58,47,47,43,43,8,72,72,72,71,64,66,65,65,66,66,66,68,42,42,42,72,20,72,72,71,72,41,43,43,42,42,42,42,40,38,38,38,38,19,72,72,72,65,54],"gold":86,"neow_bonus":"RANDOM_COLORLESS_2","is_daily":false,"chose_seed":false,"campfire_upgraded":8,"win_rate":0.0,"timestamp":1608923296,"path_taken":["M","?","?","M","M","E","M","E","T","E","R","E","R","M","R","BOSS","M","$","M","M","M","E","R","E","T","R","M","E","?","$","R","BOSS","M","M","M","M","M","R","E","M","T","R","M","E","?","E","R","BOSS","R","$","E","BOSS"],"items_purchased_type":["Relic","Relic","Potion"],"build_version":"2020-12-22","purchased_purges":3,"victory":true,"max_hp_per_floor":[72,72,72,72,72,72,72,72,72,72,72,72,72,72,72,72,72,72,72,72,72,72,72,72,72,72,72,72,72,72,72,72,72,72,72,72,72,72,72,72,72,72,72,72,72,72,72,72,72,72,72,72,72,72,72],"card_choices":[{"not_picked":["Sadistic Nature","Metamorphosis"],"picked":"Apotheosis","floor":0.0},{"not_picked":["ats:Apocalypse","ats:Leaping Hammer"],"picked":"ats:Automatic Cover","floor":1.0},{"not_picked":["ats:Childhood Dance","ats:Blood Oath"],"picked":"ats:Very Hot Blade","floor":4.0},{"not_picked":["ats:Thermite Blade","ats:Spore Proliferation"],"picked":"ats:Ignite","floor":5.0},{"not_picked":["ats:Composite Medical Shells","ats:Assault Order","ats:Hammer On"],"picked":"SKIP","floor":6.0},{"not_picked":["ats:Childhood Dance","ats:Poison Spread","ats:Flexible Camouflage"],"picked":"SKIP","floor":7.0},{"not_picked":["ats:Powerful Strike","ats:Consecutive Shot Auto","ats:Childhood Dance"],"picked":"SKIP","floor":8.0},{"not_picked":["ats:Hammer On","ats:Childhood Dance","ats:Thermite Blade"],"picked":"SKIP","floor":10.0},{"not_picked":["ats:Spore Proliferation","ats:Red Shift"],"picked":"ats:Volcano","floor":12.0},{"not_picked":["ats:Apocalypse","ats:Poison Spread","ats:Leaping Hammer"],"picked":"SKIP","floor":14.0},{"not_picked":["ats:Wolf Pack","ats:Soul Rend"],"picked":"ats:Calcification","floor":16.0},{"not_picked":["ats:Leaping Hammer","ats:Automatic Cover+1","ats:Poison Spread"],"picked":"SKIP","floor":18.0},{"not_picked":["ats:Leaping Hammer","ats:Explosion Area Strengthen+1","ats:Curse Doll"],"picked":"SKIP","floor":20.0},{"not_picked":["ats:Revitalization","ats:Ignite+1","ats:Demon Strength+1"],"picked":"SKIP","floor":21.0},{"not_picked":["ats:Revitalization","ats:Ignite+1","ats:Demon Strength+1"],"picked":"SKIP","floor":21.0},{"not_picked":["ats:Leaping Hammer","ats:Apocalypse","ats:Curse Doll"],"picked":"SKIP","floor":22.0},{"not_picked":["ats:True Silver Slash","ats:Leaping Hammer","ats:Powerful Strike"],"picked":"SKIP","floor":23.0},{"not_picked":["ats:Flexible Camouflage","ats:Automatic Cover","ats:Childhood Dance"],"picked":"SKIP","floor":25.0},{"not_picked":["ats:Powerful Strike+1","ats:Consecutive Shot Auto","ats:Explosion Area Strengthen"],"picked":"SKIP","floor":28.0},{"not_picked":["ats:Apocalypse","ats:Assault Order"],"picked":"ats:Very Hot Blade","floor":29.0},{"not_picked":["ats:Wolf Pack","ats:Fractured Body"],"picked":"ats:Shadow Assault","floor":33.0},{"not_picked":["ats:Poison Spread","ats:Sword Rain","ats:Blood Oath+1"],"picked":"SKIP","floor":35.0},{"not_picked":["ats:Chain Hook","ats:Ignite"],"picked":"ats:Burning Ground+1","floor":36.0},{"not_picked":["ats:Cat Scratch","ats:Spore Proliferation+1","ats:Hammer On+1"],"picked":"SKIP","floor":37.0},{"not_picked":["ats:Blood Oath","ats:Flexible Camouflage+1"],"picked":"ats:Burning Ground","floor":38.0},{"not_picked":["ats:Poison Spread+1","ats:Overload","ats:Cat Scratch+1"],"picked":"SKIP","floor":39.0},{"not_picked":["ats:Support Order+1","ats:Healing Strengthening","ats:Defend Order+1"],"picked":"SKIP","floor":41.0},{"not_picked":["ats:Apocalypse","ats:Curse Doll+1"],"picked":"ats:Guardian Obelisk","floor":42.0},{"not_picked":["ats:Powerful Strike+1","ats:Apocalypse+1","ats:Shell Defense"],"picked":"SKIP","floor":45.0},{"not_picked":["ats:Consecutive Shot Auto+1","ats:Encircling Forest"],"picked":"ats:Burning Ground+1","floor":46.0},{"not_picked":["ats:Powerful Strike","ats:Defend Order+1"],"picked":"ats:Healing Drone+1","floor":48.0},{"not_picked":["ats:Curse Doll","ats:Poison Spread"],"picked":"ats:Volcano","floor":54.0}],"player_experience":1064144,"relics_obtained":[{"floor":6.0,"key":"ats:Originium"},{"floor":6.0,"key":"ats:Military Tradition"},{"floor":8.0,"key":"ats:Originium"},{"floor":8.0,"key":"Kunai"},{"floor":9.0,"key":"Happy Flower"},{"floor":10.0,"key":"ats:Originium"},{"floor":10.0,"key":"ats:Hidden Killer"},{"floor":12.0,"key":"ats:Originium"},{"floor":12.0,"key":"ats:Industrial Water Cannon"},{"floor":23.0,"key":"ats:Originium"},{"floor":23.0,"key":"Regal Pillow"},{"floor":25.0,"key":"Mercury Hourglass"},{"floor":29.0,"key":"Toy Ornithopter"},{"floor":41.0,"key":"Bottled Lightning"},{"floor":43.0,"key":"ats:Rhine Circuitry"},{"floor":46.0,"key":"Blue Candle"},{"floor":48.0,"key":"PreservedInsect"},{"floor":54.0,"key":"Letter Opener"}],"event_choices":[{"damage_healed":0.0,"max_hp_gain":0.0,"max_hp_loss":0.0,"gold_gain":0.0,"event_name":"Living Wall","player_choice":"Grow","floor":2.0,"gold_loss":0.0,"damage_taken":0.0,"cards_upgraded":["Apotheosis"]},{"damage_healed":0.0,"max_hp_gain":0.0,"max_hp_loss":0.0,"gold_gain":0.0,"event_name":"Lab","player_choice":"Got Potions","floor":3.0,"gold_loss":0.0,"damage_taken":0.0},{"damage_healed":0.0,"max_hp_gain":0.0,"max_hp_loss":0.0,"gold_gain":0.0,"event_name":"Addict","player_choice":"Obtained Relic","floor":30.0,"gold_loss":85.0,"damage_taken":0.0,"relics_obtained":["Sundial"]},{"damage_healed":0.0,"max_hp_gain":0.0,"max_hp_loss":0.0,"gold_gain":0.0,"event_name":"Duplicator","player_choice":"Copied","floor":47.0,"gold_loss":0.0,"damage_taken":0.0,"cards_obtained":["ats:Guardian Obelisk"]}],"is_beta":false,"boss_relics":[{"not_picked":["Empty Cage","Runic Pyramid"],"picked":"ats:Tactical Delivery"},{"not_picked":["Tiny House","SacredBark"],"picked":"SlaversCollar"}],"items_purged_floors":[19,31,53],"is_endless":false,"potions_floor_spawned":[1,5,7,8,16,18,23,25,28,29,36,41,42,48,54],"ascension_level":1}}