{"host":"5gc11emcm5chfr5t","time":1608896688,"event":{"mods":["2.2 Compatiblity","AchievementEnabler","BaseMod","Bestiary","Better Note","Colored Map","Colored Powertips","Downfall","Googly Eyes","Minty Spire (QoL Compilation)","Rare Cards Sparkle","StSLib"],"gold_per_floor":[99,99,199,199,199,5,5,5,23,23,53,73,73,84,101,101,101],"floor_reached":16,"playtime":655,"items_purged":["Regret"],"score":196,"play_id":"6e52c9df-59c0-4512-a21c-be60c4c8e757","local_time":"20201225064448","is_ascension_mode":true,"campfire_choices":[{"floor":1,"key":"RECALL"},{"floor":8,"key":"REST"},{"data":"Enlightenment","floor":10,"key":"SMITH"},{"floor":13,"key":"REST"}],"circlet_count":0,"master_deck":["AscendersBane","sneckomod:Strike","sneckomod:Strike+1","sneckomod:Strike+1","sneckomod:Defend","sneckomod:Defend","sneckomod:Defend+1","sneckomod:TailWhip","sneckomod:SnekBite","sneckomod:Unknown","sneckomod:Unknown","sneckomod:SerpentIdol","sneckomod:UnknownClassGREEN","sneckomod:UnknownClassGREEN","Enlightenment+1","sneckomod:UnknownWeak","sneckomod:SlitherStrike","sneckomod:QuickMove","sneckomod:UnknownDexterity","sneckomod:Unknown2Cost","sneckomod:SoulCleanse"],"relics":["sneckomod:SneckoSoul","downfall:HeartsMalice","InkBottle"],"acts_visited":["Exordium"],"potions_floor_usage":[14,15,15],"damage_taken":[{"damage":0,"enemies":"2 Louse","floor":2,"turns":1},{"damage":0,"enemies":"Jaw Worm","floor":4,"turns":1},{"damage":0,"enemies":"downfall:FleeingMerchant","floor":6,"turns":1},{"damage":4,"enemies":"Cultist","floor":9,"turns":3},{"damage":48,"enemies":"Lagavulin","floor":11,"turns":6},{"damage":9,"enemies":"Blue Slaver","floor":12,"turns":3},{"damage":11,"enemies":"Exordium Thugs","floor":14,"turns":3},{"damage":0,"enemies":"Large Slime","floor":15,"turns":4},{"damage":57,"enemies":"downfall:Ironclad","floor":16,"turns":9}],"seed_played":"1394321951249919081","potions_obtained":[{"floor":9,"key":"sneckomod:MuddlingPotion"},{"floor":11,"key":"hexamod:EctoCoolerPotion"},{"floor":14,"key":"PowerPotion"}],"is_trial":false,"path_per_floor":["R","M","?","M","?","$","T","R","M","R","E","M","R","M","M","B"],"character_chosen":"THE_SNECKO","items_purchased":["Enlightenment","sneckomod:UnknownWeak"],"campfire_rested":2,"item_purchase_floors":[6,6],"current_hp_per_floor":[75,75,75,76,76,78,78,86,82,82,34,26,52,42,42,0,0],"gold":101,"neow_bonus":"THREE_ENEMY_KILL","is_daily":false,"chose_seed":false,"campfire_upgraded":1,"win_rate":0.0,"timestamp":1608896688,"path_taken":["R","M","?","M","?","?","T","R","M","R","E","M","R","?","M","BOSS"],"items_purchased_type":["Card","Card"],"build_version":"2020-12-22","purchased_purges":1,"victory":false,"max_hp_per_floor":[83,83,83,84,84,86,86,86,86,86,86,87,87,88,88,88,88],"card_choices":[{"not_picked":["sneckomod:UnknownVulnerable","sneckomod:UnknownStrike"],"picked":"sneckomod:SerpentIdol","floor":2},{"not_picked":["sneckomod:Nope","sneckomod:UnknownCommonSkill"],"picked":"sneckomod:UnknownClassGREEN","floor":4},{"not_picked":["sneckomod:UnknownCommonSkill","sneckomod:IronFang"],"picked":"sneckomod:UnknownClassGREEN","floor":6},{"not_picked":["sneckomod:ImprovisedAttack","sneckomod:RainOfDice"],"picked":"sneckomod:SlitherStrike","floor":9},{"not_picked":["sneckomod:SerpentIdol","sneckomod:DiceCrush"],"picked":"sneckomod:QuickMove","floor":11},{"not_picked":["sneckomod:UnknownVulnerable","sneckomod:UnknownBlock"],"picked":"sneckomod:UnknownDexterity","floor":12},{"not_picked":["sneckomod:DiceCrush","sneckomod:DefensiveFlair"],"picked":"sneckomod:Unknown2Cost","floor":14},{"not_picked":["sneckomod:UnknownCommonSkill","sneckomod:TrashToTreasure"],"picked":"sneckomod:SoulCleanse","floor":15}],"player_experience":493740,"relics_obtained":[{"floor":11,"key":"InkBottle"}],"event_choices":[],"is_beta":false,"boss_relics":[],"items_purged_floors":[6],"is_endless":false,"potions_floor_spawned":[9,11,14],"killed_by":"downfall:Ironclad","ascension_level":20}}