{"host":"dwyzfvnzfcqffr30","time":1608922206,"event":{"mods":["2.2 Compatiblity","Act Like it!","BaseMod","Beaked The Cultist","Better Altar","Better Match","Better Note","Better Sensory Stone","Better Skull","Better Third Choice","Clockwork Mod","Colored Map","Colored Powertips","Conspire","Downfall","Elementarium","GifTheSpireLib","Halation","Hermit","Hubris","Infinite Spire","Ironclad Rager","Jedi Mod","Menagerie","Mimic Mod","Minty Spire (QoL Compilation)","Permanent Neow","Random Character Button","Replay The Spire","Spicy Shops","StSLib","Stuff the Spire","The Construct","The Disciple","The Druid","The Marked","TheFirefly","Trackpad","vexMod"],"gold_per_floor":[440,440,12,12,58,95,125,164,214,214,251,308,341,379,379,525,525,578,578,639,639,639,639,715,786,786,151,192,192,235,235,235,379,379,418,418,418,418],"floor_reached":37,"playtime":24317,"items_purged":["theMarked:SoldierOfQuellstein+1","theMarked:EmpowerWeapon+1"],"score":641,"play_id":"b66dfefc-7488-4202-8db1-ccc79d9628c3","local_time":"20201225105006","is_ascension_mode":true,"campfire_choices":[{"floor":15,"key":"REST"},{"floor":23,"key":"RECALL"},{"floor":29,"key":"REST"},{"floor":32,"key":"REST"}],"circlet_count":0,"master_deck":["theMarked:Strike+1","theMarked:Strike+1","theMarked:Strike+1","theMarked:Strike+1","theMarked:Strike+1","theMarked:Defend+1","theMarked:Defend+1","theMarked:Defend+1","theMarked:Defend+1","MasterReality+1","theMarked:EnhancedHearing+1","theMarked:ComboAttacks+1","theMarked:ParalyzingBlade+1","theMarked:Defy+1","theMarked:ContemptForTheProud+1","Menagerie:SteelWall+1","theMarked:SwordAndMagic+1","theMarked:ElectricStrings+1","theMarked:SummonStrength+1","theMarked:LightningStrikesTwice+1","infinitespire:FinalStrike+1","theMarked:KeepCalmAndFightOn+1","theMarked:ComboAttacks+1","theMarked:SummonStrength+1","theMarked:EnhancedHearing+1"],"relics":["theMarked:ArtifactOfAir","hubris:EvacipatedBox","Juzu Bracelet","Molten Egg 2","Toxic Egg 2","Frozen Egg 2","infinitespire:EvilPickle","Bottled Tornado","Turnip","Golden Idol","Smiling Mask","trackpad:IceCube","jedi:shrinkray","PreservedInsect","construct:RocketBooster","ReplayTheSpireMod:DimensionalGlitch","Philosopher\u0027s Stone","Blood Vial","infinitespire:Golems Mask","trackpad:ZombieHeart","Pen Nib","Vajra","Dream Catcher","Whetstone","Elementarium:FlickeringLantern","Elementarium:ElementariumTrophy","halation:Yufonium"],"acts_visited":["Menagerie:Menagerie","Elementarium:Elementarium","TheBeyond"],"potions_floor_usage":[12,16,16,18,20,33],"damage_taken":[{"damage":1,"enemies":"Menagerie:WhisperingWraith","floor":1,"turns":3},{"damage":18,"enemies":"Menagerie:VoidReaper","floor":6,"turns":4},{"damage":0,"enemies":"Menagerie:StygianBoar","floor":7,"turns":3},{"damage":0,"enemies":"Menagerie:Hydra","floor":8,"turns":4},{"damage":0,"enemies":"Menagerie:MonstrousExperiment","floor":11,"turns":3},{"damage":4,"enemies":"Menagerie:VoidReaper","floor":12,"turns":2},{"damage":0,"enemies":"Menagerie:MeltingSalamander","floor":13,"turns":3},{"damage":0,"enemies":"Menagerie:STYGIAN_BOAR_AND_RABBIT","floor":14,"turns":3},{"damage":0,"enemies":"Menagerie:Suneater","floor":16,"turns":5},{"damage":0,"enemies":"Elementarium:2_ELEMENTALS","floor":18,"turns":4},{"damage":0,"enemies":"Elementarium:MUD_AND_TAR_GOLEMS","floor":20,"turns":2},{"damage":0,"enemies":"Elementarium:ElementalPortal","floor":24,"turns":5},{"damage":2,"enemies":"Elementarium:STONE_GOLEMS","floor":25,"turns":3},{"damage":10,"enemies":"Elementarium:WarGolem","floor":28,"turns":2},{"damage":11,"enemies":"Elementarium:ElementalPortal","floor":30,"turns":4},{"damage":22,"enemies":"Elementarium:GoldenDragon","floor":33,"turns":5},{"damage":73,"enemies":"3 Shapes","floor":35,"turns":6},{"damage":19,"enemies":"3 Darklings","floor":37,"turns":1}],"seed_played":"3934314435628868253","potions_obtained":[{"floor":0,"key":"GamblersBrew"},{"floor":0,"key":"Strength Potion"},{"floor":0,"key":"FearPotion"},{"floor":1,"key":"Milkshake"},{"floor":12,"key":"SkillPotion"},{"floor":16,"key":"Energy Potion"},{"floor":20,"key":"AttackPotion"},{"floor":33,"key":"SteroidPotion"}],"is_trial":false,"path_per_floor":["M","?","$","?","T","E","M","E","T","?","M","E","M","M","R","B",null,"M","?","M","?","AVR","R","E","M","T","$","E","R","E","?","R","B",null,"M","?","M"],"character_chosen":"THE_DEFAULT","items_purchased":["Turnip","theMarked:EmpowerWeapon+1","theMarked:ParalyzingBlade+1","theMarked:ComboAttacks+1","trackpad:ZombieHeart","Pen Nib","Vajra"],"campfire_rested":3,"item_purchase_floors":[3,3,3,27,27,27,27],"current_hp_per_floor":[69,69,69,52,52,34,34,34,34,34,34,30,30,30,51,51,70,70,70,70,78,78,78,78,76,76,76,68,79,69,69,80,59,81,11,11,0,0],"gold":418,"neow_bonus":"THREE_SMALL_POTIONS","is_daily":false,"chose_seed":false,"campfire_upgraded":0,"win_rate":0.0,"timestamp":1608922206,"path_taken":["M","?","$","?","?","E","M","E","T","?","M","E","M","M","R","BOSS","M","?","M","?","AVR","R","E","M","T","$","E","R","E","?","R","BOSS","M","?","M"],"items_purchased_type":["Relic","Card","Card","Card","Relic","Relic","Relic"],"build_version":"2020-12-22","purchased_purges":2,"victory":false,"max_hp_per_floor":[70,70,70,70,70,70,70,70,70,70,70,70,70,70,70,70,70,70,70,70,78,78,78,78,78,78,78,79,79,80,80,80,81,81,84,84,84,84],"card_choices":[{"not_picked":["theMarked:Reabsorb+1","theMarked:TwofoldDefense+1"],"picked":"theMarked:EnhancedHearing+1","floor":1},{"not_picked":["theMarked:Improvise+1","theMarked:CreepingChasm+1"],"picked":"theMarked:Defy+1","floor":6},{"not_picked":["theMarked:SelfDefenseTraining+1","theMarked:WastefulAttack+1"],"picked":"theMarked:ContemptForTheProud+1","floor":7},{"not_picked":["theMarked:WastefulAttack+1","theMarked:WardOff+1","theMarked:Panic+1"],"picked":"SKIP","floor":8},{"not_picked":["Menagerie:LightningHelix+1","Menagerie:DarkRitual+1"],"picked":"Menagerie:SteelWall+1","floor":10},{"not_picked":["theMarked:Frustration+1","theMarked:Polarize+1","theMarked:Improvise+1"],"picked":"SKIP","floor":11},{"not_picked":["theMarked:Parkour+1","theMarked:EmpowerWeapon+1"],"picked":"theMarked:SwordAndMagic+1","floor":12},{"not_picked":["theMarked:HeightenedSenses+1","theMarked:Overcharge+1","theMarked:Aftermath+1"],"picked":"SKIP","floor":13},{"not_picked":["theMarked:HeightenedSenses+1","theMarked:WardOff+1"],"picked":"theMarked:ElectricStrings+1","floor":14},{"not_picked":["theMarked:Levitate+1","theMarked:ThrowWeapon+1"],"picked":"theMarked:SummonStrength+1","floor":16},{"not_picked":["theMarked:TunnelVision+1","theMarked:ResourceFulStrike+1"],"picked":"theMarked:LightningStrikesTwice+1","floor":18},{"not_picked":["theMarked:Parkour+1","theMarked:SelfDefenseTraining+1","theMarked:HeightenedSenses+1"],"picked":"SKIP","floor":20},{"not_picked":["theMarked:BanishingStrike+1","theMarked:HeightenedSenses+1","theMarked:Levitate+1"],"picked":"SKIP","floor":24},{"not_picked":["theMarked:Parkour+1","theMarked:Improvise+1"],"picked":"theMarked:KeepCalmAndFightOn+1","floor":25},{"not_picked":["theMarked:Aftermath+1","theMarked:GodGivenPower+1","theMarked:ParalyzingBlade+1"],"picked":"SKIP","floor":28},{"not_picked":["theMarked:Generate+1","theMarked:Panic+1","theMarked:EmpowerWeapon+1"],"picked":"SKIP","floor":30},{"not_picked":["theMarked:Levitate+1","theMarked:BindingBlade+1"],"picked":"theMarked:SummonStrength+1","floor":33},{"not_picked":["theMarked:Indomitable+1","theMarked:Frustration+1"],"picked":"theMarked:EnhancedHearing+1","floor":35}],"player_experience":2406063,"relics_obtained":[{"floor":5,"key":"Smiling Mask"},{"floor":6,"key":"trackpad:IceCube"},{"floor":8,"key":"jedi:shrinkray"},{"floor":9,"key":"PreservedInsect"},{"floor":12,"key":"construct:RocketBooster"},{"floor":24,"key":"Blood Vial"},{"floor":26,"key":"infinitespire:Golems Mask"},{"floor":28,"key":"Dream Catcher"},{"floor":30,"key":"Whetstone"}],"event_choices":[{"damage_healed":0,"gold_gain":0,"player_choice":"Simplicity","damage_taken":0,"max_hp_gain":0,"max_hp_loss":9,"event_name":"betterThird:BetterWriting","floor":0,"gold_loss":0},{"damage_healed":0,"gold_gain":0,"player_choice":"Take Damage","damage_taken":17,"relics_obtained":["Golden Idol"],"max_hp_gain":0,"max_hp_loss":0,"event_name":"Golden Idol","floor":4,"gold_loss":0},{"damage_healed":0,"gold_gain":0,"player_choice":"Peek","damage_taken":0,"max_hp_gain":0,"max_hp_loss":0,"event_name":"Menagerie:OvergrownLibrary","floor":10,"gold_loss":0},{"damage_healed":0,"gold_gain":0,"player_choice":"Leave","damage_taken":0,"max_hp_gain":0,"max_hp_loss":0,"event_name":"conspire:Investor","floor":19,"gold_loss":0},{"damage_healed":0,"gold_gain":0,"player_choice":"Graft","damage_taken":0,"max_hp_gain":8,"max_hp_loss":0,"event_name":"Elementarium:SculptureGarden","floor":21,"gold_loss":0},{"damage_healed":0,"gold_gain":0,"player_choice":"Take","damage_taken":0,"relics_obtained":["Elementarium:FlickeringLantern"],"max_hp_gain":0,"max_hp_loss":0,"event_name":"Elementarium:HeartOfTheVoid","floor":31,"gold_loss":0},{"damage_healed":0,"gold_gain":0,"player_choice":"Ignored","damage_taken":0,"max_hp_gain":0,"max_hp_loss":0,"event_name":"Upgrade Shrine","floor":36,"gold_loss":0}],"is_beta":false,"boss_relics":[{"not_picked":["vexMod:NewClearReactor","SlaversCollar","trackpad:Trackpad"],"picked":"ReplayTheSpireMod:DimensionalGlitch"},{"not_picked":["hubris:VirtuousBlindfold","Runic Dome","jedi:paperlyon"],"picked":"halation:Yufonium"}],"items_purged_floors":[22,27],"is_endless":false,"potions_floor_spawned":[1,6,7,12,16,20,28,30,33,35],"killed_by":"3 Darklings","ascension_level":1}}