{"host":"4edbuligkc8x13l4","time":1608904633,"event":{"mods":["BaseMod","Minty Spire (QoL Compilation)","StSLib","SuperFastMode"],"gold_per_floor":[117,3,14,14,89,121,121,146,196,206,234,234,266,53,53,127,127,137,137,154,154,154,154,183,183,183,212,212,212,136,148,148,225,225,236,249,249,249,249,249,268,268,268,268,278,305,32,32,32,32],"floor_reached":51,"playtime":1965,"items_purged":["Defend_R"],"score":1364,"play_id":"350c1963-dff6-462e-ae95-a7ecda164062","local_time":"20201225215713","is_ascension_mode":true,"campfire_choices":[{"floor":7,"key":"REST"},{"data":"Apotheosis","floor":15,"key":"SMITH"},{"floor":23,"key":"REST"},{"data":"Seeing Red","floor":25,"key":"SMITH"},{"floor":29,"key":"REST"},{"floor":32,"key":"REST"},{"floor":40,"key":"REST"},{"floor":44,"key":"REST"},{"floor":49,"key":"REST"}],"circlet_count":0,"master_deck":["AscendersBane","Bash","Armaments","Cleave","Rage","Sword Boomerang","Ghostly Armor","Fire Breathing","Havoc","Warcry","Apotheosis+1","Double Tap","Flex","Rampage","Seeing Red+1","Fiend Fire","Fiend Fire","Barricade","Offering","Metallicize","Wild Strike","Limit Break","Parasite","Dark Embrace+1"],"relics":["Burning Blood","Bag of Preparation","Lantern","Juzu Bracelet","Kunai","Regal Pillow","Runic Pyramid","Dead Branch","Mercury Hourglass","CaptainsWheel","Nilry\u0027s Codex","Pandora\u0027s Box","Gremlin Horn","Frozen Egg 2","Mummified Hand"],"acts_visited":["Exordium","TheCity","TheBeyond"],"potions_floor_usage":[11,16,24,24,50],"damage_taken":[{"damage":8,"enemies":"Small Slimes","floor":1,"turns":4},{"damage":4,"enemies":"2 Louse","floor":3,"turns":3},{"damage":32,"enemies":"Gremlin Nob","floor":6,"turns":4},{"damage":20,"enemies":"3 Sentries","floor":8,"turns":9},{"damage":2,"enemies":"Jaw Worm","floor":10,"turns":4},{"damage":24,"enemies":"Lagavulin","floor":11,"turns":9},{"damage":41,"enemies":"Gremlin Nob","floor":13,"turns":5},{"damage":29,"enemies":"Hexaghost","floor":16,"turns":11},{"damage":19,"enemies":"3 Byrds","floor":18,"turns":5},{"damage":10,"enemies":"Shell Parasite","floor":20,"turns":5},{"damage":27,"enemies":"Book of Stabbing","floor":24,"turns":4},{"damage":28,"enemies":"Gremlin Leader","floor":27,"turns":6},{"damage":0,"enemies":"Sentry and Sphere","floor":31,"turns":4},{"damage":74,"enemies":"Collector","floor":33,"turns":10},{"damage":38,"enemies":"3 Darklings","floor":35,"turns":5},{"damage":22,"enemies":"Orb Walker","floor":36,"turns":3},{"damage":28,"enemies":"Jaw Worm Horde","floor":41,"turns":3},{"damage":17,"enemies":"Writhing Mass","floor":45,"turns":5},{"damage":15,"enemies":"Giant Head","floor":46,"turns":8},{"damage":74,"enemies":"Time Eater","floor":50,"turns":4}],"seed_played":"-5409194470254429726","potions_obtained":[{"floor":10,"key":"SkillPotion"},{"floor":13,"key":"Block Potion"},{"floor":16,"key":"Swift Potion"},{"floor":18,"key":"SteroidPotion"},{"floor":27,"key":"DuplicationPotion"},{"floor":31,"key":"EntropicBrew"},{"floor":33,"key":"FairyPotion"},{"floor":41,"key":"SteroidPotion"}],"is_trial":false,"path_per_floor":["M","$","M","?","?","E","R","E","T","M","E","?","E","$","R","B",null,"M","?","M","?","$","R","E","R","T","E","?","R","$","M","R","B",null,"M","M","$","?","?","R","M","$","T","R","M","E","$","?","R","B",null],"character_chosen":"IRONCLAD","items_purchased":["Rage","Apotheosis","Fiend Fire","Mummified Hand"],"campfire_rested":7,"item_purchase_floors":[2,14,30,47],"current_hp_per_floor":[66,66,68,61,50,24,46,32,32,36,18,85,50,50,50,27,71,58,58,54,29,29,71,50,50,50,28,7,49,49,55,90,22,73,41,25,25,25,25,67,45,45,45,87,76,67,67,67,90,22],"gold":32,"neow_bonus":"TRANSFORM_CARD","is_daily":false,"chose_seed":false,"campfire_upgraded":2,"win_rate":0.0,"timestamp":1608904633,"path_taken":["M","$","M","?","?","E","R","E","T","M","E","?","E","$","R","BOSS","M","?","M","?","?","R","E","R","T","E","?","R","$","M","R","BOSS","M","M","$","?","?","R","M","$","T","R","M","E","$","?","R","BOSS"],"items_purchased_type":["Card","Card","Card","Relic"],"build_version":"2020-12-22","purchased_purges":1,"victory":true,"max_hp_per_floor":[75,75,75,75,75,75,75,75,75,75,75,85,85,85,85,85,85,85,85,85,90,90,90,90,90,90,90,90,90,90,90,90,90,90,90,90,90,90,90,90,90,90,90,90,90,90,90,90,90,90],"card_choices":[{"not_picked":["Warcry","Hemokinesis"],"picked":"Cleave","floor":1},{"not_picked":["Reckless Charge","Pommel Strike"],"picked":"Sword Boomerang","floor":3},{"not_picked":["Wild Strike","Pummel"],"picked":"Ghostly Armor","floor":6},{"not_picked":["Dark Embrace","Warcry"],"picked":"Fire Breathing","floor":8},{"not_picked":["Clash","Blood for Blood"],"picked":"Havoc","floor":10},{"not_picked":["Pommel Strike","Entrench"],"picked":"Corruption","floor":11},{"not_picked":["Sever Soul","Carnage"],"picked":"Warcry","floor":13},{"not_picked":["Bludgeon","Exhume"],"picked":"Double Tap","floor":16},{"not_picked":["Sword Boomerang","True Grit"],"picked":"Flex","floor":18},{"not_picked":["Thunderclap","Sentinel"],"picked":"Rampage","floor":20},{"not_picked":["Wild Strike+1","Cleave"],"picked":"Seeing Red","floor":24},{"not_picked":["Heavy Blade","Body Slam","Flex"],"picked":"SKIP","floor":27},{"not_picked":["Metallicize+1","Sentinel","Entrench+1"],"picked":"SKIP","floor":31},{"not_picked":["Bludgeon","Limit Break"],"picked":"Fiend Fire","floor":33},{"not_picked":["Armaments","Anger","Body Slam"],"picked":"SKIP","floor":35},{"not_picked":["Thunderclap","Rampage+1","Sword Boomerang"],"picked":"SKIP","floor":36},{"not_picked":["Evolve","True Grit","Hemokinesis"],"picked":"SKIP","floor":41},{"not_picked":["Heavy Blade","Clash+1","Searing Blow"],"picked":"SKIP","floor":45},{"not_picked":["Body Slam","Wild Strike"],"picked":"Dark Embrace+1","floor":46}],"player_experience":916843,"relics_obtained":[{"floor":6,"key":"Bag of Preparation"},{"floor":8,"key":"Lantern"},{"floor":9,"key":"Juzu Bracelet"},{"floor":11,"key":"Kunai"},{"floor":13,"key":"Regal Pillow"},{"floor":24,"key":"Dead Branch"},{"floor":26,"key":"Mercury Hourglass"},{"floor":27,"key":"CaptainsWheel"},{"floor":28,"key":"Nilry\u0027s Codex"},{"floor":43,"key":"Gremlin Horn"},{"floor":46,"key":"Frozen Egg 2"}],"event_choices":[{"cards_removed":["Strike_R"],"damage_healed":0,"gold_gain":0,"player_choice":"Card Removal","damage_taken":7,"max_hp_gain":0,"max_hp_loss":0,"event_name":"Golden Wing","floor":4,"gold_loss":0},{"damage_healed":0,"gold_gain":75,"player_choice":"Gather Gold","damage_taken":11,"max_hp_gain":0,"max_hp_loss":0,"event_name":"World of Goop","floor":5,"gold_loss":0},{"cards_removed":["Corruption"],"damage_healed":57,"gold_gain":0,"player_choice":"Offered Rare","damage_taken":0,"max_hp_gain":10,"max_hp_loss":0,"event_name":"Bonfire Elementals","floor":12,"gold_loss":0},{"cards_removed":["Defend_R"],"damage_healed":0,"gold_gain":0,"player_choice":"Elegance","damage_taken":0,"max_hp_gain":0,"max_hp_loss":0,"event_name":"Back to Basics","floor":19,"gold_loss":0},{"damage_healed":0,"gold_gain":0,"player_choice":"Shed Blood","damage_taken":30,"max_hp_gain":5,"max_hp_loss":0,"event_name":"Forgotten Altar","floor":21,"gold_loss":0},{"damage_healed":0,"gold_gain":0,"player_choice":"Obtained Book","damage_taken":21,"max_hp_gain":0,"max_hp_loss":0,"event_name":"Cursed Tome","floor":28,"gold_loss":0},{"damage_healed":0,"gold_gain":0,"player_choice":"1 cards matched","damage_taken":0,"max_hp_gain":0,"max_hp_loss":0,"event_name":"Match and Keep!","floor":38,"gold_loss":0,"cards_obtained":["Limit Break"]},{"damage_healed":0,"gold_gain":0,"player_choice":"Ignored","damage_taken":0,"max_hp_gain":0,"max_hp_loss":0,"event_name":"Tomb of Lord Red Mask","floor":39,"gold_loss":0},{"cards_removed":["Brutality"],"damage_healed":0,"gold_gain":0,"player_choice":"Removed Power","damage_taken":0,"max_hp_gain":0,"max_hp_loss":0,"event_name":"Falling","floor":48,"gold_loss":0}],"is_beta":false,"boss_relics":[{"not_picked":["Snecko Eye","Ectoplasm"],"picked":"Runic Pyramid"},{"not_picked":["Cursed Key","Empty Cage"],"picked":"Pandora\u0027s Box"}],"items_purged_floors":[2],"is_endless":false,"potions_floor_spawned":[10,13,16,18,27,31,33,41,45],"ascension_level":17}}