{"host":"qy1e0kd24tpj3i2m","time":1608929310,"event":{"mods":["Act Like it!","Alarm Clock","BaseMod","Better Skull","Better Vampires","Colored Map","Colored Powertips","Custom Start","Faster Ascension Climbing","Friendly Minions","GifTheSpireLib","Gremlin Skip","Highlight Path","Minty Spire (QoL Compilation)","Permanent Neow","Quick Restart","Red Circlet Mod","Relic Sorter","Reorder Act Four","SacredBarkPlus","Shop Mod","StSLib","SuperFastMode","Transform Curses","没有小屋子和绿帽子啦"],"gold_per_floor":[112,37,37,83,83,83,94,11,11,23,23,23,23,38,38,111,111,124,124,141,41,52,52,52,52],"floor_reached":24,"playtime":554,"items_purged":["Pain","Pain"],"score":368,"play_id":"c18b29ca-fd1d-4336-bfa2-6864c6914a65","local_time":"20201226054830","is_ascension_mode":true,"campfire_choices":[{"data":"Juggernaut","floor":6.0,"key":"SMITH"},{"data":"Combust","floor":13.0,"key":"SMITH"},{"data":"Sword Boomerang","floor":15.0,"key":"SMITH"},{"data":"Sword Boomerang","floor":23.0,"key":"SMITH"}],"circlet_count":0,"master_deck":["AscendersBane","Strike_R","Strike_R","Strike_R","Strike_R","Strike_R","Defend_R","Defend_R","Defend_R","Defend_R","Bash","Juggernaut+1","Rupture+1","Combust+1","Sword Boomerang+1","Thunderclap","Limit Break","Blood for Blood+1","Sword Boomerang+1"],"relics":["Burning Blood","Regal Pillow","WarpedTongs","Kunai","Mark of Pain","CultistMask"],"acts_visited":["Exordium","TheCity"],"potions_floor_usage":[24],"damage_taken":[{"damage":6.0,"enemies":"2 Louse","floor":1.0,"turns":5.0},{"damage":4.0,"enemies":"Jaw Worm","floor":7.0,"turns":5.0},{"damage":6.0,"enemies":"Cultist","floor":10.0,"turns":4.0},{"damage":17.0,"enemies":"Looter","floor":14.0,"turns":4.0},{"damage":56.0,"enemies":"The Guardian","floor":16.0,"turns":8.0},{"damage":14.0,"enemies":"2 Thieves","floor":18.0,"turns":4.0},{"damage":5.0,"enemies":"Chosen","floor":20.0,"turns":2.0},{"damage":38.0,"enemies":"Centurion and Healer","floor":22.0,"turns":6.0},{"damage":10,"enemies":"Cultist and Chosen","floor":24,"turns":3}],"seed_played":"-6877276782620962652","potions_obtained":[{"floor":1.0,"key":"Swift Potion"},{"floor":10.0,"key":"SteroidPotion"},{"floor":16.0,"key":"AttackPotion"},{"floor":22.0,"key":"GamblersBrew"}],"is_trial":false,"path_per_floor":["M","$","?","T","?","R","M","$","T","M","?","$","R","M","R","B",null,"M","?","M","$","M","R","M"],"character_chosen":"IRONCLAD","items_purchased":["Combust"],"campfire_rested":0,"item_purchase_floors":[8],"current_hp_per_floor":[68,68,73,73,73,73,75,75,75,75,75,75,75,64,64,14,64,56,56,57,57,25,25,15,15],"gold":52,"neow_bonus":"THREE_RARE_CARDS","is_daily":false,"chose_seed":false,"campfire_upgraded":4,"win_rate":0.0,"timestamp":1608929310,"path_taken":["M","$","?","?","?","R","M","$","T","?","?","?","R","M","R","BOSS","M","?","M","?","M","R","M"],"items_purchased_type":["Card"],"build_version":"2020-12-22","purchased_purges":2,"victory":false,"max_hp_per_floor":[75,75,80,80,80,80,80,80,80,80,80,80,80,80,80,80,80,80,80,80,80,80,80,80,80],"card_choices":[{"not_picked":["Immolate","Impervious"],"picked":"Juggernaut","floor":0.0},{"not_picked":["Havoc","Anger"],"picked":"Rupture","floor":1.0},{"not_picked":["Headbutt","True Grit","Perfected Strike"],"picked":"SKIP","floor":7.0},{"not_picked":["Headbutt","True Grit","Perfected Strike"],"picked":"SKIP","floor":7.0},{"not_picked":["Entrench","Rampage"],"picked":"Sword Boomerang","floor":10.0},{"not_picked":["True Grit","Searing Blow"],"picked":"Thunderclap","floor":14.0},{"not_picked":["Bludgeon","Berserk"],"picked":"Limit Break","floor":16.0},{"not_picked":["Flame Barrier","Body Slam"],"picked":"Blood for Blood+1","floor":18.0},{"not_picked":["Wild Strike","Clothesline","Cleave"],"picked":"SKIP","floor":20.0},{"not_picked":["True Grit","Clothesline"],"picked":"Sword Boomerang","floor":22.0}],"player_experience":915381,"relics_obtained":[{"floor":4.0,"key":"Regal Pillow"},{"floor":9.0,"key":"Kunai"}],"event_choices":[{"damage_healed":0.0,"max_hp_gain":5.0,"max_hp_loss":0.0,"gold_gain":0.0,"event_name":"Big Fish","player_choice":"Donut","floor":3.0,"gold_loss":0.0,"damage_taken":0.0},{"damage_healed":0.0,"max_hp_gain":0.0,"max_hp_loss":0.0,"gold_gain":0.0,"event_name":"Accursed Blacksmith","player_choice":"Rummage","floor":5.0,"gold_loss":0.0,"damage_taken":0.0,"relics_obtained":["WarpedTongs"],"cards_obtained":["Pain"]},{"damage_healed":0.0,"max_hp_gain":0.0,"max_hp_loss":0.0,"gold_gain":0.0,"event_name":"Upgrade Shrine","player_choice":"Upgraded","floor":11.0,"gold_loss":0.0,"damage_taken":0.0,"cards_upgraded":["Rupture"]},{"damage_healed":0.0,"max_hp_gain":0.0,"max_hp_loss":0.0,"gold_gain":0.0,"event_name":"FaceTrader","player_choice":"Trade","floor":19.0,"gold_loss":0.0,"damage_taken":0.0,"relics_obtained":["CultistMask"]}],"is_beta":false,"boss_relics":[{"not_picked":["SlaversCollar","Philosopher\u0027s Stone"],"picked":"Mark of Pain"}],"items_purged_floors":[2,21],"is_endless":false,"potions_floor_spawned":[1,10,16,22],"killed_by":"Cultist and Chosen","ascension_level":20}}