{"host":"oy4pyvr762z5n0bb","time":1608932440,"event":{"mods":["AchievementEnabler","BaseMod","Colored Map","Colored Powertips","Googly Eyes","Key Reminder","Minty Spire (QoL Compilation)","Quick Restart","Relic Sorter","StSLib","SuperFastMode","Unceasing Turn Reminder","slay the spire mod where everything is the same but ironclad has a cowboy hat"],"gold_per_floor":[365,365,22,33,49,81,31,31,31,49,80,90,104,137,137,241,241,258,268,19,30,55,55,83,98,98,98,115,115,115,146,146,246,246,266,112,122,2,55,55,0,0,25,25,42,42,42,42],"floor_reached":47,"playtime":936,"items_purged":["Pain","Bludgeon","Clash","Combust"],"score":665,"play_id":"f66d18d5-3c9a-412c-9d75-b51a403af935","local_time":"20201225134040","is_ascension_mode":true,"campfire_choices":[{"data":"Armaments","floor":15,"key":"SMITH"},{"data":"Apotheosis","floor":23,"key":"SMITH"},{"data":"Immolate","floor":27,"key":"SMITH"},{"data":"Immolate","floor":29,"key":"SMITH"},{"data":"Brutality","floor":32,"key":"SMITH"},{"floor":40,"key":"REST"},{"data":"1","floor":44,"key":"LIFT"}],"circlet_count":0,"master_deck":["Bash","Pummel","Clash","Heavy Blade","Flex","Pummel","Armaments+1","Heavy Blade","Metallicize","Infernal Blade","Shrug It Off","Cleave","Twin Strike","Rupture","Brutality+1","Reckless Charge","Wild Strike","Headbutt","Immolate+1","True Grit+1","Apotheosis+1","Heavy Blade","Hemokinesis+1","Immolate+1","Infernal Blade+1","Feed","True Grit+1","Normality"],"relics":["Burning Blood","Brimstone","Kunai","Magic Flower","Red Skull","The Courier","keyreminder:keyreminder","Pandora\u0027s Box","Vajra","Toxic Egg 2","Matryoshka","Singing Bowl","Mark of Pain","Girya","Red Mask","Darkstone Periapt"],"acts_visited":["Exordium","TheCity","TheBeyond"],"potions_floor_usage":[10,14,16,16,24,33,33,39,47],"damage_taken":[{"damage":28,"enemies":"Small Slimes","floor":1,"turns":4},{"damage":0,"enemies":"Cultist","floor":4,"turns":1},{"damage":0,"enemies":"2 Louse","floor":5,"turns":1},{"damage":0,"enemies":"Gremlin Nob","floor":6,"turns":2},{"damage":0,"enemies":"Red Slaver","floor":10,"turns":1},{"damage":25,"enemies":"Lagavulin","floor":11,"turns":6},{"damage":23,"enemies":"Gremlin Gang","floor":12,"turns":4},{"damage":11,"enemies":"Lots of Slimes","floor":13,"turns":3},{"damage":22,"enemies":"3 Sentries","floor":14,"turns":3},{"damage":22,"enemies":"Hexaghost","floor":16,"turns":5},{"damage":12,"enemies":"2 Thieves","floor":18,"turns":2},{"damage":10,"enemies":"Chosen","floor":19,"turns":2},{"damage":0,"enemies":"Snecko","floor":21,"turns":2},{"damage":32,"enemies":"Book of Stabbing","floor":24,"turns":3},{"damage":14,"enemies":"Cultist and Chosen","floor":25,"turns":3},{"damage":5,"enemies":"3 Cultists","floor":28,"turns":3},{"damage":9,"enemies":"Gremlin Leader","floor":31,"turns":5},{"damage":47,"enemies":"Collector","floor":33,"turns":4},{"damage":15,"enemies":"Orb Walker","floor":35,"turns":3},{"damage":25,"enemies":"3 Darklings","floor":37,"turns":3},{"damage":50,"enemies":"2 Orb Walkers","floor":39,"turns":3},{"damage":37,"enemies":"Spire Growth","floor":45,"turns":4},{"damage":45,"enemies":"Giant Head","floor":47,"turns":5}],"seed_played":"-814302657367538748","potions_obtained":[{"floor":2,"key":"AttackPotion"},{"floor":2,"key":"Fruit Juice"},{"floor":2,"key":"BlessingOfTheForge"},{"floor":10,"key":"SkillPotion"},{"floor":16,"key":"Strength Potion"},{"floor":19,"key":"SteroidPotion"},{"floor":25,"key":"SteroidPotion"},{"floor":28,"key":"PowerPotion"},{"floor":35,"key":"Weak Potion"},{"floor":45,"key":"ColorlessPotion"}],"is_trial":false,"path_per_floor":["M","?","$","M","M","E","?","?","T","M","E","M","M","E","R","B",null,"M","M","$","M","T","R","E","M","T","R","M","R","?","E","R","B",null,"M","$","M","$","?","R","?","?","T","R","M","?","E"],"character_chosen":"IRONCLAD","items_purchased":["Brimstone","Clash","Heavy Blade","Flex","Apotheosis","Heavy Blade","Combust"],"campfire_rested":1,"item_purchase_floors":[3,3,3,3,20,20,36],"current_hp_per_floor":[58,58,58,64,70,76,76,76,76,80,64,50,48,43,43,30,85,82,81,81,85,85,85,62,57,57,57,61,61,61,63,63,25,87,83,83,67,67,33,61,61,61,61,61,35,41,0,0],"gold":42,"neow_bonus":"TWO_FIFTY_GOLD","is_daily":false,"chose_seed":false,"campfire_upgraded":5,"win_rate":0.0,"timestamp":1608932440,"path_taken":["M","?","$","M","?","E","?","?","T","?","E","M","?","E","R","BOSS","M","M","$","?","?","R","E","M","T","R","M","R","?","E","R","BOSS","M","$","M","$","?","R","?","?","T","R","?","?","E"],"items_purchased_type":["Relic","Card","Card","Card","Card","Card","Card"],"build_version":"2020-12-22","purchased_purges":4,"victory":false,"max_hp_per_floor":[80,80,80,80,80,80,80,80,80,80,80,80,80,85,85,85,85,85,85,85,85,85,85,85,85,85,85,85,85,85,87,87,87,87,89,89,89,89,94,94,94,94,94,94,96,102,102,102],"card_choices":[{"not_picked":["Clash","Flex"],"picked":"Pummel","floor":1},{"not_picked":["Disarm","Battle Trance"],"picked":"Pummel","floor":4},{"not_picked":["Clash","Body Slam"],"picked":"Armaments","floor":5},{"not_picked":["True Grit","Intimidate"],"picked":"Heavy Blade","floor":6},{"not_picked":["Havoc","Twin Strike"],"picked":"Metallicize","floor":10},{"not_picked":["Intimidate","Reckless Charge"],"picked":"Infernal Blade","floor":11},{"not_picked":["Seeing Red","Pummel"],"picked":"Shrug It Off","floor":12},{"not_picked":["Ghostly Armor","Thunderclap"],"picked":"Cleave","floor":13},{"not_picked":["Cleave","Dropkick"],"picked":"Twin Strike","floor":14},{"not_picked":["Barricade","Juggernaut"],"picked":"Bludgeon","floor":16},{"not_picked":["Uppercut","Sentinel"],"picked":"True Grit+1","floor":18},{"not_picked":["Thunderclap","Searing Blow+1","Uppercut"],"picked":"SKIP","floor":19},{"not_picked":["Spot Weakness","Sword Boomerang","Havoc"],"picked":"SKIP","floor":21},{"not_picked":["Sword Boomerang","Spot Weakness+1"],"picked":"Hemokinesis+1","floor":24},{"not_picked":["Iron Wave","Pommel Strike"],"picked":"Immolate","floor":25},{"not_picked":["Uppercut","Anger","Perfected Strike+1"],"picked":"SKIP","floor":28},{"not_picked":["Pummel+1","Metallicize","Rage+1"],"picked":"Singing Bowl","floor":31},{"not_picked":["Barricade","Juggernaut"],"picked":"Feed","floor":33},{"not_picked":["Spot Weakness+1","Disarm+1","Body Slam"],"picked":"Singing Bowl","floor":35},{"not_picked":["Flame Barrier+1","Uppercut+1"],"picked":"True Grit+1","floor":37},{"not_picked":["Inflame","Pommel Strike+1","Blood for Blood"],"picked":"Singing Bowl","floor":39},{"not_picked":["Anger","Seeing Red+1","Perfected Strike"],"picked":"Singing Bowl","floor":45}],"player_experience":557833,"relics_obtained":[{"floor":6,"key":"Kunai"},{"floor":9,"key":"Magic Flower"},{"floor":11,"key":"Red Skull"},{"floor":14,"key":"The Courier"},{"floor":22,"key":"Vajra"},{"floor":24,"key":"Toxic Egg 2"},{"floor":26,"key":"Matryoshka"},{"floor":31,"key":"Singing Bowl"},{"floor":39,"key":"Girya"},{"floor":43,"key":"Darkstone Periapt"}],"event_choices":[{"damage_healed":0,"gold_gain":0,"player_choice":"Got Potions","damage_taken":0,"max_hp_gain":0,"max_hp_loss":0,"event_name":"Lab","floor":2,"gold_loss":0},{"cards_removed":["Strike_R"],"damage_healed":0,"gold_gain":0,"player_choice":"Card Removal","damage_taken":0,"max_hp_gain":0,"max_hp_loss":0,"event_name":"The Cleric","floor":7,"gold_loss":50},{"cards_removed":["Strike_R"],"damage_healed":0,"gold_gain":0,"player_choice":"Card Removal","damage_taken":0,"max_hp_gain":0,"max_hp_loss":0,"event_name":"Wheel of Change","floor":8,"gold_loss":0},{"damage_healed":0,"gold_gain":0,"player_choice":"Read","damage_taken":0,"max_hp_gain":0,"max_hp_loss":0,"event_name":"The Library","floor":30,"gold_loss":0,"cards_obtained":["Infernal Blade"]},{"damage_healed":0,"gold_gain":0,"player_choice":"Fight","damage_taken":0,"max_hp_gain":0,"max_hp_loss":0,"event_name":"Mysterious Sphere","floor":39,"gold_loss":0},{"damage_healed":0,"gold_gain":0,"player_choice":"Paid","damage_taken":0,"relics_obtained":["Red Mask"],"max_hp_gain":0,"max_hp_loss":0,"event_name":"Tomb of Lord Red Mask","floor":41,"gold_loss":55},{"damage_healed":0,"gold_gain":0,"player_choice":"Cursed","damage_taken":0,"max_hp_gain":0,"max_hp_loss":0,"event_name":"Wheel of Change","floor":42,"gold_loss":0,"cards_obtained":["Decay"]},{"damage_healed":0,"gold_gain":0,"cards_transformed":["Decay"],"player_choice":"Transformed","damage_taken":0,"max_hp_gain":0,"max_hp_loss":0,"event_name":"Transmorgrifier","floor":46,"gold_loss":0,"cards_obtained":["Normality"]}],"is_beta":false,"boss_relics":[{"not_picked":["Philosopher\u0027s Stone","Empty Cage"],"picked":"Pandora\u0027s Box"},{"not_picked":["Runic Cube","SlaversCollar"],"picked":"Mark of Pain"}],"items_purged_floors":[3,20,36,38],"is_endless":false,"potions_floor_spawned":[6,10,16,19,25,28,31,35,45],"killed_by":"Giant Head","ascension_level":4}}