{"host":"agbyy69nq62afhwx","time":1608915199,"event":{"mods":["BaseMod","Colored Map","Highlight Path","Keyboard Shortcuts","Minty Spire (QoL Compilation)","Quick Restart","StSLib","SuperFastMode","everything is the same but u backflip on backflip"],"gold_per_floor":[116,3,14,14,89,117,117,117,143,155,155,184,184,215,215,312,312,325,71,84,84,101,101,26,26,26,43,43,53,53,85,85,183,183,199,119,129,145,30,30,43,62,62,81,41,74,74,107,107,107],"floor_reached":51,"playtime":1646,"items_purged":["Strike_G","Accuracy"],"score":1227,"play_id":"5477e063-2d0e-47c3-a125-cce89483ff6a","local_time":"20201226015319","is_ascension_mode":true,"campfire_choices":[{"data":"Catalyst","floor":7.0,"key":"SMITH"},{"floor":11.0,"key":"REST"},{"data":"Wraith Form v2","floor":13.0,"key":"SMITH"},{"floor":15.0,"key":"REST"},{"floor":23.0,"key":"REST"},{"data":"Catalyst","floor":28.0,"key":"SMITH"},{"data":"Calculated Gamble","floor":30.0,"key":"SMITH"},{"data":"Leg Sweep","floor":32.0,"key":"SMITH"},{"data":"Catalyst","floor":40.0,"key":"SMITH"},{"floor":49,"key":"REST"}],"circlet_count":0,"master_deck":["AscendersBane","Survivor","Neutralize","Panacea+1","Eviscerate","Bouncing Flask+1","Catalyst+1","Calculated Gamble+1","Wraith Form v2+1","Crippling Poison+1","Catalyst+1","Prepared+1","Dash","Leg Sweep+1","Backstab","Phantasmal Killer","Burst","Noxious Fumes","Phantasmal Killer","Riddle With Holes","Bouncing Flask","Catalyst+1","Catalyst"],"relics":["Ring of the Snake","Vajra","Lantern","Kunai","Sundial","Snecko Eye","Matryoshka","CultistMask","Oddly Smooth Stone","The Courier","Pen Nib","Pandora\u0027s Box","Strange Spoon","HornCleat","Eternal Feather","Paper Crane","Gremlin Horn"],"acts_visited":["Exordium","TheCity","TheBeyond"],"potions_floor_usage":[],"damage_taken":[{"damage":0.0,"enemies":"2 Louse","floor":1.0,"turns":3.0},{"damage":2.0,"enemies":"Jaw Worm","floor":3.0,"turns":4.0},{"damage":17.0,"enemies":"Gremlin Nob","floor":6.0,"turns":4.0},{"damage":0.0,"enemies":"Small Slimes","floor":10.0,"turns":3.0},{"damage":15.0,"enemies":"Lagavulin","floor":12.0,"turns":5.0},{"damage":22.0,"enemies":"3 Sentries","floor":14.0,"turns":7.0},{"damage":22.0,"enemies":"Hexaghost","floor":16.0,"turns":7.0},{"damage":0.0,"enemies":"Spheric Guardian","floor":18.0,"turns":3.0},{"damage":0.0,"enemies":"Chosen","floor":20.0,"turns":3.0},{"damage":15.0,"enemies":"Shelled Parasite and Fungi","floor":22.0,"turns":5.0},{"damage":0.0,"enemies":"Snake Plant","floor":27.0,"turns":3.0},{"damage":1.0,"enemies":"Centurion and Healer","floor":29.0,"turns":5.0},{"damage":5.0,"enemies":"Slavers","floor":31.0,"turns":6.0},{"damage":37.0,"enemies":"Automaton","floor":33.0,"turns":14.0},{"damage":9.0,"enemies":"3 Darklings","floor":35.0,"turns":6.0},{"damage":0.0,"enemies":"Orb Walker","floor":37.0,"turns":2.0},{"damage":0.0,"enemies":"Maw","floor":38.0,"turns":4.0},{"damage":10.0,"enemies":"Sphere and 2 Shapes","floor":41.0,"turns":5.0},{"damage":0.0,"enemies":"4 Shapes","floor":42.0,"turns":4.0},{"damage":1.0,"enemies":"Transient","floor":44.0,"turns":5.0},{"damage":0.0,"enemies":"Reptomancer","floor":46.0,"turns":3.0},{"damage":2,"enemies":"Nemesis","floor":48,"turns":3},{"damage":44,"enemies":"Awakened One","floor":50,"turns":7}],"seed_played":"-3827072399077957325","potions_obtained":[{"floor":1.0,"key":"LiquidBronze"},{"floor":10.0,"key":"Fire Potion"},{"floor":12.0,"key":"Explosive Potion"},{"floor":16.0,"key":"Block Potion"},{"floor":20.0,"key":"FearPotion"},{"floor":31.0,"key":"AttackPotion"},{"floor":33.0,"key":"LiquidMemories"},{"floor":35.0,"key":"DuplicationPotion"}],"is_trial":false,"path_per_floor":["M","$","M","?","?","E","R","?","T","M","R","E","R","E","R","B",null,"M","$","M","?","M","R","?","?","T","M","R","M","R","E","R","B",null,"M","$","M","M","$","R","M","M","T","M","?","E","$","E","R","B",null],"character_chosen":"THE_SILENT","items_purchased":["Bouncing Flask","Matryoshka","Strange Spoon"],"campfire_rested":4,"item_purchase_floors":[2,19,39],"current_hp_per_floor":[63,63,61,61,50,33,33,33,33,33,54,39,39,17,38,16,57,57,57,57,44,29,51,51,51,51,51,51,50,50,45,45,8,58,49,49,49,49,49,49,39,39,39,38,38,38,38,36,70,26],"gold":107,"neow_bonus":"RANDOM_COLORLESS","is_daily":false,"chose_seed":false,"campfire_upgraded":6,"win_rate":0.0,"timestamp":1608915199,"path_taken":["M","$","M","?","?","E","R","?","T","M","R","E","R","E","R","BOSS","M","$","M","?","M","R","?","?","T","M","R","?","R","E","R","BOSS","M","$","M","M","$","R","M","M","T","M","?","E","?","E","R","BOSS"],"items_purchased_type":["Card","Relic","Relic"],"build_version":"2020-12-22","purchased_purges":2,"victory":true,"max_hp_per_floor":[70,70,70,70,70,70,70,70,70,70,70,70,70,70,70,70,70,70,70,70,75,75,75,75,75,75,75,75,75,75,75,75,75,75,75,75,75,75,75,75,75,75,75,75,75,75,75,75,75,75],"card_choices":[{"not_picked":["Forethought","Blind"],"picked":"Panacea","floor":0.0},{"not_picked":["Catalyst","Cloak And Dagger"],"picked":"Eviscerate","floor":1.0},{"not_picked":["Prepared","Dodge and Roll"],"picked":"Catalyst","floor":3.0},{"not_picked":["Skewer","Leg Sweep"],"picked":"Calculated Gamble","floor":6.0},{"not_picked":["Flying Knee","Deflect","Underhanded Strike"],"picked":"SKIP","floor":10.0},{"not_picked":["Flying Knee","PiercingWail"],"picked":"Wraith Form v2","floor":12.0},{"not_picked":["Endless Agony","Bane","Slice"],"picked":"SKIP","floor":14.0},{"not_picked":["Slice","Calculated Gamble","Cloak And Dagger"],"picked":"SKIP","floor":18.0},{"not_picked":["Bane","Outmaneuver"],"picked":"Crippling Poison","floor":20.0},{"not_picked":["Footwork","Backstab"],"picked":"Catalyst","floor":22.0},{"not_picked":["Sucker Punch","Dagger Spray+1"],"picked":"Prepared+1","floor":27.0},{"not_picked":["Slice+1","PiercingWail"],"picked":"Dash","floor":29.0},{"not_picked":["Terror","Dodge and Roll"],"picked":"Leg Sweep","floor":31.0},{"not_picked":["Dagger Spray","Acrobatics+1","Finisher"],"picked":"SKIP","floor":35.0},{"not_picked":["Expertise+1","Acrobatics+1"],"picked":"Catalyst","floor":37.0},{"not_picked":["Predator+1","Acrobatics","Poisoned Stab"],"picked":"SKIP","floor":38.0},{"not_picked":["PiercingWail","Finisher","Dagger Throw"],"picked":"SKIP","floor":41.0},{"not_picked":["Prepared","Caltrops+1","Expertise+1"],"picked":"SKIP","floor":42.0},{"not_picked":["Dagger Throw","Storm of Steel","Prepared"],"picked":"SKIP","floor":44.0},{"not_picked":["Dagger Throw+1","Deflect"],"picked":"Catalyst","floor":46.0},{"not_picked":["Choke","Quick Slash+1","Prepared"],"picked":"SKIP","floor":48}],"player_experience":373246,"relics_obtained":[{"floor":6.0,"key":"Vajra"},{"floor":9.0,"key":"Lantern"},{"floor":12.0,"key":"Kunai"},{"floor":14.0,"key":"Sundial"},{"floor":26.0,"key":"Oddly Smooth Stone"},{"floor":26.0,"key":"The Courier"},{"floor":31.0,"key":"Pen Nib"},{"floor":43.0,"key":"HornCleat"},{"floor":43.0,"key":"Eternal Feather"},{"floor":46.0,"key":"Paper Crane"},{"floor":48,"key":"Gremlin Horn"}],"event_choices":[{"damage_healed":0.0,"max_hp_gain":0.0,"max_hp_loss":0.0,"gold_gain":0.0,"event_name":"Shining Light","player_choice":"Ignored","floor":4.0,"gold_loss":0.0,"damage_taken":0.0},{"damage_healed":0.0,"max_hp_gain":0.0,"max_hp_loss":0.0,"gold_gain":75.0,"event_name":"World of Goop","player_choice":"Gather Gold","floor":5.0,"gold_loss":0.0,"damage_taken":11.0},{"damage_healed":0.0,"max_hp_gain":0.0,"max_hp_loss":0.0,"gold_gain":0.0,"event_name":"Living Wall","player_choice":"Grow","floor":8.0,"gold_loss":0.0,"damage_taken":0.0,"cards_upgraded":["Bouncing Flask"]},{"damage_healed":0.0,"max_hp_gain":5.0,"max_hp_loss":0.0,"gold_gain":0.0,"event_name":"Forgotten Altar","player_choice":"Shed Blood","floor":21.0,"gold_loss":0.0,"damage_taken":18.0},{"cards_removed":["Strike_G"],"damage_healed":0.0,"max_hp_gain":0.0,"max_hp_loss":0.0,"gold_gain":0.0,"event_name":"Beggar","player_choice":"Gave Gold","floor":24.0,"gold_loss":75.0,"damage_taken":0.0},{"damage_healed":0.0,"max_hp_gain":0.0,"max_hp_loss":0.0,"gold_gain":0.0,"event_name":"FaceTrader","player_choice":"Trade","floor":25.0,"gold_loss":0.0,"damage_taken":0.0,"relics_obtained":["CultistMask"]},{"damage_healed":0.0,"max_hp_gain":0.0,"max_hp_loss":0.0,"gold_gain":0.0,"event_name":"Designer","player_choice":"Upgraded Two","floor":45.0,"gold_loss":40.0,"damage_taken":0.0,"cards_upgraded":["Panacea","Crippling Poison"]}],"is_beta":false,"boss_relics":[{"not_picked":["Coffee Dripper","SacredBark"],"picked":"Snecko Eye"},{"not_picked":["Runic Pyramid","Ring of the Serpent"],"picked":"Pandora\u0027s Box"}],"items_purged_floors":[2,36],"is_endless":false,"potions_floor_spawned":[1,10,12,16,20,29,31,33,35,46],"ascension_level":11}}