{"host":"avjwtc49fhlk6kym","time":1608934711,"event":{"mods":["AchievementEnabler","BaseMod","Better Match","Better Note","Better Third Choice","Colored Map","Colored Powertips","Displayed Cursed Tome","Highlight Path","Minty Spire (QoL Compilation)","Permanent Neow","Quick Restart","StSLib"],"gold_per_floor":[109,128,138,156,172,172,206,206,206,223,223,233,248,273,273,371,371,386,3,23,23,23],"floor_reached":21,"playtime":853,"items_purged":[],"score":270,"play_id":"ddcd5343-6130-45c9-8c36-21474867a417","local_time":"20201225171831","is_ascension_mode":true,"campfire_choices":[{"data":"Eruption","floor":6.0,"key":"SMITH"},{"floor":8.0,"key":"REST"},{"floor":11.0,"key":"REST"},{"floor":15.0,"key":"REST"}],"circlet_count":0,"master_deck":["Strike_P","Strike_P","Strike_P","Strike_P","Defend_P","Defend_P","Defend_P","Defend_P","Eruption+1","Vigilance","Consecrate","CutThroughFate","PathToVictory","WheelKick","ThirdEye","CrushJoints","ReachHeaven","FlurryOfBlows","SandsOfTime","Judgement","CurseOfTheBell","Prostrate+1","Forethought"],"relics":["PureWater","Blood Vial","Shuriken","Bird Faced Urn","Question Card","Calling Bell","Juzu Bracelet","Singing Bowl","Peace Pipe","Happy Flower","Medical Kit"],"acts_visited":["Exordium","TheCity"],"potions_floor_usage":[],"damage_taken":[{"damage":0.0,"enemies":"Cultist","floor":1.0,"turns":2.0},{"damage":14.0,"enemies":"2 Louse","floor":2.0,"turns":2.0},{"damage":0.0,"enemies":"Jaw Worm","floor":3.0,"turns":4.0},{"damage":7.0,"enemies":"Exordium Wildlife","floor":4.0,"turns":5.0},{"damage":0.0,"enemies":"Blue Slaver","floor":5.0,"turns":3.0},{"damage":28.0,"enemies":"Lagavulin","floor":7.0,"turns":5.0},{"damage":4.0,"enemies":"2 Fungi Beasts","floor":10.0,"turns":2.0},{"damage":8.0,"enemies":"3 Louse","floor":12.0,"turns":2.0},{"damage":24.0,"enemies":"Exordium Wildlife","floor":13.0,"turns":3.0},{"damage":8.0,"enemies":"Gremlin Nob","floor":14.0,"turns":3.0},{"damage":0.0,"enemies":"Slime Boss","floor":16.0,"turns":5.0},{"damage":27.0,"enemies":"Shell Parasite","floor":18.0,"turns":6.0},{"damage":19,"enemies":"3 Byrds","floor":20,"turns":5},{"damage":41,"enemies":"3 Cultists","floor":21,"turns":5}],"seed_played":"-5067800802950763544","potions_obtained":[{"floor":1.0,"key":"GamblersBrew"},{"floor":2.0,"key":"Swift Potion"},{"floor":5.0,"key":"GamblersBrew"},{"floor":7.0,"key":"StancePotion"}],"is_trial":false,"path_per_floor":["M","M","M","M","M","R","E","R","T","M","R","M","M","E","R","B",null,"M","$","M","M"],"character_chosen":"WATCHER","items_purchased":["Happy Flower","Medical Kit","Forethought"],"campfire_rested":3,"item_purchase_floors":[19,19,19],"current_hp_per_floor":[72,58,60,55,57,57,31,52,52,50,71,64,42,36,57,59,72,45,45,30,0,0],"gold":23,"neow_bonus":"RANDOM_COMMON_RELIC","is_daily":false,"chose_seed":false,"campfire_upgraded":1,"win_rate":0.0,"timestamp":1608934711,"path_taken":["M","M","M","M","M","R","E","R","T","M","R","M","M","E","R","BOSS","M","$","M","M"],"items_purchased_type":["Relic","Relic","Card"],"build_version":"2020-12-22","purchased_purges":0,"victory":false,"max_hp_per_floor":[72,72,72,72,72,72,72,72,72,72,72,72,72,72,72,72,72,72,72,74,74,74],"card_choices":[{"not_picked":["Adaptation","JustLucky","EmptyFist"],"picked":"SKIP","floor":1.0},{"not_picked":["JustLucky","EmptyFist"],"picked":"Consecrate","floor":2.0},{"not_picked":["JustLucky","Evaluate"],"picked":"CutThroughFate","floor":3.0},{"not_picked":["Nirvana","EmptyFist"],"picked":"PathToVictory","floor":4.0},{"not_picked":["SignatureMove","PathToVictory"],"picked":"WheelKick","floor":5.0},{"not_picked":["FlyingSleeves","EmptyMind"],"picked":"ThirdEye","floor":7.0},{"not_picked":["Crescendo","Blasphemy"],"picked":"CrushJoints","floor":10.0},{"not_picked":["Evaluate","Wallop"],"picked":"ReachHeaven","floor":12.0},{"not_picked":["WindmillStrike","Wireheading"],"picked":"FlurryOfBlows","floor":13.0},{"not_picked":["WaveOfTheHand","Evaluate"],"picked":"SandsOfTime","floor":14.0},{"not_picked":["ConjureBlade","Scrawl","DevaForm"],"picked":"Judgement","floor":16.0},{"not_picked":["CrushJoints","JustLucky","SignatureMove"],"picked":"Prostrate+1","floor":18.0},{"not_picked":["Consecrate","Wireheading","Halt","CutThroughFate"],"picked":"Singing Bowl","floor":20}],"player_experience":367537,"relics_obtained":[{"floor":7.0,"key":"Shuriken"},{"floor":9.0,"key":"Bird Faced Urn"},{"floor":14.0,"key":"Question Card"},{"floor":17.0,"key":"Juzu Bracelet"},{"floor":17.0,"key":"Singing Bowl"},{"floor":17.0,"key":"Peace Pipe"}],"event_choices":[],"is_beta":false,"boss_relics":[{"not_picked":["Tiny House","VioletLotus"],"picked":"Calling Bell"}],"items_purged_floors":[],"is_endless":false,"potions_floor_spawned":[1,2,5,7],"killed_by":"3 Cultists","ascension_level":2}}