{"host":"6gwm7y0tp7acoxay","time":1608903653,"event":{"mods":["BaseMod","Colored Map","Keyboard Shortcuts","Minty Spire (QoL Compilation)","Quick Restart","StSLib","SuperFastMode","everything is the same but u backflip on backflip"],"gold_per_floor":[114,114,129,129,129,165,208,246,292,326,326,168,168,184,184,278,278,303,327,227,250,265,301,340,383,408,408,437,26,61,90,90,163,163,178,478,206,49,49,82,112,112,160,192,210,239,274,274,274,274,274,274,274,6,36,36],"floor_reached":57,"playtime":2500,"items_purged":["Flex","Rampage"],"score":4151,"play_id":"96b2f9df-3b75-49d2-a9bb-d61c884a939c","local_time":"20201225224053","daily_mods":["SealedDeck","Heirloom","Flight"],"is_ascension_mode":true,"campfire_choices":[{"data":"Feel No Pain","floor":11.0,"key":"SMITH"},{"data":"Body Slam","floor":15,"key":"SMITH"},{"data":"Armaments","floor":32,"key":"SMITH"},{"floor":42,"key":"RECALL"},{"data":"Disarm","floor":49,"key":"SMITH"},{"data":"Evolve","floor":53,"key":"SMITH"}],"circlet_count":0,"master_deck":["AscendersBane","Reckless Charge","Thunderclap","True Grit","Ghostly Armor+1","Body Slam+1","Shockwave+1","Feel No Pain+1","Flame Barrier+1","Inflame+1","Power Through","Feed","Evolve+1","Barricade+1","True Grit+1","Infernal Blade","Sever Soul","Fiend Fire","Armaments+1","Disarm+1","Whirlwind","Fire Breathing","Offering","Panacea","Limit Break","Seeing Red","Parasite","Intimidate+1","Rupture+1"],"relics":["Burning Blood","FossilizedHelix","CultistMask","Bloody Idol","Mummified Hand","War Paint","Dead Branch","Gambling Chip","Mark of Pain","Question Card","Pen Nib","Oddly Smooth Stone","Happy Flower","Unceasing Top","Lantern","Ancient Tea Set","Centennial Puzzle","Meat on the Bone","Cursed Key","Medical Kit","Chemical X","Torii","StrikeDummy","Vajra","Orichalcum","Toy Ornithopter","Potion Belt","InkBottle"],"acts_visited":["Exordium","TheCity","TheBeyond","TheEnding"],"potions_floor_usage":[23,28,33,45],"damage_taken":[{"damage":3.0,"enemies":"Jaw Worm","floor":1.0,"turns":4.0},{"damage":0.0,"enemies":"Cultist","floor":3.0,"turns":3.0},{"damage":9.0,"enemies":"3 Sentries","floor":6.0,"turns":15.0},{"damage":12.0,"enemies":"Gremlin Nob","floor":7.0,"turns":6.0},{"damage":4.0,"enemies":"Lagavulin","floor":8.0,"turns":9.0},{"damage":0.0,"enemies":"Gremlin Nob","floor":10.0,"turns":3.0},{"damage":0.0,"enemies":"2 Louse","floor":14.0,"turns":1.0},{"damage":2,"enemies":"The Guardian","floor":16,"turns":6},{"damage":0,"enemies":"Shell Parasite","floor":18,"turns":4},{"damage":1,"enemies":"3 Byrds","floor":19,"turns":5},{"damage":0,"enemies":"Centurion and Healer","floor":21,"turns":8},{"damage":0,"enemies":"Sentry and Sphere","floor":22,"turns":3},{"damage":12,"enemies":"Slavers","floor":23,"turns":6},{"damage":0,"enemies":"Book of Stabbing","floor":24,"turns":5},{"damage":15,"enemies":"Slavers","floor":25,"turns":4},{"damage":0,"enemies":"Gremlin Leader","floor":28,"turns":5},{"damage":0,"enemies":"Slavers","floor":30,"turns":3},{"damage":0,"enemies":"Gremlin Leader","floor":31,"turns":8},{"damage":6,"enemies":"Collector","floor":33,"turns":7},{"damage":6,"enemies":"Orb Walker","floor":35,"turns":5},{"damage":9,"enemies":"Nemesis","floor":40,"turns":5},{"damage":0,"enemies":"Giant Head","floor":41,"turns":3},{"damage":0,"enemies":"Nemesis","floor":44,"turns":5},{"damage":6,"enemies":"3 Darklings","floor":45,"turns":2},{"damage":0,"enemies":"Reptomancer","floor":46,"turns":7},{"damage":0,"enemies":"Giant Head","floor":47,"turns":5},{"damage":0,"enemies":"Awakened One","floor":50,"turns":9},{"damage":7,"enemies":"Time Eater","floor":51,"turns":5},{"damage":1,"enemies":"Shield and Spear","floor":55,"turns":2},{"damage":20,"enemies":"The Heart","floor":56,"turns":5}],"seed_played":"3304413108645166316","potions_obtained":[{"floor":3.0,"key":"Energy Potion"},{"floor":7.0,"key":"DistilledChaos"},{"floor":8.0,"key":"Strength Potion"},{"floor":24,"key":"PowerPotion"},{"floor":33,"key":"Energy Potion"},{"floor":35,"key":"AttackPotion"},{"floor":47,"key":"ElixirPotion"}],"is_trial":true,"path_per_floor":["M","?","M","?","?","E","E","E","T","E","R","$","?","M","R","B",null,"M","M","$","M","M","E","E","E","T","?","E","$","E","E","R","B",null,"M","?","$","$","?","E","E","R","T","E","M","E","E","?","R","B","B",null,"R","$","E","B",null],"character_chosen":"IRONCLAD","items_purchased":["Evolve","Lantern","Whirlwind","Ancient Tea Set","Medical Kit","Panacea","Chemical X","InkBottle"],"campfire_rested":0,"item_purchase_floors":[12,29,29,29,37,37,38,54],"current_hp_per_floor":[71,71,75,52,52,49,46,51,51,57,57,57,57,66,66,70,75,80,84,84,88,91,88,97,94,94,94,106,106,110,113,113,116,116,116,116,116,116,116,120,123,123,123,123,123,126,126,126,126,126,125,126,126,126,126,112],"gold":36,"neow_bonus":"","is_daily":false,"chose_seed":false,"campfire_upgraded":5,"win_rate":0.0,"timestamp":1608903653,"path_taken":["M","?","?","?","?","E","E","E","T","E","R","$","?","?","R","BOSS","M","M","$","?","?","E","E","E","T","?","E","$","E","E","R","BOSS","M","?","?","$","?","E","E","R","T","E","?","E","E","?","R","BOSS","BOSS","R","$","E","BOSS"],"items_purchased_type":["Card","Relic","Card","Relic","Relic","Card","Relic","Relic"],"build_version":"2020-12-22","purchased_purges":2,"victory":true,"max_hp_per_floor":[75,75,75,75,68,68,71,74,74,74,74,74,74,77,77,77,77,80,84,84,88,91,94,97,103,103,103,106,106,110,113,113,116,116,116,116,116,116,116,120,123,123,123,123,123,126,126,126,126,126,126,126,126,126,126,126],"card_choices":[{"not_picked":["Heavy Blade","Sever Soul"],"picked":"Power Through","floor":1.0},{"not_picked":["Hemokinesis","Wild Strike"],"picked":"Rampage","floor":3.0},{"not_picked":["Perfected Strike","Burning Pact"],"picked":"Feed","floor":6.0},{"not_picked":["Hemokinesis","Havoc","Iron Wave"],"picked":"SKIP","floor":7.0},{"not_picked":["Thunderclap","Searing Blow","Clothesline"],"picked":"SKIP","floor":8.0},{"not_picked":["Wild Strike","Cleave","Sever Soul"],"picked":"SKIP","floor":10.0},{"not_picked":["True Grit","Pommel Strike","Reckless Charge"],"picked":"SKIP","floor":14.0},{"not_picked":["Double Tap","Juggernaut"],"picked":"Barricade","floor":16},{"not_picked":["Havoc+1","Clash"],"picked":"True Grit+1","floor":18},{"not_picked":["Sentinel","Hemokinesis"],"picked":"Infernal Blade","floor":19},{"not_picked":["Shockwave","Inflame+1","Spot Weakness"],"picked":"SKIP","floor":21},{"not_picked":["Feel No Pain","Havoc+1"],"picked":"Sever Soul","floor":22},{"not_picked":["Dark Embrace","Clothesline"],"picked":"Fiend Fire","floor":23},{"not_picked":["Metallicize","Thunderclap","Spot Weakness"],"picked":"Armaments","floor":24},{"not_picked":["Fiend Fire","Anger","Clothesline","Combust"],"picked":"SKIP","floor":25},{"not_picked":["Perfected Strike","Clothesline","Havoc+1"],"picked":"Disarm","floor":28},{"not_picked":["Perfected Strike","Brutality","Flex","Clothesline"],"picked":"SKIP","floor":30},{"not_picked":["Seeing Red","Warcry","Perfected Strike"],"picked":"Fire Breathing","floor":31},{"not_picked":["Barricade","Limit Break","Immolate"],"picked":"Offering","floor":33},{"not_picked":["Metallicize","Headbutt","Power Through","Perfected Strike"],"picked":"SKIP","floor":35},{"not_picked":["Headbutt","Wild Strike","Pommel Strike+1"],"picked":"Limit Break","floor":40},{"not_picked":["Seeing Red","Sword Boomerang","Wild Strike","Dark Embrace"],"picked":"SKIP","floor":41},{"not_picked":["Sword Boomerang","Wild Strike","Dark Embrace"],"picked":"Seeing Red","floor":41},{"not_picked":["Iron Wave","Seeing Red","Rage","Evolve+1"],"picked":"SKIP","floor":44},{"not_picked":["Perfected Strike","Sword Boomerang+1","Pommel Strike"],"picked":"Intimidate+1","floor":45},{"not_picked":["Shrug It Off","Fiend Fire","Flex","Bloodletting"],"picked":"SKIP","floor":46},{"not_picked":["Rampage+1","Iron Wave","Feed","Hemokinesis"],"picked":"SKIP","floor":47},{"not_picked":["Flex","Heavy Blade","Shrug It Off"],"picked":"Rupture+1","floor":55}],"player_experience":4319445,"relics_obtained":[{"floor":6.0,"key":"Mummified Hand"},{"floor":7.0,"key":"War Paint"},{"floor":8.0,"key":"Dead Branch"},{"floor":10.0,"key":"Gambling Chip"},{"floor":23,"key":"Question Card"},{"floor":24,"key":"Pen Nib"},{"floor":25,"key":"Oddly Smooth Stone"},{"floor":26,"key":"Happy Flower"},{"floor":28,"key":"Unceasing Top"},{"floor":30,"key":"Centennial Puzzle"},{"floor":31,"key":"Meat on the Bone"},{"floor":40,"key":"Torii"},{"floor":41,"key":"StrikeDummy"},{"floor":43,"key":"Vajra"},{"floor":44,"key":"Orichalcum"},{"floor":46,"key":"Toy Ornithopter"},{"floor":47,"key":"Potion Belt"}],"event_choices":[{"damage_healed":0.0,"max_hp_gain":0.0,"max_hp_loss":0.0,"gold_gain":0.0,"event_name":"FaceTrader","player_choice":"Trade","floor":2.0,"gold_loss":0.0,"damage_taken":0.0,"relics_obtained":["CultistMask"]},{"damage_healed":0.0,"max_hp_gain":0.0,"max_hp_loss":0.0,"gold_gain":0.0,"event_name":"Shining Light","player_choice":"Entered Light","floor":4.0,"gold_loss":0.0,"damage_taken":23.0,"cards_upgraded":["Shockwave","Inflame"]},{"damage_healed":0.0,"max_hp_gain":0.0,"max_hp_loss":7.0,"gold_gain":0.0,"event_name":"Golden Idol","player_choice":"Lose Max HP","floor":5.0,"gold_loss":0.0,"damage_taken":0.0,"relics_obtained":["Golden Idol"]},{"damage_healed":0.0,"max_hp_gain":0.0,"max_hp_loss":0.0,"gold_gain":0.0,"event_name":"Lab","player_choice":"Got Potions","floor":13.0,"gold_loss":0.0,"damage_taken":0.0},{"damage_healed":0,"gold_gain":0,"player_choice":"Gave Idol","damage_taken":0,"relics_obtained":["Bloody Idol"],"max_hp_gain":0,"max_hp_loss":0,"event_name":"Forgotten Altar","floor":27,"relics_lost":["Golden Idol"],"gold_loss":0},{"damage_healed":0,"gold_gain":300,"player_choice":"Gold","damage_taken":0,"max_hp_gain":0,"max_hp_loss":0,"event_name":"Wheel of Change","floor":36,"gold_loss":0},{"damage_healed":0,"gold_gain":0,"player_choice":"Forge","damage_taken":0,"max_hp_gain":0,"max_hp_loss":0,"event_name":"Accursed Blacksmith","floor":39,"gold_loss":0,"cards_upgraded":["Barricade"]},{"damage_healed":0,"gold_gain":0,"player_choice":"Ignored","damage_taken":0,"max_hp_gain":0,"max_hp_loss":0,"event_name":"Tomb of Lord Red Mask","floor":48,"gold_loss":0}],"is_beta":false,"boss_relics":[{"not_picked":["Coffee Dripper","Runic Dome"],"picked":"Mark of Pain"},{"not_picked":["Calling Bell","Tiny House"],"picked":"Cursed Key"}],"items_purged_floors":[12,20],"is_endless":false,"potions_floor_spawned":[3,7,8,14,18,21,24,25,33,35,44,47],"ascension_level":20}}