{"host":"1hv1kueuvc4r3rdp","time":1608879059,"event":{"mods":["AchievementEnabler","BaseMod","DeckTracker","Highlight Path","Minty Spire (QoL Compilation)","Permanent Neow","StSLib"],"gold_per_floor":[110,124,139,152,171,171,203,203,230,230,242,256,285,304,304,404,404,419,429,446,116,116,116],"floor_reached":22,"playtime":733,"items_purged":["Strike_G"],"score":202,"play_id":"d7d1a722-0490-4fa3-bdfe-eac2a18774f4","local_time":"20201225005059","is_ascension_mode":false,"campfire_choices":[{"data":"Blade Dance","floor":6,"key":"SMITH"},{"data":"Riddle With Holes","floor":8,"key":"SMITH"},{"floor":15,"key":"REST"}],"circlet_count":0,"master_deck":["Strike_G","Strike_G","Strike_G","Strike_G","Defend_G","Defend_G","Defend_G","Defend_G","Defend_G","Survivor","Neutralize","Blade Dance+1","Quick Slash","Riddle With Holes+1","Well Laid Plans","Terror","Dash","Crippling Poison","Glass Knife","Malaise","Deadly Poison+1","Noxious Fumes"],"relics":["Ring of the Snake","PreservedInsect","Happy Flower","Juzu Bracelet","SlaversCollar","Ancient Tea Set"],"acts_visited":["Exordium","TheCity"],"potions_floor_usage":[7,16,18,20,22,22],"damage_taken":[{"damage":1,"enemies":"Jaw Worm","floor":1,"turns":6},{"damage":0,"enemies":"Cultist","floor":2,"turns":3},{"damage":1,"enemies":"2 Louse","floor":3,"turns":3},{"damage":7,"enemies":"Looter","floor":4,"turns":3},{"damage":6,"enemies":"Exordium Thugs","floor":5,"turns":4},{"damage":12,"enemies":"Gremlin Nob","floor":7,"turns":3},{"damage":0,"enemies":"2 Fungi Beasts","floor":11,"turns":2},{"damage":0,"enemies":"Looter","floor":12,"turns":2},{"damage":8,"enemies":"Lagavulin","floor":13,"turns":4},{"damage":0,"enemies":"3 Louse","floor":14,"turns":3},{"damage":27,"enemies":"Hexaghost","floor":16,"turns":7},{"damage":5,"enemies":"3 Byrds","floor":18,"turns":4},{"damage":21,"enemies":"Shell Parasite","floor":19,"turns":5},{"damage":27,"enemies":"3 Cultists","floor":20,"turns":6},{"damage":40,"enemies":"Cultist and Chosen","floor":22,"turns":6}],"seed_played":"2224686488765926878","potions_obtained":[{"floor":1,"key":"LiquidMemories"},{"floor":2,"key":"SkillPotion"},{"floor":10,"key":"Poison Potion"},{"floor":10,"key":"SneckoOil"},{"floor":14,"key":"Weak Potion"},{"floor":16,"key":"Explosive Potion"},{"floor":18,"key":"SpeedPotion"}],"is_trial":true,"path_per_floor":["M","M","M","M","M","R","E","R","T","?","M","M","E","M","R","B",null,"M","M","M","$","M"],"character_chosen":"THE_SILENT","items_purchased":["Noxious Fumes","Ancient Tea Set","Regen Potion"],"campfire_rested":1,"item_purchase_floors":[21,21,21],"current_hp_per_floor":[69,69,68,61,55,55,43,43,43,43,43,43,35,35,56,29,70,65,44,17,17,0,0],"gold":116,"neow_bonus":"","is_daily":false,"chose_seed":true,"campfire_upgraded":2,"win_rate":0.0,"timestamp":1608879059,"path_taken":["M","M","M","M","M","R","E","R","T","?","M","M","E","M","R","BOSS","M","M","M","$","M"],"items_purchased_type":["Card","Relic","Potion"],"build_version":"2020-12-22","purchased_purges":1,"victory":false,"max_hp_per_floor":[70,70,70,70,70,70,70,70,70,70,70,70,70,70,70,70,70,70,70,70,70,70,70],"card_choices":[{"not_picked":["Well Laid Plans","Outmaneuver"],"picked":"Blade Dance","floor":1},{"not_picked":["Backflip","Sucker Punch"],"picked":"Quick Slash","floor":2},{"not_picked":["Slice","Deflect"],"picked":"Riddle With Holes","floor":3},{"not_picked":["Underhanded Strike","Deflect","Quick Slash"],"picked":"SKIP","floor":4},{"not_picked":["Underhanded Strike","Prepared"],"picked":"Well Laid Plans","floor":5},{"not_picked":["Quick Slash","Masterful Stab"],"picked":"Terror","floor":7},{"not_picked":["Deadly Poison","Deflect"],"picked":"Dash","floor":11},{"not_picked":["Slice","Acrobatics"],"picked":"Crippling Poison","floor":12},{"not_picked":["Acrobatics","Flying Knee"],"picked":"Glass Knife","floor":13},{"not_picked":["Quick Slash","Dagger Throw","Sucker Punch"],"picked":"SKIP","floor":14},{"not_picked":["Phantasmal Killer","Doppelganger"],"picked":"Malaise","floor":16},{"not_picked":["Endless Agony","Backflip"],"picked":"Deadly Poison+1","floor":18},{"not_picked":["Bane","Reflex","Crippling Poison"],"picked":"SKIP","floor":19},{"not_picked":["Backstab","Dash","Distraction"],"picked":"SKIP","floor":20}],"player_experience":1099260,"relics_obtained":[{"floor":7,"key":"PreservedInsect"},{"floor":9,"key":"Happy Flower"},{"floor":13,"key":"Juzu Bracelet"}],"event_choices":[{"damage_healed":0,"gold_gain":0,"player_choice":"Got Potions","damage_taken":0,"max_hp_gain":0,"max_hp_loss":0,"event_name":"Lab","floor":10,"gold_loss":0}],"is_beta":false,"boss_relics":[{"not_picked":["Sozu","Runic Dome"],"picked":"SlaversCollar"}],"items_purged_floors":[21],"is_endless":false,"potions_floor_spawned":[1,2,14,16,18],"killed_by":"Cultist and Chosen","ascension_level":0}}