{"host":"htqwg582tjjtn9p7","time":1608907204,"event":{"mods":["2.2 Compatiblity","AchievementEnabler","Act Like it!","Aspiration","BaseMod","Better Third Choice","Colored Map","Conspire","Curses Come First","Displayed Cursed Tome","Energized Spire","Force Act Four","GifTheSpireLib","Hermit","Highlight Path","JesterMod","Mad Scientist","Minty Spire (QoL Compilation)","Pale of the Ancients","Permanent Neow","Random Character Button","Relic Stats","Replay The Spire","Robot Space Explorer","Somnambulant","Spicy Shops","Spikes Relics","StSLib","Stuff the Spire","The Blue Laboratory","The Disciple","The Dragon Tamer","The Forsaken","The Gatherer","The Judge","The Jungle","The Marked","The Runesmith","The Servant 0.9.4"],"gold_per_floor":[114,125,323,334,354,354,364,397,397,422,422,422,422,450,450,528,628,628],"floor_reached":17,"playtime":727,"items_purged":[],"score":289,"play_id":"0343519d-4c96-4f79-baad-b58864c32b92","local_time":"20201225154004","is_ascension_mode":true,"campfire_choices":[{"data":"Darkness","floor":6,"key":"SMITH"},{"floor":15,"key":"REST"}],"circlet_count":0,"master_deck":["AscendersBane","Strike_B","Strike_B","Strike_B","Strike_B","Defend_B","Defend_B","Defend_B","Defend_B","Zap","Dualcast","Sweeping Beam","Darkness+1","Heatsinks","Turbo","Conserve Battery","Cold Snap","Seek","Conserve Battery","Zap","Storm","Seek"],"relics":["Honey Jar","StoneCalendar","Replay:PocketPolymizer","Prayer Wheel","StuffTheSpire:HeavyRock","Replay:Wanted Poster"],"acts_visited":["Exordium","TheCity"],"potions_floor_usage":[],"damage_taken":[{"damage":2,"enemies":"Jaw Worm","floor":1,"turns":4},{"damage":0,"enemies":"conspire:RoseBush","floor":2,"turns":4},{"damage":4,"enemies":"2 Louse","floor":4,"turns":2},{"damage":1,"enemies":"2 Fungi Beasts","floor":5,"turns":4},{"damage":1,"enemies":"3 Louse","floor":7,"turns":4},{"damage":21,"enemies":"3 Sentries","floor":8,"turns":8},{"damage":19,"enemies":"Lagavulin","floor":10,"turns":7},{"damage":12,"enemies":"Replay:BlueRogue","floor":14,"turns":6},{"damage":10,"enemies":"Hexaghost","floor":16,"turns":9}],"seed_played":"-4579654751402677775","potions_obtained":[{"floor":2,"key":"Reflective Coating"},{"floor":7,"key":"Fire Potion"},{"floor":10,"key":"blueLaboratory:AbyssPotion"},{"floor":14,"key":"AttackPotion"}],"is_trial":false,"path_per_floor":["M","M","?","M","M","R","M","E","T","E","?","?","?","E","R","B",null],"character_chosen":"DEFECT","items_purchased":[],"campfire_rested":1,"item_purchase_floors":[],"current_hp_per_floor":[66,66,48,44,43,43,42,21,21,2,27,42,42,30,52,42,67,67],"gold":628,"neow_bonus":"BOSS_RELIC","is_daily":false,"chose_seed":false,"campfire_upgraded":1,"win_rate":0.0,"timestamp":1608907204,"path_taken":["M","M","?","M","M","R","M","E","T","E","?","?","?","E","R","BOSS"],"items_purchased_type":[],"build_version":"2020-12-22","purchased_purges":0,"victory":false,"max_hp_per_floor":[75,75,75,75,75,75,75,75,75,75,75,75,75,75,75,75,75,75],"relic_stats":{"counters":[9,48],"StoneCalendar":[52],"Prayer Wheel":0,"obtain_stats":[{"Replay:Wanted Poster":17,"Replay:PocketPolymizer":10,"StuffTheSpire:HeavyRock":14,"Honey Jar":0,"StoneCalendar":8,"Prayer Wheel":14,"Cracked Core":0},{"Replay:Wanted Poster":9,"Replay:PocketPolymizer":7,"StuffTheSpire:HeavyRock":8,"Honey Jar":0,"StoneCalendar":6,"Prayer Wheel":8,"Cracked Core":0},{"Replay:Wanted Poster":48,"Replay:PocketPolymizer":33,"StuffTheSpire:HeavyRock":39,"Honey Jar":0,"StoneCalendar":26,"Prayer Wheel":35,"Cracked Core":0}]},"card_choices":[{"not_picked":["Rebound","StuffTheSpire:LoadUp","BasicCrystalCard"],"picked":"Sweeping Beam","floor":1},{"not_picked":["Redo","Gash","Steam"],"picked":"Darkness","floor":2},{"not_picked":["Rebound","Compile Driver","Gash"],"picked":"Heatsinks","floor":3},{"not_picked":["All For One","Streamline","StuffTheSpire:LoadUp"],"picked":"Turbo","floor":4},{"not_picked":["ReplaySort","Rebound","StuffTheSpire:ShieldGenerator"],"picked":"Conserve Battery","floor":5},{"not_picked":["ReplayTheSpireMod:GoodbyeWorld","ReplayTheSpireMod:Repulse","Compile Driver"],"picked":"Cold Snap","floor":7},{"not_picked":["Gash","ReplayTheSpireMod:Reroute Power","Biased Cognition"],"picked":"Seek","floor":8},{"not_picked":["ReplayTheSpireMod:Calculation Training","Steam","Hologram"],"picked":"Conserve Battery","floor":10},{"not_picked":["FTL","Auto Shields","Cold Snap"],"picked":"Storm","floor":14},{"not_picked":["StuffTheSpire:ForEach","Thunder Strike","Buffer"],"picked":"Seek","floor":16}],"player_experience":1787908,"relics_obtained":[{"floor":8,"key":"StoneCalendar"},{"floor":10,"key":"Replay:PocketPolymizer"},{"floor":14,"key":"StuffTheSpire:HeavyRock"}],"event_choices":[{"damage_healed":25,"gold_gain":0,"player_choice":"Banana","damage_taken":0,"max_hp_gain":0,"max_hp_loss":0,"event_name":"Big Fish","floor":11,"gold_loss":0},{"damage_healed":0,"gold_gain":0,"player_choice":"2 cards matched","damage_taken":0,"max_hp_gain":0,"max_hp_loss":0,"event_name":"Match and Keep!","floor":13,"gold_loss":0,"cards_obtained":["Zap","ReplayTheSpireMod:Fabricate Wheel"]}],"is_beta":false,"boss_relics":[{"not_picked":["energizedSpire:RedRose","aspiration:SecretTechniqueScroll"],"picked":"Replay:Wanted Poster"}],"items_purged_floors":[],"is_endless":false,"potions_floor_spawned":[2,7,10,14],"ascension_level":13}}