{"host":"vfjw5z5u57sxa51v","time":1608927809,"event":{"mods":["AchievementEnabler","Act Like it!","Aspiration","BaseMod","Better Altar","Better Match","Better Note","Better Sensory Stone","Better Skull","Better Synergies","Better Third Choice","BetterRewards","CCEM","Colored Map","Conspire","Downfall","Duelist Mod","Ekko","GifTheSpireLib","GungeonMod","Halation","Hallownest","Highlight Path","Hubris","Hunter ??","Infinite Spire","Jedi Mod","Minty Spire (QoL Compilation)","Permanent Neow","Replay The Spire","Shade Mod","Shop Mod","Spicy Shops","StSLib","Stuff the Spire","The Bug Knight","The Death Knight","The Mystic","The Necromancer","The Runesmith","The Servant 0.9.4","Unceasing Turn Reminder","everything is the same but u backflip on backflip"],"gold_per_floor":[138,138,156,175,185,185,213,213,236,236,236,262,262,2,2,107,107,121,138,148,148,148,148,162,176,176,176,188,201,218,231,248,248,248,248,248],"floor_reached":35,"playtime":2629,"items_purged":[],"score":273,"play_id":"fc011615-c3c9-4951-b751-b1c95372467a","local_time":"20201225212329","is_ascension_mode":false,"campfire_choices":[{"data":"theDuelist:LonefireBlossom","floor":6,"key":"SMITH"},{"data":"theDuelist:NaturiaSpiderfang","floor":8,"key":"SMITH"},{"data":"theDuelist:NaturiaGaiastrio","floor":10,"key":"SMITH"},{"data":"theDuelist:NaturiaBeast","floor":15,"key":"SMITH"},{"data":"theDuelist:MillenniumScorpion","floor":23,"key":"SMITH"},{"data":"theDuelist:NaturiaBambooShoot","floor":27,"key":"SMITH"},{"data":"theDuelist:NaturiaSacredTree","floor":33,"key":"SMITH"}],"circlet_count":0,"master_deck":["theDuelist:NaturiaGaiastrio+1","theDuelist:NaturiaRock","theDuelist:CastleWalls","theDuelist:NaturiaSpiderfang+1","theDuelist:Sparks","theDuelist:NaturiaCliff","theDuelist:NaturiaTulip","theDuelist:LonefireBlossom+1","theDuelist:NaturiaEggplant","theDuelist:NaturiaTulip","theDuelist:CastleWalls","theDuelist:Sparks","theDuelist:NaturiaBeast+1","theDuelist:NaturiaHydrangea","theDuelist:Sparks","theDuelist:FairyGift","theDuelist:Canyon+1","theDuelist:NaturiaBambooShoot+1","theDuelist:MillenniumScorpion+1","theDuelist:NaturiaPineapple+1","Pain","theDuelist:NaturiaSunflower","theDuelist:NaturiaSacredTree+1","theDuelist:NaturiaHorneedle+1","theDuelist:MultiplicationOfAnts+1"],"relics":["theDuelist:MillenniumPuzzle","theDuelist:CardPoolRelic","theDuelist:CardPoolBasicRelic","theDuelist:BoosterPackPoolRelic","theDuelist:CardPoolAddRelic","theDuelist:CardPoolMinusRelic","theDuelist:CardPoolSaveRelic","theDuelist:CardPoolOptionsRelic","Golden Egg","infinitespire:Freezer","CCEMRelics:DerglesHeadphones","Pet Ghost","halation:LettersToHer","Inserter","WarpedTongs"],"acts_visited":["Exordium","TheCity","TheCity"],"potions_floor_usage":[29,34,34,34],"damage_taken":[{"damage":0,"enemies":"Jaw Worm","floor":1,"turns":4},{"damage":1,"enemies":"Cultist","floor":3,"turns":4},{"damage":0,"enemies":"2 Louse","floor":4,"turns":3},{"damage":2,"enemies":"Gremlin Gang","floor":5,"turns":4},{"damage":8,"enemies":"3 Sentries","floor":7,"turns":5},{"damage":7,"enemies":"Gremlin Nob","floor":12,"turns":4},{"damage":17,"enemies":"The Guardian","floor":16,"turns":9},{"damage":11,"enemies":"Shell Parasite","floor":18,"turns":5},{"damage":9,"enemies":"3 Byrds","floor":19,"turns":4},{"damage":33,"enemies":"Shelled Parasite and Fungi","floor":20,"turns":5},{"damage":1,"enemies":"Chosen and Byrds","floor":24,"turns":5},{"damage":10,"enemies":"Centurion and Healer","floor":25,"turns":5},{"damage":9,"enemies":"DemoMod:2_Veteran_bullet_kins_and_red_shotgun_kin","floor":28,"turns":3},{"damage":4,"enemies":"DemoMod:Veteran_shot_gun_kin_and_red_shotgun_kin","floor":29,"turns":2},{"damage":22,"enemies":"DemoMod:Veteran_shot_gun_kin_and_blue_shotgun_kin_with_gunsinger","floor":30,"turns":3},{"damage":4,"enemies":"DemoMod:Red_and_blue_shotgun_kin_with_gunsinger","floor":31,"turns":3},{"damage":3,"enemies":"DemoMod:Veteran_shot_gun_kin_and_blue_shotgun_kin","floor":32,"turns":4},{"damage":10,"enemies":"DemoMod:ResourcefulRat","floor":35,"turns":2}],"seed_played":"186921477254734600","potions_obtained":[{"floor":5,"key":"Fire Potion"},{"floor":7,"key":"theDuelist:SummonFuryPotion"},{"floor":16,"key":"theDuelist:LavaBottle"},{"floor":18,"key":"PowerPotion"},{"floor":28,"key":"jedi:StrikingPotion"},{"floor":29,"key":"theDuelist:LavaBottle"}],"is_trial":false,"path_per_floor":["M","?","M","M","M","R","E","R","T","R","?","E","?","$","R","B",null,"M","M","M","?","?","R","M","M","T","R","M","M","M","M","M","R","B","B"],"character_chosen":"THE_DUELIST","items_purchased":["DemoMod:GnawedKey","halation:LettersToHer"],"campfire_rested":0,"item_purchase_floors":[14,14],"current_hp_per_floor":[88,88,87,87,85,85,77,77,77,77,77,70,70,70,82,65,88,77,68,35,35,35,47,46,36,88,88,79,75,53,49,46,58,7,0,0],"gold":248,"neow_bonus":"TEN_PERCENT_HP_BONUS","is_daily":false,"chose_seed":false,"campfire_upgraded":7,"win_rate":0.0,"timestamp":1608927809,"path_taken":["M","?","?","M","?","R","E","R","T","R","?","E","?","$","R","BOSS","M","?","?","?","?","R","M","M","T","R","M","M","M","M","M","R","BOSS","BOSS"],"items_purchased_type":["Relic","Relic"],"build_version":"2020-12-22","purchased_purges":0,"victory":false,"max_hp_per_floor":[88,88,88,88,88,88,88,88,88,88,88,88,88,88,88,88,88,88,88,88,88,88,88,88,88,88,88,88,88,88,88,88,88,88,88,88],"card_choices":[{"not_picked":["theDuelist:NaturiaEggplant","theDuelist:NaturiaDragonfly","theDuelist:NaturiaCliff","theDuelist:BottomlessTrapHole"],"picked":"theDuelist:NaturiaHydrangea","floor":1},{"not_picked":["theDuelist:SeismicShockwave","theDuelist:HuntingInstinct"],"picked":"theDuelist:NaturiaGaiastrio","floor":3},{"not_picked":["theDuelist:NaturiaHydrangea","theDuelist:NaturiaCliff","theDuelist:FossilDig","theDuelist:NaturiaAntjaw"],"picked":"theDuelist:LonefireBlossom","floor":4},{"not_picked":["theDuelist:NaturiaSunflower","theDuelist:NaturiaTulip","theDuelist:Spore","theDuelist:MillenniumScorpion"],"picked":"theDuelist:NaturiaEggplant","floor":5},{"not_picked":["theDuelist:NaturiaBarkion","theDuelist:HuntingInstinct"],"picked":"theDuelist:NaturiaSpiderfang","floor":7},{"not_picked":["theDuelist:NaturiaEggplant","theDuelist:NaturiaCliff","theDuelist:NaturiaRock","theDuelist:NaturiaHydrangea"],"picked":"theDuelist:NaturiaTulip","floor":12},{"not_picked":["theDuelist:NaturiaForest","theDuelist:NaturiaVein","theDuelist:HuntingInstinct","theDuelist:Wildfire"],"picked":"theDuelist:Canyon","floor":16},{"not_picked":["theDuelist:Alpacaribou+1","theDuelist:CopyPlant+1","theDuelist:NaturiaSpiderfang","theDuelist:NaturiaParadizo"],"picked":"theDuelist:NaturiaBambooShoot","floor":18},{"not_picked":["theDuelist:WingedKuriboh","theDuelist:MagicHoleGolem","theDuelist:AttackTheMoon+1","theDuelist:MudragonSwamp"],"picked":"theDuelist:MillenniumScorpion","floor":19},{"not_picked":["theDuelist:NaturiaMarron","theDuelist:ExterioFang","theDuelist:BarkionBark","theDuelist:NaturiaCosmobeet"],"picked":"theDuelist:NaturiaPineapple+1","floor":20},{"not_picked":["theDuelist:MudragonSwamp","theDuelist:Wiseman+1","theDuelist:EarthEffigy","theDuelist:PotDichotomy","theDuelist:Reload"],"picked":"SKIP","floor":24},{"not_picked":["theDuelist:NaturiaHydrangea","theDuelist:NaturiaMarron","theDuelist:NaturiaEggplant","theDuelist:FossilDig"],"picked":"theDuelist:NaturiaSunflower","floor":25},{"not_picked":["theDuelist:NaturiaLeodrake","theDuelist:NatureReflection","theDuelist:NaturalDisaster"],"picked":"theDuelist:NaturiaSacredTree","floor":28},{"not_picked":["theDuelist:NaturiaForest","theDuelist:ClosedForest","theDuelist:Wildfire","theDuelist:HeartUnderdog"],"picked":"theDuelist:NaturiaHorneedle","floor":29},{"not_picked":["theDuelist:Sangan","theDuelist:DestroyerGolem","theDuelist:Mudora","theDuelist:BigFire+1","theDuelist:AttackTheMoon"],"picked":"SKIP","floor":30},{"not_picked":["theDuelist:NaturiaForest","theDuelist:NaturiaBarkion","theDuelist:Canyon","theDuelist:NaturiaHorneedle"],"picked":"theDuelist:MultiplicationOfAnts","floor":31},{"not_picked":["theDuelist:DestroyerGolem","theDuelist:MudragonSwamp","theDuelist:WingedKuriboh","theDuelist:AttackTheMoon+1","theDuelist:GraniteLoyalist"],"picked":"SKIP","floor":32}],"player_experience":42810,"relics_obtained":[{"floor":7,"key":"Golden Egg"},{"floor":9,"key":"infinitespire:Freezer"},{"floor":11,"key":"CCEMRelics:DerglesHeadphones"},{"floor":12,"key":"Pet Ghost"}],"event_choices":[{"cards_removed":["theDuelist:CastleWalls"],"damage_healed":0,"gold_gain":0,"player_choice":"Purged","damage_taken":0,"max_hp_gain":0,"max_hp_loss":0,"event_name":"Purifier","floor":2,"gold_loss":0},{"damage_healed":0,"gold_gain":0,"player_choice":"Ignored","damage_taken":0,"max_hp_gain":0,"max_hp_loss":0,"event_name":"betterNote:BetterNote","floor":13,"gold_loss":0,"cards_obtained":["conspire:Charge"]},{"damage_healed":0,"gold_gain":0,"player_choice":"Ignored","damage_taken":0,"max_hp_gain":0,"max_hp_loss":0,"event_name":"Ghosts","floor":21,"gold_loss":0},{"damage_healed":0,"gold_gain":0,"player_choice":"Rummage","damage_taken":0,"relics_obtained":["WarpedTongs"],"max_hp_gain":0,"max_hp_loss":0,"event_name":"Accursed Blacksmith","floor":22,"gold_loss":0,"cards_obtained":["Pain"]}],"is_beta":false,"boss_relics":[{"not_picked":["aspiration:DefectSkillbook","conspire:RoyalGoblet"],"picked":"Inserter"}],"items_purged_floors":[],"is_endless":false,"potions_floor_spawned":[5,7,16,18,28,29],"killed_by":"DemoMod:ResourcefulRat","ascension_level":0}}