{"host":"e40jm352kjzixotw","time":1608915046,"event":{"mods":["Arknights The Spire","BaseMod","Better Altar","BetterRewards","Colored Map","Colored Powertips","DeckTracker","Dota2Spire","Minty Spire (QoL Compilation)","Rare Cards Sparkle","Relic Stats","Shade Mod","StSLib","The Animator","TheSwordswoman"],"gold_per_floor":[118,118,118,138,138,138,157,191,191],"floor_reached":8,"playtime":389,"items_purged":[],"score":56,"play_id":"e59f6d23-ebd7-479a-b9ad-95c90bf9bde4","local_time":"20201225175046","is_ascension_mode":false,"campfire_choices":[{"data":"Shade:AnimateDead","floor":6,"key":"SMITH"}],"circlet_count":0,"master_deck":["Shade:Strike_Shade","Shade:Strike_Shade","Shade:Strike_Shade","Shade:Strike_Shade","Shade:Defend_Shade","Shade:Defend_Shade","Shade:Defend_Shade","Shade:Defend_Shade","Shade:AnimateDead+1","Shade:CarefulCut","Shade:Bonestorm+1","Shade:CallOfTheGrave","Shame","Shade:RitualOffering","Shade:CoffinDance"],"relics":["Shade:YorickSkull","NeowsBlessing","Dota2Spire:OctarineCore"],"acts_visited":["Exordium"],"potions_floor_usage":[],"damage_taken":[{"damage":0,"enemies":"Small Slimes","floor":1,"turns":1},{"damage":0,"enemies":"Cultist","floor":4,"turns":1},{"damage":0,"enemies":"2 Louse","floor":7,"turns":1},{"damage":45,"enemies":"3 Sentries","floor":8,"turns":10}],"seed_played":"7439306916296560901","potions_obtained":[{"floor":7,"key":"Dota2Spire:Clarity"}],"is_trial":false,"path_per_floor":["M","$","?","M","?","R","M","E"],"character_chosen":"SHADE","items_purchased":[],"campfire_rested":0,"item_purchase_floors":[],"current_hp_per_floor":[65,65,65,65,65,65,65,20,20],"gold":191,"neow_bonus":"THREE_ENEMY_KILL","is_daily":false,"chose_seed":false,"campfire_upgraded":1,"win_rate":0.0,"timestamp":1608915046,"path_taken":["M","$","?","?","?","R","M","E"],"items_purchased_type":[],"build_version":"2020-12-22","purchased_purges":0,"victory":false,"max_hp_per_floor":[65,65,65,65,65,65,65,65,65],"relic_stats":{"counters":[4,13],"obtain_stats":[{"NeowsBlessing":0,"Shade:YorickSkull":0,"Dota2Spire:OctarineCore":8},{"NeowsBlessing":0,"Shade:YorickSkull":0,"Dota2Spire:OctarineCore":4},{"NeowsBlessing":0,"Shade:YorickSkull":0,"Dota2Spire:OctarineCore":13}]},"card_choices":[{"not_picked":["Shade:Frenzy","Shade:FleshToFlesh"],"picked":"Shade:Bonestorm","floor":1},{"not_picked":["Shade:BoneShards","Shade:FleshToFlesh"],"picked":"Shade:RitualOffering","floor":4},{"not_picked":["Shade:FingerOfDeath","Shade:GreyBargain"],"picked":"Shade:CoffinDance","floor":7}],"player_experience":1160261,"relics_obtained":[{"floor":8,"key":"Dota2Spire:OctarineCore"}],"event_choices":[{"damage_healed":0,"gold_gain":0,"player_choice":"2 cards matched","damage_taken":0,"max_hp_gain":0,"max_hp_loss":0,"event_name":"Match and Keep!","floor":3,"gold_loss":0,"cards_obtained":["Shade:CallOfTheGrave","Shame"]},{"damage_healed":0,"gold_gain":0,"player_choice":"Grow","damage_taken":0,"max_hp_gain":0,"max_hp_loss":0,"event_name":"Living Wall","floor":5,"gold_loss":0,"cards_upgraded":["Shade:Bonestorm"]}],"is_beta":false,"boss_relics":[],"items_purged_floors":[],"is_endless":false,"potions_floor_spawned":[7],"killed_by":"3 Sentries","ascension_level":0}}