{"host":"wna8kqr6yweggo4i","time":1608871549,"event":{"mods":["BaseMod","Colored Powertips","Hermit","Hubris","Marisa????????","Minty Spire (QoL Compilation)","StSLib"],"gold_per_floor":[109,124,136,148,148,148,148,162,162,191,191,209,237,289,289,289,289],"floor_reached":16,"playtime":548,"items_purged":[],"score":112,"play_id":"96339c55-2332-4805-b96a-cfa62e71b129","local_time":"20201224224549","is_ascension_mode":false,"campfire_choices":[{"data":"hermit:BodyArmor","floor":7,"key":"SMITH"},{"floor":11,"key":"REST"},{"floor":15,"key":"REST"}],"circlet_count":0,"master_deck":["hermit:Strike_Hermit","hermit:Strike_Hermit","hermit:Strike_Hermit","hermit:Strike_Hermit","hermit:Defend_Hermit","hermit:Defend_Hermit","hermit:Defend_Hermit","hermit:Defend_Hermit","hermit:Snapshot","hermit:Covet","hermit:TakeAim+1","hermit:Ricochet","hermit:BodyArmor+1","hermit:Spite","hermit:BigShot","hermit:Coalescence","hermit:ItchyTrigger","hermit:GoldenBullet"],"relics":["hermit:Momento","Nunchaku","hubris:Towel","hubris:PeanutButter","Blood Vial","Turnip"],"acts_visited":["Exordium"],"potions_floor_usage":[16],"damage_taken":[{"damage":1.0,"enemies":"Cultist","floor":1.0,"turns":3.0},{"damage":6.0,"enemies":"2 Louse","floor":2.0,"turns":2.0},{"damage":0.0,"enemies":"Small Slimes","floor":3.0,"turns":3.0},{"damage":0.0,"enemies":"Looter","floor":4.0,"turns":2.0},{"damage":22,"enemies":"Exordium Wildlife","floor":8,"turns":5},{"damage":35,"enemies":"Gremlin Nob","floor":10,"turns":5},{"damage":0,"enemies":"Large Slime","floor":12,"turns":6},{"damage":26,"enemies":"Lagavulin","floor":13,"turns":6},{"damage":38,"enemies":"Hexaghost","floor":16,"turns":9}],"seed_played":"-8438690690623277580","potions_obtained":[{"floor":2.0,"key":"hermit:BlackBile"},{"floor":10,"key":"Swift Potion"},{"floor":12,"key":"BlessingOfTheForge"}],"is_trial":false,"path_per_floor":["M","M","M","M","?","?","R","M","T","E","R","M","E","?","R","B"],"character_chosen":"HERMIT","items_purchased":[],"campfire_rested":2,"item_purchase_floors":[],"current_hp_per_floor":[74,68,68,68,68,68,68,46,46,11,33,35,11,11,33,0,0],"gold":289,"neow_bonus":"RANDOM_COMMON_RELIC","is_daily":false,"chose_seed":false,"campfire_upgraded":1,"win_rate":0.0,"timestamp":1608871549,"path_taken":["M","?","?","?","?","?","R","M","T","E","R","M","E","?","R","BOSS"],"items_purchased_type":[],"build_version":"2020-12-22","purchased_purges":0,"victory":false,"max_hp_per_floor":[75,75,75,75,75,75,75,75,75,75,75,75,75,75,75,75,75],"card_choices":[{"not_picked":["hermit:BodyArmor","hermit:Vantage"],"picked":"hermit:TakeAim","floor":1.0},{"not_picked":["hermit:SprayPray","hermit:Showdown"],"picked":"hermit:Ricochet","floor":2.0},{"not_picked":["hermit:Roulette","hermit:EyeOfTheStorm"],"picked":"hermit:BodyArmor","floor":3.0},{"not_picked":["hermit:Quickdraw","hermit:LoneWolf"],"picked":"hermit:Spite","floor":4.0},{"not_picked":["hermit:Ricochet","hermit:WideOpen"],"picked":"hermit:BigShot","floor":8},{"not_picked":["hermit:Magnum","hermit:Showdown"],"picked":"hermit:Coalescence","floor":10},{"not_picked":["hermit:Determination","hermit:WideOpen"],"picked":"hermit:ItchyTrigger","floor":12},{"not_picked":["hermit:Horror","hermit:SprayPray"],"picked":"hermit:GoldenBullet","floor":13}],"player_experience":375997,"relics_obtained":[{"floor":9,"key":"hubris:PeanutButter"},{"floor":10,"key":"Blood Vial"},{"floor":13,"key":"Turnip"}],"event_choices":[{"damage_healed":0,"gold_gain":52,"player_choice":"Gained Gold","damage_taken":0,"max_hp_gain":0,"max_hp_loss":0,"event_name":"Golden Wing","floor":14,"gold_loss":0}],"is_beta":false,"boss_relics":[],"items_purged_floors":[],"is_endless":false,"potions_floor_spawned":[2,10,12],"killed_by":"Hexaghost","ascension_level":0}}