{"host":"x5anfo2w8aotfuta","time":1608871602,"event":{"mods":["AchievementEnabler","BaseMod","Bestiary","Block Reminder","Colored Map","Colored Powertips","DeckTracker","Highlight Path","Minty Spire (QoL Compilation)","Quick Restart","Rare Cards Sparkle","Relic Stats","StSLib"],"gold_per_floor":[118,133,149,133,150,150,179,179,229,260,276,276,276,308,320,437,449,472,500,525,537,563,603,615,661,698,727,739,751,794,821,833,945,957,985,1009,99,99,114,148,162,162,187,221,221,247,247,247,247,247,247,247,33,58,58,58],"floor_reached":55,"playtime":6441,"items_purged":["Strike_R","Strike_R"],"score":1121,"play_id":"8bc54dc3-d39d-470b-828a-a729dd16a2ea","local_time":"20201224204642","is_ascension_mode":true,"campfire_choices":[{"data":"Whirlwind","floor":6,"key":"SMITH"},{"data":"Demon Form","floor":8,"key":"SMITH"},{"data":"Berserk","floor":12,"key":"SMITH"},{"data":"Flame Barrier","floor":15,"key":"SMITH"},{"floor":24,"key":"REST"},{"floor":28,"key":"REST"},{"data":"Disarm","floor":32,"key":"SMITH"},{"data":"True Grit","floor":42,"key":"SMITH"},{"floor":45,"key":"RECALL"},{"floor":49,"key":"REST"},{"data":"Shockwave","floor":52,"key":"SMITH"}],"circlet_count":0,"master_deck":["Defend_R","Defend_R","Defend_R","Bash","Headbutt","Whirlwind+1","Flame Barrier+1","Thunderclap","Berserk+1","Demon Form+1","Dropkick","Feed","Anger+1","Uppercut+1","Battle Trance+1","Shrug It Off+1","Disarm+1","Battle Trance","Seeing Red+1","Shockwave+1","True Grit+1","Bandage Up","Trip","Shrug It Off+1","Shockwave+1","Shrug It Off+1"],"relics":["Burning Blood","Smiling Mask","Orichalcum","The Courier","MawBank","Astrolabe","Gremlin Horn","Pen Nib","Pantograph","Runic Cube","Medical Kit","PreservedInsect","Regal Pillow","Vajra","Akabeko","Blood Vial","Toy Ornithopter","Bag of Marbles","Turnip","Happy Flower","Pear"],"acts_visited":["Exordium","TheCity","TheBeyond","TheEnding"],"potions_floor_usage":[14,16,18,23,23,23,25,31,33,40,41,44,46,54,55],"damage_taken":[{"damage":6,"enemies":"2 Louse","floor":1,"turns":3},{"damage":7,"enemies":"Jaw Worm","floor":2,"turns":3},{"damage":1,"enemies":"Cultist","floor":3,"turns":3},{"damage":13,"enemies":"Exordium Thugs","floor":4,"turns":4},{"damage":8,"enemies":"Blue Slaver","floor":5,"turns":5},{"damage":12,"enemies":"Gremlin Nob","floor":7,"turns":3},{"damage":6,"enemies":"Lagavulin","floor":10,"turns":7},{"damage":0,"enemies":"Large Slime","floor":11,"turns":4},{"damage":23,"enemies":"3 Sentries","floor":14,"turns":6},{"damage":0,"enemies":"Slime Boss","floor":16,"turns":5},{"damage":1,"enemies":"2 Thieves","floor":18,"turns":3},{"damage":18,"enemies":"Shell Parasite","floor":19,"turns":5},{"damage":20,"enemies":"Chosen and Byrds","floor":20,"turns":5},{"damage":15,"enemies":"Centurion and Healer","floor":22,"turns":5},{"damage":36,"enemies":"Slavers","floor":23,"turns":5},{"damage":54,"enemies":"Book of Stabbing","floor":25,"turns":5},{"damage":6,"enemies":"3 Cultists","floor":27,"turns":5},{"damage":3,"enemies":"Gremlin Leader","floor":30,"turns":5},{"damage":12,"enemies":"Sentry and Sphere","floor":31,"turns":4},{"damage":20,"enemies":"Collector","floor":33,"turns":5},{"damage":25,"enemies":"3 Shapes","floor":35,"turns":7},{"damage":26,"enemies":"3 Darklings","floor":36,"turns":5},{"damage":5,"enemies":"4 Shapes","floor":39,"turns":10},{"damage":20,"enemies":"Giant Head","floor":40,"turns":6},{"damage":20,"enemies":"Maw","floor":41,"turns":8},{"damage":4,"enemies":"Reptomancer","floor":44,"turns":5},{"damage":72,"enemies":"Giant Head","floor":46,"turns":9},{"damage":75,"enemies":"Awakened One","floor":50,"turns":12},{"damage":29,"enemies":"Shield and Spear","floor":54,"turns":5},{"damage":143,"enemies":"The Heart","floor":55,"turns":8}],"seed_played":"-807231837337563803","potions_obtained":[{"floor":4,"key":"Dexterity Potion"},{"floor":5,"key":"SpeedPotion"},{"floor":10,"key":"PowerPotion"},{"floor":14,"key":"DuplicationPotion"},{"floor":16,"key":"SneckoOil"},{"floor":22,"key":"FearPotion"},{"floor":23,"key":"AttackPotion"},{"floor":25,"key":"LiquidMemories"},{"floor":31,"key":"Weak Potion"},{"floor":36,"key":"EssenceOfSteel"},{"floor":39,"key":"Energy Potion"},{"floor":41,"key":"Regen Potion"},{"floor":44,"key":"Strength Potion"}],"is_trial":false,"path_per_floor":["M","M","M","M","M","R","E","R","T","E","M","R","?","E","R","B",null,"M","M","M","?","M","E","R","E","T","M","R","?","E","M","R","B",null,"M","M","$","?","M","E","M","R","T","E","R","E","?","?","R","B",null,"R","$","E","B"],"character_chosen":"IRONCLAD","items_purchased":["Shockwave","True Grit","Medical Kit","PreservedInsect","Regal Pillow","Vajra","Akabeko","Block Potion","Bandage Up","Trip","Happy Flower","SpeedPotion"],"campfire_rested":3,"item_purchase_floors":[37,37,37,37,37,37,37,37,37,37,53,53],"current_hp_per_floor":[88,87,88,81,79,79,73,73,73,73,79,79,79,62,62,68,83,91,79,68,68,62,35,65,20,20,20,50,50,56,50,50,61,95,79,59,59,59,67,57,52,52,52,68,68,31,31,31,82,47,105,105,105,103,0,0],"gold":58,"neow_bonus":"TEN_PERCENT_HP_BONUS","is_daily":false,"chose_seed":false,"campfire_upgraded":7,"win_rate":0.0,"timestamp":1608871602,"path_taken":["M","M","M","M","M","R","E","R","T","E","M","R","?","E","R","BOSS","M","M","M","?","M","E","R","E","T","M","R","?","E","M","R","BOSS","M","?","$","?","M","E","M","R","T","E","R","E","?","?","R","BOSS","R","$","E","BOSS"],"items_purchased_type":["Card","Card","Relic","Relic","Relic","Relic","Relic","Potion","Card","Card","Relic","Potion"],"build_version":"2020-12-22","purchased_purges":2,"victory":false,"max_hp_per_floor":[88,88,88,88,88,88,88,88,88,88,88,88,88,88,88,88,88,91,91,94,94,97,100,100,103,103,103,103,103,106,106,106,106,106,109,109,109,109,112,112,115,115,115,118,118,121,121,121,121,124,124,124,124,134,134,134],"relic_stats":{"Regal Pillow":15,"Gremlin Horn":[22,25],"Happy Flower":[4],"counters":[30,165],"Astrolabe":["Anger","Uppercut","Perfected Strike"],"Pen Nib":[16],"PreservedInsect":375,"Orichalcum":[330],"Smiling Mask":40,"MawBank":276,"Medical Kit":[5],"Burning Blood":170,"Blood Vial":12,"Pantograph":75,"Turnip":[2],"obtain_stats":[{"Regal Pillow":37,"Pear":54,"Gremlin Horn":23,"Happy Flower":53,"Astrolabe":17,"Vajra":37,"The Courier":10,"Pen Nib":25,"PreservedInsect":37,"Orichalcum":9,"Smiling Mask":7,"MawBank":14,"Medical Kit":37,"Burning Blood":0,"Akabeko":37,"Blood Vial":40,"Pantograph":30,"Turnip":46,"Bag of Marbles":44,"Toy Ornithopter":43,"Runic Cube":34},{"Regal Pillow":22,"Pear":29,"Gremlin Horn":15,"Happy Flower":28,"Astrolabe":10,"Vajra":22,"The Courier":7,"Pen Nib":16,"PreservedInsect":22,"Orichalcum":6,"Smiling Mask":6,"MawBank":9,"Medical Kit":22,"Burning Blood":0,"Akabeko":22,"Blood Vial":24,"Pantograph":18,"Turnip":27,"Bag of Marbles":26,"Toy Ornithopter":25,"Runic Cube":20},{"Regal Pillow":102,"Pear":157,"Gremlin Horn":66,"Happy Flower":152,"Astrolabe":43,"Vajra":102,"The Courier":28,"Pen Nib":71,"PreservedInsect":102,"Orichalcum":21,"Smiling Mask":21,"MawBank":38,"Medical Kit":102,"Burning Blood":0,"Akabeko":102,"Blood Vial":118,"Pantograph":81,"Turnip":140,"Bag of Marbles":131,"Toy Ornithopter":126,"Runic Cube":90}],"Toy Ornithopter":20,"Runic Cube":[54]},"card_choices":[{"not_picked":["Warcry","Heavy Blade"],"picked":"Headbutt","floor":1},{"not_picked":["Sever Soul","Flex"],"picked":"Whirlwind","floor":2},{"not_picked":["Body Slam","Power Through"],"picked":"Flame Barrier","floor":3},{"not_picked":["Evolve","Anger"],"picked":"Thunderclap","floor":4},{"not_picked":["Heavy Blade","Dark Embrace"],"picked":"Berserk","floor":5},{"not_picked":["Second Wind","Sword Boomerang"],"picked":"Demon Form","floor":7},{"not_picked":["Rage","Wild Strike","Intimidate"],"picked":"SKIP","floor":10},{"not_picked":["Bloodletting","Intimidate","Twin Strike"],"picked":"SKIP","floor":11},{"not_picked":["Reckless Charge","Sever Soul"],"picked":"Dropkick","floor":14},{"not_picked":["Berserk","Brutality"],"picked":"Feed","floor":16},{"not_picked":["Sword Boomerang","Rupture","Spot Weakness"],"picked":"SKIP","floor":18},{"not_picked":["Headbutt+1","Havoc+1","Rupture"],"picked":"SKIP","floor":19},{"not_picked":["Sword Boomerang","Combust"],"picked":"Battle Trance+1","floor":20},{"not_picked":["Headbutt","Sword Boomerang","Body Slam"],"picked":"SKIP","floor":22},{"not_picked":["Hemokinesis","Combust+1","Fire Breathing"],"picked":"SKIP","floor":23},{"not_picked":["Sever Soul+1","Bloodletting"],"picked":"Shrug It Off","floor":25},{"not_picked":["Sword Boomerang+1","Carnage","Uppercut+1"],"picked":"SKIP","floor":27},{"not_picked":["Clothesline+1","Dark Embrace"],"picked":"Disarm","floor":30},{"not_picked":["Juggernaut","Body Slam"],"picked":"Battle Trance","floor":31},{"not_picked":["Burning Pact","Pommel Strike","Dropkick+1"],"picked":"SKIP","floor":35},{"not_picked":["Rage","Headbutt+1"],"picked":"Seeing Red+1","floor":36},{"not_picked":["Cleave+1","Shockwave"],"picked":"Shrug It Off+1","floor":39},{"not_picked":["Rage","Seeing Red+1"],"picked":"Shockwave+1","floor":40},{"not_picked":["Spot Weakness","Anger"],"picked":"Shrug It Off+1","floor":41},{"not_picked":["Armaments","Sword Boomerang+1","Clash+1"],"picked":"SKIP","floor":44},{"not_picked":["Anger","Limit Break","Thunderclap+1"],"picked":"SKIP","floor":46},{"not_picked":["Power Through+1","True Grit","Armaments+1"],"picked":"SKIP","floor":54}],"player_experience":372595,"relics_obtained":[{"floor":7,"key":"Smiling Mask"},{"floor":9,"key":"Orichalcum"},{"floor":10,"key":"The Courier"},{"floor":14,"key":"MawBank"},{"floor":23,"key":"Gremlin Horn"},{"floor":25,"key":"Pen Nib"},{"floor":30,"key":"Pantograph"},{"floor":40,"key":"Blood Vial"},{"floor":43,"key":"Toy Ornithopter"},{"floor":44,"key":"Bag of Marbles"},{"floor":46,"key":"Turnip"},{"floor":54,"key":"Pear"}],"event_choices":[{"damage_healed":0,"gold_gain":0,"player_choice":"Ignored","damage_taken":0,"max_hp_gain":0,"max_hp_loss":0,"event_name":"Liars Game","floor":13,"gold_loss":0},{"cards_removed":["Strike_R"],"damage_healed":0,"gold_gain":0,"player_choice":"Elegance","damage_taken":0,"max_hp_gain":0,"max_hp_loss":0,"event_name":"Back to Basics","floor":21,"gold_loss":0},{"damage_healed":0,"gold_gain":0,"player_choice":"Forge","damage_taken":0,"max_hp_gain":0,"max_hp_loss":0,"event_name":"Accursed Blacksmith","floor":29,"gold_loss":0,"cards_upgraded":["Shrug It Off"]},{"cards_removed":["Perfected Strike"],"damage_healed":0,"gold_gain":0,"player_choice":"Removed Attack","damage_taken":0,"max_hp_gain":0,"max_hp_loss":0,"event_name":"Falling","floor":38,"gold_loss":0},{"damage_healed":0,"gold_gain":0,"player_choice":"Ignored","damage_taken":0,"max_hp_gain":0,"max_hp_loss":0,"event_name":"Mysterious Sphere","floor":47,"gold_loss":0},{"damage_healed":0,"gold_gain":0,"player_choice":"Memory 1","damage_taken":0,"max_hp_gain":0,"max_hp_loss":0,"event_name":"SensoryStone","floor":48,"gold_loss":0}],"is_beta":false,"boss_relics":[{"not_picked":["Empty Cage","Black Blood"],"picked":"Astrolabe"},{"not_picked":["Philosopher\u0027s Stone","SacredBark"],"picked":"Runic Cube"}],"items_purged_floors":[37,53],"is_endless":false,"potions_floor_spawned":[4,5,10,14,16,22,23,25,31,36,39,41,44],"killed_by":"The Heart","ascension_level":5}}