{"host":"raai0vtvcfkt8csp","time":1608923104,"event":{"mods":["2.2 Compatiblity","AchievementEnabler","BaseMod","Block Reminder","DeckTracker","Defective Defect","GifTheSpireLib","Minty Spire (QoL Compilation)","Quick Restart","Random Character Button","Rare Cards Sparkle","StSLib","Unceasing Turn Reminder"],"gold_per_floor":[113,188,33,33,49,81,81,10,37,62,75,107,121,139,139,241,241,257,268,268,284,284,313,313,313],"floor_reached":24,"playtime":1139,"items_purged":[],"score":274,"play_id":"9b175e88-e581-49c3-96da-56b356894f98","local_time":"20201225200504","is_ascension_mode":true,"campfire_choices":[{"data":"Double Tap","floor":7,"key":"SMITH"},{"data":"Berserk","floor":15,"key":"SMITH"}],"circlet_count":0,"master_deck":["Strike_R","Strike_R","Strike_R","Strike_R","Defend_R","Defend_R","Defend_R","Defend_R","Bash","Disarm","Reckless Charge","Double Tap+1","Fire Breathing","Berserk+1","Fire Breathing","Reckless Charge","Warcry","Shockwave","Barricade","Seeing Red","Dual Wield+1","Disarm+1","Iron Wave"],"relics":["Burning Blood","NeowsBlessing","Toolbox","Mercury Hourglass","Happy Flower","Gremlin Horn","Cursed Key","Nloth\u0027s Gift","Omamori"],"acts_visited":["Exordium","TheCity"],"potions_floor_usage":[10,21,24],"damage_taken":[{"damage":0,"enemies":"Jaw Worm","floor":1,"turns":1},{"damage":0,"enemies":"Cultist","floor":5,"turns":1},{"damage":0,"enemies":"Lagavulin","floor":6,"turns":1},{"damage":6,"enemies":"Gremlin Nob","floor":10,"turns":3},{"damage":8,"enemies":"Small Slimes","floor":11,"turns":3},{"damage":9,"enemies":"Lagavulin","floor":12,"turns":5},{"damage":0,"enemies":"3 Louse","floor":13,"turns":2},{"damage":3,"enemies":"Gremlin Gang","floor":14,"turns":2},{"damage":52,"enemies":"The Guardian","floor":16,"turns":12},{"damage":2,"enemies":"Chosen","floor":18,"turns":4},{"damage":23,"enemies":"Shell Parasite","floor":19,"turns":6},{"damage":21,"enemies":"Centurion and Healer","floor":21,"turns":9},{"damage":30,"enemies":"Book of Stabbing","floor":23,"turns":5},{"damage":11,"enemies":"Snake Plant","floor":24,"turns":1}],"seed_played":"-1015483251169626224","potions_obtained":[{"floor":5,"key":"DuplicationPotion"},{"floor":6,"key":"ColorlessPotion"},{"floor":10,"key":"SpeedPotion"},{"floor":16,"key":"Strength Potion"},{"floor":21,"key":"SteroidPotion"}],"is_trial":false,"path_per_floor":["M","?","$","?","M","E","R","$","T","E","M","E","M","M","R","B",null,"M","M","?","M","?","E","M"],"character_chosen":"IRONCLAD","items_purchased":["Toolbox","Fire Breathing"],"campfire_rested":0,"item_purchase_floors":[3,8],"current_hp_per_floor":[80,69,69,69,75,80,80,80,80,80,78,75,80,80,80,34,80,80,63,48,33,33,9,0,0],"gold":313,"neow_bonus":"THREE_ENEMY_KILL","is_daily":false,"chose_seed":false,"campfire_upgraded":2,"win_rate":0.0,"timestamp":1608923104,"path_taken":["M","?","$","?","?","E","R","?","T","E","M","E","M","M","R","BOSS","M","M","?","M","?","E","M"],"items_purchased_type":["Relic","Card"],"build_version":"2020-12-22","purchased_purges":0,"victory":false,"max_hp_per_floor":[80,80,80,80,80,80,80,80,80,80,80,80,80,80,80,80,80,80,80,85,85,85,85,85,85],"card_choices":[{"not_picked":["Clothesline","Twin Strike"],"picked":"Disarm","floor":1},{"not_picked":["Cleave","Anger"],"picked":"Reckless Charge","floor":5},{"not_picked":["Blood for Blood","Clash"],"picked":"Double Tap","floor":6},{"not_picked":["Warcry","Dropkick"],"picked":"Berserk","floor":10},{"not_picked":["Dropkick","Evolve"],"picked":"Fire Breathing","floor":11},{"not_picked":["Thunderclap","Pummel"],"picked":"Reckless Charge","floor":12},{"not_picked":["Flex","Perfected Strike"],"picked":"Warcry","floor":13},{"not_picked":["Searing Blow","Sword Boomerang"],"picked":"Shockwave","floor":14},{"not_picked":["Bludgeon","Limit Break"],"picked":"Barricade","floor":16},{"not_picked":["Thunderclap","Iron Wave"],"picked":"Seeing Red","floor":18},{"not_picked":["Sword Boomerang","Anger"],"picked":"Dual Wield+1","floor":19},{"not_picked":["Inflame+1","Flex"],"picked":"Disarm+1","floor":21},{"not_picked":["Barricade","Flex"],"picked":"Iron Wave","floor":23}],"player_experience":452728,"relics_obtained":[{"floor":6,"key":"Mercury Hourglass"},{"floor":9,"key":"PreservedInsect"},{"floor":10,"key":"Happy Flower"},{"floor":12,"key":"Gremlin Horn"},{"floor":23,"key":"Omamori"}],"event_choices":[{"damage_healed":0,"gold_gain":75,"player_choice":"Gather Gold","damage_taken":11,"max_hp_gain":0,"max_hp_loss":0,"event_name":"World of Goop","floor":2,"gold_loss":0},{"cards_removed":["Strike_R"],"damage_healed":0,"gold_gain":0,"player_choice":"Offered Basic","damage_taken":0,"max_hp_gain":0,"max_hp_loss":0,"event_name":"Bonfire Elementals","floor":4,"gold_loss":0},{"damage_healed":0,"gold_gain":0,"player_choice":"Shed Blood","damage_taken":20,"max_hp_gain":5,"max_hp_loss":0,"event_name":"Forgotten Altar","floor":20,"gold_loss":0},{"damage_healed":0,"gold_gain":0,"player_choice":"Traded Relic","damage_taken":0,"relics_obtained":["Nloth\u0027s Gift"],"max_hp_gain":0,"max_hp_loss":0,"event_name":"N\u0027loth","floor":22,"relics_lost":["PreservedInsect"],"gold_loss":0}],"is_beta":false,"boss_relics":[{"not_picked":["Fusion Hammer","Ectoplasm"],"picked":"Cursed Key"}],"items_purged_floors":[],"is_endless":false,"potions_floor_spawned":[5,6,10,16,21],"killed_by":"Snake Plant","ascension_level":1}}