{"host":"jn2qdns2nxijvlnt","time":1608868539,"event":{"mods":["BaseMod","Minty Spire (QoL Compilation)","Quick Restart"],"gold_per_floor":[11,11,11,36,36,69,69,102,128,128,147,163,26,26,26,124,124,139,139,157,207,222,222,222,222,222,242,242,292,308,329,329,424,487,510,16,35,66,66,106,106,106,106],"floor_reached":42,"playtime":3306,"items_purged":[],"score":868,"play_id":"3a82fe33-b74d-4ec8-aa10-4986034f002d","local_time":"20201224225539","is_ascension_mode":true,"campfire_choices":[{"floor":7.0,"key":"REST"},{"floor":10.0,"key":"REST"},{"data":"Shockwave","floor":15.0,"key":"SMITH"},{"floor":23.0,"key":"REST"},{"floor":25.0,"key":"REST"},{"floor":32.0,"key":"REST"}],"circlet_count":0,"master_deck":["AscendersBane","Strike_R","Strike_R","Strike_R","Strike_R","Strike_R","Defend_R","Defend_R","Defend_R","Bash","Pommel Strike","Ghostly Armor","Shockwave+1","Perfected Strike","Uppercut","Impervious","Pommel Strike","Twin Strike","Writhe"],"relics":["Burning Blood","Dead Branch","Golden Idol","Blood Vial","Orichalcum","Smiling Mask","Busted Crown","Nilry\u0027s Codex","Kunai","Tiny House","Membership Card","Shovel","Ancient Tea Set","Incense Burner","Pantograph"],"acts_visited":["Exordium","TheCity","TheBeyond"],"potions_floor_usage":[],"damage_taken":[{"damage":20.0,"enemies":"Small Slimes","floor":1.0,"turns":3.0},{"damage":12.0,"enemies":"Jaw Worm","floor":4.0,"turns":3.0},{"damage":34.0,"enemies":"3 Sentries","floor":6.0,"turns":8.0},{"damage":20.0,"enemies":"Lagavulin","floor":8.0,"turns":6.0},{"damage":8.0,"enemies":"2 Louse","floor":11.0,"turns":3.0},{"damage":2.0,"enemies":"Looter","floor":12.0,"turns":3.0},{"damage":52.0,"enemies":"The Guardian","floor":16.0,"turns":8.0},{"damage":9.0,"enemies":"Shell Parasite","floor":18.0,"turns":5.0},{"damage":43.0,"enemies":"3 Byrds","floor":20.0,"turns":6.0},{"damage":14.0,"enemies":"Snake Plant","floor":22.0,"turns":4.0},{"damage":13.0,"enemies":"Centurion and Healer","floor":27.0,"turns":5.0},{"damage":8.0,"enemies":"3 Cultists","floor":30.0,"turns":5.0},{"damage":15.0,"enemies":"Snake Plant","floor":31.0,"turns":4.0},{"damage":57.0,"enemies":"Champ","floor":33.0,"turns":11.0},{"damage":29.0,"enemies":"3 Darklings","floor":35.0,"turns":7.0},{"damage":9.0,"enemies":"Orb Walker","floor":37.0,"turns":3.0},{"damage":15.0,"enemies":"Mind Bloom Boss Battle","floor":38.0,"turns":8.0},{"damage":49.0,"enemies":"Nemesis","floor":40.0,"turns":11.0},{"damage":23,"enemies":"3 Darklings","floor":42,"turns":4}],"seed_played":"-747623271745673449","potions_obtained":[{"floor":4.0,"key":"BloodPotion"},{"floor":11.0,"key":"Strength Potion"},{"floor":16.0,"key":"SneckoOil"},{"floor":18.0,"key":"CultistPotion"},{"floor":30.0,"key":"DistilledChaos"},{"floor":33.0,"key":"SpeedPotion"},{"floor":34.0,"key":"BloodPotion"},{"floor":38.0,"key":"ColorlessPotion"}],"is_trial":false,"path_per_floor":["M","?","?","M","$","E","R","E","T","R","M","M","$","?","R","B",null,"M","?","M","?","M","R","?","R","T","M","?","?","M","M","R","B",null,"M","$","M","?","?","E","?","M"],"character_chosen":"IRONCLAD","items_purchased":["Strength Potion","Uppercut","Membership Card","Shovel","Ancient Tea Set","HeartOfIron","SkillPotion"],"campfire_rested":5,"item_purchase_floors":[13,13,36,36,36,36,36],"current_hp_per_floor":[54,54,47,56,56,28,50,38,38,60,60,66,66,71,71,27,67,66,66,31,31,25,49,28,52,52,47,47,47,47,40,64,15,69,65,65,64,57,74,33,33,12,12],"gold":106,"neow_bonus":"ONE_RARE_RELIC","is_daily":false,"chose_seed":false,"campfire_upgraded":1,"win_rate":0.0,"timestamp":1608868539,"path_taken":["M","?","?","M","$","E","R","E","T","R","M","M","$","?","R","BOSS","M","?","M","?","M","R","?","R","T","M","?","?","?","M","R","BOSS","M","$","M","?","?","E","?","M"],"items_purchased_type":["Potion","Card","Relic","Relic","Relic","Potion","Potion"],"build_version":"2020-12-22","purchased_purges":0,"victory":false,"max_hp_per_floor":[75,75,75,75,75,75,75,75,75,75,75,75,75,80,80,80,80,80,80,80,80,80,80,80,80,80,80,80,80,80,80,80,80,85,85,85,85,85,85,85,85,85,85],"card_choices":[{"not_picked":["Twin Strike","Rampage"],"picked":"Pommel Strike","floor":1.0},{"not_picked":["Headbutt","Heavy Blade"],"picked":"Ghostly Armor","floor":4.0},{"not_picked":["Twin Strike","Burning Pact"],"picked":"Shockwave","floor":6.0},{"not_picked":["Armaments","Body Slam","Combust"],"picked":"SKIP","floor":8.0},{"not_picked":["Sentinel","Flex","Armaments"],"picked":"SKIP","floor":11.0},{"not_picked":["Clash","Evolve"],"picked":"Perfected Strike","floor":12.0},{"not_picked":["Feed","Limit Break"],"picked":"Impervious","floor":16.0},{"not_picked":["Clothesline"],"picked":"SKIP","floor":18.0},{"not_picked":["Second Wind"],"picked":"SKIP","floor":20.0},{"not_picked":[],"picked":"Pommel Strike","floor":22.0},{"not_picked":["Burning Pact+1"],"picked":"SKIP","floor":27.0},{"not_picked":["Sword Boomerang"],"picked":"SKIP","floor":30.0},{"not_picked":[],"picked":"Twin Strike","floor":31.0},{"not_picked":["Iron Wave+1"],"picked":"SKIP","floor":35.0},{"not_picked":["Hemokinesis"],"picked":"SKIP","floor":37.0},{"not_picked":["Shrug It Off"],"picked":"SKIP","floor":40.0}],"player_experience":435489,"relics_obtained":[{"floor":6.0,"key":"Blood Vial"},{"floor":8.0,"key":"Orichalcum"},{"floor":9.0,"key":"Smiling Mask"},{"floor":24.0,"key":"Nilry\u0027s Codex"},{"floor":26.0,"key":"Kunai"},{"floor":38.0,"key":"Incense Burner"},{"floor":40.0,"key":"Pantograph"}],"event_choices":[{"damage_healed":0.0,"max_hp_gain":0.0,"max_hp_loss":0.0,"gold_gain":0.0,"event_name":"Golden Idol","player_choice":"Take Wound","floor":2.0,"gold_loss":0.0,"damage_taken":0.0,"relics_obtained":["Golden Idol"],"cards_obtained":["Injury"]},{"cards_removed":["Injury"],"damage_healed":0.0,"max_hp_gain":0.0,"max_hp_loss":0.0,"gold_gain":0.0,"event_name":"Golden Wing","player_choice":"Card Removal","floor":3.0,"gold_loss":0.0,"damage_taken":7.0},{"damage_healed":0.0,"max_hp_gain":5.0,"max_hp_loss":0.0,"gold_gain":0.0,"event_name":"Big Fish","player_choice":"Donut","floor":14.0,"gold_loss":0.0,"damage_taken":0.0},{"damage_healed":0.0,"max_hp_gain":0.0,"max_hp_loss":0.0,"gold_gain":0.0,"event_name":"Ghosts","player_choice":"Ignored","floor":19.0,"gold_loss":0.0,"damage_taken":0.0},{"damage_healed":0.0,"max_hp_gain":0.0,"max_hp_loss":0.0,"gold_gain":50.0,"event_name":"Nest","player_choice":"Stole From Cult","floor":21.0,"gold_loss":0.0,"damage_taken":0.0},{"damage_healed":0.0,"max_hp_gain":0.0,"max_hp_loss":0.0,"gold_gain":0.0,"event_name":"Cursed Tome","player_choice":"Obtained Book","floor":24.0,"gold_loss":0.0,"damage_taken":21.0},{"damage_healed":0.0,"max_hp_gain":0.0,"max_hp_loss":0.0,"gold_gain":0.0,"event_name":"Beggar","player_choice":"Ignored","floor":28.0,"gold_loss":0.0,"damage_taken":0.0},{"damage_healed":0.0,"max_hp_gain":0.0,"max_hp_loss":0.0,"gold_gain":100.0,"event_name":"The Joust","player_choice":"Bet on Murderer","floor":29.0,"gold_loss":50.0,"damage_taken":0.0},{"damage_healed":0.0,"max_hp_gain":0.0,"max_hp_loss":0.0,"gold_gain":0.0,"event_name":"MindBloom","player_choice":"Fight","floor":38.0,"gold_loss":0.0,"damage_taken":0.0},{"damage_healed":17.0,"max_hp_gain":0.0,"max_hp_loss":0.0,"gold_gain":0.0,"event_name":"Winding Halls","player_choice":"Writhe","floor":39.0,"gold_loss":0.0,"damage_taken":0.0,"cards_obtained":["Writhe"]},{"cards_removed":["Defend_R"],"damage_healed":0.0,"max_hp_gain":0.0,"max_hp_loss":0.0,"gold_gain":0.0,"event_name":"Falling","player_choice":"Removed Skill","floor":41.0,"gold_loss":0.0,"damage_taken":0.0}],"is_beta":false,"boss_relics":[{"not_picked":["Snecko Eye","Black Star"],"picked":"Busted Crown"},{"not_picked":["Pandora\u0027s Box","Runic Pyramid"],"picked":"Tiny House"}],"items_purged_floors":[],"is_endless":false,"potions_floor_spawned":[4,11,16,18,30,33,38],"killed_by":"3 Darklings","ascension_level":20}}