{"host":"yp47u74hk6n79vj1","time":1608860337,"event":{"mods":["BaseMod","Minty Spire (QoL Compilation)"],"gold_per_floor":[110,128,53,128,147,147,182,182,206,216,226,239,268,268,268,372,372,383,24,24,36,36,36,62,81,132,132,132],"floor_reached":27,"playtime":821,"items_purged":["Defend_B","Defend_B"],"score":243,"play_id":"d5e6969f-873f-458c-a795-614ded4781af","local_time":"20201224203857","is_ascension_mode":false,"campfire_choices":[{"data":"Sunder","floor":6,"key":"SMITH"},{"data":"Capacitor","floor":15,"key":"SMITH"},{"data":"Creative AI","floor":23,"key":"SMITH"}],"circlet_count":0,"master_deck":["Strike_B+1","Strike_B+1","Defend_B","Zap+1","Dualcast","Turbo","Cold Snap","Sunder+1","Coolheaded","Chaos","Hologram","Capacitor+1","Creative AI+1","Core Surge+1","Heatsinks+1","FTL+1","Turbo","Leap"],"relics":["Cracked Core","Whetstone","Omamori","MealTicket","Oddly Smooth Stone","Astrolabe","Letter Opener","Sundial","Potion Belt","Smiling Mask"],"acts_visited":["Exordium","TheCity"],"potions_floor_usage":[7,16,18,24],"damage_taken":[{"damage":1,"enemies":"2 Louse","floor":1,"turns":2},{"damage":1,"enemies":"Jaw Worm","floor":2,"turns":3},{"damage":0,"enemies":"Small Slimes","floor":5,"turns":3},{"damage":14,"enemies":"3 Sentries","floor":7,"turns":6},{"damage":0,"enemies":"2 Fungi Beasts","floor":10,"turns":2},{"damage":0,"enemies":"Blue Slaver","floor":11,"turns":2},{"damage":3,"enemies":"Exordium Thugs","floor":12,"turns":2},{"damage":11,"enemies":"Gremlin Nob","floor":13,"turns":3},{"damage":28,"enemies":"Hexaghost","floor":16,"turns":10},{"damage":17,"enemies":"3 Byrds","floor":18,"turns":4},{"damage":24,"enemies":"Shell Parasite","floor":21,"turns":6},{"damage":34,"enemies":"Slavers","floor":24,"turns":6},{"damage":13,"enemies":"Snake Plant","floor":25,"turns":4}],"seed_played":"3785773559229287433","potions_obtained":[{"floor":1,"key":"SteroidPotion"},{"floor":7,"key":"FocusPotion"},{"floor":10,"key":"LiquidBronze"},{"floor":13,"key":"Fire Potion"},{"floor":16,"key":"AttackPotion"},{"floor":21,"key":"DuplicationPotion"},{"floor":25,"key":"DuplicationPotion"}],"is_trial":false,"path_per_floor":["M","M","$","?","M","R","E","?","T","M","M","M","E","?","R","B",null,"M","$","?","M","?","R","E","M","T","?"],"character_chosen":"DEFECT","items_purchased":["Letter Opener"],"campfire_rested":0,"item_purchase_floors":[19],"current_hp_per_floor":[74,73,73,62,62,62,48,48,48,48,48,45,34,31,31,3,75,58,73,73,49,49,49,15,2,2,0,0],"gold":132,"neow_bonus":"UPGRADE_CARD","is_daily":false,"chose_seed":false,"campfire_upgraded":3,"win_rate":0.0,"timestamp":1608860337,"path_taken":["M","M","$","?","M","R","E","?","T","?","M","M","E","?","R","BOSS","M","$","?","M","?","R","E","?","T","?"],"items_purchased_type":["Relic"],"build_version":"2020-12-22","purchased_purges":2,"victory":false,"max_hp_per_floor":[75,75,75,75,75,75,75,75,75,75,75,75,75,75,75,75,75,75,75,75,75,75,75,75,75,75,75,75],"card_choices":[{"not_picked":["FTL","Fusion"],"picked":"Turbo","floor":1},{"not_picked":["Lockon","Genetic Algorithm"],"picked":"Cold Snap","floor":2},{"not_picked":["Compile Driver","Conserve Battery"],"picked":"Sunder","floor":5},{"not_picked":["Rebound","Heatsinks"],"picked":"Coolheaded","floor":7},{"not_picked":["Blizzard","Sweeping Beam","Rebound"],"picked":"SKIP","floor":10},{"not_picked":["All For One","Lockon"],"picked":"Chaos","floor":11},{"not_picked":["Gash","Stack"],"picked":"Hologram","floor":12},{"not_picked":["Steam Power","Rip and Tear"],"picked":"Capacitor","floor":13},{"not_picked":["Multi-Cast","Buffer"],"picked":"Creative AI","floor":16},{"not_picked":["Double Energy","Aggregate","Compile Driver"],"picked":"SKIP","floor":18},{"not_picked":["Leap","Cold Snap"],"picked":"Turbo","floor":21},{"not_picked":["Genetic Algorithm","Ball Lightning+1"],"picked":"Leap","floor":24},{"not_picked":["Stack","Cold Snap","Redo"],"picked":"SKIP","floor":25}],"player_experience":509037,"relics_obtained":[{"floor":7,"key":"Whetstone"},{"floor":9,"key":"Omamori"},{"floor":13,"key":"MealTicket"},{"floor":24,"key":"Potion Belt"},{"floor":26,"key":"Smiling Mask"}],"event_choices":[{"damage_healed":0,"gold_gain":75,"player_choice":"Gather Gold","damage_taken":11,"max_hp_gain":0,"max_hp_loss":0,"event_name":"World of Goop","floor":4,"gold_loss":0},{"damage_healed":0,"gold_gain":0,"player_choice":"Ignored","damage_taken":0,"max_hp_gain":0,"max_hp_loss":0,"event_name":"Liars Game","floor":8,"gold_loss":0},{"damage_healed":0,"gold_gain":0,"player_choice":"Success","damage_taken":3,"relics_obtained":["Oddly Smooth Stone"],"max_hp_gain":0,"max_hp_loss":0,"event_name":"Scrap Ooze","floor":14,"gold_loss":0},{"damage_healed":0,"gold_gain":0,"player_choice":"Ignored","damage_taken":0,"max_hp_gain":0,"max_hp_loss":0,"event_name":"Ghosts","floor":20,"gold_loss":0},{"damage_healed":0,"gold_gain":0,"player_choice":"Stole Relic","damage_taken":0,"relics_obtained":["Sundial"],"max_hp_gain":0,"max_hp_loss":0,"event_name":"Addict","floor":22,"gold_loss":0,"cards_obtained":["Shame"]}],"is_beta":false,"boss_relics":[{"not_picked":["Nuclear Battery","Velvet Choker"],"picked":"Astrolabe"}],"items_purged_floors":[3,19],"is_endless":false,"potions_floor_spawned":[1,7,10,13,16,21,25],"ascension_level":0}}