{"host":"6z6y4ky8uzsz1dpj","time":1608939443,"event":{"mods":["AchievementEnabler","BaseMod","BetterRewards","Challenge The Spire","Colored Map","Downfall","Hubris","Minty Spire (QoL Compilation)","Quick Restart","StSLib"],"gold_per_floor":[99,119,133,146,159,193,193,206,223,42,55,65,65,93,110,110,110,110],"floor_reached":16,"playtime":841,"items_purged":["Slimebound:Strike_Slimebound"],"score":124,"play_id":"0bdd483c-658b-484d-9315-a2b52692ddab","local_time":"20201225183723","is_ascension_mode":true,"campfire_choices":[{"data":"Slimebound:Split","floor":1,"key":"SMITH"}],"circlet_count":0,"master_deck":["Slimebound:Strike_Slimebound","Slimebound:Strike_Slimebound","Slimebound:Tackle","Slimebound:Defend_Slimebound","Slimebound:Defend_Slimebound","Slimebound:Defend_Slimebound","Slimebound:Defend_Slimebound","Slimebound:Split+1","Slimebound:CorrosiveSpit","Slimebound:SplitLeeching","Slimebound:LeechLife","Slimebound:Replication","Slimebound:SplitMire","Slimebound:Gluttony","Slimebound:SplitMire","Slimebound:ViciousTackle","Slimebound:SpikyOuterGoop","Slimebound:GoopSpray","Slimebound:Replication","Slimebound:OozeBath","Slimebound:GoopSpray"],"relics":["Slimebound:AbsorbEndCombat","Girya","hubris:Towel","Lantern"],"acts_visited":["Exordium"],"potions_floor_usage":[11,14,14,16,16],"damage_taken":[{"damage":12,"enemies":"Cultist","floor":2,"turns":3},{"damage":8,"enemies":"2 Louse","floor":3,"turns":3},{"damage":12,"enemies":"Jaw Worm","floor":4,"turns":3},{"damage":21,"enemies":"2 Fungi Beasts","floor":5,"turns":4},{"damage":32,"enemies":"Lagavulin","floor":6,"turns":7},{"damage":19,"enemies":"Red Slaver","floor":8,"turns":5},{"damage":42,"enemies":"Exordium Wildlife","floor":9,"turns":4},{"damage":29,"enemies":"downfall:FleeingMerchant","floor":10,"turns":4},{"damage":21,"enemies":"3 Louse","floor":11,"turns":4},{"damage":38,"enemies":"Large Slime","floor":12,"turns":5},{"damage":44,"enemies":"3 Sentries","floor":14,"turns":6},{"damage":17,"enemies":"Exordium Wildlife","floor":15,"turns":4},{"damage":96,"enemies":"downfall:Defect","floor":16,"turns":6}],"seed_played":"6839349758758366491","potions_obtained":[{"floor":3,"key":"champ:CounterPotion"},{"floor":6,"key":"SkillPotion"},{"floor":11,"key":"Weak Potion"},{"floor":14,"key":"Swift Potion"},{"floor":15,"key":"Dexterity Potion"}],"is_trial":false,"path_per_floor":["R","M","M","M","M","E","T","M","M","$","M","M","?","E","M","B"],"character_chosen":"SLIMEBOUND","items_purchased":["Slimebound:SpikyOuterGoop","Slimebound:GoopSpray"],"campfire_rested":0,"item_purchase_floors":[10,10],"current_hp_per_floor":[66,66,64,66,63,58,58,65,55,62,61,59,59,55,62,0,0,0],"gold":110,"neow_bonus":"TEN_PERCENT_HP_BONUS","is_daily":false,"chose_seed":false,"campfire_upgraded":1,"win_rate":0.0,"timestamp":1608939443,"path_taken":["R","M","M","M","M","E","T","M","M","$","M","?","?","E","M","BOSS"],"items_purchased_type":["Card","Card"],"build_version":"2020-12-22","purchased_purges":1,"victory":false,"max_hp_per_floor":[66,66,66,66,66,66,66,66,66,66,66,66,66,66,66,66,66,66],"card_choices":[{"not_picked":["Slimebound:TongueLash","Slimebound:PressTheAttack"],"picked":"Slimebound:SplitLeeching","floor":2},{"not_picked":["Slimebound:FirmFortitude","Slimebound:SplitBruiser"],"picked":"Slimebound:LeechLife","floor":3},{"not_picked":["Slimebound:Chomp","Slimebound:LeechingTouch"],"picked":"Slimebound:Replication","floor":4},{"not_picked":["Slimebound:GrowthPunch","Slimebound:RejuvenatingLick"],"picked":"Slimebound:SplitMire","floor":5},{"not_picked":["Slimebound:Repurpose","Slimebound:Schlurp"],"picked":"Slimebound:Gluttony","floor":6},{"not_picked":["Slimebound:SplitBruiser","Slimebound:LeechingTouch"],"picked":"Slimebound:SplitMire","floor":8},{"not_picked":["Slimebound:GoopTackle","Slimebound:ServeAndProtect","Slimebound:Prepare"],"picked":"SKIP","floor":9},{"not_picked":["Slimebound:PressTheAttack","Slimebound:Overexert"],"picked":"Slimebound:ViciousTackle","floor":10},{"not_picked":["Slimebound:ProtectTheBoss","Slimebound:DivideAndConquer"],"picked":"Slimebound:Replication","floor":11},{"not_picked":["Slimebound:SlimeTap","Slimebound:GrowthPunch","Slimebound:ComboTackle"],"picked":"SKIP","floor":12},{"not_picked":["Slimebound:FormOfPuddle","Slimebound:GoopSpray"],"picked":"Slimebound:OozeBath","floor":14},{"not_picked":["Slimebound:Dissolve","Slimebound:RollThrough"],"picked":"Slimebound:GoopSpray","floor":15}],"player_experience":217576,"relics_obtained":[{"floor":6,"key":"Girya"},{"floor":14,"key":"Lantern"}],"event_choices":[],"is_beta":false,"boss_relics":[],"items_purged_floors":[10],"is_endless":false,"potions_floor_spawned":[3,6,11,14,15],"killed_by":"downfall:Defect","ascension_level":1}}