{"host":"a5lz0e76zb3fcwkm","time":1608908855,"event":{"mods":["AchievementEnabler","BaseMod","Colored Map","Colored Powertips","Minty Spire (QoL Compilation)","StSLib","SuperFastMode"],"gold_per_floor":[111,131,131,142,142,168,168,197,197,197,217,235,247,265,265,339,339],"floor_reached":16,"playtime":980,"items_purged":[],"score":328,"play_id":"f8d39c92-edec-41a1-a261-af34785b02a5","local_time":"20201226000735","is_ascension_mode":true,"campfire_choices":[{"data":"Bash","floor":7,"key":"SMITH"},{"data":"Body Slam","floor":15,"key":"SMITH"}],"circlet_count":0,"master_deck":["AscendersBane","Strike_R","Strike_R","Strike_R","Strike_R","Defend_R","Defend_R","Defend_R","Defend_R","Bash+1","Body Slam+1","Dropkick+1","Thunderclap+1","Battle Trance","Second Wind"],"relics":["Burning Blood","TungstenRod","Molten Egg 2","Sundial","StrikeDummy","White Beast Statue"],"acts_visited":["Exordium"],"potions_floor_usage":[6,16,16],"damage_taken":[{"damage":14,"enemies":"Jaw Worm","floor":1,"turns":6},{"damage":11,"enemies":"Small Slimes","floor":2,"turns":5},{"damage":0,"enemies":"Cultist","floor":4,"turns":4},{"damage":9,"enemies":"3 Sentries","floor":6,"turns":3},{"damage":30,"enemies":"Gremlin Nob","floor":8,"turns":4},{"damage":13,"enemies":"Looter","floor":11,"turns":4},{"damage":0,"enemies":"Large Slime","floor":12,"turns":4},{"damage":11,"enemies":"3 Louse","floor":13,"turns":4},{"damage":5,"enemies":"Lots of Slimes","floor":14,"turns":3},{"damage":26,"enemies":"Hexaghost","floor":16,"turns":9}],"seed_played":"4921395956722905771","potions_obtained":[{"floor":2,"key":"ColorlessPotion"},{"floor":8,"key":"GamblersBrew"},{"floor":11,"key":"DuplicationPotion"},{"floor":14,"key":"Fruit Juice"},{"floor":16,"key":"PowerPotion"}],"is_trial":false,"path_per_floor":["M","M","?","M","?","E","R","E","T","T","M","M","M","M","R","B"],"character_chosen":"IRONCLAD","items_purchased":[],"campfire_rested":0,"item_purchase_floors":[],"current_hp_per_floor":[60,55,60,66,60,57,57,33,33,33,26,32,27,28,28,13,13],"gold":339,"neow_bonus":"ONE_RARE_RELIC","is_daily":false,"chose_seed":false,"campfire_upgraded":2,"win_rate":0.0,"timestamp":1608908855,"path_taken":["M","M","?","M","?","E","R","E","T","?","M","M","M","?","R","BOSS"],"items_purchased_type":[],"build_version":"2020-12-22","purchased_purges":0,"victory":false,"max_hp_per_floor":[68,68,73,73,73,73,73,73,73,73,73,73,73,73,73,78,78],"card_choices":[{"not_picked":["Perfected Strike","Havoc","Flex"],"picked":"SKIP","floor":1},{"not_picked":["Power Through","Headbutt"],"picked":"Body Slam","floor":2},{"not_picked":["Flex","Thunderclap","Twin Strike"],"picked":"SKIP","floor":4},{"not_picked":["Shockwave","Thunderclap+1"],"picked":"Dropkick+1","floor":6},{"not_picked":["Perfected Strike+1","Wild Strike+1","Carnage+1"],"picked":"SKIP","floor":8},{"not_picked":["Warcry","Uppercut+1"],"picked":"Thunderclap+1","floor":11},{"not_picked":["Sentinel","Twin Strike+1","Wild Strike+1"],"picked":"SKIP","floor":12},{"not_picked":["True Grit","Heavy Blade+1"],"picked":"Battle Trance","floor":13},{"not_picked":["Infernal Blade","Reaper+1"],"picked":"Second Wind","floor":14}],"player_experience":1646572,"relics_obtained":[{"floor":6,"key":"Molten Egg 2"},{"floor":8,"key":"Sundial"},{"floor":9,"key":"StrikeDummy"},{"floor":10,"key":"White Beast Statue"}],"event_choices":[{"damage_healed":0,"gold_gain":0,"player_choice":"Donut","damage_taken":0,"max_hp_gain":5,"max_hp_loss":0,"event_name":"Big Fish","floor":3,"gold_loss":0},{"cards_removed":["Strike_R"],"damage_healed":0,"gold_gain":0,"player_choice":"Card Removal","damage_taken":7,"max_hp_gain":0,"max_hp_loss":0,"event_name":"Golden Wing","floor":5,"gold_loss":0}],"is_beta":false,"boss_relics":[],"items_purged_floors":[],"is_endless":false,"potions_floor_spawned":[2,8,11,12,13,14,16],"killed_by":"Hexaghost","ascension_level":20}}