{"host":"1sep654oresgee70","time":1608937099,"event":{"mods":["2.2 Compatiblity","Aspiration","BaseMod","Better Altar","Better Match","Better Note","Better Sensory Stone","Better Skull","Better Third Choice","Better Vampires","Better-Laid Plans","BetterRewards","Block Reminder","Conspire","Curses Come First","Displayed Cursed Tome","Gold Saver","Hubris","Infinite Spire","Minty Spire (QoL Compilation)","Potion Indicator Mod","Quick Restart","Red Circlet Mod","Replay The Spire","Shop Mod","Spicy Shops","StSLib","The Blue Laboratory","Thieving Mod","Transform Curses","Unceasing Turn Reminder","UnlockEverythingMod"],"gold_per_floor":[811,821,84,5,18,18,18,44,67,97,97,5,5,22,22,123,123,140,140,152,169,169,169,169,182,182,196,216,40,65,84,84,84,84],"floor_reached":33,"playtime":1222,"items_purged":[],"score":369,"play_id":"adeda372-4963-427c-bfcf-f4bd6ee58841","local_time":"20201225235819","is_ascension_mode":true,"campfire_choices":[{"floor":6,"key":"REST"},{"floor":13,"key":"REST"},{"floor":15,"key":"REST"},{"floor":23,"key":"REST"},{"floor":24,"key":"RECALL"},{"floor":32,"key":"REST"}],"circlet_count":0,"master_deck":["Strike_B","Strike_B+1","Strike_B+1","Strike_B","Defend_B","Defend_B","Defend_B","Defend_B","Zap","Dualcast","Cold Snap","Leap","FIFO Queue","BasicCrystalCard","BasicCrystalCard","Hologram","Beam Cell","Heatsinks","Cold Snap","White Noise","Aggregate","Loop","ReplayTheSpireMod:Repulse","ReplayTheSpireMod:Omega Cannon","Ball Lightning+1","Turbo+1","Steam","Turbo","Conserve Battery","Steam","Chill","Cold Snap","Cold Snap","Echo Form","Coolheaded+1"],"relics":["Cracked Core","aspiration:HatOfInfinitePower","infinitespire:CheckeredPen","MerchantsRug","infinitespire:Lucky Rock","Orichalcum","Vajra","conspire:SpecialSausage","Raider\u0027s Mask","Simple Rune"],"acts_visited":["Exordium","TheCity"],"potions_floor_usage":[10,20,21,25,33,33],"damage_taken":[{"damage":1,"enemies":"Cultist","floor":1,"turns":3},{"damage":0,"enemies":"Jaw Worm","floor":2,"turns":4},{"damage":16,"enemies":"Small Slimes","floor":5,"turns":3},{"damage":35,"enemies":"3 Sentries","floor":8,"turns":8},{"damage":12,"enemies":"Gremlin Nob","floor":10,"turns":3},{"damage":1,"enemies":"Looter","floor":14,"turns":2},{"damage":25,"enemies":"The Guardian","floor":16,"turns":9},{"damage":0,"enemies":"Spheric Guardian","floor":18,"turns":2},{"damage":17,"enemies":"Shell Parasite","floor":20,"turns":5},{"damage":21,"enemies":"Centurion and Healer","floor":21,"turns":5},{"damage":10,"enemies":"Snake Plant","floor":25,"turns":3},{"damage":0,"enemies":"Sentry and Sphere","floor":27,"turns":2},{"damage":2,"enemies":"Chosen and Byrds","floor":28,"turns":4},{"damage":3,"enemies":"conspire:SneckoGhost","floor":30,"turns":6},{"damage":0,"enemies":"Centurion and Healer","floor":31,"turns":6},{"damage":73,"enemies":"Champ","floor":33,"turns":11}],"seed_played":"8731600239067549268","potions_obtained":[{"floor":1,"key":"blueLaboratory:StoneskinPotion"},{"floor":2,"key":"blueLaboratory:TeslaPotion"},{"floor":10,"key":"Dexterity Potion"},{"floor":20,"key":"Fire Potion"},{"floor":21,"key":"blueLaboratory:BubblePotion"},{"floor":31,"key":"blueLaboratory:BottledHope"}],"is_trial":false,"path_per_floor":["M","M","$","$","M","R","?","E","T","E","?","$","R","M","R","B",null,"M","?","M","M","?","R","R","M","T","M","M","$","E","M","R","B"],"character_chosen":"DEFECT","items_purchased":["FIFO Queue","BasicCrystalCard","aspiration:HatOfInfinitePower","infinitespire:CheckeredPen","Hologram","MerchantsRug","Beam Cell","Heatsinks","Loop","Raider\u0027s Mask","Chill","Cold Snap"],"campfire_rested":5,"item_purchase_floors":[3,3,3,3,3,3,3,4,12,29,29,29],"current_hp_per_floor":[74,74,74,74,58,75,75,40,40,28,31,31,54,53,76,51,78,78,78,61,40,40,63,63,53,53,53,51,51,48,48,71,0,0],"gold":84,"neow_bonus":"ONE_RARE_RELIC","is_daily":false,"chose_seed":false,"campfire_upgraded":0,"win_rate":0.0,"timestamp":1608937099,"path_taken":["M","M","?","$","M","R","?","E","T","E","?","$","R","M","R","BOSS","M","?","?","M","?","R","R","M","T","M","M","$","E","M","R","BOSS"],"items_purchased_type":["Card","Card","Relic","Relic","Card","Relic","Card","Card","Card","Relic","Card","Card"],"build_version":"2020-12-22","purchased_purges":0,"victory":false,"max_hp_per_floor":[75,75,75,75,75,75,75,75,75,75,78,78,78,78,78,78,78,78,78,78,78,78,78,78,78,78,78,78,78,78,78,78,78,78],"card_choices":[{"not_picked":["Melter","Compile Driver"],"picked":"Cold Snap","floor":1},{"not_picked":["Barrage","Streamline"],"picked":"Leap","floor":2},{"not_picked":["Compile Driver","ReplayTheSpireMod:GoodbyeWorld"],"picked":"Cold Snap","floor":5},{"not_picked":["Undo","Seek"],"picked":"White Noise","floor":8},{"not_picked":["Panic Button","Steam"],"picked":"Aggregate","floor":10},{"not_picked":["Coolheaded","Panic Button"],"picked":"ReplayTheSpireMod:Repulse","floor":14},{"not_picked":["Mirror Shield","Core Surge"],"picked":"ReplayTheSpireMod:Omega Cannon","floor":16},{"not_picked":["Redo","Steam"],"picked":"Ball Lightning+1","floor":18},{"not_picked":["Rebound+1","Sweeping Beam"],"picked":"Turbo+1","floor":20},{"not_picked":["Compile Driver","Lockon+1"],"picked":"Steam","floor":21},{"not_picked":["Compile Driver+1","Reinforced Body"],"picked":"Turbo","floor":25},{"not_picked":["BootSequence","Leap+1"],"picked":"Conserve Battery","floor":27},{"not_picked":["conspire:Rain+1","Compile Driver+1"],"picked":"Steam","floor":28},{"not_picked":["Barrage","Double Energy"],"picked":"Echo Form","floor":30},{"not_picked":["Hologram","Leap"],"picked":"Coolheaded+1","floor":31}],"player_experience":2380998,"relics_obtained":[{"floor":8,"key":"infinitespire:Lucky Rock"},{"floor":9,"key":"Orichalcum"},{"floor":10,"key":"Vajra"},{"floor":30,"key":"Simple Rune"}],"event_choices":[{"cards_removed":["hubris:Gluttony"],"damage_healed":0,"gold_gain":0,"player_choice":"Purged","damage_taken":0,"max_hp_gain":0,"max_hp_loss":0,"event_name":"Purifier","floor":19,"gold_loss":0},{"cards_removed":["ReplayTheSpireMod:Omega Cannon"],"damage_healed":0,"gold_gain":0,"player_choice":"Give","damage_taken":0,"max_hp_gain":0,"max_hp_loss":0,"event_name":"betterNote:BetterNote","floor":22,"gold_loss":0,"cards_obtained":["None"]}],"is_beta":false,"boss_relics":[{"not_picked":["hubris:BlackHole","aspiration:RitualDagger"],"picked":"conspire:SpecialSausage"}],"items_purged_floors":[],"is_endless":false,"potions_floor_spawned":[1,2,10,16,20,21,31],"killed_by":"Champ","ascension_level":3}}