{"host":"mz8vrqw8p22fuds2","time":1608924081,"event":{"mods":["2.2 Compatiblity","Alarm Clock","BaseMod","Bestiary","Block Reminder","Challenge The Spire","Colored Map","Colored Powertips","Conspire","Curses Come First","DeckTracker","Displayed Cursed Tome","Highlight Path","Hubris","Key Reminder","Keyboard Shortcuts","Minty Spire (QoL Compilation)","MonsterHotkey","Potion Indicator Mod","Quick Restart","Rare Cards Sparkle","Relic Sorter","Relic Stats","Replay The Spire","Spire Birthday Party","StSLib","Synergy Search","Unceasing Turn Reminder","Unknown Chances"],"gold_per_floor":[900,595,629,655,688,688,305,305,333,367,394,394,3,3,32,66,95,123],"floor_reached":19,"playtime":1082,"items_purged":["Strike_G","Strike_G","Strike_G","Strike_G"],"score":470,"play_id":"15aa46a4-2007-4048-9742-d98099af39be","local_time":"20201226032121","daily_mods":["challengethespire:Modded Elite Rush","challengethespire:Bronze Difficulty","Uncertain Future"],"is_ascension_mode":false,"campfire_choices":[{"data":"Accuracy","floor":8,"key":"SMITH"},{"data":"Accuracy","floor":14,"key":"SMITH"}],"circlet_count":0,"master_deck":["Strike_G","Defend_G+1","Defend_G+1","Defend_G+1","Defend_G+1","Defend_G+1","Survivor","Neutralize","Blade Dance","Strike_G","Accuracy+1","Accuracy+1","Blade Dance","Footwork","Blade Dance","Escape Plan","Accuracy","A Thousand Cuts"],"relics":["Ring of the Snake","Black Star","Sling","PreservedInsect","Nunchaku","Vajra","Replay:Bottled Eggs","hubris:BundleOfHerbs","Tingsha","Happy Flower","ReplayTheSpireMod:DimensionalGlitch","Ornamental Fan","Mummified Hand","Anchor","ReplayFunnel","conspire:GiftBox","Boot","Bag of Marbles","WristBlade","TheAbacus","TungstenRod","Regal Pillow","ReplayTheSpireMod:Lightbulb","hubris:AncientText","Akabeko","Replay:Bottled Steam","Smiling Mask","Centennial Puzzle"],"acts_visited":["Exordium"],"potions_floor_usage":[9,11,11,18,18],"damage_taken":[{"damage":8.0,"enemies":"Replay:BlueRogue","floor":3.0,"turns":7.0},{"damage":1,"enemies":"3 Sentries","floor":4,"turns":6},{"damage":0,"enemies":"Lagavulin","floor":5,"turns":4},{"damage":0,"enemies":"conspire:Head Lice","floor":9,"turns":4},{"damage":0,"enemies":"conspire:SneckoGhost","floor":10,"turns":6},{"damage":0,"enemies":"Replay:Snechameleon","floor":11,"turns":2},{"damage":0,"enemies":"Reptomancer","floor":15,"turns":3},{"damage":5,"enemies":"Nemesis","floor":16,"turns":4},{"damage":0,"enemies":"Giant Head","floor":17,"turns":1},{"damage":0,"enemies":"Shield and Spear","floor":18,"turns":2}],"seed_played":"1886277634453022372","potions_obtained":[{"floor":3,"key":"Explosive Potion"},{"floor":9,"key":"Fruit Juice"},{"floor":15,"key":"Explosive Potion"},{"floor":16,"key":"SpeedPotion"}],"is_trial":true,"path_per_floor":["$","$","E","E","E","T","$","R","E","E","E","T","$","R","E","E","E","E",null],"character_chosen":"THE_SILENT","items_purchased":["Blade Dance","Nunchaku","Fire Potion","Ornamental Fan","TheAbacus","Dexterity Potion","SteroidPotion"],"campfire_rested":0,"item_purchase_floors":[1,2,2,7,13,13,13],"current_hp_per_floor":[70,70,62,61,61,61,61,61,66,66,66,66,66,66,66,61,61,61],"gold":123,"neow_bonus":"","is_daily":false,"chose_seed":false,"campfire_upgraded":2,"win_rate":0.0,"timestamp":1608924081,"path_taken":["$","$","E","E","E","T","$","R","E","E","E","T","$","R","E","E","E","E"],"items_purchased_type":["Card","Relic","Potion","Relic","Relic","Potion","Potion"],"build_version":"2020-11-30","purchased_purges":4,"victory":true,"max_hp_per_floor":[70,70,70,70,70,70,70,70,75,75,75,75,75,75,75,75,75,75],"relic_stats":{"Regal Pillow":0,"Happy Flower":[7],"counters":[10,39],"Tingsha":[0],"PreservedInsect":488,"Boot":[52],"Smiling Mask":0,"Nunchaku":[12],"Centennial Puzzle":[0],"TheAbacus":[12],"Ornamental Fan":[84],"Mummified Hand":[17],"Black Star":10,"obtain_stats":[{"ReplayFunnel":10,"Regal Pillow":15,"Vajra":3,"Sling":0,"Boot":11,"Smiling Mask":18,"Nunchaku":2,"Centennial Puzzle":18,"TheAbacus":13,"WristBlade":12,"Mummified Hand":9,"Replay:Bottled Eggs":3,"Ring of the Snake":0,"Replay:Bottled Steam":17,"Happy Flower":5,"Tingsha":5,"PreservedInsect":0,"Akabeko":17,"Anchor":9,"conspire:GiftBox":10,"Ornamental Fan":7,"hubris:BundleOfHerbs":4,"Black Star":0,"Bag of Marbles":11,"ReplayTheSpireMod:DimensionalGlitch":6,"ReplayTheSpireMod:Lightbulb":16,"TungstenRod":15,"hubris:AncientText":16},{"ReplayFunnel":5,"Regal Pillow":7,"Vajra":1,"Sling":0,"Boot":6,"Smiling Mask":10,"Nunchaku":0,"Centennial Puzzle":10,"TheAbacus":6,"WristBlade":6,"Mummified Hand":4,"Replay:Bottled Eggs":1,"Ring of the Snake":0,"Replay:Bottled Steam":9,"Happy Flower":3,"Tingsha":3,"PreservedInsect":0,"Akabeko":9,"Anchor":4,"conspire:GiftBox":5,"Ornamental Fan":3,"hubris:BundleOfHerbs":2,"Black Star":0,"Bag of Marbles":6,"ReplayTheSpireMod:DimensionalGlitch":3,"ReplayTheSpireMod:Lightbulb":8,"TungstenRod":7,"hubris:AncientText":8},{"ReplayFunnel":27,"Regal Pillow":32,"Vajra":7,"Sling":0,"Boot":29,"Smiling Mask":39,"Nunchaku":0,"Centennial Puzzle":39,"TheAbacus":29,"WristBlade":29,"Mummified Hand":21,"Replay:Bottled Eggs":7,"Ring of the Snake":0,"Replay:Bottled Steam":37,"Happy Flower":17,"Tingsha":17,"PreservedInsect":0,"Akabeko":37,"Anchor":21,"conspire:GiftBox":27,"Ornamental Fan":17,"hubris:BundleOfHerbs":13,"Black Star":0,"Bag of Marbles":29,"ReplayTheSpireMod:DimensionalGlitch":17,"ReplayTheSpireMod:Lightbulb":36,"TungstenRod":32,"hubris:AncientText":36}],"TungstenRod":1,"Ring of the Snake":[20]},"card_choices":[],"player_experience":11010,"relics_obtained":[{"floor":3,"key":"Vajra"},{"floor":3,"key":"Replay:Bottled Eggs"},{"floor":4,"key":"hubris:BundleOfHerbs"},{"floor":5,"key":"Tingsha"},{"floor":5,"key":"Happy Flower"},{"floor":9,"key":"Mummified Hand"},{"floor":9,"key":"Anchor"},{"floor":10,"key":"ReplayFunnel"},{"floor":10,"key":"conspire:GiftBox"},{"floor":11,"key":"Boot"},{"floor":11,"key":"Bag of Marbles"},{"floor":15,"key":"TungstenRod"},{"floor":15,"key":"Regal Pillow"},{"floor":16,"key":"ReplayTheSpireMod:Lightbulb"},{"floor":16,"key":"hubris:AncientText"},{"floor":17,"key":"Akabeko"},{"floor":17,"key":"Replay:Bottled Steam"},{"floor":18,"key":"Smiling Mask"},{"floor":18,"key":"Centennial Puzzle"}],"event_choices":[],"is_beta":false,"boss_relics":[{"not_picked":["Ectoplasm","ChewingGum"],"picked":"ReplayTheSpireMod:DimensionalGlitch"},{"not_picked":["Replay:Drink Me","Sozu"],"picked":"WristBlade"}],"items_purged_floors":[1,2,7,13],"is_endless":false,"potions_floor_spawned":[3,9,15,16],"ascension_level":0}}