{"host":"9cludmss42ivb2me","time":1608919452,"event":{"mods":["AchievementEnabler","Aspiration","Bard","BaseMod","Beaked The Cultist","Better Altar","Better Match","Better Note","Better Sensory Stone","Better Skull","Better Third Choice","BetterRewards","CCEM","Clawfect","Colored Map","Conspire","Downfall","GifTheSpireLib","Googly Eyes","Halation","Hermit","Highlight Path","Hubris","Hunter ??","Infinite Spire","Jedi Mod","Jorbs\u0027s Wanderer Trilogy","Mad Scientist","Marisa????????","Mimic Mod","Minty Spire (QoL Compilation)","Permanent Neow","Replay The Spire","Shade Mod","Shop Mod","Spicy Shops","StSLib","Stuff the Spire","The Administrix","The Blackbeard","The Bug Knight","The Construct","The Cursed","The Disciple","The Gatherer","The Hierophant","The IronCluck","The Jungle","The Mystic","The Necromancer","The Problem Sleuth","The Runesmith","The Servant 0.9.4","The Spell Scribe","The Witch","Unceasing Turn Reminder","[IsaacMod]????","everything is the same but u backflip on backflip","slay the spire mod where everything is the same but ironclad has a cowboy hat"],"gold_per_floor":[112,45,58,58,98,98,114,114,114,114,114,138,152,4,4,143,143,161,180,180,180,180,180,19,19,44,44,44,44],"floor_reached":28,"playtime":1754,"items_purged":[],"score":206,"play_id":"4787a10d-fad0-4033-a644-3d0d8721a3cf","local_time":"20201225110412","is_ascension_mode":false,"campfire_choices":[{"data":"Shade:OpenGraves","floor":6,"key":"SMITH"},{"data":"Shade:OpenGraves","floor":11,"key":"SMITH"},{"floor":23,"key":"REST"},{"floor":25,"key":"REST"}],"circlet_count":0,"master_deck":["Shade:Strike_Shade","Shade:Strike_Shade","Shade:Strike_Shade","Shade:Strike_Shade","Shade:Defend_Shade","Shade:Defend_Shade","Shade:Defend_Shade","Shade:Defend_Shade","Shade:AnimateDead+1","BettingIsNotGood","Shade:CommandSoldier","Shade:OpenGraves+1","Shade:OpenGraves+1","Shade:Putrefaction","Shade:SkeletonHug","Shade:Asphyxiate","Shade:Carnophage","Shade:Carnophage","Shade:BoneShards","Shade:Tombstone","Shade:ScuttlingHand","Shade:FuneraryJewels","Shade:Carnophage","Shade:AncientSpear","Shade:GraveStillness+1","Replay:Fractal Strike+1","Shade:ScuttlingHand"],"relics":["Shade:YorickSkull","HushsDoor","BFFS","Golden Idol","hubris:BottledRain","hubris:Towel","CCEMRelics:JestersCrown","hubris:Backtick","bard:BagPipes","Membership Card","StuffTheSpire:BottledEssence","MerchantsRug","hubris:Reverence"],"acts_visited":["Exordium","TheCity"],"potions_floor_usage":[],"damage_taken":[{"damage":0,"enemies":"Cultist","floor":1,"turns":4},{"damage":0,"enemies":"conspire:RoseBush","floor":3,"turns":2},{"damage":0,"enemies":"Jaw Worm","floor":5,"turns":4},{"damage":0,"enemies":"Exordium Thugs","floor":7,"turns":2},{"damage":3,"enemies":"Looter","floor":12,"turns":3},{"damage":0,"enemies":"2 Fungi Beasts","floor":13,"turns":1},{"damage":43,"enemies":"The Guardian","floor":16,"turns":11},{"damage":35,"enemies":"2 Thieves","floor":18,"turns":4},{"damage":18,"enemies":"3 Byrds","floor":19,"turns":4},{"damage":37,"enemies":"Snake Plant","floor":28,"turns":5}],"seed_played":"-8169767220394633835","potions_obtained":[{"floor":3,"key":"Elixir"},{"floor":12,"key":"PowerPotion"},{"floor":13,"key":"DuplicationPotion"},{"floor":19,"key":"Guardian:BlockOnCardUsePotion"}],"is_trial":false,"path_per_floor":["M","$","M","?","M","R","M","?","T","?","R","M","M","$","R_BF","B",null,"M","M","AVR","?","?","R","$","R","T","?","M"],"character_chosen":"SHADE","items_purchased":["Shade:OpenGraves","CCEMRelics:JestersCrown","Shade:Carnophage","Shade:ScuttlingHand","LifebloodPotion","Shade:FuneraryJewels","Shade:Carnophage","StuffTheSpire:BottledEssence","MerchantsRug","Shade:ScuttlingHand"],"campfire_rested":2,"item_purchase_floors":[2,14,14,17,17,17,17,24,24,24],"current_hp_per_floor":[65,65,65,49,49,49,54,65,65,65,65,62,62,62,62,19,54,19,1,1,1,1,17,17,33,33,33,0,0],"gold":44,"neow_bonus":"UPGRADE_CARD","is_daily":false,"chose_seed":false,"campfire_upgraded":2,"win_rate":0.0,"timestamp":1608919452,"path_taken":["M","$","M","?","?","R","M","?","T","?","R","?","M","$","R_BF","BOSS","M","M","AVR","?","?","R","$","R","T","?","M"],"items_purchased_type":["Card","Relic","Card","Card","Potion","Card","Card","Relic","Relic","Card"],"build_version":"2020-12-22","purchased_purges":0,"victory":false,"max_hp_per_floor":[65,65,65,65,65,65,65,65,65,65,65,65,65,65,65,65,54,54,54,54,54,54,54,54,54,54,54,54,54],"card_choices":[{"not_picked":[],"picked":"BettingIsNotGood","floor":0},{"not_picked":["Shade:Frenzy","Shade:Premonition"],"picked":"Shade:CommandSoldier","floor":1},{"not_picked":["Shade:Frenzy","Shade:Premonition"],"picked":"Shade:OpenGraves","floor":3},{"not_picked":["Shade:Frenzy","Shade:FingerOfDeath"],"picked":"Shade:Putrefaction","floor":5},{"not_picked":["Shade:BoneShards","Shade:FleshLikeOak"],"picked":"Shade:SkeletonHug","floor":7},{"not_picked":["Shade:GreaterAnimation","Shade:CoffinDance"],"picked":"Shade:Asphyxiate","floor":12},{"not_picked":["Shade:CallOfTheGrave","Shade:OneIsEnough"],"picked":"Shade:Carnophage","floor":13},{"not_picked":["Shade:LastGasp","Shade:LoseControl"],"picked":"Shade:Tombstone","floor":16},{"not_picked":["Shade:RitualOffering","Shade:FuneraryArmor"],"picked":"Shade:AncientSpear","floor":18},{"not_picked":["Shade:Putrefaction","Shade:ClawBack"],"picked":"Shade:GraveStillness+1","floor":19}],"player_experience":47515,"relics_obtained":[{"floor":9,"key":"hubris:BottledRain"},{"floor":26,"key":"hubris:Reverence"}],"event_choices":[{"damage_healed":0,"gold_gain":0,"player_choice":"Take Damage","damage_taken":16,"relics_obtained":["Golden Idol"],"max_hp_gain":0,"max_hp_loss":0,"event_name":"Golden Idol","floor":4,"gold_loss":0},{"damage_healed":11,"gold_gain":0,"player_choice":"Full Heal","damage_taken":0,"max_hp_gain":0,"max_hp_loss":0,"event_name":"Wheel of Change","floor":8,"gold_loss":0},{"cards_removed":["Shade:Defend_Shade"],"damage_healed":0,"gold_gain":0,"player_choice":"Give","damage_taken":0,"max_hp_gain":0,"max_hp_loss":0,"event_name":"betterNote:BetterNote","floor":21,"gold_loss":0,"cards_obtained":["None"]}],"is_beta":false,"boss_relics":[{"not_picked":["infinitespire:Cupcake","StuffTheSpire:Kangaroo"],"picked":"hubris:Backtick"},{"not_picked":[]}],"items_purged_floors":[],"is_endless":false,"potions_floor_spawned":[3,12,13,19],"killed_by":"Snake Plant","ascension_level":0}}