{"host":"9l1knhxfturzliqa","time":1608885130,"event":{"mods":["BaseMod","Colored Map","Colored Powertips","DeckTracker","Highlight Path","Keyboard Shortcuts","Minty Spire (QoL Compilation)","Quick Restart","Random Character Button"],"gold_per_floor":[111,121,131,151,164,164,190,190,216,216,216,246,266,266,266,361,361,389,417,429,458,470,513,525,567,630,668,700,712,724,811,823,939,951,973,997,1021,1051,1063,1063],"floor_reached":39,"playtime":4004,"items_purged":[],"score":498,"play_id":"51ef084d-3237-4e9d-9402-108858fcc117","local_time":"20201225173210","is_ascension_mode":true,"campfire_choices":[{"data":"Tools of the Trade","floor":6,"key":"SMITH"},{"data":"Tactician","floor":8,"key":"SMITH"},{"data":"Deadly Poison","floor":11,"key":"SMITH"},{"floor":15,"key":"REST"},{"data":"Envenom","floor":24,"key":"SMITH"},{"data":"Eviscerate","floor":30,"key":"SMITH"},{"floor":32,"key":"REST"}],"circlet_count":0,"master_deck":["Strike_G+1","Strike_G","Strike_G","Defend_G","Defend_G","Defend_G","Defend_G","Survivor","Neutralize","Tools of the Trade+1","Backflip","Expertise","Underhanded Strike+1","Deadly Poison+1","Tactician+1","Dagger Throw","Dagger Spray","After Image","CurseOfTheBell","After Image","Quick Slash","Envenom+1","Eviscerate+1","Burst+1","Prepared+1","Calculated Gamble+1"],"relics":["Ring of the Snake","Nunchaku","Centennial Puzzle","Whetstone","Calling Bell","MawBank","StrikeDummy","Tingsha","Happy Flower","InkBottle","Lantern","Regal Pillow","Toxic Egg 2","HoveringKite"],"acts_visited":["Exordium","TheCity","TheBeyond"],"potions_floor_usage":[7,16,19,19,21,21,23,25,27,33,39],"damage_taken":[{"damage":0,"enemies":"Small Slimes","floor":1,"turns":4},{"damage":13,"enemies":"Jaw Worm","floor":2,"turns":7},{"damage":0,"enemies":"2 Louse","floor":3,"turns":4},{"damage":28,"enemies":"Lots of Slimes","floor":4,"turns":5},{"damage":6,"enemies":"Looter","floor":5,"turns":3},{"damage":10,"enemies":"Lagavulin","floor":7,"turns":8},{"damage":30,"enemies":"Gremlin Nob","floor":12,"turns":5},{"damage":0,"enemies":"3 Louse","floor":13,"turns":2},{"damage":13,"enemies":"The Guardian","floor":16,"turns":10},{"damage":0,"enemies":"Chosen","floor":18,"turns":4},{"damage":9,"enemies":"3 Byrds","floor":19,"turns":3},{"damage":20,"enemies":"Snake Plant","floor":21,"turns":5},{"damage":14,"enemies":"Slavers","floor":23,"turns":6},{"damage":8,"enemies":"Gremlin Leader","floor":25,"turns":7},{"damage":2,"enemies":"Book of Stabbing","floor":27,"turns":6},{"damage":2,"enemies":"Chosen and Byrds","floor":28,"turns":4},{"damage":45,"enemies":"Automaton","floor":33,"turns":8},{"damage":4,"enemies":"Orb Walker","floor":35,"turns":3},{"damage":0,"enemies":"3 Darklings","floor":36,"turns":6},{"damage":32,"enemies":"Jaw Worm Horde","floor":37,"turns":5},{"damage":5,"enemies":"Sphere and 2 Shapes","floor":38,"turns":3},{"damage":37,"enemies":"4 Shapes","floor":39,"turns":2}],"seed_played":"-3805258675568152576","potions_obtained":[{"floor":2,"key":"Dexterity Potion"},{"floor":4,"key":"Explosive Potion"},{"floor":5,"key":"EntropicBrew"},{"floor":13,"key":"ColorlessPotion"},{"floor":18,"key":"EssenceOfSteel"},{"floor":23,"key":"Dexterity Potion"},{"floor":25,"key":"Regen Potion"},{"floor":35,"key":"CultistPotion"},{"floor":37,"key":"DistilledChaos"}],"is_trial":false,"path_per_floor":["M","M","M","M","M","R","E","R","T","?","R","E","M","?","R","B",null,"M","M","?","M","?","E","R","E","T","E","M","T","R","?","R","B",null,"M","M","M","M","M"],"character_chosen":"THE_SILENT","items_purchased":[],"campfire_rested":2,"item_purchase_floors":[],"current_hp_per_floor":[70,57,57,29,23,23,13,13,13,36,36,6,6,6,27,14,70,70,61,61,41,41,27,27,19,19,32,30,30,30,23,59,14,70,66,66,34,29,0,0],"gold":1063,"neow_bonus":"ONE_RANDOM_RARE_CARD","is_daily":false,"chose_seed":false,"campfire_upgraded":5,"win_rate":0.0,"timestamp":1608885130,"path_taken":["M","M","M","M","M","R","E","R","T","?","R","E","M","?","R","BOSS","M","M","?","M","?","E","R","E","T","E","M","?","R","?","R","BOSS","M","M","M","?","M"],"items_purchased_type":[],"build_version":"2020-12-22","purchased_purges":0,"victory":false,"max_hp_per_floor":[70,70,70,70,70,70,70,70,70,70,70,70,70,70,70,70,70,70,70,70,70,70,70,70,70,70,70,70,70,70,70,70,70,70,70,70,70,70,70,70],"card_choices":[{"not_picked":["Dagger Spray","Predator"],"picked":"Backflip","floor":1},{"not_picked":["Heel Hook","Well Laid Plans"],"picked":"Expertise","floor":2},{"not_picked":["Dagger Throw","Backflip"],"picked":"Underhanded Strike","floor":3},{"not_picked":["Distraction","Catalyst"],"picked":"Deadly Poison","floor":4},{"not_picked":["Underhanded Strike","Choke"],"picked":"Tactician","floor":5},{"not_picked":["Night Terror","Slice","Underhanded Strike"],"picked":"SKIP","floor":7},{"not_picked":["Skewer","Eviscerate"],"picked":"Dagger Throw","floor":12},{"not_picked":["Doppelganger","Deflect"],"picked":"Dagger Spray","floor":13},{"not_picked":["Unload","A Thousand Cuts"],"picked":"After Image","floor":16},{"not_picked":["Bane","Flying Knee","Cloak And Dagger"],"picked":"SKIP","floor":18},{"not_picked":["Underhanded Strike+1","Endless Agony+1","Backflip"],"picked":"SKIP","floor":19},{"not_picked":["Expertise","Underhanded Strike","Quick Slash"],"picked":"SKIP","floor":21},{"not_picked":["Caltrops+1","Sucker Punch"],"picked":"Envenom","floor":23},{"not_picked":["Dodge and Roll","Footwork","Distraction"],"picked":"SKIP","floor":25},{"not_picked":["Poisoned Stab","Quick Slash","Accuracy+1"],"picked":"SKIP","floor":27},{"not_picked":["Flying Knee+1","Quick Slash+1"],"picked":"Eviscerate","floor":28},{"not_picked":["Glass Knife","Doppelganger+1"],"picked":"Burst+1","floor":33},{"not_picked":["Dodge and Roll+1","Blade Dance+1","Footwork+1"],"picked":"SKIP","floor":35},{"not_picked":["Expertise+1","Dagger Throw","Deflect+1"],"picked":"SKIP","floor":36},{"not_picked":["Dodge and Roll+1","Masterful Stab+1"],"picked":"Prepared+1","floor":37},{"not_picked":["Poisoned Stab","Blade Dance+1"],"picked":"Calculated Gamble+1","floor":38}],"player_experience":240445,"relics_obtained":[{"floor":7,"key":"Nunchaku"},{"floor":9,"key":"Centennial Puzzle"},{"floor":12,"key":"Whetstone"},{"floor":17,"key":"MawBank"},{"floor":17,"key":"StrikeDummy"},{"floor":17,"key":"Tingsha"},{"floor":23,"key":"Happy Flower"},{"floor":25,"key":"InkBottle"},{"floor":26,"key":"Lantern"},{"floor":27,"key":"Regal Pillow"},{"floor":29,"key":"Toxic Egg 2"}],"event_choices":[{"damage_healed":23,"gold_gain":0,"player_choice":"Banana","damage_taken":0,"max_hp_gain":0,"max_hp_loss":0,"event_name":"Big Fish","floor":10,"gold_loss":0},{"damage_healed":0,"gold_gain":0,"player_choice":"Fled","damage_taken":0,"max_hp_gain":0,"max_hp_loss":0,"event_name":"Scrap Ooze","floor":14,"gold_loss":0},{"damage_healed":0,"gold_gain":0,"cards_transformed":["Strike_G","Strike_G"],"player_choice":"Became Test Subject","damage_taken":0,"max_hp_gain":0,"max_hp_loss":0,"event_name":"Drug Dealer","floor":20,"gold_loss":0,"cards_obtained":["After Image","Quick Slash"]},{"cards_removed":["Defend_G"],"damage_healed":0,"gold_gain":0,"player_choice":"Elegance","damage_taken":0,"max_hp_gain":0,"max_hp_loss":0,"event_name":"Back to Basics","floor":22,"gold_loss":0},{"damage_healed":0,"gold_gain":75,"player_choice":"Touch","damage_taken":7,"max_hp_gain":0,"max_hp_loss":0,"event_name":"FaceTrader","floor":31,"gold_loss":0}],"is_beta":false,"boss_relics":[{"not_picked":["Velvet Choker","Sozu"],"picked":"Calling Bell"},{"not_picked":["Ring of the Serpent","Black Star"],"picked":"HoveringKite"}],"items_purged_floors":[],"is_endless":false,"potions_floor_spawned":[2,4,5,13,18,23,25,35,37],"killed_by":"4 Shapes","ascension_level":2}}