{"host":"dh4nu8nelr2izibb","time":1608874519,"event":{"mods":["Act Like it!","BaseMod","Better Third Choice","Card Forge","Displayed Cursed Tome","HololiveMod","Marisa????????","Minty Spire (QoL Compilation)","Puzzle Mod","Quick Restart","Relic Filter","StSLib","The Marked","The Poker Player","The Servant 0.9.4","WarShipGirlsR/????R mod","???????????mod"],"gold_per_floor":[118,133,146,159,176,176,206,381,406,406,181,181,200,200,200,320,320,334,284,284,137,156,156,156,179,179,198,198,214,248,123,123,248,248,272,272,285,300,363,397,247,247,247],"floor_reached":42,"playtime":1559,"items_purged":["Doubt","Strike_MRS","Defend_MRS","Strike_MRS"],"score":697,"play_id":"0980eed0-dac9-4856-8dc2-28b68ce0f563","local_time":"20201225003519","is_ascension_mode":true,"campfire_choices":[{"data":"MasterSpark","floor":6.0,"key":"SMITH"},{"data":"StarBarrage","floor":10.0,"key":"SMITH"},{"data":"EnergyFlow","floor":12.0,"key":"SMITH"},{"data":"GalacticHalo","floor":15.0,"key":"SMITH"},{"data":"SporeBomb","floor":23.0,"key":"SMITH"},{"data":"EnergyFlow","floor":28.0,"key":"SMITH"},{"floor":32.0,"key":"REST"}],"circlet_count":0,"master_deck":["Strike_MRS","Strike_MRS","Defend_MRS","Defend_MRS","Defend_MRS","MasterSpark+1","UpSweep","ShootingEcho","ChargingUp","PowerUp","AsteroidBelt+1","GalacticHalo+1","EnergyFlow+1","Acceleration","NonDirectionalLaser","GalacticHalo+1","GalacticHalo+1","SporeBomb+1","EnergyFlow+1","EarthLightRay","GalacticHalo","Acceleration","GalacticHalo+1","SporeBomb+1"],"relics":["MiniHakkero","Hammer of Thor","Seething Fire","Anvil of the Gods","Matryoshka","Regal Pillow","Boot","Golden Idol","Sozu","Bottled Tornado","PreservedInsect","Ancient Tea Set","Busted Crown","Bird Faced Urn","Meat on the Bone"],"acts_visited":["Exordium","TheCity","TheBeyond"],"potions_floor_usage":[],"damage_taken":[{"damage":0.0,"enemies":"2 Louse","floor":1.0,"turns":2.0},{"damage":4.0,"enemies":"Jaw Worm","floor":2.0,"turns":4.0},{"damage":0.0,"enemies":"Small Slimes","floor":3.0,"turns":3.0},{"damage":0.0,"enemies":"Gremlin Gang","floor":4.0,"turns":5.0},{"damage":19.0,"enemies":"Lots of Slimes","floor":5.0,"turns":5.0},{"damage":30.0,"enemies":"Lagavulin","floor":7.0,"turns":4.0},{"damage":2.0,"enemies":"2 Fungi Beasts","floor":13.0,"turns":4.0},{"damage":15.0,"enemies":"Hexaghost","floor":16.0,"turns":9.0},{"damage":15.0,"enemies":"Spheric Guardian","floor":18.0,"turns":6.0},{"damage":0.0,"enemies":"Chosen","floor":22.0,"turns":3.0},{"damage":24.0,"enemies":"Snake Plant","floor":25.0,"turns":5.0},{"damage":4.0,"enemies":"Cultist and Chosen","floor":27.0,"turns":6.0},{"damage":4.0,"enemies":"Chosen and Byrds","floor":29.0,"turns":5.0},{"damage":31.0,"enemies":"Slavers","floor":30.0,"turns":6.0},{"damage":19.0,"enemies":"Collector","floor":33.0,"turns":6.0},{"damage":24.0,"enemies":"3 Shapes","floor":35.0,"turns":5.0},{"damage":14,"enemies":"3 Darklings","floor":37,"turns":4},{"damage":19,"enemies":"Spire Growth","floor":38,"turns":4},{"damage":3,"enemies":"Mind Bloom Boss Battle","floor":39,"turns":3},{"damage":0,"enemies":"Giant Head","floor":40,"turns":5},{"damage":41,"enemies":"Reptomancer","floor":42,"turns":2}],"seed_played":"5651503370461319195","potions_obtained":[{"floor":1.0,"key":"Regen Potion"},{"floor":3.0,"key":"Strength Potion"},{"floor":5.0,"key":"ShroomBrew"},{"floor":16.0,"key":"CultistPotion"}],"is_trial":false,"path_per_floor":["M","M","M","M","M","R","E","?","T","R","$","R","M","?","R","B",null,"M","$","?","$","M","R","?","M","T","M","R","M","E","$","R","B",null,"M","$","M","M","?","E","$","E"],"character_chosen":"MARISA","items_purchased":["GalacticHalo","EnergyFlow","Acceleration","GalacticHalo","SporeBomb"],"campfire_rested":1,"item_purchase_floors":[11,11,11,19,21],"current_hp_per_floor":[75,71,71,71,52,52,22,22,22,22,22,22,20,20,20,20,62,47,47,47,47,47,47,76,52,52,52,52,52,25,25,62,47,69,49,49,39,24,25,33,33,0,0],"gold":247,"neow_bonus":"TEN_PERCENT_HP_BONUS","is_daily":false,"chose_seed":false,"campfire_upgraded":6,"win_rate":0.0,"timestamp":1608874519,"path_taken":["M","M","M","M","M","R","E","?","T","R","$","R","M","?","R","BOSS","M","$","?","$","M","R","?","M","T","?","R","M","E","$","R","BOSS","M","$","?","M","?","E","$","E"],"items_purchased_type":["Card","Card","Card","Card","Card"],"build_version":"2020-12-22","purchased_purges":4,"victory":false,"max_hp_per_floor":[82,82,82,82,82,82,82,82,82,82,82,82,82,76,76,76,76,76,76,76,76,76,76,76,76,76,76,76,76,76,76,76,76,76,76,76,76,76,76,76,76,76,76],"card_choices":[{"not_picked":["EventHorizon","MagicChant"],"picked":"ShootingEcho","floor":1.0},{"not_picked":["EnergyRecoil","OneTimeOff"],"picked":"ChargingUp","floor":2.0},{"not_picked":["MilkyWay","OpenUniverse","RefractionSpark"],"picked":"SKIP","floor":3.0},{"not_picked":["DoubleSpark","WitchOfGreed"],"picked":"PowerUp","floor":4.0},{"not_picked":["DarkSpark","6A"],"picked":"StarBarrage","floor":5.0},{"not_picked":["SuperPerseids","Occultation"],"picked":"AsteroidBelt","floor":7.0},{"not_picked":["ShootingEcho","MagicChant"],"picked":"NonDirectionalLaser","floor":13.0},{"not_picked":["Acceleration","Occultation"],"picked":"GalacticHalo+1","floor":18.0},{"not_picked":["PowerUp","ChargeUpSpray+1"],"picked":"EnergyFlow","floor":22.0},{"not_picked":["Singularity","IllusionStar"],"picked":"EarthLightRay","floor":25.0},{"not_picked":["JA","NonDirectionalLaser"],"picked":"GalacticHalo","floor":27.0},{"not_picked":["EventHorizon","SporeBomb"],"picked":"Acceleration","floor":29.0},{"not_picked":["ChargeUpSpray+1","MysteriousBeam"],"picked":"GalacticHalo+1","floor":30.0},{"not_picked":[],"picked":"SporeBomb+1","floor":35.0},{"not_picked":["DC"],"picked":"SKIP","floor":37},{"not_picked":["SuperPerseids+1"],"picked":"SKIP","floor":38},{"not_picked":["DoubleSpark+1"],"picked":"SKIP","floor":40}],"player_experience":1117165,"relics_obtained":[{"floor":7.0,"key":"Matryoshka"},{"floor":9.0,"key":"Regal Pillow"},{"floor":9.0,"key":"Boot"},{"floor":26.0,"key":"Bottled Tornado"},{"floor":26.0,"key":"PreservedInsect"},{"floor":30.0,"key":"Ancient Tea Set"},{"floor":39,"key":"Bird Faced Urn"},{"floor":40,"key":"Meat on the Bone"}],"event_choices":[{"damage_healed":0.0,"max_hp_gain":0.0,"max_hp_loss":0.0,"gold_gain":175.0,"event_name":"betterThird:BetterSerpent","player_choice":"AGREE","floor":8.0,"gold_loss":0.0,"damage_taken":206.0},{"damage_healed":0.0,"max_hp_gain":0.0,"max_hp_loss":6.0,"gold_gain":0.0,"event_name":"Golden Idol","player_choice":"Lose Max HP","floor":14.0,"gold_loss":0.0,"damage_taken":0.0,"relics_obtained":["Golden Idol"]},{"cards_removed":["StarBarrage"],"damage_healed":29.0,"max_hp_gain":0.0,"max_hp_loss":0.0,"gold_gain":0.0,"event_name":"Bonfire Elementals","player_choice":"Offered Uncommon","floor":24.0,"gold_loss":0.0,"damage_taken":0.0},{"damage_healed":0,"gold_gain":0,"player_choice":"Fight","damage_taken":0,"max_hp_gain":0,"max_hp_loss":0,"event_name":"MindBloom","floor":39,"gold_loss":0}],"is_beta":false,"boss_relics":[{"not_picked":["Runic Dome","Snecko Eye"],"picked":"Sozu"},{"not_picked":["Hololive_TopUpMoneyS","Empty Cage"],"picked":"Busted Crown"}],"items_purged_floors":[11,21,31,41],"is_endless":false,"potions_floor_spawned":[1,3,5,16,25,27,33,37],"killed_by":"Reptomancer","ascension_level":7}}