{"host":"nsxzlb359hv0da5z","time":1608880636,"event":{"mods":["BaseMod","Bestiary","Colored Map","Minty Spire (QoL Compilation)","Permanent Neow","Relic Stats","Slay the Relics Exporter","ojb\u0027s Info Mod"],"gold_per_floor":[112,187,187,187,202,202,245,245,245,272,316,316,342,369,369,455,455,475,503,87,102,126,126,164,164,164,164,189,224,224,259,259,342,342,352,352,363,419,154,154,181,181,181,190,190,202,55,84,84,84,84,84],"floor_reached":51,"playtime":6511,"items_purged":["Strike_B","Strike_B"],"score":1401,"play_id":"58680690-39b9-4c54-bd7f-2c3d8a0f2ec4","local_time":"20201224231716","is_ascension_mode":true,"campfire_choices":[{"data":"Streamline","floor":6,"key":"SMITH"},{"data":"Electrodynamics","floor":8,"key":"SMITH"},{"floor":15,"key":"REST"},{"data":"Double Energy","floor":23,"key":"SMITH"},{"data":"Go for the Eyes","floor":25,"key":"SMITH"},{"data":"Lockon","floor":27,"key":"SMITH"},{"floor":32,"key":"REST"},{"floor":40,"key":"DIG"},{"floor":42,"key":"RECALL"},{"data":"Apotheosis","floor":45,"key":"SMITH"},{"floor":49,"key":"REST"}],"circlet_count":0,"master_deck":["AscendersBane","Strike_B","Defend_B","Defend_B","Defend_B","Defend_B","Zap","Dualcast","Genetic Algorithm+1","Streamline+1","Electrodynamics+1","Go for the Eyes+1","Cold Snap","Steam","Compile Driver","Multi-Cast","Double Energy+1","Turbo","Conserve Battery","Ball Lightning","Chaos+1","Lockon+1","Cold Snap","Stack","Amplify","Chill","Self Repair","Doom and Gloom","Apotheosis+1","Hologram+1","Coolheaded","Reinforced Body"],"relics":["Cracked Core","NeowsBlessing","CeramicFish","Shuriken","Symbiotic Virus","FaceOfCleric","Runic Pyramid","Potion Belt","Mummified Hand","Bottled Lightning","Letter Opener","Red Mask","Pear","MealTicket","Runic Dome","Shovel","Happy Flower","Orrery"],"acts_visited":["Exordium","TheCity","TheBeyond"],"potions_floor_usage":[11,14,22,24,24,24,24,29,33,33,48,50,50,50],"damage_taken":[{"damage":0,"enemies":"2 Louse","floor":1,"turns":1},{"damage":0,"enemies":"Jaw Worm","floor":5,"turns":1},{"damage":0,"enemies":"3 Sentries","floor":7,"turns":1},{"damage":0,"enemies":"Cultist","floor":10,"turns":2},{"damage":8,"enemies":"Gremlin Nob","floor":11,"turns":3},{"damage":6,"enemies":"Exordium Thugs","floor":13,"turns":3},{"damage":7,"enemies":"Exordium Wildlife","floor":14,"turns":3},{"damage":24,"enemies":"The Guardian","floor":16,"turns":10},{"damage":10,"enemies":"Shell Parasite","floor":18,"turns":4},{"damage":0,"enemies":"Chosen","floor":19,"turns":3},{"damage":1,"enemies":"Snecko","floor":21,"turns":3},{"damage":6,"enemies":"3 Cultists","floor":22,"turns":4},{"damage":7,"enemies":"Slavers","floor":24,"turns":4},{"damage":12,"enemies":"Book of Stabbing","floor":28,"turns":4},{"damage":0,"enemies":"Masked Bandits","floor":29,"turns":3},{"damage":6,"enemies":"Gremlin Leader","floor":31,"turns":5},{"damage":36,"enemies":"Automaton","floor":33,"turns":14},{"damage":9,"enemies":"Orb Walker","floor":35,"turns":4},{"damage":0,"enemies":"3 Darklings","floor":37,"turns":3},{"damage":42,"enemies":"2 Orb Walkers","floor":38,"turns":4},{"damage":5,"enemies":"Spire Growth","floor":41,"turns":4},{"damage":39,"enemies":"Jaw Worm Horde","floor":46,"turns":5},{"damage":0,"enemies":"3 Darklings","floor":48,"turns":3},{"damage":52,"enemies":"Awakened One","floor":50,"turns":21},{"damage":33,"enemies":"Donu and Deca","floor":51,"turns":5}],"seed_played":"-419098217203596783","potions_obtained":[{"floor":5,"key":"SkillPotion"},{"floor":7,"key":"Fire Potion"},{"floor":13,"key":"SteroidPotion"},{"floor":16,"key":"FairyPotion"},{"floor":19,"key":"ColorlessPotion"},{"floor":22,"key":"EntropicBrew"},{"floor":24,"key":"SpeedPotion"},{"floor":33,"key":"DuplicationPotion"},{"floor":46,"key":"DistilledChaos"}],"is_trial":false,"path_per_floor":["M","?","?","?","M","R","E","R","T","M","E","?","M","M","R","B",null,"M","M","$","M","M","R","E","R","T","R","E","?","T","E","R","B",null,"M","?","M","?","$","R","M","R","T","?","R","M","$","M","R","B","B"],"character_chosen":"DEFECT","items_purchased":["Potion Belt","Conserve Battery","Ball Lightning","DuplicationPotion","Self Repair","DistilledChaos","Orrery"],"campfire_rested":3,"item_purchase_floors":[20,20,20,20,39,39,47],"current_hp_per_floor":[64,53,53,46,46,46,46,46,46,46,38,38,33,27,48,25,62,53,54,54,54,49,49,43,43,43,43,32,33,43,38,65,30,77,69,69,70,29,44,44,47,47,47,47,47,16,31,32,60,29,0,0],"gold":84,"neow_bonus":"THREE_ENEMY_KILL","is_daily":false,"chose_seed":false,"campfire_upgraded":6,"win_rate":0.0,"timestamp":1608880636,"path_taken":["M","?","?","?","?","R","E","R","T","M","E","?","?","M","R","BOSS","M","M","$","M","M","R","E","R","T","R","E","?","?","E","R","BOSS","M","?","M","?","$","R","M","R","T","?","R","M","?","M","R","BOSS","BOSS"],"items_purchased_type":["Relic","Card","Card","Potion","Card","Potion","Relic"],"build_version":"2020-12-22","purchased_purges":2,"victory":false,"max_hp_per_floor":[71,71,71,71,71,71,71,71,71,71,71,71,72,73,73,74,74,75,76,76,77,78,78,79,79,79,79,80,81,91,92,92,93,93,94,89,90,91,91,91,92,92,92,92,92,93,93,94,94,95,95,95],"relic_stats":{"Shovel":1,"FaceOfCleric":19,"Happy Flower":[12],"counters":[25,117],"Shuriken":[20],"Mummified Hand":[14],"CeramicFish":198,"MealTicket":30,"Letter Opener":[227],"obtain_stats":[{"Potion Belt":20,"Pear":30,"NeowsBlessing":0,"Happy Flower":40,"CeramicFish":7,"Letter Opener":28,"Runic Dome":34,"Shovel":38,"FaceOfCleric":12,"Shuriken":9,"Mummified Hand":24,"Orrery":47,"MealTicket":31,"Red Mask":29,"Bottled Lightning":26,"Cracked Core":0,"Symbiotic Virus":11,"Runic Pyramid":17},{"Potion Belt":10,"Pear":15,"NeowsBlessing":0,"Happy Flower":20,"CeramicFish":3,"Letter Opener":14,"Runic Dome":17,"Shovel":20,"FaceOfCleric":5,"Shuriken":3,"Mummified Hand":13,"Orrery":22,"MealTicket":16,"Red Mask":15,"Bottled Lightning":13,"Cracked Core":0,"Symbiotic Virus":5,"Runic Pyramid":8},{"Potion Belt":31,"Pear":49,"NeowsBlessing":0,"Happy Flower":79,"CeramicFish":3,"Letter Opener":46,"Runic Dome":68,"Shovel":79,"FaceOfCleric":8,"Shuriken":3,"Mummified Hand":42,"Orrery":88,"MealTicket":54,"Red Mask":49,"Bottled Lightning":42,"Cracked Core":0,"Symbiotic Virus":8,"Runic Pyramid":24}]},"card_choices":[{"not_picked":["Go for the Eyes","Beam Cell"],"picked":"Genetic Algorithm","floor":1},{"not_picked":["Barrage","Turbo"],"picked":"Streamline","floor":5},{"not_picked":["Cold Snap","Scrape"],"picked":"Electrodynamics","floor":7},{"not_picked":["Capacitor","Redo"],"picked":"Go for the Eyes","floor":10},{"not_picked":["Turbo","Rip and Tear"],"picked":"Cold Snap","floor":11},{"not_picked":["Rebound","Leap"],"picked":"Steam","floor":13},{"not_picked":["Loop","Turbo"],"picked":"Compile Driver","floor":14},{"not_picked":["Electrodynamics","Machine Learning"],"picked":"Multi-Cast","floor":16},{"not_picked":["Reprogram","Coolheaded"],"picked":"Double Energy","floor":18},{"not_picked":["Storm+1","Gash"],"picked":"Turbo","floor":19},{"not_picked":["Undo","Go for the Eyes","Compile Driver"],"picked":"SKIP","floor":21},{"not_picked":["Undo","Auto Shields"],"picked":"Chaos+1","floor":22},{"not_picked":["FTL","Conserve Battery"],"picked":"Lockon","floor":24},{"not_picked":["Steam","Double Energy","Static Discharge"],"picked":"SKIP","floor":28},{"not_picked":["FTL","Barrage"],"picked":"Cold Snap","floor":29},{"not_picked":["Compile Driver","Reboot"],"picked":"Stack","floor":31},{"not_picked":["Multi-Cast","All For One"],"picked":"Amplify","floor":33},{"not_picked":["Gash","Barrage","Rebound+1"],"picked":"SKIP","floor":35},{"not_picked":["Skim+1","Scrape","Stack"],"picked":"SKIP","floor":37},{"not_picked":["Sunder","Compile Driver"],"picked":"Chill","floor":38},{"not_picked":["Compile Driver","Go for the Eyes"],"picked":"Doom and Gloom","floor":41},{"not_picked":["Impatience","Jack Of All Trades"],"picked":"Apotheosis","floor":44},{"not_picked":["Rebound","Consume","FTL"],"picked":"SKIP","floor":46},{"not_picked":["Double Energy","BootSequence+1"],"picked":"Hologram+1","floor":47},{"not_picked":["Ball Lightning","Self Repair"],"picked":"Coolheaded","floor":47},{"not_picked":["Ball Lightning","Stack+1"],"picked":"Reinforced Body","floor":48}],"player_experience":1845317,"relics_obtained":[{"floor":7,"key":"CeramicFish"},{"floor":9,"key":"Shuriken"},{"floor":11,"key":"Symbiotic Virus"},{"floor":24,"key":"Mummified Hand"},{"floor":26,"key":"Bottled Lightning"},{"floor":28,"key":"Letter Opener"},{"floor":29,"key":"Red Mask"},{"floor":30,"key":"Pear"},{"floor":31,"key":"MealTicket"},{"floor":38,"key":"Shovel"},{"floor":40,"key":"Happy Flower"}],"event_choices":[{"damage_healed":0,"gold_gain":75,"player_choice":"Gather Gold","damage_taken":11,"max_hp_gain":0,"max_hp_loss":0,"event_name":"World of Goop","floor":2,"gold_loss":0},{"damage_healed":0,"gold_gain":0,"player_choice":"Grow","damage_taken":0,"max_hp_gain":0,"max_hp_loss":0,"event_name":"Living Wall","floor":3,"gold_loss":0,"cards_upgraded":["Genetic Algorithm"]},{"cards_removed":["Strike_B"],"damage_healed":0,"gold_gain":0,"player_choice":"Card Removal","damage_taken":7,"max_hp_gain":0,"max_hp_loss":0,"event_name":"Golden Wing","floor":4,"gold_loss":0},{"damage_healed":0,"gold_gain":0,"player_choice":"Trade","damage_taken":0,"relics_obtained":["FaceOfCleric"],"max_hp_gain":0,"max_hp_loss":0,"event_name":"FaceTrader","floor":12,"gold_loss":0},{"damage_healed":0,"gold_gain":0,"player_choice":"Fought Bandits","damage_taken":0,"max_hp_gain":0,"max_hp_loss":0,"event_name":"Masked Bandits","floor":29,"gold_loss":0},{"damage_healed":0,"gold_gain":0,"player_choice":"Max HP","damage_taken":0,"max_hp_gain":0,"max_hp_loss":5,"event_name":"Winding Halls","floor":36,"gold_loss":0},{"damage_healed":0,"gold_gain":0,"player_choice":"Fight","damage_taken":0,"max_hp_gain":0,"max_hp_loss":0,"event_name":"Mysterious Sphere","floor":38,"gold_loss":0},{"damage_healed":0,"gold_gain":0,"player_choice":"Memory 1","damage_taken":0,"max_hp_gain":0,"max_hp_loss":0,"event_name":"SensoryStone","floor":44,"gold_loss":0}],"is_beta":false,"boss_relics":[{"not_picked":["FrozenCore","Empty Cage"],"picked":"Runic Pyramid"},{"not_picked":["Calling Bell","Busted Crown"],"picked":"Runic Dome"}],"items_purged_floors":[20,39],"is_endless":false,"potions_floor_spawned":[5,7,13,16,19,22,24,33,46],"killed_by":"Donu and Deca","ascension_level":20}}