{"host":"lhth1efayex2023z","time":1608933534,"event":{"mods":["BaseMod","Colored Map","Googly Eyes","Minty Spire (QoL Compilation)","StSLib"],"gold_per_floor":[13,23,43,43,106,142,25,25,25,61,61,94,94,113,113,113,113],"floor_reached":16,"playtime":605,"items_purged":[],"score":183,"play_id":"0e0ca151-0b08-434d-874e-7e02e1b5cade","local_time":"20201225145854","is_ascension_mode":true,"campfire_choices":[{"data":"Catalyst","floor":8,"key":"SMITH"},{"floor":11,"key":"REST"},{"data":"Night Terror","floor":13,"key":"SMITH"},{"data":"After Image","floor":15,"key":"SMITH"}],"circlet_count":0,"master_deck":["AscendersBane","Strike_G","Strike_G","Strike_G","Strike_G","Strike_G","Defend_G","Defend_G","Defend_G","Defend_G","Defend_G","Survivor","Neutralize","Dash","Reflex","Catalyst+1","Poisoned Stab","After Image+1","Deflect","Night Terror+1","Blur","Burst"],"relics":["Ring of the Snake","Golden Idol","Mercury Hourglass","Dream Catcher","TungstenRod","MealTicket"],"acts_visited":["Exordium"],"potions_floor_usage":[],"damage_taken":[{"damage":1.0,"enemies":"Cultist","floor":1.0,"turns":5.0},{"damage":0.0,"enemies":"2 Louse","floor":2.0,"turns":3.0},{"damage":0.0,"enemies":"Jaw Worm","floor":3.0,"turns":4.0},{"damage":32.0,"enemies":"3 Sentries","floor":6.0,"turns":13.0},{"damage":17,"enemies":"Lagavulin","floor":10,"turns":6},{"damage":12,"enemies":"3 Sentries","floor":12,"turns":9},{"damage":6,"enemies":"Lots of Slimes","floor":14,"turns":4},{"damage":34,"enemies":"The Guardian","floor":16,"turns":9}],"seed_played":"1648988151099464284","potions_obtained":[{"floor":2.0,"key":"AttackPotion"}],"is_trial":false,"path_per_floor":["M","M","M","?","?","E","$","R","T","E","R","E","R","M","R","B"],"character_chosen":"THE_SILENT","items_purchased":["After Image","Deflect"],"campfire_rested":1,"item_purchase_floors":[7,7],"current_hp_per_floor":[76,76,76,76,76,44,44,44,44,27,50,38,38,32,32,0,0],"gold":113,"neow_bonus":"TWENTY_PERCENT_HP_BONUS","is_daily":false,"chose_seed":false,"campfire_upgraded":3,"win_rate":0.0,"timestamp":1608933534,"path_taken":["M","M","?","?","?","E","?","R","T","E","R","E","R","?","R","BOSS"],"items_purchased_type":["Card","Card"],"build_version":"2020-12-22","purchased_purges":0,"victory":false,"max_hp_per_floor":[84,84,84,78,78,78,78,78,78,78,78,78,78,78,78,78,78],"card_choices":[{"not_picked":["Dodge and Roll","Backflip"],"picked":"Dash","floor":1.0},{"not_picked":["Skewer","Setup"],"picked":"Reflex","floor":2.0},{"not_picked":["Noxious Fumes","Poisoned Stab"],"picked":"Catalyst","floor":3.0},{"not_picked":["Sucker Punch","Slice"],"picked":"Poisoned Stab","floor":6.0},{"not_picked":["Terror","Blade Dance"],"picked":"Night Terror","floor":10},{"not_picked":["Blade Dance","Bane"],"picked":"Blur","floor":11},{"not_picked":["Cloak And Dagger","Bane"],"picked":"Burst","floor":12},{"not_picked":["Underhanded Strike","Distraction","Tactician"],"picked":"SKIP","floor":14}],"player_experience":401460,"relics_obtained":[{"floor":6.0,"key":"Mercury Hourglass"},{"floor":9,"key":"Dream Catcher"},{"floor":10,"key":"TungstenRod"},{"floor":12,"key":"MealTicket"}],"event_choices":[{"damage_healed":0.0,"max_hp_gain":0.0,"max_hp_loss":6.0,"gold_gain":0.0,"event_name":"Golden Idol","player_choice":"Lose Max HP","floor":4.0,"gold_loss":0.0,"damage_taken":0.0,"relics_obtained":["Golden Idol"]},{"damage_healed":0.0,"max_hp_gain":0.0,"max_hp_loss":0.0,"gold_gain":63.0,"event_name":"Golden Wing","player_choice":"Gained Gold","floor":5.0,"gold_loss":0.0,"damage_taken":0.0}],"is_beta":false,"boss_relics":[],"items_purged_floors":[],"is_endless":false,"potions_floor_spawned":[2],"killed_by":"The Guardian","ascension_level":11}}