{"host":"5jn3rki867005t18","time":1608888303,"event":{"mods":["AchievementEnabler","BaseMod","Colored Map","DeckTracker","Highlight Path","Minty Spire (QoL Compilation)","Permanent Neow","Quick Restart","StSLib","SuperFastMode"],"gold_per_floor":[18,31,46,65,85,85,99,99,99,125,125,141,141,216,216,216,216],"floor_reached":16,"playtime":1040,"items_purged":[],"score":104,"play_id":"01069dbd-5354-4064-9f11-37e960e60aa6","local_time":"20201225182503","is_ascension_mode":false,"campfire_choices":[{"data":"Eruption","floor":6,"key":"SMITH"},{"floor":8,"key":"REST"},{"data":"MentalFortress","floor":11,"key":"SMITH"},{"data":"Vault","floor":13,"key":"SMITH"},{"floor":15,"key":"REST"}],"circlet_count":0,"master_deck":["Strike_P","Strike_P","Defend_P","Defend_P","Defend_P","Defend_P","Eruption+1","Vigilance","Crescendo","FlurryOfBlows","Vault+1","FearNoEvil","MentalFortress+1","WaveOfTheHand"],"relics":["PureWater","Meat on the Bone","Ginger"],"acts_visited":["Exordium"],"potions_floor_usage":[2,7],"damage_taken":[{"damage":2,"enemies":"Small Slimes","floor":1,"turns":6},{"damage":0,"enemies":"Jaw Worm","floor":2,"turns":4},{"damage":3,"enemies":"2 Louse","floor":3,"turns":3},{"damage":0,"enemies":"2 Fungi Beasts","floor":4,"turns":3},{"damage":19,"enemies":"Lots of Slimes","floor":5,"turns":7},{"damage":16,"enemies":"Red Slaver","floor":7,"turns":3},{"damage":21,"enemies":"3 Sentries","floor":10,"turns":9},{"damage":1,"enemies":"Large Slime","floor":12,"turns":7},{"damage":99,"enemies":"The Guardian","floor":16,"turns":11}],"seed_played":"5109676918882463639","potions_obtained":[{"floor":1,"key":"SteroidPotion"},{"floor":5,"key":"Fruit Juice"}],"is_trial":false,"path_per_floor":["M","M","M","M","M","R","M","R","T","E","R","M","R","?","R","B"],"character_chosen":"WATCHER","items_purchased":[],"campfire_rested":2,"item_purchase_floors":[],"current_hp_per_floor":[70,70,67,67,48,48,37,60,60,39,39,50,50,39,62,0,0],"gold":216,"neow_bonus":"REMOVE_TWO","is_daily":false,"chose_seed":false,"campfire_upgraded":3,"win_rate":0.0,"timestamp":1608888303,"path_taken":["M","M","M","M","M","R","M","R","T","E","R","M","R","?","R","BOSS"],"items_purchased_type":[],"build_version":"2020-12-22","purchased_purges":0,"victory":false,"max_hp_per_floor":[72,72,72,72,72,72,77,77,77,77,77,77,77,77,77,77,77],"card_choices":[{"not_picked":["SandsOfTime","JustLucky"],"picked":"Crescendo","floor":1},{"not_picked":["CarveReality","CutThroughFate"],"picked":"FlurryOfBlows","floor":2},{"not_picked":["ThirdEye","WindmillStrike","Evaluate"],"picked":"SKIP","floor":3},{"not_picked":["ThirdEye","CrushJoints"],"picked":"Vault","floor":4},{"not_picked":["BattleHymn","Swivel","Evaluate"],"picked":"SKIP","floor":5},{"not_picked":["Sanctity","Nirvana"],"picked":"FearNoEvil","floor":7},{"not_picked":["SpiritShield","Prostrate"],"picked":"MentalFortress","floor":10},{"not_picked":["DeceiveReality","Wireheading"],"picked":"WaveOfTheHand","floor":12}],"player_experience":131590,"relics_obtained":[{"floor":9,"key":"Meat on the Bone"},{"floor":10,"key":"Ginger"}],"event_choices":[{"damage_healed":0,"gold_gain":75,"player_choice":"Gather Gold","damage_taken":11,"max_hp_gain":0,"max_hp_loss":0,"event_name":"World of Goop","floor":14,"gold_loss":0}],"is_beta":false,"boss_relics":[],"items_purged_floors":[],"is_endless":false,"potions_floor_spawned":[1,5],"killed_by":"The Guardian","ascension_level":0}}