{"host":"kabf61oc9jgfwufg","time":1608857282,"event":{"mods":["AchievementEnabler","Act Like it!","Aspiration","Bartender","BaseMod","CatGirl Mod","Conspire","GifTheSpireLib","Halation","HexUI Lib","Hubris","Infinite Spire","Marisa????????","Minty Spire (QoL Compilation)","Pale of the Ancients","Rare Cards Sparkle","Replay The Spire","StSLib","The Animator","The Blackbeard","The Bladedancer","The Cursed","The Jungle","The Marked","The Servant 0.9.4","TheSwordswoman"],"gold_per_floor":[119,16,16,16,16,41,41,41,65,65,90,103,220,231,231,326,426,436,436,454,86,86,86,102,102,102],"floor_reached":25,"playtime":718,"items_purged":["Run Through"],"score":333,"play_id":"1de4cd08-a72d-43ee-a855-7de94662e33e","local_time":"20201225004802","is_ascension_mode":true,"campfire_choices":[{"data":"Inflame","floor":8,"key":"SMITH"},{"data":"Sword Boomerang","floor":10,"key":"SMITH"},{"data":"Pommel Strike","floor":15,"key":"SMITH"},{"data":"Demon Form","floor":23,"key":"SMITH"}],"circlet_count":0,"master_deck":["conspire:GhostlyStrike","conspire:GhostlyStrike","conspire:GhostlyStrike","conspire:GhostlyStrike","conspire:GhostlyDefend","conspire:GhostlyDefend","conspire:GhostlyDefend","conspire:GhostlyDefend","Bash","Sword Boomerang+1","Flex","Flex","Inflame+1","Thunderclap","hubris:Insight+1","True Grit","hubris:CleavingFinish","Shrug It Off","hubris:StunningStrike","Pommel Strike+1","Demon Form+1","Thunderclap+1","Headbutt","Sword Boomerang","blademaster:Bloodbath+1"],"relics":["Burning Blood","NeowsBlessing","halation:StarCompass","Replay:Mystery Machine","aspiration:ChemicalBlood","Eternal Feather","Replay:Wanted Poster","Sling","Juzu Bracelet","PrismaticShard"],"acts_visited":["Exordium","TheCity"],"potions_floor_usage":[16,16,18,18,20,24,24,24,24,25],"damage_taken":[{"damage":0,"enemies":"Jaw Worm","floor":1,"turns":1},{"damage":0,"enemies":"Lagavulin","floor":6,"turns":1},{"damage":0,"enemies":"Gremlin Nob","floor":11,"turns":1},{"damage":13,"enemies":"conspire:RoseBush","floor":12,"turns":2},{"damage":0,"enemies":"Small Slimes","floor":14,"turns":2},{"damage":53,"enemies":"Hexaghost","floor":16,"turns":7},{"damage":45,"enemies":"3 Byrds","floor":18,"turns":4},{"damage":10,"enemies":"Shell Parasite","floor":20,"turns":3},{"damage":18,"enemies":"Chosen and Byrds","floor":24,"turns":3},{"damage":45,"enemies":"conspire:SneckoGhost","floor":25,"turns":3}],"seed_played":"6098902092767000070","potions_obtained":[{"floor":6,"key":"LiquidMemories"},{"floor":14,"key":"SteroidPotion"},{"floor":16,"key":"DuplicationPotion"},{"floor":16,"key":"Regen Potion"},{"floor":18,"key":"FearPotion"},{"floor":18,"key":"Regen Potion"},{"floor":18,"key":"LifebloodPotion"},{"floor":19,"key":"LiquidMemories"},{"floor":24,"key":"LiquidMemories"}],"is_trial":false,"path_per_floor":["M","$","?","$","?","E","?","R","T","R","E","M","?","M","R","B",null,"M","?","M","$","?","R","M","E"],"character_chosen":"IRONCLAD","items_purchased":["Flex","Inflame","Sling","Juzu Bracelet"],"campfire_rested":0,"item_purchase_floors":[2,2,21,21],"current_hp_per_floor":[80,80,80,80,80,80,80,80,80,80,80,73,73,79,80,33,80,46,46,42,42,34,46,34,0,0],"gold":102,"neow_bonus":"THREE_ENEMY_KILL","is_daily":false,"chose_seed":false,"campfire_upgraded":4,"win_rate":0.0,"timestamp":1608857282,"path_taken":["M","$","?","$","?","E","?","R","T","R","E","M","?","M","R","BOSS","M","?","?","$","?","R","M","E"],"items_purchased_type":["Card","Card","Relic","Relic"],"build_version":"2020-12-22","purchased_purges":1,"victory":false,"max_hp_per_floor":[80,80,80,80,80,80,80,80,80,80,80,80,80,80,80,80,80,80,80,80,80,80,80,80,80,80],"card_choices":[{"not_picked":["Wild Strike","Intimidate"],"picked":"Sword Boomerang","floor":1},{"not_picked":["ReplayReversal","Carnage"],"picked":"Thunderclap","floor":6},{"not_picked":["Immolate","Wild Strike"],"picked":"Run Through","floor":11},{"not_picked":["Abandon","Wild Strike"],"picked":"True Grit","floor":12},{"not_picked":["True Grit","hubris:ReadiedAction"],"picked":"hubris:CleavingFinish","floor":13},{"not_picked":["Abandon","Clothesline"],"picked":"Shrug It Off","floor":13},{"not_picked":["Dual Wield","Metallicize"],"picked":"hubris:StunningStrike","floor":13},{"not_picked":["Headbutt","Iron Wave"],"picked":"Pommel Strike","floor":14},{"not_picked":["Brutality","Eclipse"],"picked":"Demon Form","floor":16},{"not_picked":["Defy Death","True Grit"],"picked":"Thunderclap+1","floor":18},{"not_picked":["Blood for Blood","Replay:Undeath\u0027s Touch+1"],"picked":"Headbutt","floor":20},{"not_picked":["Sever Soul","Anger"],"picked":"Sword Boomerang","floor":22},{"not_picked":["theMarked:MaelstromOfLightning","animator:Magilou+1"],"picked":"blademaster:Bloodbath+1","floor":24}],"player_experience":28906,"relics_obtained":[{"floor":6,"key":"Replay:Mystery Machine"},{"floor":9,"key":"aspiration:ChemicalBlood"},{"floor":11,"key":"Eternal Feather"},{"floor":22,"key":"PrismaticShard"}],"event_choices":[{"damage_healed":0,"gold_gain":0,"player_choice":"Agree","damage_taken":0,"max_hp_gain":0,"max_hp_loss":0,"event_name":"conspire:LoneGhost","floor":3,"gold_loss":0},{"damage_healed":0,"gold_gain":0,"player_choice":"Got Potions","damage_taken":0,"max_hp_gain":0,"max_hp_loss":0,"event_name":"Lab","floor":19,"gold_loss":0}],"is_beta":false,"boss_relics":[{"not_picked":["Cursed Key","Mark of Pain"],"picked":"Replay:Wanted Poster"}],"items_purged_floors":[21],"is_endless":false,"potions_floor_spawned":[6,14,16,18],"killed_by":"conspire:SneckoGhost","ascension_level":2}}