{"host":"52jmisti11ysmja4","time":1608881490,"event":{"mods":["Aspiration","BaseMod","Better Third Choice","Hermit","Koishi","Minty Spire (QoL Compilation)","Remove Card Discount Mod","Shade Mod","StSLib","The Cursed","The Servant 0.9.4","The Vixen"],"gold_per_floor":[114,125,144,144,55,88,88,119,146,146,165,165,199,199,199,322,322,345,298,318,342,342,342,377,377,377,397,397,410,429,464,464,464,464],"floor_reached":33,"playtime":2109,"items_purged":["Defend_G","Defend_G","Defend_G","Strike_G","Strike_G","Strike_G","Strike_G","Strike_G","Defend_G","Injury","Defend_G"],"score":528,"play_id":"c23c375f-c0fd-4c17-b213-197109402542","local_time":"20201224233130","is_ascension_mode":true,"campfire_choices":[{"floor":7,"key":"REST"},{"data":"Catalyst","floor":10,"key":"SMITH"},{"data":"Noxious Fumes","floor":12,"key":"SMITH"},{"floor":15,"key":"REST"},{"floor":23,"key":"REST"},{"floor":25,"key":"REST"},{"floor":28,"key":"REST"},{"floor":32,"key":"REST"}],"circlet_count":0,"master_deck":["AscendersBane","Survivor","Neutralize","Poisoned Stab","Flying Knee","Noxious Fumes+1","Noxious Fumes","Catalyst+1","Infinite Blades","Flying Knee","Blade Dance","Grand Finale","CurseOfTheBell","Cloak And Dagger","Cloak And Dagger","Prepared+1","Outmaneuver+1","Storm of Steel","Cloak And Dagger","Heel Hook+1","Backflip+1","Escape Plan","Catalyst","Prepared+1"],"relics":["Ring of the Snake","NeowsBlessing","Golden Idol","aspiration:Headhunter","aspiration:Lifesprig","Oddly Smooth Stone","aspiration:VileToxins","Calling Bell","Bronze Scales","StrikeDummy","StoneCalendar","Dream Catcher","White Beast Statue","Ginger"],"acts_visited":["Exordium","TheCity"],"potions_floor_usage":[8,11,16,24,24,31,31,33],"damage_taken":[{"damage":0,"enemies":"2 Louse","floor":1,"turns":1},{"damage":0,"enemies":"Small Slimes","floor":2,"turns":1},{"damage":0,"enemies":"Cultist","floor":3,"turns":1},{"damage":29,"enemies":"3 Sentries","floor":6,"turns":7},{"damage":2,"enemies":"Lagavulin","floor":8,"turns":4},{"damage":7,"enemies":"Lots of Slimes","floor":11,"turns":3},{"damage":24,"enemies":"3 Sentries","floor":13,"turns":6},{"damage":18,"enemies":"The Guardian","floor":16,"turns":6},{"damage":19,"enemies":"2 Thieves","floor":18,"turns":3},{"damage":11,"enemies":"Spheric Guardian","floor":20,"turns":3},{"damage":8,"enemies":"Shelled Parasite and Fungi","floor":21,"turns":3},{"damage":0,"enemies":"Book of Stabbing","floor":24,"turns":3},{"damage":12,"enemies":"Snecko","floor":27,"turns":4},{"damage":17,"enemies":"Centurion and Healer","floor":29,"turns":5},{"damage":8,"enemies":"3 Cultists","floor":30,"turns":4},{"damage":12,"enemies":"Slavers","floor":31,"turns":5},{"damage":55,"enemies":"Champ","floor":33,"turns":7}],"seed_played":"8657239926784086140","potions_obtained":[{"floor":3,"key":"Strength Potion"},{"floor":8,"key":"Block Potion"},{"floor":13,"key":"Dexterity Potion"},{"floor":22,"key":"Poison Potion"},{"floor":22,"key":"Dexterity Potion"},{"floor":27,"key":"BlessingOfTheForge"},{"floor":29,"key":"GhostInAJar"},{"floor":31,"key":"Poison Potion"}],"is_trial":false,"path_per_floor":["M","M","M","?","$","E","R","E","T","R","M","R","E","?","R","B",null,"M","$","M","M","?","R","E","R","T","M","R","M","M","E","R","B"],"character_chosen":"THE_SILENT","items_purchased":["Noxious Fumes","Cloak And Dagger"],"campfire_rested":6,"item_purchase_floors":[5,19],"current_hp_per_floor":[63,63,63,63,63,34,55,53,53,53,46,46,22,22,43,25,59,40,40,29,21,21,42,42,63,63,51,70,53,45,33,54,0,0],"gold":464,"neow_bonus":"THREE_ENEMY_KILL","is_daily":false,"chose_seed":false,"campfire_upgraded":2,"win_rate":0.0,"timestamp":1608881490,"path_taken":["M","M","M","?","$","E","R","E","T","R","M","R","E","?","R","BOSS","M","$","M","M","?","R","E","R","T","?","R","M","M","E","R","BOSS"],"items_purchased_type":["Card","Card"],"build_version":"2020-12-22","purchased_purges":11,"victory":false,"max_hp_per_floor":[70,70,70,70,70,70,70,70,70,70,70,70,70,70,70,70,70,70,70,70,70,70,70,70,70,70,70,70,70,70,70,70,70,70],"card_choices":[{"not_picked":["Sucker Punch","Dagger Spray"],"picked":"Poisoned Stab","floor":1},{"not_picked":["Dash","Outmaneuver"],"picked":"Flying Knee","floor":2},{"not_picked":["Endless Agony","Quick Slash"],"picked":"Noxious Fumes","floor":3},{"not_picked":["Die Die Die","Slice"],"picked":"Catalyst","floor":6},{"not_picked":["Slice","Endless Agony"],"picked":"Infinite Blades","floor":8},{"not_picked":["Cloak And Dagger","Flechettes"],"picked":"Flying Knee","floor":11},{"not_picked":["Deadly Poison","Heel Hook"],"picked":"Blade Dance","floor":13},{"not_picked":["Malaise","Doppelganger"],"picked":"Grand Finale","floor":16},{"not_picked":["All Out Attack+1","Flying Knee"],"picked":"Cloak And Dagger","floor":18},{"not_picked":["Outmaneuver","Acrobatics"],"picked":"Prepared+1","floor":20},{"not_picked":["Well Laid Plans","Blade Dance"],"picked":"Outmaneuver+1","floor":21},{"not_picked":["Dodge and Roll","Acrobatics"],"picked":"Storm of Steel","floor":24},{"not_picked":["Reflex","Eviscerate"],"picked":"Cloak And Dagger","floor":25},{"not_picked":["Dagger Spray","Flechettes+1"],"picked":"Heel Hook+1","floor":27},{"not_picked":["Sucker Punch","Unload"],"picked":"Backflip+1","floor":29},{"not_picked":["Slice","Blade Dance+1"],"picked":"Escape Plan","floor":30},{"not_picked":["Reflex","Dagger Spray"],"picked":"Catalyst","floor":31},{"not_picked":["Deflect","Infinite Blades"],"picked":"Prepared+1","floor":32}],"player_experience":612310,"relics_obtained":[{"floor":6,"key":"aspiration:Headhunter"},{"floor":8,"key":"aspiration:Lifesprig"},{"floor":9,"key":"Oddly Smooth Stone"},{"floor":13,"key":"aspiration:VileToxins"},{"floor":17,"key":"Bronze Scales"},{"floor":17,"key":"StrikeDummy"},{"floor":17,"key":"StoneCalendar"},{"floor":24,"key":"Dream Catcher"},{"floor":26,"key":"White Beast Statue"},{"floor":31,"key":"Ginger"}],"event_choices":[{"damage_healed":0,"gold_gain":0,"player_choice":"Take Wound","damage_taken":0,"relics_obtained":["Golden Idol"],"max_hp_gain":0,"max_hp_loss":0,"event_name":"Golden Idol","floor":4,"gold_loss":0,"cards_obtained":["Injury"]},{"damage_healed":0,"gold_gain":0,"player_choice":"Leave","damage_taken":0,"max_hp_gain":0,"max_hp_loss":0,"event_name":"The Cleric","floor":14,"gold_loss":0},{"damage_healed":0,"gold_gain":0,"player_choice":"Got Potions","damage_taken":0,"max_hp_gain":0,"max_hp_loss":0,"event_name":"Lab","floor":22,"gold_loss":0}],"is_beta":false,"boss_relics":[{"not_picked":["Fusion Hammer","Runic Dome"],"picked":"Calling Bell"}],"items_purged_floors":[5,5,5,5,5,5,5,5,5,5,19],"is_endless":false,"potions_floor_spawned":[3,8,13,27,29,30,31],"killed_by":"Champ","ascension_level":12}}