{"host":"y8lj6eu4rxnc2qvr","time":1608925354,"event":{"mods":["BaseMod","Minty Spire (QoL Compilation)","StSLib"],"gold_per_floor":[114,114,129,129,144,174,189,219,219,249,324,354,369,384,384,484,484,499,514,529,544,559,559,589,604,654,654,654],"floor_reached":27,"playtime":913,"items_purged":[],"score":394,"play_id":"c47d92f4-67f9-4276-9bed-7bb2425d4337","local_time":"20201225144234","daily_mods":["Draft","Hoarder","Elite Swarm"],"is_ascension_mode":false,"campfire_choices":[{"data":"Demon Form","floor":15,"key":"SMITH"},{"floor":23,"key":"REST"}],"circlet_count":0,"master_deck":["Iron Wave","Iron Wave","Iron Wave","Pommel Strike","Pommel Strike","Pommel Strike","Thunderclap","Thunderclap","Thunderclap","Heavy Blade","Heavy Blade","Heavy Blade","Clothesline","Clothesline","Clothesline","Cleave","Cleave","Cleave","Clash","Clash","Clash","Flex","Flex","Flex","Seeing Red","Seeing Red","Seeing Red","Clash","Clash","Clash","Perfected Strike","Perfected Strike","Perfected Strike","Wild Strike","Wild Strike","Wild Strike","Iron Wave","Iron Wave","Iron Wave","Disarm","Disarm","Disarm","Armaments","Armaments","Armaments","Decay","Decay","Decay","Shrug It Off","Shrug It Off","Shrug It Off","Inflame","Inflame","Inflame","Reaper","Reaper","Reaper","Demon Form","Demon Form","Demon Form+1","Fiend Fire","Fiend Fire","Fiend Fire"],"relics":["Burning Blood","Vajra","Potion Belt","Pear","InkBottle","Red Skull","Black Star","Centennial Puzzle","HornCleat","CeramicFish"],"acts_visited":["Exordium","TheCity"],"potions_floor_usage":[7,8,16,20,24],"damage_taken":[{"damage":0,"enemies":"Small Slimes","floor":1,"turns":1},{"damage":2,"enemies":"Cultist","floor":3,"turns":2},{"damage":0,"enemies":"2 Louse","floor":5,"turns":1},{"damage":21,"enemies":"3 Sentries","floor":6,"turns":6},{"damage":0,"enemies":"Large Slime","floor":7,"turns":3},{"damage":0,"enemies":"Gremlin Nob","floor":8,"turns":2},{"damage":12,"enemies":"Lagavulin","floor":10,"turns":5},{"damage":12,"enemies":"Gremlin Nob","floor":12,"turns":3},{"damage":8,"enemies":"Exordium Wildlife","floor":13,"turns":3},{"damage":16,"enemies":"Blue Slaver","floor":14,"turns":3},{"damage":38,"enemies":"Slime Boss","floor":16,"turns":8},{"damage":28,"enemies":"Shell Parasite","floor":18,"turns":5},{"damage":10,"enemies":"Spheric Guardian","floor":19,"turns":3},{"damage":60,"enemies":"3 Cultists","floor":20,"turns":6},{"damage":13,"enemies":"Cultist and Chosen","floor":21,"turns":5},{"damage":5,"enemies":"Sentry and Sphere","floor":22,"turns":3},{"damage":79,"enemies":"Gremlin Leader","floor":24,"turns":7},{"damage":16,"enemies":"Snake Plant","floor":25,"turns":2},{"damage":9,"enemies":"Centurion and Healer","floor":27,"turns":1}],"seed_played":"-567031674859551473","potions_obtained":[{"floor":5,"key":"Energy Potion"},{"floor":7,"key":"FearPotion"},{"floor":8,"key":"Regen Potion"},{"floor":12,"key":"Block Potion"},{"floor":14,"key":"Swift Potion"},{"floor":19,"key":"BlessingOfTheForge"},{"floor":24,"key":"LiquidMemories"},{"floor":25,"key":"FearPotion"}],"is_trial":false,"path_per_floor":["M","?","M","$","M","E","M","E","T","E","?","E","M","M","R","B",null,"M","M","M","M","M","R","E","M","T","M"],"character_chosen":"IRONCLAD","items_purchased":[],"campfire_rested":1,"item_purchase_floors":[],"current_hp_per_floor":[80,80,80,80,80,65,71,77,87,81,70,64,62,52,52,64,90,68,64,40,33,34,61,17,7,7,0,0],"gold":654,"neow_bonus":"","is_daily":true,"chose_seed":false,"campfire_upgraded":1,"win_rate":0.0,"timestamp":1608925354,"path_taken":["M","?","?","$","M","E","M","E","T","E","?","E","M","M","R","BOSS","M","M","M","M","M","R","E","M","T","M"],"items_purchased_type":[],"build_version":"2020-12-22","purchased_purges":0,"victory":false,"max_hp_per_floor":[80,80,80,80,80,80,80,80,90,90,90,90,90,90,90,90,90,90,90,90,90,90,90,90,90,90,90,90],"card_choices":[{"not_picked":["Havoc","Warcry"],"picked":"Iron Wave","floor":0},{"not_picked":["Reckless Charge","Seeing Red"],"picked":"Pommel Strike","floor":0},{"not_picked":["Searing Blow","Flame Barrier"],"picked":"Thunderclap","floor":0},{"not_picked":["Sentinel","Iron Wave"],"picked":"Heavy Blade","floor":0},{"not_picked":["Heavy Blade","Bloodletting"],"picked":"Clothesline","floor":0},{"not_picked":["Dual Wield","Heavy Blade"],"picked":"Cleave","floor":0},{"not_picked":["Cleave","Heavy Blade"],"picked":"Clash","floor":0},{"not_picked":["Power Through","Shrug It Off"],"picked":"Flex","floor":0},{"not_picked":["Heavy Blade","Combust"],"picked":"Seeing Red","floor":0},{"not_picked":["Armaments","Sword Boomerang"],"picked":"Clash","floor":0},{"not_picked":["Seeing Red","Thunderclap"],"picked":"Perfected Strike","floor":0},{"not_picked":["Dual Wield","Dropkick"],"picked":"Wild Strike","floor":0},{"not_picked":["Cleave","Havoc"],"picked":"Iron Wave","floor":0},{"not_picked":["Havoc","Body Slam"],"picked":"Disarm","floor":0},{"not_picked":["Clash","Rupture"],"picked":"Armaments","floor":0},{"not_picked":["Thunderclap","Combust","Sentinel"],"picked":"SKIP","floor":1},{"not_picked":["Entrench","Heavy Blade"],"picked":"Shrug It Off","floor":3},{"not_picked":["Perfected Strike","True Grit"],"picked":"Inflame","floor":5},{"not_picked":["Corruption","Brutality"],"picked":"Reaper","floor":6},{"not_picked":["Flex","Sword Boomerang","Power Through"],"picked":"SKIP","floor":7},{"not_picked":["Exhume","Bludgeon","Brutality"],"picked":"SKIP","floor":8},{"not_picked":["Impervious","Brutality","Immolate"],"picked":"SKIP","floor":10},{"not_picked":["Offering","Exhume"],"picked":"Demon Form","floor":12},{"not_picked":["Sword Boomerang","Entrench","Dual Wield"],"picked":"SKIP","floor":13},{"not_picked":["Seeing Red","Battle Trance","Warcry"],"picked":"SKIP","floor":14},{"not_picked":["Disarm","Dual Wield+1","Sword Boomerang"],"picked":"SKIP","floor":18},{"not_picked":["Anger+1","Clothesline+1","Warcry+1"],"picked":"SKIP","floor":19},{"not_picked":["Fiend Fire","Combust","Havoc"],"picked":"SKIP","floor":20},{"not_picked":["Combust","Havoc"],"picked":"Fiend Fire","floor":20},{"not_picked":["Armaments+1","Headbutt+1","Sword Boomerang"],"picked":"SKIP","floor":21},{"not_picked":["True Grit","Rampage","Iron Wave"],"picked":"SKIP","floor":22},{"not_picked":["Exhume","Juggernaut","Bludgeon"],"picked":"SKIP","floor":24},{"not_picked":["Infernal Blade","Cleave","Shockwave"],"picked":"SKIP","floor":25}],"player_experience":43972,"relics_obtained":[{"floor":6,"key":"Vajra"},{"floor":8,"key":"Potion Belt"},{"floor":9,"key":"Pear"},{"floor":10,"key":"InkBottle"},{"floor":12,"key":"Red Skull"},{"floor":24,"key":"Centennial Puzzle"},{"floor":24,"key":"HornCleat"},{"floor":26,"key":"CeramicFish"}],"event_choices":[{"damage_healed":0,"gold_gain":0,"player_choice":"Cursed","damage_taken":0,"max_hp_gain":0,"max_hp_loss":0,"event_name":"Wheel of Change","floor":2,"gold_loss":0,"cards_obtained":["Decay"]},{"damage_healed":0,"gold_gain":75,"player_choice":"Gather Gold","damage_taken":11,"max_hp_gain":0,"max_hp_loss":0,"event_name":"World of Goop","floor":11,"gold_loss":0}],"is_beta":false,"boss_relics":[{"not_picked":["SacredBark","Astrolabe"],"picked":"Black Star"}],"items_purged_floors":[],"is_endless":false,"potions_floor_spawned":[5,7,8,12,14,19,24,25],"killed_by":"Centurion and Healer","ascension_level":0}}