{"host":"qvl114e0jmbc6yhm","time":1608863417,"event":{"mods":["Act Like it!","BaseMod","Hermit","Highlight Path","Hubris","Jedi Mod","Marisa????????","Marked Mod","Minty Spire (QoL Compilation)","Permanent Neow","Random Character Button","Relic Sorter","Relic Stats","Replay The Spire","Shop Mod","Spicy Shops","StSLib","The Jungle","The Runesmith"],"gold_per_floor":[116,127,137,154,229,241,241,275,299,309,322,347,359,1,1,75,75,87,87,98,98,114,114,131,159,159,159,159],"floor_reached":27,"playtime":1194,"items_purged":["Strike_R","Strike_R"],"score":551,"play_id":"7cffd5fb-5bdf-400b-9fe0-41b8e2ef59f1","local_time":"20201224213017","is_ascension_mode":true,"campfire_choices":[{"data":"Carnage","floor":7,"key":"SMITH"},{"floor":15,"key":"REST"},{"data":"ReplayUltimateDefense","floor":23,"key":"SMITH"}],"circlet_count":0,"master_deck":["AscendersBane","Strike_R","Strike_R","Strike_R","Defend_R","Defend_R","Defend_R","Defend_R","Bash","Carnage+1","True Grit","Pommel Strike","Feel No Pain","jedi:strikingstrike","Uppercut","Impervious","ReplayUltimateDefense+1","Reaper","Replay:Sssssssssstrike","Ghostly Armor","Sentinel+1"],"relics":["Snecko Heart","Art of War","Ancient Tea Set","Potion Belt","Mark of Pain","Nunchaku","Prayer Wheel","Shuriken"],"acts_visited":["Exordium","TheCity"],"potions_floor_usage":[6,12,25,27],"damage_taken":[{"damage":9,"enemies":"Small Slimes","floor":1,"turns":4},{"damage":0,"enemies":"Cultist","floor":2,"turns":3},{"damage":0,"enemies":"Jaw Worm","floor":3,"turns":2},{"damage":6,"enemies":"Looter","floor":4,"turns":3},{"damage":5,"enemies":"Gremlin Gang","floor":6,"turns":5},{"damage":16,"enemies":"Gremlin Nob","floor":8,"turns":4},{"damage":6,"enemies":"Exordium Thugs","floor":10,"turns":3},{"damage":1,"enemies":"Blue Slaver","floor":11,"turns":3},{"damage":6,"enemies":"3 Sentries","floor":12,"turns":8},{"damage":0,"enemies":"Red Slaver","floor":13,"turns":2},{"damage":0,"enemies":"Fading Forest","floor":16,"turns":11},{"damage":0,"enemies":"Spheric Guardian","floor":18,"turns":5},{"damage":21,"enemies":"Shell Parasite","floor":20,"turns":7},{"damage":24,"enemies":"3 Cultists","floor":22,"turns":6},{"damage":6,"enemies":"Cultist and Chosen","floor":24,"turns":7},{"damage":0,"enemies":"Replay:Snechameleon","floor":25,"turns":6},{"damage":82,"enemies":"Book of Stabbing","floor":27,"turns":8}],"seed_played":"6130048749059202754","potions_obtained":[{"floor":1,"key":"FairyPotion"},{"floor":2,"key":"SpeedPotion"},{"floor":4,"key":"PowerPotion"},{"floor":11,"key":"LifebloodPotion"},{"floor":16,"key":"FearPotion"},{"floor":22,"key":"Block Potion"},{"floor":24,"key":"jedi:hoardpotion"}],"is_trial":false,"path_per_floor":["M","M","M","M","?","M","R","E","T","M","M","E","M","$","R","B",null,"M","?","M","?","M","R","M","E","T","E"],"character_chosen":"IRONCLAD","items_purchased":["ReplayUltimateDefense"],"campfire_rested":1,"item_purchase_floors":[14],"current_hp_per_floor":[59,59,59,53,46,41,41,25,25,19,18,12,12,12,34,34,65,69,69,48,48,38,38,42,46,46,0,0],"gold":159,"neow_bonus":"BOSS_RELIC","is_daily":false,"chose_seed":false,"campfire_upgraded":2,"win_rate":0.0,"timestamp":1608863417,"path_taken":["M","M","M","M","?","M","R","E","T","M","M","E","?","$","R","BOSS","M","?","M","?","M","R","M","E","T","E"],"items_purchased_type":["Card"],"build_version":"2020-12-22","purchased_purges":2,"victory":false,"max_hp_per_floor":[75,75,75,75,75,75,75,75,75,75,75,75,75,75,75,75,75,75,75,75,75,75,75,75,75,75,75,75],"relic_stats":{"Nunchaku":[7],"counters":[17,87],"Shuriken":[3],"Prayer Wheel":0,"Art of War":[2],"obtain_stats":[{"Potion Belt":12,"Nunchaku":19,"Snecko Heart":0,"Shuriken":26,"Prayer Wheel":25,"Mark of Pain":17,"Art of War":8,"Ancient Tea Set":9,"Burning Blood":0},{"Potion Belt":9,"Nunchaku":12,"Snecko Heart":0,"Shuriken":16,"Prayer Wheel":16,"Mark of Pain":11,"Art of War":6,"Ancient Tea Set":6,"Burning Blood":0},{"Potion Belt":35,"Nunchaku":53,"Snecko Heart":0,"Shuriken":79,"Prayer Wheel":79,"Mark of Pain":48,"Art of War":21,"Ancient Tea Set":21,"Burning Blood":0}]},"card_choices":[{"not_picked":["Spot Weakness","Pommel Strike"],"picked":"Carnage","floor":1},{"not_picked":["Searing Blow","Wild Strike"],"picked":"True Grit","floor":2},{"not_picked":["ReplayTheSpireMod:Strike From Hell","True Grit","Sword Boomerang"],"picked":"SKIP","floor":3},{"not_picked":["Rampage","Second Wind"],"picked":"Pommel Strike","floor":4},{"not_picked":["jedi:fear","jedi:collectorstrike"],"picked":"Feel No Pain","floor":6},{"not_picked":["hubris:ReadiedAction","Massacre"],"picked":"jedi:strikingstrike","floor":8},{"not_picked":["Perfected Strike","Thunderclap"],"picked":"Uppercut","floor":10},{"not_picked":["Wild Strike","Run Through","Sword Boomerang"],"picked":"SKIP","floor":11},{"not_picked":["True Grit","Shrug It Off"],"picked":"Impervious","floor":12},{"not_picked":["Bloodletting","Armaments","Anger"],"picked":"SKIP","floor":13},{"not_picked":["Replay:Many Hands","Immolate"],"picked":"Reaper","floor":16},{"not_picked":["Heavy Blade","True Grit","Life Link"],"picked":"SKIP","floor":18},{"not_picked":["ReplayTheSpireMod:Strike From Hell","jedi:fear","Run Through"],"picked":"SKIP","floor":20},{"not_picked":["Clash","Sword Boomerang"],"picked":"Ghostly Armor","floor":22},{"not_picked":["Rampage","Headbutt"],"picked":"Sentinel+1","floor":24},{"not_picked":["Searing Blow","jedi:suffering+1","Iron Wave"],"picked":"SKIP","floor":25}],"player_experience":2397082,"relics_obtained":[{"floor":8,"key":"Art of War"},{"floor":9,"key":"Ancient Tea Set"},{"floor":12,"key":"Potion Belt"},{"floor":19,"key":"Nunchaku"},{"floor":25,"key":"Prayer Wheel"},{"floor":26,"key":"Shuriken"}],"event_choices":[{"damage_healed":0,"gold_gain":75,"player_choice":"Touch","damage_taken":7,"max_hp_gain":0,"max_hp_loss":0,"event_name":"FaceTrader","floor":5,"gold_loss":0},{"damage_healed":0,"gold_gain":0,"player_choice":"1 cards matched","damage_taken":0,"max_hp_gain":0,"max_hp_loss":0,"event_name":"Match and Keep!","floor":21,"gold_loss":0,"cards_obtained":["Replay:Sssssssssstrike"]}],"is_beta":false,"boss_relics":[{"not_picked":["hubris:BlackHole","hubris:Stopwatch"],"picked":"Mark of Pain"}],"items_purged_floors":[14,14],"is_endless":false,"potions_floor_spawned":[1,2,4,11,16,22,24],"killed_by":"Book of Stabbing","ascension_level":14}}