{"host":"15dd7v8o90xso62x","time":1608923272,"event":{"mods":["BaseMod","Minty Spire (QoL Compilation)","Quick Restart","StSLib"],"gold_per_floor":[114,126,145,156,176,207,207,225,225,255,180,180,196,224,224,298,298,318,318,318,243,256,287,287,287,287,302,40,69,79,108,108,181,181,200,236,236,39,39,39,51,51,51,63,63,92,92,92,92,92,92],"floor_reached":52,"playtime":1932,"items_purged":["Strike_P","SpiritShield"],"score":2520,"play_id":"4f313b35-edc0-45cb-b5a4-3f8e9be33797","local_time":"20201226040752","is_ascension_mode":true,"campfire_choices":[{"data":"ClearTheMind","floor":7.0,"key":"SMITH"},{"data":"InnerPeace","floor":12.0,"key":"SMITH"},{"data":"Halt","floor":15.0,"key":"SMITH"},{"data":"Scrawl","floor":25.0,"key":"SMITH"},{"floor":32.0,"key":"REST"},{"data":"Apotheosis","floor":40.0,"key":"SMITH"},{"data":"Adaptation","floor":42.0,"key":"SMITH"},{"floor":49.0,"key":"REST"}],"circlet_count":0,"master_deck":["AscendersBane","Eruption+1","Vigilance","SignatureMove","ClearTheMind+1","InnerPeace+1","Halt+1","Brilliance","Scrawl+1","TalkToTheHand","Tantrum","LessonLearned+1","Worship+1","Vault+1","Prostrate","DeusExMachina+1","InnerPeace+1","MentalFortress","DeusExMachina","Apotheosis+1","Trip","Adaptation+1","Panacea","MentalFortress+1"],"relics":["PureWater","Prayer Wheel","Gambling Chip","The Courier","Shuriken","VioletLotus","Ice Cream","Question Card","Vajra","HornCleat","Lantern","Pandora\u0027s Box","Art of War","Ornamental Fan"],"acts_visited":["Exordium","TheCity","TheBeyond"],"potions_floor_usage":[],"damage_taken":[{"damage":7.0,"enemies":"Cultist","floor":1.0,"turns":3.0},{"damage":0.0,"enemies":"Small Slimes","floor":2.0,"turns":2.0},{"damage":6.0,"enemies":"2 Louse","floor":3.0,"turns":2.0},{"damage":0.0,"enemies":"2 Fungi Beasts","floor":4.0,"turns":3.0},{"damage":0.0,"enemies":"Looter","floor":5.0,"turns":1.0},{"damage":0.0,"enemies":"Gremlin Nob","floor":6.0,"turns":2.0},{"damage":3.0,"enemies":"3 Louse","floor":8.0,"turns":3.0},{"damage":12.0,"enemies":"Lagavulin","floor":10.0,"turns":4.0},{"damage":6.0,"enemies":"Exordium Wildlife","floor":13.0,"turns":2.0},{"damage":10.0,"enemies":"3 Sentries","floor":14.0,"turns":4.0},{"damage":0.0,"enemies":"Slime Boss","floor":16.0,"turns":7.0},{"damage":16.0,"enemies":"Shell Parasite","floor":18.0,"turns":7.0},{"damage":0.0,"enemies":"2 Thieves","floor":22.0,"turns":1.0},{"damage":0.0,"enemies":"Book of Stabbing","floor":23.0,"turns":3.0},{"damage":20.0,"enemies":"Shelled Parasite and Fungi","floor":27.0,"turns":3.0},{"damage":22.0,"enemies":"Gremlin Leader","floor":29.0,"turns":6.0},{"damage":0.0,"enemies":"Centurion and Healer","floor":30.0,"turns":3.0},{"damage":0.0,"enemies":"Slavers","floor":31.0,"turns":3.0},{"damage":0.0,"enemies":"Automaton","floor":33.0,"turns":6.0},{"damage":0.0,"enemies":"Orb Walker","floor":35.0,"turns":2.0},{"damage":9.0,"enemies":"3 Shapes","floor":36.0,"turns":4.0},{"damage":0.0,"enemies":"Transient","floor":41.0,"turns":6.0},{"damage":24.0,"enemies":"Sphere and 2 Shapes","floor":44.0,"turns":5.0},{"damage":0.0,"enemies":"Giant Head","floor":46.0,"turns":2.0},{"damage":56,"enemies":"Time Eater","floor":50,"turns":6},{"damage":0,"enemies":"Donu and Deca","floor":51,"turns":4}],"seed_played":"-5148821880502703985","potions_obtained":[{"floor":3.0,"key":"Weak Potion"},{"floor":5.0,"key":"Block Potion"},{"floor":8.0,"key":"Weak Potion"},{"floor":13.0,"key":"Fruit Juice"},{"floor":14.0,"key":"Dexterity Potion"},{"floor":22.0,"key":"SkillPotion"},{"floor":29.0,"key":"Block Potion"},{"floor":33.0,"key":"Strength Potion"},{"floor":41.0,"key":"FearPotion"}],"is_trial":false,"path_per_floor":["M","M","M","M","M","E","R","M","T","E","?","R","M","E","R","B",null,"M","?","?","?","M","E","?","R","T","M","$","E","M","E","R","B",null,"M","M","?","$","?","R","M","R","T","M","$","E","$","?","R","B","B",null],"character_chosen":"WATCHER","items_purchased":["Vault","Vajra","Adaptation","Panacea"],"campfire_rested":2,"item_purchase_floors":[28,28,38,38],"current_hp_per_floor":[54,54,48,48,48,48,48,45,45,33,33,33,27,22,22,22,60,44,44,44,44,44,44,44,44,44,24,24,2,2,2,23,23,61,61,52,47,47,83,83,83,83,83,59,59,59,59,59,79,23,23],"gold":92,"neow_bonus":"UPGRADE_CARD","is_daily":false,"chose_seed":false,"campfire_upgraded":6,"win_rate":0.0,"timestamp":1608923272,"path_taken":["M","M","?","M","M","E","R","M","T","E","?","R","M","E","R","BOSS","M","?","?","?","M","E","?","R","T","M","$","E","M","E","R","BOSS","M","M","?","$","?","R","M","R","T","?","$","E","?","?","R","BOSS","BOSS"],"items_purchased_type":["Card","Relic","Card","Card"],"build_version":"2020-12-22","purchased_purges":2,"victory":true,"max_hp_per_floor":[68,68,68,68,68,68,68,68,68,68,68,68,68,73,73,73,73,73,73,73,73,73,73,73,73,73,73,73,73,73,73,73,73,73,73,73,73,73,83,83,83,83,83,83,83,83,83,79,79,79,79],"card_choices":[{"not_picked":["PathToVictory","BattleHymn"],"picked":"SignatureMove","floor":1.0},{"not_picked":["BowlingBash","ThirdEye"],"picked":"ClearTheMind","floor":2.0},{"not_picked":["Sanctity","Conclude","FlurryOfBlows"],"picked":"SKIP","floor":3.0},{"not_picked":["JustLucky","SashWhip","BowlingBash"],"picked":"SKIP","floor":4.0},{"not_picked":["ForeignInfluence","Alpha"],"picked":"InnerPeace","floor":5.0},{"not_picked":["BowlingBash","Indignation","Omniscience"],"picked":"SKIP","floor":6.0},{"not_picked":["LikeWater","InnerPeace"],"picked":"Halt","floor":8.0},{"not_picked":["CrushJoints","WaveOfTheHand","BowlingBash"],"picked":"SKIP","floor":8.0},{"not_picked":["PathToVictory","Study","JustLucky"],"picked":"SKIP","floor":10.0},{"not_picked":["JustLucky","CarveReality","ThirdEye"],"picked":"SKIP","floor":13.0},{"not_picked":["Study","Conclude","FlurryOfBlows"],"picked":"SKIP","floor":13.0},{"not_picked":["FollowUp","ThirdEye"],"picked":"Brilliance","floor":14.0},{"not_picked":["Judgement","LessonLearned"],"picked":"Scrawl","floor":16.0},{"not_picked":["PathToVictory","ReachHeaven"],"picked":"TalkToTheHand","floor":18.0},{"not_picked":["Evaluate","CrushJoints","EmptyMind"],"picked":"SKIP","floor":18.0},{"not_picked":["ThirdEye","ConjureBlade","Consecrate+1"],"picked":"SKIP","floor":22.0},{"not_picked":["InnerPeace","Protect","Perseverance"],"picked":"SKIP","floor":22.0},{"not_picked":["Conclude","CrushJoints"],"picked":"Tantrum","floor":23.0},{"not_picked":["PathToVictory","EmptyBody","FlyingSleeves+1"],"picked":"Worship","floor":27.0},{"not_picked":["FlurryOfBlows+1","Protect","ThirdEye","Study"],"picked":"SKIP","floor":27.0},{"not_picked":["FollowUp","Vengeance","BowlingBash","Brilliance"],"picked":"SKIP","floor":29.0},{"not_picked":["Halt","Worship","Wallop","CarveReality+1"],"picked":"SKIP","floor":30.0},{"not_picked":["PathToVictory","CarveReality","Weave","Consecrate"],"picked":"SKIP","floor":30.0},{"not_picked":["CutThroughFate","JustLucky","Ragnarok"],"picked":"Prostrate","floor":31.0},{"not_picked":["LessonLearned","Scrawl","Establishment"],"picked":"DeusExMachina","floor":33.0},{"not_picked":["InnerPeace","FlyingSleeves","Halt","WindmillStrike"],"picked":"SKIP","floor":35.0},{"not_picked":["JustLucky","FearNoEvil","CutThroughFate","Conclude"],"picked":"SKIP","floor":35.0},{"not_picked":["JustLucky","FlyingSleeves+1","Sanctity","ThirdEye+1"],"picked":"SKIP","floor":36.0},{"not_picked":["EmptyBody+1","CutThroughFate","Evaluate","SpiritShield"],"picked":"SKIP","floor":36.0},{"not_picked":["Sadistic Nature","Swift Strike","Thinking Ahead"],"picked":"Apotheosis","floor":37.0},{"not_picked":["Blind","Deep Breath","Good Instincts"],"picked":"Trip","floor":37.0},{"not_picked":["Meditate","Sanctity+1","Crescendo","ThirdEye"],"picked":"SKIP","floor":41.0},{"not_picked":["LikeWater","Sanctity","Perseverance","Pray+1"],"picked":"SKIP","floor":41.0},{"not_picked":["Tantrum","SignatureMove+1","FlurryOfBlows","Worship"],"picked":"SKIP","floor":44.0},{"not_picked":["Crescendo","JustLucky+1","WindmillStrike","SashWhip+1"],"picked":"SKIP","floor":44.0},{"not_picked":["WheelKick+1","EmptyMind","FlurryOfBlows+1"],"picked":"MentalFortress+1","floor":46.0}],"player_experience":950357,"relics_obtained":[{"floor":6.0,"key":"Prayer Wheel"},{"floor":9.0,"key":"Gambling Chip"},{"floor":10.0,"key":"The Courier"},{"floor":14.0,"key":"Shuriken"},{"floor":23.0,"key":"Ice Cream"},{"floor":26.0,"key":"Question Card"},{"floor":29.0,"key":"HornCleat"},{"floor":31.0,"key":"Lantern"},{"floor":43.0,"key":"Art of War"},{"floor":46.0,"key":"Ornamental Fan"}],"event_choices":[{"cards_removed":["Defend_P"],"damage_healed":0.0,"max_hp_gain":0.0,"max_hp_loss":0.0,"gold_gain":0.0,"event_name":"The Cleric","player_choice":"Card Removal","floor":11.0,"gold_loss":75.0,"damage_taken":0.0},{"damage_healed":0.0,"max_hp_gain":0.0,"max_hp_loss":0.0,"gold_gain":0.0,"event_name":"The Mausoleum","player_choice":"Ignored","floor":19.0,"gold_loss":0.0,"damage_taken":0.0},{"damage_healed":0.0,"max_hp_gain":0.0,"max_hp_loss":0.0,"gold_gain":0.0,"event_name":"Ghosts","player_choice":"Ignored","floor":20.0,"gold_loss":0.0,"damage_taken":0.0},{"cards_removed":["Strike_P"],"damage_healed":0.0,"max_hp_gain":0.0,"max_hp_loss":0.0,"gold_gain":0.0,"event_name":"Beggar","player_choice":"Gave Gold","floor":21.0,"gold_loss":75.0,"damage_taken":0.0},{"damage_healed":0.0,"max_hp_gain":0.0,"max_hp_loss":0.0,"gold_gain":0.0,"event_name":"The Library","player_choice":"Read","floor":24.0,"gold_loss":0.0,"damage_taken":0.0,"cards_obtained":["LessonLearned"]},{"damage_healed":0.0,"max_hp_gain":0.0,"max_hp_loss":0.0,"gold_gain":0.0,"event_name":"SensoryStone","player_choice":"Memory 2","floor":37.0,"gold_loss":0.0,"damage_taken":5.0},{"cards_removed":["Wish"],"damage_healed":26.0,"max_hp_gain":10.0,"max_hp_loss":0.0,"gold_gain":0.0,"event_name":"Bonfire Elementals","player_choice":"Offered Rare","floor":39.0,"gold_loss":0.0,"damage_taken":0.0},{"damage_healed":0.0,"max_hp_gain":0.0,"max_hp_loss":4.0,"gold_gain":0.0,"event_name":"Winding Halls","player_choice":"Max HP","floor":48.0,"gold_loss":0.0,"damage_taken":0.0}],"is_beta":false,"boss_relics":[{"not_picked":["SacredBark","Runic Dome"],"picked":"VioletLotus"},{"not_picked":["Snecko Eye","Calling Bell"],"picked":"Pandora\u0027s Box"}],"items_purged_floors":[28,38],"is_endless":false,"potions_floor_spawned":[3,5,8,13,14,22,29,33,41,46],"ascension_level":20}}