{"host":"tiwza2kisyyrpq7h","time":1608918892,"event":{"mods":["BaseMod","Better-Laid Plans","BetterRewards","Colored Powertips","Downfall","Minty Spire (QoL Compilation)","Quick Restart","Rare Cards Sparkle","Shop Mod","StSLib","SuperFastMode","The Servant 0.9.4","óô»ðÖ¸ÄÏ"],"gold_per_floor":[0,16,27,38,50,35,35,62,73,129,129,163,88,99,115,115,115,115],"floor_reached":16,"playtime":531,"items_purged":[],"score":137,"play_id":"6898f2a2-faef-478b-ab38-bad36140625a","local_time":"20201226015452","is_ascension_mode":true,"campfire_choices":[{"data":"Slimebound:Split","floor":1,"key":"SMITH"},{"floor":11,"key":"RECALL"},{"data":"Slimebound:SelfFormingGoo","floor":13,"key":"SMITH"}],"circlet_count":0,"master_deck":["Slimebound:Strike_Slimebound","Slimebound:Strike_Slimebound","Slimebound:Strike_Slimebound","Slimebound:Tackle","Slimebound:Defend_Slimebound","Slimebound:Defend_Slimebound","Slimebound:Defend_Slimebound","Slimebound:Defend_Slimebound","Slimebound:Split+1","Slimebound:CorrosiveSpit","Slimebound:SelfFormingGoo+1","Slimebound:Repurpose","Slimebound:SplitBruiser","Slimebound:DisruptingSlam","Slimebound:SplitMire","Slimebound:LivingWall","Slimebound:ForwardTackle","Slimebound:GrowthPunch","Slimebound:RallyTheTroops","Slimebound:Recollect"],"relics":["Slimebound:AbsorbEndCombat","Sundial","Mummified Hand","Vajra","Boot","downfall:HeartBlessingRed"],"acts_visited":["Exordium"],"potions_floor_usage":[6,9,12,16,16],"damage_taken":[{"damage":17,"enemies":"Cultist","floor":2,"turns":3},{"damage":9,"enemies":"2 Louse","floor":3,"turns":3},{"damage":10,"enemies":"Jaw Worm","floor":4,"turns":4},{"damage":28,"enemies":"Red Slaver","floor":5,"turns":4},{"damage":26,"enemies":"downfall:FleeingMerchant","floor":6,"turns":4},{"damage":23,"enemies":"Gremlin Nob","floor":8,"turns":3},{"damage":37,"enemies":"Lots of Slimes","floor":9,"turns":3},{"damage":21,"enemies":"Gremlin Nob","floor":10,"turns":3},{"damage":21,"enemies":"Lagavulin","floor":12,"turns":6},{"damage":33,"enemies":"Exordium Wildlife","floor":14,"turns":4},{"damage":29,"enemies":"Red Slaver","floor":15,"turns":2},{"damage":22,"enemies":"downfall:Silent","floor":16,"turns":2}],"seed_played":"3272764580057042697","potions_obtained":[{"floor":3,"key":"hexamod:EctoCoolerPotion"},{"floor":4,"key":"Fire Potion"},{"floor":8,"key":"SkillPotion"},{"floor":9,"key":"DuplicationPotion"},{"floor":12,"key":"BlessingOfTheForge"},{"floor":15,"key":"Fire Potion"}],"is_trial":false,"path_per_floor":["R","M","M","M","M","$","T","E","M","?","R","E","R","M","M","B"],"character_chosen":"SLIMEBOUND","items_purchased":[],"campfire_rested":0,"item_purchase_floors":[],"current_hp_per_floor":[60,53,54,58,48,48,48,47,42,43,43,42,42,31,14,0,0,0],"gold":115,"neow_bonus":"THREE_RARE_CARDS","is_daily":false,"chose_seed":false,"campfire_upgraded":2,"win_rate":0.0,"timestamp":1608918892,"path_taken":["R","M","M","M","M","?","T","E","M","?","R","E","R","M","M","BOSS"],"items_purchased_type":[],"build_version":"2020-12-22","purchased_purges":0,"victory":false,"max_hp_per_floor":[60,60,60,60,60,60,60,60,60,60,60,60,60,60,60,60,60,60],"card_choices":[{"not_picked":["Slimebound:OneTwoCombo","Slimebound:Overexert"],"picked":"Slimebound:SelfFormingGoo","floor":0},{"not_picked":["Slimebound:LeechingTouch","Slimebound:SplitAcid"],"picked":"Slimebound:Repurpose","floor":2},{"not_picked":["Slimebound:FlameTackle","Slimebound:ItLooksTasty","Slimebound:SamplingLick"],"picked":"SKIP","floor":3},{"not_picked":["Slimebound:LeechEnergy","Slimebound:GrowthPunch"],"picked":"Slimebound:SplitBruiser","floor":4},{"not_picked":["Slimebound:RollThrough","Slimebound:PrepareCrush"],"picked":"Slimebound:DisruptingSlam","floor":5},{"not_picked":["Slimebound:LeechEnergy","Slimebound:GoopTackle"],"picked":"Slimebound:SplitMire","floor":6},{"not_picked":["Slimebound:LeechingTouch","Slimebound:SlimeSpikes"],"picked":"Slimebound:LivingWall","floor":8},{"not_picked":["Slimebound:GoopSpray","Slimebound:FinishingTackle"],"picked":"Slimebound:ForwardTackle","floor":9},{"not_picked":["Slimebound:Chomp","Slimebound:GoopTackle"],"picked":"Slimebound:GrowthPunch","floor":10},{"not_picked":["Slimebound:ComboTackle","Slimebound:LeechEnergy","Slimebound:Dissolve"],"picked":"SKIP","floor":12},{"not_picked":["Slimebound:GoopSpray","Slimebound:ComboTackle"],"picked":"Slimebound:RallyTheTroops","floor":14},{"not_picked":["Slimebound:SlimeTap","Slimebound:Prepare"],"picked":"Slimebound:Recollect","floor":15}],"player_experience":930775,"relics_obtained":[{"floor":7,"key":"Sundial"},{"floor":8,"key":"Mummified Hand"},{"floor":12,"key":"Boot"}],"event_choices":[],"is_beta":false,"boss_relics":[],"items_purged_floors":[],"is_endless":false,"potions_floor_spawned":[3,4,8,9,12,15],"killed_by":"downfall:Silent","ascension_level":4}}