{"host":"g200jza2br9hmesm","time":1608907372,"event":{"mods":["AchievementEnabler","BaseMod","Colored Map","Minty Spire (QoL Compilation)","Quick Restart","Relic Stats","StSLib"],"gold_per_floor":[114,189,139,157,157,157,177,177,224,224,244,28,53,66,66,66,66],"floor_reached":16,"playtime":470,"items_purged":["Strike_R"],"score":145,"play_id":"edaeb600-a1f5-42c9-9939-af874fdf85fb","local_time":"20201225094252","is_ascension_mode":true,"campfire_choices":[{"data":"Seeing Red","floor":6,"key":"SMITH"},{"data":"Whirlwind","floor":8,"key":"SMITH"},{"data":"Defend_R","floor":10,"key":"SMITH"},{"data":"Barricade","floor":15,"key":"SMITH"}],"circlet_count":0,"master_deck":["Strike_R","Strike_R","Strike_R+1","Defend_R+1","Defend_R","Defend_R","Defend_R","Bash+1","Seeing Red+1","Whirlwind+1","Barricade+1","Entrench","Rage"],"relics":["Burning Blood","NeowsBlessing","Centennial Puzzle","Torii"],"acts_visited":["Exordium"],"potions_floor_usage":[13,16],"damage_taken":[{"damage":0,"enemies":"Cultist","floor":1,"turns":1},{"damage":0,"enemies":"Small Slimes","floor":4,"turns":1},{"damage":0,"enemies":"2 Louse","floor":7,"turns":1},{"damage":3,"enemies":"Blue Slaver","floor":11,"turns":3},{"damage":22,"enemies":"3 Sentries","floor":13,"turns":6},{"damage":0,"enemies":"Gremlin Gang","floor":14,"turns":2},{"damage":60,"enemies":"Slime Boss","floor":16,"turns":11}],"seed_played":"-865037634595495604","potions_obtained":[{"floor":1,"key":"Weak Potion"},{"floor":7,"key":"LiquidBronze"}],"is_trial":false,"path_per_floor":["M","?","?","M","?","R","M","R","T","R","M","$","E","M","R","B"],"character_chosen":"IRONCLAD","items_purchased":["Barricade","Entrench"],"campfire_rested":0,"item_purchase_floors":[12,12],"current_hp_per_floor":[78,67,67,73,57,57,63,63,63,63,66,66,50,56,56,0,0],"gold":66,"neow_bonus":"THREE_ENEMY_KILL","is_daily":false,"chose_seed":false,"campfire_upgraded":4,"win_rate":0.0,"timestamp":1608907372,"path_taken":["M","?","?","M","?","R","M","R","T","R","M","?","E","?","R","BOSS"],"items_purchased_type":["Card","Card"],"build_version":"2020-12-22","purchased_purges":1,"victory":false,"max_hp_per_floor":[80,80,80,80,80,80,80,80,80,80,80,80,80,80,80,80,80],"relic_stats":{"Centennial Puzzle":[9],"Torii":2,"counters":[7,25],"obtain_stats":[{"Centennial Puzzle":9,"NeowsBlessing":0,"Torii":13,"Burning Blood":0},{"Centennial Puzzle":3,"NeowsBlessing":0,"Torii":5,"Burning Blood":0},{"Centennial Puzzle":3,"NeowsBlessing":0,"Torii":12,"Burning Blood":0}],"Burning Blood":36},"card_choices":[{"not_picked":["Dropkick","Body Slam"],"picked":"Seeing Red","floor":1},{"not_picked":["Anger","Reckless Charge"],"picked":"Whirlwind","floor":4},{"not_picked":["Clothesline","Body Slam","Havoc"],"picked":"SKIP","floor":7},{"not_picked":["Second Wind","Anger","Entrench"],"picked":"SKIP","floor":11},{"not_picked":["Sentinel","Immolate"],"picked":"Rage","floor":13},{"not_picked":["Ghostly Armor","Heavy Blade","Headbutt"],"picked":"SKIP","floor":14}],"player_experience":485169,"relics_obtained":[{"floor":9,"key":"Centennial Puzzle"},{"floor":13,"key":"Torii"}],"event_choices":[{"damage_healed":0,"gold_gain":75,"player_choice":"Gather Gold","damage_taken":11,"max_hp_gain":0,"max_hp_loss":0,"event_name":"World of Goop","floor":2,"gold_loss":0},{"cards_removed":["Strike_R"],"damage_healed":0,"gold_gain":0,"player_choice":"Card Removal","damage_taken":0,"max_hp_gain":0,"max_hp_loss":0,"event_name":"The Cleric","floor":3,"gold_loss":50},{"damage_healed":0,"gold_gain":0,"player_choice":"Entered Light","damage_taken":16,"max_hp_gain":0,"max_hp_loss":0,"event_name":"Shining Light","floor":5,"gold_loss":0,"cards_upgraded":["Bash","Strike_R"]}],"is_beta":false,"boss_relics":[],"items_purged_floors":[12],"is_endless":false,"potions_floor_spawned":[1,7],"killed_by":"Slime Boss","ascension_level":9}}