{"host":"ipk67jpu1niyju9z","time":1608869038,"event":{"mods":["Aspiration","Bard","BaseMod","ChefMod","Conspire","Downfall","Energized Spire","Fiend Mod","GifTheSpireLib","Hermit","Hubris","Jorbs\u0027s Wanderer Trilogy","Marked Mod","Minty Spire (QoL Compilation)","Replay The Spire","Shade Mod","Somnambulant","Spikes Relics","StSLib","Stuff the Spire","The Blue Laboratory","The Cursed","The Disciple","The Forsaken","The Hierophant","The Judge","The Mystic","The Runesmith","The Servant 0.9.4","The Spell Scribe","TheArtist"],"gold_per_floor":[110,128,128,143,159,190,190,221,301,301,330,204,223,78,78,182,182,192,192,207,224,224,224,250,250,250,283,135,135,135,135,135,135],"floor_reached":31,"playtime":2776,"items_purged":[],"score":341,"play_id":"8e58315f-97f1-4b99-ac13-8318fbd83811","local_time":"20201224220358","daily_mods":["Draft","Colorless Cards","DeadlyEvents","Elite Swarm","Lethality"],"is_ascension_mode":false,"campfire_choices":[{"floor":7,"key":"REST"},{"data":"expansioncontent:LastStand","floor":10,"key":"SMITH"},{"data":"champ:CrownThrow","floor":15,"key":"SMITH"},{"data":"conspire:Banana","floor":23,"key":"SMITH"},{"floor":25,"key":"REST"}],"circlet_count":0,"master_deck":["champ:BringItOn","champ:StanceDance","champ:Haymaker","champ:Backstep","champ:RisingSlash","expansioncontent:LastStand+1","champ:StanceDance","champ:DeathBlow","champ:GutPunch","champ:Shatter","champ:AdrenalArmor","champ:HeartStrike","champ:BerserkerStyle","champ:FanOfKnives","champ:DefensiveShout","Dramatic Entrance","champ:DeathBlow","champ:GladiatorsShout","Replay:BasicMightCard","champ:CrownThrow+1","champ:TornadoPunch","champ:ShieldWall","champ:CrookedStrike","champ:SwordThrow","conspire:Banana+1","champ:GutPunch+1","The Bomb","Mayhem","champ:Devastate"],"relics":["champ:ChampionCrown","Ring of Chaos","FaceOfCleric","Durian","Turnip","hubris:MysteriousPyramids","Anchor","champ:BerserkersGuideToSlaughter","energizedSpire:NeverEndingSparkler","hubris:TinFlute","StuffTheSpire:EmeraldSignet","ReplayTheSpireMod:Ninjato","hubris:SlimyHat"],"acts_visited":["Exordium","TheCity"],"potions_floor_usage":[31,31],"damage_taken":[{"damage":4,"enemies":"Small Slimes","floor":1,"turns":3},{"damage":3,"enemies":"Cultist","floor":2,"turns":2},{"damage":7,"enemies":"2 Louse","floor":4,"turns":1},{"damage":7,"enemies":"2 Fungi Beasts","floor":5,"turns":1},{"damage":48,"enemies":"Replay:BlueRogue","floor":6,"turns":4},{"damage":51,"enemies":"Lagavulin","floor":8,"turns":4},{"damage":14,"enemies":"Gremlin Nob","floor":11,"turns":3},{"damage":0,"enemies":"Blue Slaver","floor":13,"turns":2},{"damage":80,"enemies":"Fading Forest","floor":16,"turns":11},{"damage":85,"enemies":"3 Byrds","floor":18,"turns":3},{"damage":39,"enemies":"2 Thieves","floor":20,"turns":3},{"damage":23,"enemies":"Centurion and Healer","floor":21,"turns":3},{"damage":48,"enemies":"Gremlin Leader","floor":24,"turns":5},{"damage":36,"enemies":"Slavers","floor":27,"turns":2},{"damage":48,"enemies":"conspire:SneckoGhost","floor":31,"turns":3}],"seed_played":"-2619078253534599988","potions_obtained":[{"floor":5,"key":"blueLaboratory:BottleOfRum"},{"floor":6,"key":"champ:TechniquePotion"},{"floor":8,"key":"SmokeBomb"},{"floor":11,"key":"blueLaboratory:StoneskinPotion"},{"floor":24,"key":"blueLaboratory:BottledHope"},{"floor":27,"key":"blueLaboratory:FruitPunch"}],"is_trial":true,"path_per_floor":["M","M","?","M","M","E","R","E","T","R","E","$","M","$","R","B",null,"M","?","M","M","T","R","E","R","T","E","$","PTL","PTL","E"],"character_chosen":"THE_CHAMP","items_purchased":["champ:TornadoPunch","champ:ShieldWall","champ:BerserkersGuideToSlaughter","champ:Devastate"],"campfire_rested":2,"item_purchase_floors":[12,12,14,28],"current_hp_per_floor":[90,90,90,91,92,86,98,75,75,75,78,78,79,79,79,96,102,43,43,36,47,47,47,15,47,47,34,34,34,34,0,0,0],"gold":135,"neow_bonus":"","is_daily":false,"chose_seed":false,"campfire_upgraded":3,"win_rate":0.0,"timestamp":1608869038,"path_taken":["M","M","?","?","M","E","R","E","T","R","E","$","?","$","R","BOSS","M","?","M","M","?","R","E","R","T","E","$","PTL","PTL","E"],"items_purchased_type":["Card","Card","Relic","Card"],"build_version":"2020-12-22","purchased_purges":0,"victory":false,"max_hp_per_floor":[90,90,90,91,92,98,98,99,99,99,100,100,101,101,101,102,102,103,103,105,106,106,106,109,109,109,112,112,112,112,116,116,116],"card_choices":[{"not_picked":["champ:FlashCut","champ:BerserkersShout"],"picked":"champ:BringItOn","floor":0},{"not_picked":["expansioncontent:GoopSpray","champ:GladiatorsShout"],"picked":"champ:StanceDance","floor":0},{"not_picked":["expansioncontent:HyperBeam","champ:GladiatorsShout"],"picked":"champ:Haymaker","floor":0},{"not_picked":["champ:EnGarde","champ:Haymaker"],"picked":"champ:Backstep","floor":0},{"not_picked":["champ:Backstep","expansioncontent:PrepareCrush"],"picked":"champ:RisingSlash","floor":0},{"not_picked":["champ:BringItOn","champ:DeathBlow"],"picked":"expansioncontent:LastStand","floor":0},{"not_picked":["champ:Backstep","StuffTheSpire:FreeRealEstate"],"picked":"champ:StanceDance","floor":0},{"not_picked":["champ:Backstep","ReplayTheSpireMod:Uncanny Aura"],"picked":"champ:DeathBlow","floor":0},{"not_picked":["champ:Haymaker","champ:CrookedStrike"],"picked":"champ:GutPunch","floor":0},{"not_picked":["champ:FocusedDefense","champ:Backstep"],"picked":"champ:Shatter","floor":0},{"not_picked":["champ:PerfectedStrike","champ:GladiatorsShout"],"picked":"champ:AdrenalArmor","floor":0},{"not_picked":["champ:AdrenalArmor","Mind Blast"],"picked":"champ:HeartStrike","floor":0},{"not_picked":["champ:CrookedStrike","champ:AdrenalArmor"],"picked":"champ:BerserkerStyle","floor":0},{"not_picked":["champ:Haymaker","expansioncontent:Chronoboost"],"picked":"champ:FanOfKnives","floor":0},{"not_picked":["champ:BerserkersShout","champ:StanceDance"],"picked":"champ:DefensiveShout","floor":0},{"not_picked":["champ:EnragedBash","champ:Backstep"],"picked":"Dramatic Entrance","floor":1},{"not_picked":["expansioncontent:DecasProtection","expansioncontent:PolyBeam"],"picked":"champ:DeathBlow","floor":2},{"not_picked":["champ:DefensiveShout","champ:BladeFlurry"],"picked":"champ:GladiatorsShout","floor":4},{"not_picked":["Swift Strike","champ:FlashCut"],"picked":"Replay:BasicMightCard","floor":5},{"not_picked":["expansioncontent:QuickStudy","champ:VampiricStrike","Feint"],"picked":"SKIP","floor":6},{"not_picked":["champ:HeavySlash","champ:LastStand"],"picked":"champ:CrownThrow","floor":8},{"not_picked":["champ:ShieldSlam","Magnetism","champ:DancingMaster"],"picked":"SKIP","floor":11},{"not_picked":["expansioncontent:Collect","champ:FlashCut"],"picked":"champ:CrookedStrike","floor":13},{"not_picked":["Chrysalis","champ:LastStand"],"picked":"champ:SwordThrow","floor":16},{"not_picked":["champ:Backstep+1","Enlightenment"],"picked":"conspire:Banana","floor":18},{"not_picked":["Specialist","champ:StanceDance"],"picked":"champ:GutPunch+1","floor":20},{"not_picked":["champ:Backstep","champ:Haymaker","champ:FocusedDefense"],"picked":"SKIP","floor":21},{"not_picked":["hubris:EnhanceAbility","champ:ShieldSlam"],"picked":"The Bomb","floor":24},{"not_picked":["expansioncontent:Corrupt","champ:Improvising"],"picked":"Mayhem","floor":27}],"player_experience":76746,"relics_obtained":[{"floor":6,"key":"Durian"},{"floor":8,"key":"Turnip"},{"floor":9,"key":"hubris:MysteriousPyramids"},{"floor":11,"key":"Anchor"},{"floor":22,"key":"hubris:TinFlute"},{"floor":24,"key":"StuffTheSpire:EmeraldSignet"},{"floor":26,"key":"ReplayTheSpireMod:Ninjato"},{"floor":27,"key":"hubris:SlimyHat"}],"event_choices":[{"damage_healed":0,"gold_gain":0,"player_choice":"Trade","damage_taken":0,"relics_obtained":["FaceOfCleric"],"max_hp_gain":0,"max_hp_loss":0,"event_name":"FaceTrader","floor":3,"gold_loss":0}],"is_beta":false,"boss_relics":[{"not_picked":["Replay:Drink Me","sneckomod:SneckoTalon"],"picked":"energizedSpire:NeverEndingSparkler"}],"items_purged_floors":[],"is_endless":false,"potions_floor_spawned":[5,6,8,11,24,27],"killed_by":"conspire:SneckoGhost","ascension_level":0}}