{"host":"vc42n08di9czm3e7","time":1608875848,"event":{"mods":["AchievementEnabler","Act Like it!","BaseMod","Colored Powertips","Downfall","Friendly Minions","GifTheSpireLib","Hubris","Minty Spire (QoL Compilation)","Rare Cards Sparkle","StSLib"],"gold_per_floor":[99,109,109,109,122,122,122,47,58,78,78,89,89,108,126,229,229,229,249,249,249,61,61,88,88,101,113,133,151,151,151,151,151],"floor_reached":31,"playtime":1446,"items_purged":[],"score":229,"play_id":"23f896d6-e743-4bbe-851c-4abbac96054b","local_time":"20201225005728","is_ascension_mode":false,"campfire_choices":[{"floor":1,"key":"RECALL"},{"data":"Slimebound:Replication","floor":8,"key":"SMITH"},{"data":"Slimebound:CorrosiveSpit","floor":11,"key":"SMITH"},{"data":"Slimebound:SlimeSpikes","floor":13,"key":"SMITH"},{"data":"Slimebound:RollThrough","floor":18,"key":"SMITH"},{"data":"Slimebound:Split","floor":23,"key":"SMITH"},{"data":"Slimebound:GrowthPunch","floor":25,"key":"SMITH"}],"circlet_count":0,"master_deck":["Slimebound:Strike_Slimebound+1","Slimebound:Strike_Slimebound+1","Slimebound:Strike_Slimebound+1","Slimebound:Tackle","Slimebound:Defend_Slimebound+1","Slimebound:Defend_Slimebound+1","Slimebound:Defend_Slimebound+1","Slimebound:Defend_Slimebound+1","Slimebound:Split","Slimebound:CorrosiveSpit+1","Slimebound:FlameTackle","Slimebound:Replication+1","Slimebound:SlimeSpikes+1","Slimebound:Split+1","Slimebound:Schlurp+1","Slimebound:MassRepurpose+1","Slimebound:SamplingLick+1","Slimebound:SplitLeeching+1","Slimebound:RollThrough+1","Slimebound:PrepareCrush+1","Slimebound:SplitBruiser+1","Slimebound:GrowthPunch+1","expansioncontent:DecasProtection+1","Slimebound:SplitMire+1","Slimebound:Replication+1","Slimebound:SamplingLick+1","Slimebound:SplitBruiser+1","Slimebound:SlimeTap+1","Slimebound:LevelUp+1"],"relics":["Slimebound:AbsorbEndCombat","Toxic Egg 2","downfall:HeartBlessingRed","Velvet Choker","hubris:BottledHeart","hubris:Towel","Nunchaku"],"acts_visited":["Exordium","TheCity"],"potions_floor_usage":[2,10,14,15,16,16,28],"damage_taken":[{"damage":4,"enemies":"Small Slimes","floor":2,"turns":3},{"damage":7,"enemies":"2 Louse","floor":5,"turns":3},{"damage":8,"enemies":"Cultist","floor":9,"turns":3},{"damage":15,"enemies":"Exordium Thugs","floor":10,"turns":2},{"damage":16,"enemies":"Large Slime","floor":12,"turns":4},{"damage":6,"enemies":"3 Louse","floor":14,"turns":3},{"damage":16,"enemies":"Gremlin Gang","floor":15,"turns":5},{"damage":66,"enemies":"downfall:Defect","floor":16,"turns":6},{"damage":8,"enemies":"Chosen","floor":19,"turns":3},{"damage":0,"enemies":"downfall:FleeingMerchant","floor":22,"turns":4},{"damage":0,"enemies":"Shelled Parasite and Fungi","floor":26,"turns":4},{"damage":0,"enemies":"3 Cultists","floor":27,"turns":4},{"damage":0,"enemies":"Cultist and Chosen","floor":28,"turns":4},{"damage":0,"enemies":"Centurion and Healer","floor":29,"turns":4}],"seed_played":"-5870777330754741870","potions_obtained":[{"floor":0,"key":"Fire Potion"},{"floor":0,"key":"AttackPotion"},{"floor":0,"key":"champ:CounterPotion"},{"floor":9,"key":"FearPotion"},{"floor":10,"key":"SpeedPotion"},{"floor":14,"key":"Slimebound:SlimedPotion"},{"floor":19,"key":"hexamod:EctoCoolerPotion"},{"floor":29,"key":"Fire Potion"}],"is_trial":false,"path_per_floor":["R","M","?","?","M","?","T","R","M","M","R","M","R","M","M","B",null,"R","M","?","?","$","R","T","R","M","M","M","M","?","?"],"character_chosen":"SLIMEBOUND","items_purchased":["expansioncontent:DecasProtection+1","Slimebound:SplitMire+1","Slimebound:Replication+1"],"campfire_rested":0,"item_purchase_floors":[22,22,22],"current_hp_per_floor":[60,60,60,60,57,57,57,57,57,52,52,52,52,54,60,22,60,60,60,1,1,1,1,1,1,1,1,1,1,1,0,0,0],"gold":151,"neow_bonus":"THREE_SMALL_POTIONS","is_daily":false,"chose_seed":false,"campfire_upgraded":6,"win_rate":0.0,"timestamp":1608875848,"path_taken":["R","M","?","?","M","?","T","R","?","M","R","M","R","M","M","BOSS","R","M","?","?","$","R","T","R","M","M","M","M","?","?"],"items_purchased_type":["Card","Card","Card"],"build_version":"2020-12-22","purchased_purges":0,"victory":false,"max_hp_per_floor":[60,60,60,60,60,60,60,60,60,60,60,60,60,60,60,60,60,60,60,1,1,1,1,1,1,1,1,1,1,1,1,1,1],"card_choices":[{"not_picked":["Slimebound:Dissolve","Slimebound:LeechingTouch"],"picked":"Slimebound:FlameTackle","floor":2},{"not_picked":["Slimebound:GrowthPunch","Slimebound:SplitMire"],"picked":"Slimebound:SlimeSpikes","floor":5},{"not_picked":["Slimebound:LeechEnergy","Slimebound:GoopSpray+1"],"picked":"Slimebound:Schlurp+1","floor":9},{"not_picked":["Slimebound:LivingWall+1","Slimebound:SamplingLick+1"],"picked":"Slimebound:MassRepurpose+1","floor":10},{"not_picked":["Slimebound:SplitMire+1","Slimebound:LeechingTouch"],"picked":"Slimebound:SamplingLick+1","floor":12},{"not_picked":["Slimebound:GoopTackle","Slimebound:LeechEnergy"],"picked":"Slimebound:SplitLeeching+1","floor":14},{"not_picked":["Slimebound:GrowthPunch","Slimebound:LeechEnergy"],"picked":"Slimebound:RollThrough","floor":15},{"not_picked":["Slimebound:MassRepurpose+1","Slimebound:SlimeSlap"],"picked":"Slimebound:PrepareCrush+1","floor":16},{"not_picked":["Slimebound:Repurpose+1","Slimebound:LivingWall+1"],"picked":"Slimebound:SplitBruiser+1","floor":19},{"not_picked":["Slimebound:BestDefense","Slimebound:ViciousTackle"],"picked":"Slimebound:GrowthPunch","floor":22},{"not_picked":["Slimebound:DouseInSlime+1","Slimebound:ComboTackle"],"picked":"Slimebound:SamplingLick+1","floor":26},{"not_picked":["Slimebound:RollThrough+1","Slimebound:LeechLife"],"picked":"Slimebound:SplitBruiser+1","floor":27},{"not_picked":["Slimebound:ComboTackle","Slimebound:SplitMire+1"],"picked":"Slimebound:SlimeTap+1","floor":28},{"not_picked":["Slimebound:SplitMire+1","Slimebound:ViciousTackle+1"],"picked":"Slimebound:LevelUp+1","floor":29}],"player_experience":214118,"relics_obtained":[{"floor":7,"key":"Toxic Egg 2"},{"floor":24,"key":"Nunchaku"}],"event_choices":[{"damage_healed":0,"gold_gain":0,"player_choice":"Simplicity","damage_taken":0,"max_hp_gain":0,"max_hp_loss":0,"event_name":"Back to Basics","floor":30,"gold_loss":0,"cards_upgraded":["Slimebound:Strike_Slimebound","Slimebound:Strike_Slimebound","Slimebound:Strike_Slimebound","Slimebound:Defend_Slimebound","Slimebound:Defend_Slimebound","Slimebound:Defend_Slimebound","Slimebound:Defend_Slimebound"]}],"is_beta":false,"boss_relics":[{"not_picked":["hubris:CrackedHourglass","Snecko Eye"],"picked":"Velvet Choker"}],"items_purged_floors":[],"is_endless":false,"potions_floor_spawned":[9,10,12,14,19,29],"ascension_level":0}}