{"host":"04tps7riamijm2m0","time":1608877325,"event":{"mods":["Act Like it!","BaseMod","Gensokyo","Marisa（F雨　魔理沙）","Minty Spire (QoL Compilation)","Pale of the Ancients","Replay The Spire","Shop Mod","StSLib","TestMod"],"gold_per_floor":[110,77,77,96,96,124,124,158,181,181,192,204,237,250,250,349,349,369,369,412,429,29,29,29,47,94,124,124,124,124,134,134,231,231,250,256,276,52,70,70,104,104,131,131,155,171,200,219,219,219,238,255,655,23,23,41,41,40,40,40],"floor_reached":61,"playtime":4585,"items_purged":[],"score":1849,"play_id":"13f0f98b-a391-4b8f-ae91-21fd91aa6bf9","local_time":"20201225142205","is_ascension_mode":true,"campfire_choices":[{"floor":10,"key":"REST"},{"data":"Terror","floor":15,"key":"SMITH"},{"floor":24,"key":"REST"},{"data":"Tactician","floor":28,"key":"SMITH"},{"data":"Concentrate","floor":30,"key":"SMITH"},{"floor":32,"key":"DIG"},{"data":"Adrenaline","floor":40,"key":"SMITH"},{"data":"Calculated Gamble","floor":42,"key":"SMITH"},{"floor":44,"key":"RECALL"},{"data":"Adrenaline","floor":49,"key":"SMITH"},{"data":"testmod-TaurusBlackCat","floor":55,"key":"SMITH"}],"circlet_count":0,"master_deck":["Strike_G+1","Strike_G","Strike_G+1","Strike_G","Defend_G","Defend_G","Defend_G","Defend_G","Defend_G","Survivor","Neutralize","Backstab","Underhanded Strike+1","Draining Mist","Prepared","Tactician+1","Concentrate+1","Acrobatics","Terror+1","Blade Dance+1","After Image","Hidden Blade+1","Acrobatics+1","Crippling Poison","PiercingWail+1","Riddle With Holes","Prepared","Caltrops+1","Backflip+1","Burst","Underhanded Strike+1","Calculated Gamble+1","Acrobatics","Prepared","Prepared","Adrenaline+1","Hidden Blade+1","Underhanded Strike+1","Adrenaline+1","Tactician+1","Acrobatics+1","Accuracy","testmod-TaurusBlackCat+1","Prepared","Prepared","Slice"],"relics":["Ring of the Snake","testmod-TestBox","testmod-ChristmasGift","Omamori","testmod-IndustrialRevolution","Lantern","Regal Pillow","SlaversCollar","Simple Rune","MerchantsRug","testmod-InfectionSource","Orichalcum","WristBlade","Mercury Hourglass","Unceasing Top","Replay:Rubber Ducky","testmod-InjuryResistance","paleoftheancients:Timepiece","paleoftheancients:KeyRelic","Ice Cream","Letter Opener","paleoftheancients:SoulOfTheIroncluck","Lee\u0027s Waffle","Replay:Multitool"],"acts_visited":["Exordium","TheCity","TheBeyond","paleoftheancients:PaleOfTheAncients"],"potions_floor_usage":[8,13,13,13,13,14,16,16,21,21,21,33,33,37,37,37,37,37,37,37,47,50,50,51,51,51],"damage_taken":[{"damage":0,"enemies":"Small Slimes","floor":1,"turns":1},{"damage":0,"enemies":"Cultist","floor":4,"turns":1},{"damage":0,"enemies":"Replay:BlueRogue","floor":6,"turns":1},{"damage":40,"enemies":"3 Sentries","floor":8,"turns":8},{"damage":7,"enemies":"Jaw Worm","floor":11,"turns":2},{"damage":1,"enemies":"2 Fungi Beasts","floor":12,"turns":4},{"damage":0,"enemies":"Replay:BlueRogue","floor":13,"turns":4},{"damage":0,"enemies":"3 Louse","floor":14,"turns":1},{"damage":0,"enemies":"Fading Forest","floor":16,"turns":11},{"damage":12,"enemies":"Chosen","floor":18,"turns":4},{"damage":4,"enemies":"2 Thieves","floor":21,"turns":3},{"damage":22,"enemies":"Shelled Parasite and Fungi","floor":25,"turns":6},{"damage":17,"enemies":"Replay:Snechameleon","floor":27,"turns":5},{"damage":0,"enemies":"Snake Plant","floor":31,"turns":2},{"damage":6,"enemies":"Pondfish","floor":33,"turns":8},{"damage":6,"enemies":"Orb Walker","floor":35,"turns":3},{"damage":2,"enemies":"3 Shapes","floor":37,"turns":9},{"damage":4,"enemies":"Sphere and 2 Shapes","floor":39,"turns":8},{"damage":4,"enemies":"R_Hoarder","floor":41,"turns":5},{"damage":0,"enemies":"Transient","floor":46,"turns":5},{"damage":14,"enemies":"Nemesis","floor":47,"turns":4},{"damage":0,"enemies":"Writhing Mass","floor":48,"turns":3},{"damage":38,"enemies":"Replay:Hell Engine","floor":50,"turns":8},{"damage":121,"enemies":"Replay:Hell Engine","floor":51,"turns":4},{"damage":0,"enemies":"Replay:Hell Engine","floor":52,"turns":1},{"damage":6,"enemies":"Replay:Hell Engine","floor":56,"turns":3},{"damage":0,"enemies":"paleoftheancients:N","floor":60,"turns":2}],"seed_played":"9013639453622448872","potions_obtained":[{"floor":1,"key":"Doom Potion"},{"floor":6,"key":"Block Potion"},{"floor":11,"key":"SkillPotion"},{"floor":14,"key":"Fruit Juice"},{"floor":18,"key":"SteroidPotion"},{"floor":20,"key":"EntropicBrew"},{"floor":27,"key":"PowerPotion"},{"floor":29,"key":"CunningPotion"},{"floor":29,"key":"FairyPotion"},{"floor":29,"key":"Reflective Coating"},{"floor":39,"key":"Flashbang"},{"floor":51,"key":"Poison Potion"},{"floor":56,"key":"Languid Potion"}],"is_trial":false,"path_per_floor":["M","$","?","M","T","E","?","E","T","R","M","M","E","M","R","B",null,"M","?","?","M","$","?","R","M","T","E","R","?","R","M","R","B",null,"M","$","M","$","M","R","E","R","T","R","T","M","E","M","R","B","M","M","?","$","R","M","R","$","?","B",null],"character_chosen":"THE_SILENT","items_purchased":["Underhanded Strike+1","MerchantsRug","testmod-InfectionSource","Riddle With Holes","Calculated Gamble","Mercury Hourglass","Prepared","Lee\u0027s Waffle","Replay:Multitool","testmod-TaurusBlackCat","Prepared","Slice"],"campfire_rested":2,"item_purchase_floors":[2,22,22,22,36,38,38,54,54,54,54,58],"current_hp_per_floor":[70,70,70,70,70,70,75,47,47,69,63,65,70,72,72,80,80,68,53,32,34,34,34,74,67,67,57,57,57,57,61,75,93,99,97,97,99,99,97,97,99,99,99,99,99,99,88,94,94,99,63,89,89,106,106,104,106,106,106,106],"gold":40,"neow_bonus":"THREE_ENEMY_KILL","is_daily":false,"chose_seed":false,"campfire_upgraded":7,"win_rate":0.0,"timestamp":1608877325,"path_taken":["M","$","?","?","?","E","?","E","T","R","M","M","E","?","R","BOSS","M","?","?","?","$","?","R","M","T","E","R","?","R","M","R","BOSS","M","$","M","$","M","R","E","R","T","R","?","M","E","M","R","BOSS","M","M","?","$","R","M","R","$","?","BOSS"],"items_purchased_type":["Card","Relic","Relic","Card","Card","Relic","Card","Relic","Relic","Card","Card","Card"],"build_version":"2020-12-22","purchased_purges":0,"victory":true,"max_hp_per_floor":[70,70,70,70,70,70,75,75,75,75,75,75,75,75,75,80,80,80,85,85,85,85,85,85,85,85,85,85,85,85,85,99,99,99,99,99,99,99,99,99,99,99,99,99,99,99,99,99,99,99,99,99,99,106,106,106,106,106,106,106],"card_choices":[{"not_picked":["Escape Plan","Finisher"],"picked":"Backstab","floor":1},{"not_picked":["Flying Knee","ReplayTheSpireMod:The Works"],"picked":"Draining Mist","floor":4},{"not_picked":["Backflip","Cloak And Dagger"],"picked":"Prepared","floor":6},{"not_picked":["Setup","PiercingWail"],"picked":"Tactician","floor":8},{"not_picked":["Dagger Throw","Prepared"],"picked":"Concentrate","floor":11},{"not_picked":["Cloak And Dagger","Sneak Up"],"picked":"Acrobatics","floor":12},{"not_picked":["Deflect","ReplayTheSpireMod:Speed Training"],"picked":"Terror","floor":13},{"not_picked":["Atom Bomb","Accuracy"],"picked":"Blade Dance","floor":14},{"not_picked":["Doppelganger","Storm of Steel"],"picked":"After Image","floor":16},{"not_picked":["Slice","Poisoned Stab"],"picked":"Hidden Blade+1","floor":18},{"not_picked":["Backflip+1","Blur"],"picked":"Acrobatics+1","floor":20},{"not_picked":["Finisher","Flechettes"],"picked":"Crippling Poison","floor":20},{"not_picked":["Bouncing Flask","Dagger Spray"],"picked":"PiercingWail+1","floor":21},{"not_picked":["Draining Mist","Bane+1"],"picked":"Prepared","floor":25},{"not_picked":["Replay:Poison Smokescreen","Riddle With Holes"],"picked":"Caltrops+1","floor":27},{"not_picked":["Unload","Slice"],"picked":"Backflip+1","floor":31},{"not_picked":["Wraith Form v2","Bullet Time"],"picked":"Burst","floor":33},{"not_picked":["Hidden Blade","Outmaneuver"],"picked":"Underhanded Strike+1","floor":35},{"not_picked":["Poisoned Stab+1","PiercingWail"],"picked":"Acrobatics","floor":37},{"not_picked":["Poisoned Stab+1","Reflex+1"],"picked":"Adrenaline","floor":39},{"not_picked":["Noxious Fumes","Cloak And Dagger"],"picked":"Hidden Blade+1","floor":41},{"not_picked":["Bouncing Flask","Dodge and Roll+1"],"picked":"Underhanded Strike+1","floor":46},{"not_picked":["Acrobatics+1","Riddle With Holes+1"],"picked":"Adrenaline","floor":47},{"not_picked":["Bouncing Flask+1","Predator+1"],"picked":"Tactician+1","floor":48},{"not_picked":["Slice+1","Blade Dance"],"picked":"Acrobatics+1","floor":51},{"not_picked":["Underhanded Strike","Blade Dance"],"picked":"Accuracy","floor":52},{"not_picked":["Cloak And Dagger","All Out Attack"],"picked":"Prepared","floor":56}],"player_experience":46929,"relics_obtained":[{"floor":5,"key":"Omamori"},{"floor":6,"key":"testmod-IndustrialRevolution"},{"floor":8,"key":"Lantern"},{"floor":9,"key":"Replay:Baseball"},{"floor":13,"key":"Regal Pillow"},{"floor":20,"key":"Simple Rune"},{"floor":26,"key":"Potion Belt"},{"floor":27,"key":"Orichalcum"},{"floor":32,"key":"Mango"},{"floor":41,"key":"Unceasing Top"},{"floor":45,"key":"Replay:Rubber Ducky"},{"floor":47,"key":"testmod-InjuryResistance"},{"floor":51,"key":"paleoftheancients:SoulOfTheIroncluck"},{"floor":52,"key":"paleoftheancients:SoulOfTheShowman"},{"floor":56,"key":"paleoftheancients:SoulOfTheDefect"}],"event_choices":[{"cards_removed":["Strike_G"],"damage_healed":0,"gold_gain":0,"player_choice":"Offered Basic","damage_taken":0,"max_hp_gain":0,"max_hp_loss":0,"event_name":"Bonfire Elementals","floor":3,"gold_loss":0},{"damage_healed":0,"gold_gain":0,"player_choice":"Donut","damage_taken":0,"max_hp_gain":5,"max_hp_loss":0,"event_name":"Big Fish","floor":7,"gold_loss":0},{"damage_healed":0,"gold_gain":0,"player_choice":"Shed Blood","damage_taken":20,"max_hp_gain":5,"max_hp_loss":0,"event_name":"Forgotten Altar","floor":19,"gold_loss":0},{"damage_healed":0,"gold_gain":0,"player_choice":"Got Potions","damage_taken":0,"max_hp_gain":0,"max_hp_loss":0,"event_name":"Lab","floor":29,"gold_loss":0},{"damage_healed":0,"gold_gain":400,"player_choice":"Sell","damage_taken":0,"max_hp_gain":0,"max_hp_loss":0,"event_name":"恩洛斯的盘子","floor":53,"relics_lost":["NeowsBlessing"],"gold_loss":0}],"is_beta":false,"boss_relics":[{"not_picked":["Painkiller Herb","Runic Pyramid"],"picked":"SlaversCollar"},{"not_picked":["Kintsugi","Calling Bell"],"picked":"WristBlade"}],"items_purged_floors":[],"is_endless":false,"potions_floor_spawned":[1,6,11,14,18,27,33,35,37,39,51,56],"ascension_level":4}}