{"host":"6p0attdrtjqaih7v","time":1608859510,"event":{"mods":["2.2 Compatiblity","AchievementEnabler","Bard","BaseMod","Better Skull","Better Third Choice","Colored Powertips","Hermit","Highlight Path","Jorbs\u0027s Wanderer Trilogy","Key Reminder","Minty Spire (QoL Compilation)","Permanent Neow","Quick Restart","Random Character Button","Relic Stats","Replay The Spire","StSLib","The Construct"],"gold_per_floor":[109,184,184,23,34,34,66,80,80,112,132,463,463,492,492,570,570,581,506,456,49,60,60,76,76,124,154,154,181,181,211,211,289,289,300,388,405,418,418,98,98,110,136,149,149,166,166,176,176,176],"floor_reached":51,"playtime":2652,"items_purged":["hermit:Strike_Hermit"],"score":1468,"play_id":"e7a45758-c0f4-4132-8951-874c04a03700","local_time":"20201224202510","is_ascension_mode":true,"campfire_choices":[{"data":"Apotheosis","floor":6,"key":"SMITH"},{"data":"1","floor":13,"key":"LIFT"},{"data":"2","floor":15,"key":"LIFT"},{"data":"3","floor":23,"key":"LIFT"},{"data":"Panache","floor":25,"key":"SMITH"},{"floor":28,"key":"REST"},{"data":"hermit:Strike_Hermit","floor":30,"key":"PURGE"},{"data":"hermit:Manifest","floor":32,"key":"PURGE"},{"floor":45,"key":"REST"},{"floor":47,"key":"REST"},{"floor":49,"key":"REST"}],"circlet_count":0,"master_deck":["AscendersBane","hermit:Strike_Hermit","hermit:Defend_Hermit","hermit:Defend_Hermit","hermit:Defend_Hermit","hermit:Defend_Hermit","hermit:Snapshot+1","hermit:Covet","hermit:Desperado","Flash of Steel","Panache+1","Apotheosis+1","hermit:Deadeye","hermit:CalledShot","hermit:PistolWhip","hermit:HeroicBravado","hermit:Brawl","hermit:Determination","hermit:BodyArmor+1","hermit:Vantage+1","hermit:Deadeye+1","hermit:TakeAim+1","hermit:PistolWhip+1","hermit:Roulette+1","hermit:Coalescence"],"relics":["ReplayTheSpireMod:DimensionalGlitch","ReplayTheSpireMod:ShopPack","Peace Pipe","Girya","Blue Doll","Old Coin","Akabeko","construct:WeddingRing","Simple Rune","Bronze Scales","Iron Hammer","Lizard Tail","Anchor","Runic Pyramid","Replay:Rubber Ducky","Vajra","Strange Spoon","Bag of Preparation"],"acts_visited":["Exordium","TheCity","TheBeyond"],"potions_floor_usage":[10,18,50],"damage_taken":[{"damage":0,"enemies":"Small Slimes","floor":1,"turns":3},{"damage":0,"enemies":"Cultist","floor":5,"turns":2},{"damage":4,"enemies":"Lagavulin","floor":7,"turns":4},{"damage":0,"enemies":"Jaw Worm","floor":8,"turns":1},{"damage":1,"enemies":"Replay:BlueRogue","floor":10,"turns":5},{"damage":0,"enemies":"Gremlin Gang","floor":11,"turns":3},{"damage":0,"enemies":"Lagavulin","floor":12,"turns":3},{"damage":6,"enemies":"Replay:BlueRogue","floor":14,"turns":4},{"damage":16,"enemies":"Hexaghost","floor":16,"turns":8},{"damage":6,"enemies":"Shell Parasite","floor":18,"turns":3},{"damage":0,"enemies":"Chosen","floor":22,"turns":2},{"damage":0,"enemies":"3 Cultists","floor":24,"turns":4},{"damage":17,"enemies":"Gremlin Leader","floor":27,"turns":4},{"damage":0,"enemies":"Replay:Snechameleon","floor":29,"turns":4},{"damage":1,"enemies":"Gremlin Leader","floor":31,"turns":5},{"damage":2,"enemies":"Automaton","floor":33,"turns":8},{"damage":0,"enemies":"Orb Walker","floor":35,"turns":3},{"damage":0,"enemies":"3 Shapes","floor":37,"turns":3},{"damage":0,"enemies":"Transient","floor":38,"turns":6},{"damage":5,"enemies":"4 Shapes","floor":42,"turns":4},{"damage":20,"enemies":"Spire Growth","floor":44,"turns":4},{"damage":0,"enemies":"Sphere and 2 Shapes","floor":46,"turns":11},{"damage":0,"enemies":"3 Darklings","floor":48,"turns":4},{"damage":38,"enemies":"Awakened One","floor":50,"turns":12}],"seed_played":"6365664627971704989","potions_obtained":[{"floor":1,"key":"Death Potion"},{"floor":5,"key":"Elixir"},{"floor":8,"key":"SkillPotion"},{"floor":11,"key":"GamblersBrew"},{"floor":18,"key":"AttackPotion"},{"floor":22,"key":"Strength Potion"},{"floor":46,"key":"Weak Potion"}],"is_trial":false,"path_per_floor":["M","?","?","$","M","R","E","M","T","E","M","E","R","E","R","B",null,"M","?","?","$","M","R","M","R","T","E","R","E","R","E","R","B",null,"M","?","M","M","?","$","?","M","T","M","R","M","R","M","R","B",null],"character_chosen":"HERMIT","items_purchased":["hermit:Desperado","ReplayTheSpireMod:ShopPack","hermit:Determination","hermit:Tonic","Simple Rune","hermit:BodyArmor+1","Vajra","Strange Spoon"],"campfire_rested":4,"item_purchase_floors":[4,4,21,21,21,21,40,40],"current_hp_per_floor":[64,53,53,53,53,53,49,49,49,48,48,48,48,42,42,26,60,54,54,54,54,54,54,54,54,54,37,58,58,58,57,57,55,67,67,29,29,29,29,29,29,24,24,4,25,25,46,46,67,29],"gold":176,"neow_bonus":"BOSS_RELIC","is_daily":false,"chose_seed":false,"campfire_upgraded":2,"win_rate":0.0,"timestamp":1608859510,"path_taken":["M","?","?","$","M","R","E","M","T","E","M","E","R","E","R","BOSS","M","?","?","$","?","R","M","R","T","E","R","E","R","E","R","BOSS","M","?","M","?","?","$","?","M","T","M","R","M","R","M","R","BOSS"],"items_purchased_type":["Card","Relic","Card","Potion","Relic","Card","Relic","Relic"],"build_version":"2020-12-22","purchased_purges":1,"victory":true,"max_hp_per_floor":[71,71,71,71,71,71,71,71,71,71,71,71,71,71,71,71,71,71,71,71,71,71,71,71,71,71,71,71,71,71,71,71,71,71,71,71,71,71,71,71,71,71,71,71,71,71,71,71,71,71],"relic_stats":{"Peace Pipe":2,"Strange Spoon":[6],"Lizard Tail":0,"counters":[24,110],"Bronze Scales":[69],"Bag of Preparation":[8],"obtain_stats":[{"Girya":9,"construct:WeddingRing":17,"Vajra":40,"Blue Doll":10,"Bag of Preparation":43,"Akabeko":14,"Old Coin":12,"Replay:Rubber Ducky":36,"Peace Pipe":7,"Strange Spoon":40,"Lizard Tail":29,"Anchor":31,"Bronze Scales":26,"Simple Rune":21,"Iron Hammer":27,"ReplayTheSpireMod:DimensionalGlitch":0,"hermit:Momento":0,"ReplayTheSpireMod:ShopPack":4,"Runic Pyramid":34},{"Girya":4,"construct:WeddingRing":9,"Vajra":19,"Blue Doll":5,"Bag of Preparation":20,"Akabeko":8,"Old Coin":7,"Replay:Rubber Ducky":17,"Peace Pipe":3,"Strange Spoon":19,"Lizard Tail":14,"Anchor":15,"Bronze Scales":12,"Simple Rune":10,"Iron Hammer":13,"ReplayTheSpireMod:DimensionalGlitch":0,"hermit:Momento":0,"ReplayTheSpireMod:ShopPack":1,"Runic Pyramid":16},{"Girya":10,"construct:WeddingRing":33,"Vajra":75,"Blue Doll":15,"Bag of Preparation":79,"Akabeko":25,"Old Coin":21,"Replay:Rubber Ducky":66,"Peace Pipe":9,"Strange Spoon":75,"Lizard Tail":50,"Anchor":55,"Bronze Scales":42,"Simple Rune":36,"Iron Hammer":46,"ReplayTheSpireMod:DimensionalGlitch":0,"hermit:Momento":0,"ReplayTheSpireMod:ShopPack":3,"Runic Pyramid":63}]},"card_choices":[{"not_picked":["hermit:ShadowCloak","hermit:ItchyTrigger","hermit:HoleUp"],"picked":"SKIP","floor":1},{"not_picked":["Purity","PanicButton"],"picked":"Flash of Steel","floor":4},{"not_picked":["Violence","Enlightenment"],"picked":"Panache","floor":4},{"not_picked":["Magnetism","Master of Strategy"],"picked":"Apotheosis","floor":4},{"not_picked":["hermit:LowProfile","hermit:HighCaliber"],"picked":"hermit:Deadeye","floor":5},{"not_picked":["hermit:TakeAim","hermit:Desperado","hermit:Misfire"],"picked":"SKIP","floor":7},{"not_picked":["hermit:Misfire","hermit:Horror"],"picked":"hermit:CalledShot","floor":8},{"not_picked":["hermit:ItchyTrigger","hermit:SprayPray"],"picked":"hermit:PistolWhip","floor":10},{"not_picked":["hermit:Combo","hermit:Desperado","hermit:SprayPray"],"picked":"SKIP","floor":11},{"not_picked":["hermit:Gestalt","hermit:Desperado"],"picked":"hermit:Manifest","floor":12},{"not_picked":["hermit:Misfire","hermit:EyeOfTheStorm"],"picked":"hermit:HeroicBravado","floor":14},{"not_picked":["hermit:FinalCanter","hermit:RoundhouseKick"],"picked":"hermit:Gambit","floor":16},{"not_picked":["hermit:Roulette","hermit:Coalescence"],"picked":"hermit:Brawl","floor":18},{"not_picked":["hermit:Snipe","hermit:Midnight"],"picked":"hermit:Vantage+1","floor":22},{"not_picked":["hermit:BodyArmor","hermit:Feint","hermit:HoleUp"],"picked":"SKIP","floor":24},{"not_picked":["hermit:Gambit","hermit:Quickdraw"],"picked":"hermit:Deadeye+1","floor":27},{"not_picked":["hermit:GhostlyPresence","hermit:HighCaliber","hermit:Combo"],"picked":"SKIP","floor":29},{"not_picked":["hermit:Ricochet","hermit:WideOpen","hermit:Spite"],"picked":"SKIP","floor":31},{"not_picked":["hermit:SprayPray","hermit:Coalescence","hermit:TrackingShot+1"],"picked":"SKIP","floor":35},{"not_picked":["hermit:Misfire","hermit:Desperado","hermit:Grudge"],"picked":"SKIP","floor":37},{"not_picked":["hermit:GoldenBullet","hermit:Ricochet"],"picked":"hermit:TakeAim+1","floor":38},{"not_picked":["hermit:TrackingShot","hermit:Midnight","hermit:Dive"],"picked":"SKIP","floor":42},{"not_picked":["hermit:DeadMansHand","hermit:Ricochet"],"picked":"hermit:PistolWhip+1","floor":44},{"not_picked":["hermit:Combo+1","hermit:Manifest"],"picked":"hermit:Roulette+1","floor":46},{"not_picked":["hermit:Manifest","hermit:Midnight"],"picked":"hermit:Coalescence","floor":48}],"player_experience":914169,"relics_obtained":[{"floor":7,"key":"Peace Pipe"},{"floor":9,"key":"Girya"},{"floor":10,"key":"Blue Doll"},{"floor":12,"key":"Old Coin"},{"floor":14,"key":"Akabeko"},{"floor":26,"key":"Bronze Scales"},{"floor":27,"key":"Iron Hammer"},{"floor":29,"key":"Lizard Tail"},{"floor":31,"key":"Anchor"},{"floor":43,"key":"Bag of Preparation"}],"event_choices":[{"damage_healed":0,"gold_gain":75,"player_choice":"Gather Gold","damage_taken":11,"max_hp_gain":0,"max_hp_loss":0,"event_name":"World of Goop","floor":2,"gold_loss":0},{"damage_healed":0,"gold_gain":0,"player_choice":"Upgraded","damage_taken":0,"max_hp_gain":0,"max_hp_loss":0,"event_name":"Upgrade Shrine","floor":3,"gold_loss":0,"cards_upgraded":["hermit:Snapshot"]},{"cards_removed":["hermit:Strike_Hermit"],"damage_healed":0,"gold_gain":0,"player_choice":"Gave Gold","damage_taken":0,"max_hp_gain":0,"max_hp_loss":0,"event_name":"Beggar","floor":19,"gold_loss":75},{"damage_healed":0,"gold_gain":0,"player_choice":"Upgraded Two","damage_taken":0,"max_hp_gain":0,"max_hp_loss":0,"event_name":"Designer","floor":20,"gold_loss":50,"cards_upgraded":["hermit:Defend_Hermit","hermit:Strike_Hermit"]},{"damage_healed":0,"gold_gain":88,"player_choice":"GO RE ","damage_taken":28,"relics_obtained":["Replay:Rubber Ducky"],"max_hp_gain":0,"max_hp_loss":0,"event_name":"betterSkull:BetterSkull","floor":36,"gold_loss":0,"cards_upgraded":[]},{"cards_removed":["hermit:Gambit"],"damage_healed":0,"gold_gain":0,"player_choice":"Removed Skill","damage_taken":0,"max_hp_gain":0,"max_hp_loss":0,"event_name":"Falling","floor":39,"gold_loss":0},{"damage_healed":0,"gold_gain":0,"player_choice":"Ignored","damage_taken":0,"max_hp_gain":0,"max_hp_loss":0,"event_name":"The Moai Head","floor":41,"gold_loss":0}],"is_beta":false,"boss_relics":[{"not_picked":["Cursed Key","Busted Crown"],"picked":"construct:WeddingRing"},{"not_picked":["Empty Cage","Replay:Bronze Core"],"picked":"Runic Pyramid"}],"items_purged_floors":[21],"is_endless":false,"potions_floor_spawned":[1,5,8,11,18,22,24,31,33,38,46],"ascension_level":18}}