{"host":"2sct7qpnpunnnd84","time":1608867376,"event":{"mods":["BaseMod","Minty Spire (QoL Compilation)","Quick Restart","StSLib","The IronCluck"],"gold_per_floor":[110,285,285,296,311,342,342,405,431,445,445,445,456,238,238,334,334,354,364,364,382,402,402,362,380,448,468,484,499,499,254,254,358,408,424,441,292,306,326,326,341,341,341,142,142,159,173,153,153,153],"floor_reached":51,"playtime":6784,"items_purged":["Decay","Pain"],"score":705,"play_id":"c1ff397b-75dc-440c-bd9e-2f894cdd5214","local_time":"20201224193616","is_ascension_mode":false,"campfire_choices":[{"floor":7.0,"key":"REST"},{"floor":11.0,"key":"REST"},{"data":"Backstab","floor":15.0,"key":"SMITH"},{"floor":23.0,"key":"REST"},{"data":"Terror","floor":32.0,"key":"SMITH"},{"floor":40.0,"key":"REST"},{"data":"Footwork","floor":45.0,"key":"SMITH"},{"floor":49.0,"key":"REST"}],"circlet_count":0,"master_deck":["Strike_G","Strike_G","Strike_G","Strike_G","Strike_G","Defend_G+1","Defend_G","Defend_G","Defend_G","Defend_G","Survivor","Neutralize","Backstab+1","Deflect","Caltrops","Cloak And Dagger","Flying Knee","Blade Dance","Bullet Time","Bullet Time","Dodge and Roll+1","Leg Sweep+1","Backstab+1","Noxious Fumes+1","Dagger Spray+1","Flying Knee","Dodge and Roll","Flying Knee+1","Blade Dance","Terror+1","Tools of the Trade","Cloak And Dagger","Underhanded Strike+1","Accuracy+1","Footwork+1","Flying Knee","Backflip+1","Corpse Explosion","Dagger Throw+1","Injury","Well Laid Plans","Cloak And Dagger","Cloak And Dagger+1","Distraction+1"],"relics":["Ring of the Snake","Regal Pillow","Gambling Chip","Bag of Preparation","TwistedFunnel","Cursed Key","Kunai","Membership Card","Tiny House","Potion Belt","InkBottle","Akabeko","Bag of Marbles"],"acts_visited":["Exordium","TheCity","TheBeyond"],"potions_floor_usage":[50,50,50],"damage_taken":[{"damage":0.0,"enemies":"2 Louse","floor":1.0,"turns":3.0},{"damage":0.0,"enemies":"Cultist","floor":4.0,"turns":4.0},{"damage":4.0,"enemies":"Small Slimes","floor":5.0,"turns":4.0},{"damage":50.0,"enemies":"Gremlin Nob","floor":6.0,"turns":6.0},{"damage":24.0,"enemies":"Gremlin Nob","floor":8.0,"turns":4.0},{"damage":1.0,"enemies":"2 Fungi Beasts","floor":10.0,"turns":3.0},{"damage":0.0,"enemies":"Lots of Slimes","floor":13.0,"turns":4.0},{"damage":51.0,"enemies":"The Guardian","floor":16.0,"turns":13.0},{"damage":3.0,"enemies":"Chosen","floor":18.0,"turns":6.0},{"damage":2.0,"enemies":"Shell Parasite","floor":19.0,"turns":5.0},{"damage":10.0,"enemies":"Chosen and Byrds","floor":21.0,"turns":7.0},{"damage":12.0,"enemies":"Snake Plant","floor":22.0,"turns":5.0},{"damage":0.0,"enemies":"Snecko","floor":25.0,"turns":4.0},{"damage":3.0,"enemies":"Centurion and Healer","floor":27.0,"turns":5.0},{"damage":3.0,"enemies":"3 Cultists","floor":28.0,"turns":5.0},{"damage":8.0,"enemies":"Cultist and Chosen","floor":29.0,"turns":5.0},{"damage":21.0,"enemies":"Champ","floor":33.0,"turns":13.0},{"damage":0.0,"enemies":"Orb Walker","floor":35.0,"turns":4.0},{"damage":2.0,"enemies":"3 Darklings","floor":36.0,"turns":5.0},{"damage":2.0,"enemies":"Jaw Worm Horde","floor":38.0,"turns":4.0},{"damage":37.0,"enemies":"Transient","floor":39.0,"turns":5.0},{"damage":1.0,"enemies":"Spire Growth","floor":41.0,"turns":4.0},{"damage":7.0,"enemies":"4 Shapes","floor":46.0,"turns":3.0},{"damage":5.0,"enemies":"Jaw Worm Horde","floor":47.0,"turns":4.0},{"damage":65,"enemies":"Time Eater","floor":50,"turns":12}],"seed_played":"1215192098944668257","potions_obtained":[{"floor":4.0,"key":"Ancient Potion"},{"floor":5.0,"key":"LiquidBronze"},{"floor":6.0,"key":"Strength Potion"},{"floor":13.0,"key":"Explosive Potion"},{"floor":19.0,"key":"Block Potion"},{"floor":27.0,"key":"ColorlessPotion"},{"floor":30.0,"key":"PowerPotion"},{"floor":30.0,"key":"Strength Potion"},{"floor":34.0,"key":"Ancient Potion"},{"floor":35.0,"key":"SkillPotion"},{"floor":41.0,"key":"Swift Potion"},{"floor":46.0,"key":"SmokeBomb"},{"floor":47.0,"key":"BlessingOfTheForge"},{"floor":48.0,"key":"DuplicationPotion"}],"is_trial":false,"path_per_floor":["M","?","?","M","M","E","R","?","T","M","R","?","M","$","R","B",null,"M","M","?","M","M","R","?","M","T","M","M","M","?","$","R","B",null,"M","M","$","M","M","R","M","?","T","$","R","M","M","?","R","B",null],"character_chosen":"THE_SILENT","items_purchased":["TwistedFunnel","Membership Card","Terror","Potion Belt","Footwork","PowerPotion","Flying Knee","Akabeko","Bag of Marbles","Well Laid Plans","Cloak And Dagger"],"campfire_rested":5,"item_purchase_floors":[14,31,31,37,37,37,37,44,44,44,44],"current_hp_per_floor":[77,77,77,77,73,23,61,37,37,36,74,74,74,74,74,23,77,74,72,72,62,50,77,77,77,77,74,71,63,63,63,63,42,82,82,80,80,78,41,80,79,79,79,79,79,72,67,67,82,17],"gold":153,"neow_bonus":"TEN_PERCENT_HP_BONUS","is_daily":false,"chose_seed":false,"campfire_upgraded":3,"win_rate":0.0,"timestamp":1608867376,"path_taken":["M","?","?","?","M","E","R","?","T","M","R","?","?","$","R","BOSS","M","M","?","M","?","R","?","M","T","?","M","M","?","$","R","BOSS","M","?","$","M","M","R","?","?","T","$","R","M","?","?","R","BOSS"],"items_purchased_type":["Relic","Relic","Card","Relic","Card","Potion","Card","Relic","Relic","Card","Card"],"build_version":"2020-12-22","purchased_purges":2,"victory":true,"max_hp_per_floor":[77,77,77,77,77,77,77,77,77,77,77,77,77,77,77,77,77,77,77,77,77,77,77,77,77,77,77,77,77,77,77,77,77,82,82,82,82,82,82,82,82,82,82,82,82,82,82,82,82,82],"card_choices":[{"not_picked":["Quick Slash","Dodge and Roll"],"picked":"Backstab","floor":1.0},{"not_picked":["Quick Slash","Storm of Steel"],"picked":"Deflect","floor":4.0},{"not_picked":["Dagger Spray","PiercingWail"],"picked":"Caltrops","floor":5.0},{"not_picked":["Quick Slash","Dagger Throw"],"picked":"Cloak And Dagger","floor":6.0},{"not_picked":["Flechettes","Outmaneuver"],"picked":"Flying Knee","floor":8.0},{"not_picked":["PiercingWail","Cloak And Dagger"],"picked":"Blade Dance","floor":10.0},{"not_picked":["Dodge and Roll","Poisoned Stab"],"picked":"Bullet Time","floor":13.0},{"not_picked":["Venomology","Doppelganger"],"picked":"Bullet Time","floor":16.0},{"not_picked":["Expertise","Calculated Gamble"],"picked":"Dodge and Roll","floor":18.0},{"not_picked":["PiercingWail","Underhanded Strike+1"],"picked":"Leg Sweep+1","floor":19.0},{"not_picked":["Infinite Blades","Quick Slash+1"],"picked":"Noxious Fumes+1","floor":21.0},{"not_picked":["Reflex","Heel Hook"],"picked":"Dagger Spray","floor":22.0},{"not_picked":["Deflect","Dagger Spray"],"picked":"Flying Knee","floor":25.0},{"not_picked":["Outmaneuver","Dagger Throw"],"picked":"Dodge and Roll","floor":27.0},{"not_picked":["Finisher+1","Backflip"],"picked":"Flying Knee+1","floor":28.0},{"not_picked":["Dagger Spray","Acrobatics"],"picked":"Blade Dance","floor":29.0},{"not_picked":["Venomology","Glass Knife"],"picked":"Tools of the Trade","floor":33.0},{"not_picked":["Reflex","Riddle With Holes"],"picked":"Cloak And Dagger","floor":34.0},{"not_picked":["Quick Slash","Skewer+1"],"picked":"Underhanded Strike+1","floor":35.0},{"not_picked":["Dagger Throw","Slice+1"],"picked":"Accuracy+1","floor":36.0},{"not_picked":["Acrobatics+1","Dodge and Roll"],"picked":"Backflip+1","floor":38.0},{"not_picked":["PiercingWail","Underhanded Strike+1"],"picked":"Corpse Explosion","floor":39.0},{"not_picked":["Cloak And Dagger","Dagger Spray"],"picked":"Dagger Throw+1","floor":41.0},{"not_picked":["PiercingWail","Deadly Poison+1"],"picked":"Cloak And Dagger+1","floor":46.0},{"not_picked":["Dagger Throw","Tactician"],"picked":"Distraction+1","floor":47.0}],"player_experience":3376075,"relics_obtained":[{"floor":6.0,"key":"Regal Pillow"},{"floor":8.0,"key":"Gambling Chip"},{"floor":9.0,"key":"Bag of Preparation"},{"floor":26.0,"key":"Kunai"},{"floor":43.0,"key":"InkBottle"}],"event_choices":[{"damage_healed":0.0,"max_hp_gain":0.0,"max_hp_loss":0.0,"gold_gain":175.0,"event_name":"Liars Game","player_choice":"AGREE","floor":2.0,"gold_loss":0.0,"damage_taken":0.0,"cards_obtained":["Doubt"]},{"cards_removed":["Doubt"],"damage_healed":0.0,"max_hp_gain":0.0,"max_hp_loss":0.0,"gold_gain":0.0,"event_name":"Purifier","player_choice":"Purged","floor":3.0,"gold_loss":0.0,"damage_taken":0.0},{"damage_healed":0.0,"max_hp_gain":0.0,"max_hp_loss":0.0,"gold_gain":30.0,"event_name":"Dead Adventurer","player_choice":"Searched \u00272\u0027 times","floor":8.0,"gold_loss":0.0,"damage_taken":0.0},{"damage_healed":0.0,"max_hp_gain":0.0,"max_hp_loss":0.0,"gold_gain":0.0,"event_name":"Wheel of Change","player_choice":"Cursed","floor":12.0,"gold_loss":0.0,"damage_taken":0.0,"cards_obtained":["Decay"]},{"damage_healed":0.0,"max_hp_gain":0.0,"max_hp_loss":0.0,"gold_gain":0.0,"event_name":"Duplicator","player_choice":"Copied","floor":20.0,"gold_loss":0.0,"damage_taken":0.0,"cards_obtained":["Backstab"]},{"damage_healed":0.0,"max_hp_gain":0.0,"max_hp_loss":0.0,"gold_gain":0.0,"event_name":"Designer","player_choice":"Upgraded Two","floor":24.0,"gold_loss":40.0,"damage_taken":0.0,"cards_upgraded":["Dodge and Roll","Dagger Spray"]},{"damage_healed":0.0,"max_hp_gain":0.0,"max_hp_loss":0.0,"gold_gain":0.0,"event_name":"Lab","player_choice":"Got Potions","floor":30.0,"gold_loss":0.0,"damage_taken":0.0},{"damage_healed":0.0,"max_hp_gain":0.0,"max_hp_loss":0.0,"gold_gain":0.0,"event_name":"NoteForYourself","player_choice":"Ignored","floor":42.0,"gold_loss":0.0,"damage_taken":0.0},{"damage_healed":0.0,"max_hp_gain":0.0,"max_hp_loss":0.0,"gold_gain":0.0,"event_name":"The Woman in Blue","player_choice":"Bought 1 Potion","floor":48.0,"gold_loss":0.0,"damage_taken":0.0}],"is_beta":false,"boss_relics":[{"not_picked":["SlaversCollar","Runic Pyramid"],"picked":"Cursed Key"},{"not_picked":["Astrolabe","Snecko Eye"],"picked":"Tiny House"}],"items_purged_floors":[14,31],"is_endless":false,"potions_floor_spawned":[4,5,6,13,19,21,27,28,35,41,46,47],"ascension_level":0}}