{"host":"sav7uxregyirlf69","time":1608870241,"event":{"mods":["AchievementEnabler","BaseMod","Colored Map","DeckTracker","Keyboard Shortcuts","Minty Spire (QoL Compilation)","READ ME - Guardian Mod","StSLib","SuperFastMode"],"gold_per_floor":[112,37,112,112,126,153,164,181,204,204,217,234,3,20,20,20,20],"floor_reached":16,"playtime":239,"items_purged":["Strike_G","Strike_G"],"score":258,"play_id":"bd2b456a-68e9-406b-a6b5-f8959146bf87","local_time":"20201225132401","is_ascension_mode":true,"campfire_choices":[{"data":"Tactician","floor":10,"key":"SMITH"},{"data":"Noxious Fumes","floor":15,"key":"SMITH"}],"circlet_count":0,"master_deck":["AscendersBane","Strike_G","Strike_G","Strike_G","Defend_G","Defend_G","Defend_G","Defend_G","Defend_G","Survivor","Neutralize","Tactician+1","Prepared","All Out Attack","Crippling Poison","Noxious Fumes+1","Escape Plan"],"relics":["Ring of the Snake","NeowsBlessing","CultistMask","Strawberry","Boot"],"acts_visited":["Exordium"],"potions_floor_usage":[11,16],"damage_taken":[{"damage":0,"enemies":"Cultist","floor":1,"turns":1},{"damage":0,"enemies":"Small Slimes","floor":5,"turns":1},{"damage":0,"enemies":"Lagavulin","floor":6,"turns":1},{"damage":4,"enemies":"2 Louse","floor":7,"turns":4},{"damage":7,"enemies":"Red Slaver","floor":8,"turns":7},{"damage":0,"enemies":"Gremlin Gang","floor":11,"turns":3},{"damage":1,"enemies":"Looter","floor":12,"turns":4},{"damage":20,"enemies":"Large Slime","floor":14,"turns":7},{"damage":28,"enemies":"The Guardian","floor":16,"turns":5}],"seed_played":"-6081379976627584474","potions_obtained":[{"floor":6,"key":"DuplicationPotion"},{"floor":7,"key":"BlessingOfTheForge"},{"floor":12,"key":"Fire Potion"}],"is_trial":false,"path_per_floor":["M","$","?","?","M","E","M","M","T","R","M","M","$","M","R","B"],"character_chosen":"THE_SILENT","items_purchased":["Noxious Fumes","Escape Plan"],"campfire_rested":0,"item_purchase_floors":[13,13],"current_hp_per_floor":[59,59,48,48,48,55,51,44,44,44,44,43,43,23,23,0,0],"gold":20,"neow_bonus":"THREE_ENEMY_KILL","is_daily":false,"chose_seed":false,"campfire_upgraded":2,"win_rate":0.0,"timestamp":1608870241,"path_taken":["M","?","?","?","M","E","M","?","T","R","M","M","$","M","R","BOSS"],"items_purchased_type":["Card","Card"],"build_version":"2020-12-22","purchased_purges":2,"victory":false,"max_hp_per_floor":[66,66,66,66,66,73,73,73,73,73,73,73,73,73,73,73,73],"card_choices":[{"not_picked":["Backflip","Cloak And Dagger"],"picked":"Tactician","floor":1},{"not_picked":["Outmaneuver","Underhanded Strike"],"picked":"Prepared","floor":5},{"not_picked":["Slice","Night Terror","Heel Hook"],"picked":"SKIP","floor":6},{"not_picked":["Slice","Backflip"],"picked":"All Out Attack","floor":7},{"not_picked":["Outmaneuver","Sucker Punch","Flying Knee"],"picked":"SKIP","floor":8},{"not_picked":["Prepared","Sucker Punch","Flying Knee"],"picked":"SKIP","floor":11},{"not_picked":["Sucker Punch","Deflect"],"picked":"Crippling Poison","floor":12},{"not_picked":["Dagger Spray","Dodge and Roll","Poisoned Stab"],"picked":"SKIP","floor":14}],"player_experience":1007229,"relics_obtained":[{"floor":6,"key":"Strawberry"},{"floor":9,"key":"Boot"}],"event_choices":[{"damage_healed":0,"gold_gain":75,"player_choice":"Gather Gold","damage_taken":11,"max_hp_gain":0,"max_hp_loss":0,"event_name":"World of Goop","floor":3,"gold_loss":0},{"damage_healed":0,"gold_gain":0,"player_choice":"Trade","damage_taken":0,"relics_obtained":["CultistMask"],"max_hp_gain":0,"max_hp_loss":0,"event_name":"FaceTrader","floor":4,"gold_loss":0}],"is_beta":false,"boss_relics":[],"items_purged_floors":[2,13],"is_endless":false,"potions_floor_spawned":[6,7,12,14],"killed_by":"The Guardian","ascension_level":20}}