{"host":"g7xvyycavwkoojg3","time":1608862504,"event":{"mods":["Astrologer","BaseMod","Challenge The Spire","Exacting","GifTheSpireLib","HexUI Lib","Marisa????????","Minty Spire (QoL Compilation)","Replay The Spire","Shop Mod","StSLib","The Animator","The Bug Knight","The Hierophant","The Necromancer","The Runesmith"],"gold_per_floor":[116,134,8,8,8,8,22,51,51,1,1,11,26,26,56,83,83,181,231,241,20,20,66,82,82,82,82,82],"floor_reached":27,"playtime":1472,"items_purged":[],"score":268,"play_id":"183f54c6-a78e-4607-8d50-cdb346d67b3c","local_time":"20201224211504","is_ascension_mode":true,"campfire_choices":[{"floor":14,"key":"REST"},{"floor":17,"key":"REST"},{"floor":25,"key":"REST"}],"circlet_count":0,"master_deck":["Strike_R","Strike_R","Strike_R","Strike_R+1","Defend_R","Defend_R","Defend_R","Defend_R","Anger","Shrug It Off","Fire Breathing","Dark Shackles","Juggernaut","Rage","Wild Strike","Survivor","Neutralize","Anger","Warcry","Fire Breathing","Shrug It Off","Offering","Wild Strike","Body Slam","Reckless Charge","Wild Strike","Body Slam+1"],"relics":["Burning Blood","ReplayTheSpireMod:Ring of Collecting","Pear","ReplayTheSpireMod:Lightbulb","Odd Mushroom","Smiling Mask","Tiny House","MealTicket","Enchiridion"],"acts_visited":["Exordium","TheCity"],"potions_floor_usage":[8,16,23,24],"damage_taken":[{"damage":19,"enemies":"Jaw Worm","floor":1,"turns":3},{"damage":4,"enemies":"2 Louse","floor":2,"turns":3},{"damage":12,"enemies":"Small Slimes","floor":7,"turns":4},{"damage":25,"enemies":"3 Sentries","floor":8,"turns":5},{"damage":22,"enemies":"2 Fungi Beasts","floor":12,"turns":4},{"damage":19,"enemies":"Exordium Wildlife","floor":13,"turns":4},{"damage":38,"enemies":"The Mushroom Lair","floor":15,"turns":5},{"damage":1,"enemies":"Gremlin Nob","floor":16,"turns":5},{"damage":23,"enemies":"Fading Forest","floor":18,"turns":11},{"damage":24,"enemies":"Spheric Guardian","floor":20,"turns":5},{"damage":33,"enemies":"3 Byrds","floor":23,"turns":4},{"damage":28,"enemies":"Cultist and Chosen","floor":24,"turns":5},{"damage":57,"enemies":"Slavers","floor":27,"turns":4}],"seed_played":"-7433301527111319551","potions_obtained":[{"floor":2,"key":"BlessingOfTheForge"},{"floor":12,"key":"SteroidPotion"},{"floor":13,"key":"ColorlessPotion"},{"floor":19,"key":"Weak Potion"},{"floor":20,"key":"Dexterity Potion"}],"is_trial":false,"path_per_floor":["M","M","$","PTL","PTL","?","M","E","?","?","T","M","M","R","?","E","R","B",null,"M","$","?","M","M","R","?","E"],"character_chosen":"IRONCLAD","items_purchased":["Fire Breathing","Dark Shackles","Reckless Charge","MealTicket"],"campfire_rested":3,"item_purchase_floors":[3,3,21,21],"current_hp_per_floor":[75,77,77,77,77,77,71,62,62,62,62,46,33,62,30,35,64,57,103,85,85,69,42,20,50,50,0,0],"gold":82,"neow_bonus":"TEN_PERCENT_HP_BONUS","is_daily":false,"chose_seed":false,"campfire_upgraded":0,"win_rate":0.0,"timestamp":1608862504,"path_taken":["M","M","$","PTL","PTL","?","M","E","?","?","T","M","M","R","?","E","R","BOSS","M","$","?","M","M","R","?","E"],"items_purchased_type":["Card","Card","Card","Relic"],"build_version":"2020-12-22","purchased_purges":0,"victory":false,"max_hp_per_floor":[88,88,88,88,88,88,88,98,98,98,98,98,98,98,98,98,98,98,103,103,103,103,103,103,103,103,103,103],"card_choices":[{"not_picked":["Cleave","Disarm"],"picked":"Anger","floor":1},{"not_picked":["Armaments","Replay:Undeath\u0027s Touch"],"picked":"Shrug It Off","floor":2},{"not_picked":["Pommel Strike","Feel No Pain"],"picked":"Juggernaut","floor":7},{"not_picked":["Shrug It Off","True Grit"],"picked":"Rage","floor":7},{"not_picked":["True Grit","Blood for Blood"],"picked":"Wild Strike","floor":8},{"not_picked":["Inflame","Headbutt"],"picked":"Anger","floor":12},{"not_picked":["Searing Blow","Iron Wave"],"picked":"Warcry","floor":13},{"not_picked":["Burning Pact","Inflame"],"picked":"Fire Breathing","floor":15},{"not_picked":["Sword Boomerang","Clash"],"picked":"Shrug It Off","floor":16},{"not_picked":["Bludgeon","Impervious"],"picked":"Offering","floor":18},{"not_picked":["ReplayTheSpireMod:Strike From Hell","Seeing Red"],"picked":"Wild Strike","floor":19},{"not_picked":["Dropkick","Pummel+1"],"picked":"Body Slam","floor":20},{"not_picked":["Replay:Undeath\u0027s Touch+1","True Grit"],"picked":"Wild Strike","floor":23},{"not_picked":["Wild Strike","Clash"],"picked":"Body Slam+1","floor":24}],"player_experience":83699,"relics_obtained":[{"floor":6,"key":"ReplayTheSpireMod:Ring of Collecting"},{"floor":8,"key":"Pear"},{"floor":11,"key":"ReplayTheSpireMod:Lightbulb"},{"floor":15,"key":"Odd Mushroom"},{"floor":16,"key":"Smiling Mask"},{"floor":22,"key":"Enchiridion"}],"event_choices":[{"cards_removed":["Strike_R"],"damage_healed":0,"gold_gain":0,"player_choice":"Card Removal","damage_taken":0,"max_hp_gain":0,"max_hp_loss":0,"event_name":"The Cleric","floor":10,"gold_loss":50},{"damage_healed":0,"gold_gain":0,"player_choice":"Fought Mushrooms","damage_taken":0,"max_hp_gain":0,"max_hp_loss":0,"event_name":"Mushrooms","floor":15,"gold_loss":0},{"damage_healed":0,"gold_gain":0,"player_choice":"Obtained Book","damage_taken":16,"max_hp_gain":0,"max_hp_loss":0,"event_name":"Cursed Tome","floor":22,"gold_loss":0}],"is_beta":false,"boss_relics":[{"not_picked":["Snecko Eye","Runic Dome"],"picked":"Tiny House"}],"items_purged_floors":[],"is_endless":false,"potions_floor_spawned":[2,12,13,20],"killed_by":"Slavers","ascension_level":2}}