{"host":"jm9833yuloeli2yd","time":1608865375,"event":{"mods":["AchievementEnabler","BaseMod","Better Altar","Better Match","Better Note","Better Sensory Stone","Better Skull","Better Third Choice","Better Vampires","BetterRewards","Colored Map","Colored Powertips","DeckTracker","Hubris","Marked Mod","Minty Spire (QoL Compilation)","Permanent Neow","Quick Restart","StSLib","SuperFastMode"],"gold_per_floor":[117,18,37,55,72,107,123,123,123,48,63,63,63,82,82,156,156,170,220,95,112,112,112],"floor_reached":22,"playtime":569,"items_purged":["Strike_B"],"score":576,"play_id":"d819ff1a-1daf-4beb-aa77-2ebbc26453b8","local_time":"20201224220255","is_ascension_mode":true,"campfire_choices":[{"data":"Defragment","floor":8,"key":"SMITH"},{"data":"Multi-Cast","floor":13,"key":"SMITH"},{"floor":15,"key":"REST"}],"circlet_count":0,"master_deck":["AscendersBane","Strike_B","Strike_B","Strike_B","Defend_B+1","Defend_B","Defend_B","Defend_B","Zap+1","Dualcast","Beam Cell+1","Defragment+1","Ball Lightning+1","Doom and Gloom+1","Melter+1","Go for the Eyes+1","Consume+1","Glacier","Multi-Cast+1","Electrodynamics","White Noise","Bandage Up"],"relics":["Cracked Core","Molten Egg 2","hubris:CuriousFeather","War Paint","Nuclear Battery"],"acts_visited":["Exordium","TheCity"],"potions_floor_usage":[14,22],"damage_taken":[{"damage":1,"enemies":"Cultist","floor":1,"turns":4},{"damage":7,"enemies":"Jaw Worm","floor":3,"turns":2},{"damage":7,"enemies":"2 Louse","floor":4,"turns":3},{"damage":0,"enemies":"Exordium Wildlife","floor":5,"turns":1},{"damage":30,"enemies":"Lagavulin","floor":6,"turns":6},{"damage":1,"enemies":"2 Fungi Beasts","floor":7,"turns":2},{"damage":0,"enemies":"Red Slaver","floor":11,"turns":3},{"damage":15,"enemies":"Gremlin Gang","floor":14,"turns":2},{"damage":10,"enemies":"The Guardian","floor":16,"turns":9},{"damage":12,"enemies":"2 Thieves","floor":18,"turns":4},{"damage":11,"enemies":"Chosen","floor":21,"turns":5},{"damage":43,"enemies":"Shelled Parasite and Fungi","floor":22,"turns":3}],"seed_played":"-4692713419338244205","potions_obtained":[{"floor":3,"key":"DuplicationPotion"},{"floor":5,"key":"Explosive Potion"},{"floor":14,"key":"Block Potion"}],"is_trial":false,"path_per_floor":["M","$","M","M","M","E","M","R","T","$","M","?","R","M","R","B",null,"M","?","?","M","M"],"character_chosen":"DEFECT","items_purchased":["Molten Egg 2","Defragment","Ball Lightning+1"],"campfire_rested":1,"item_purchase_floors":[0,2,2],"current_hp_per_floor":[63,63,56,49,49,19,18,18,18,18,18,18,18,3,24,14,57,45,45,45,38,0,0],"gold":112,"neow_bonus":"","is_daily":false,"chose_seed":false,"campfire_upgraded":2,"win_rate":0.0,"timestamp":1608865375,"path_taken":["M","?","M","M","M","E","M","R","T","$","M","?","R","M","R","BOSS","M","?","?","?","?"],"items_purchased_type":["Relic","Card","Card"],"build_version":"2020-12-22","purchased_purges":1,"victory":false,"max_hp_per_floor":[71,71,71,71,71,71,71,71,71,71,71,71,71,71,71,71,71,71,71,71,71,71,71],"card_choices":[{"not_picked":["Steam Power","Loop"],"picked":"Beam Cell+1","floor":1},{"not_picked":["Reinforced Body","Beam Cell+1"],"picked":"Doom and Gloom+1","floor":3},{"not_picked":["Rip and Tear+1","Conserve Battery"],"picked":"Melter+1","floor":4},{"not_picked":["Hello World","Hologram"],"picked":"Go for the Eyes+1","floor":5},{"not_picked":["Stack","Darkness"],"picked":"Consume","floor":6},{"not_picked":["Capacitor","Redo"],"picked":"Glacier","floor":7},{"not_picked":["Beam Cell+1","Leap"],"picked":"Multi-Cast","floor":11},{"not_picked":["Beam Cell+1","Leap","Redo"],"picked":"SKIP","floor":14},{"not_picked":["Multi-Cast","Biased Cognition"],"picked":"Electrodynamics","floor":16},{"not_picked":["Leap","Go for the Eyes+1","Coolheaded"],"picked":"SKIP","floor":18},{"not_picked":["Heatsinks","Steam Power"],"picked":"White Noise","floor":20},{"not_picked":["Blind","Jack Of All Trades"],"picked":"Bandage Up","floor":20},{"not_picked":["Rebound+1","Ball Lightning+1","Redo"],"picked":"SKIP","floor":21}],"player_experience":1156563,"relics_obtained":[{"floor":6,"key":"hubris:CuriousFeather"},{"floor":9,"key":"War Paint"}],"event_choices":[{"damage_healed":0,"gold_gain":50,"player_choice":"Steal","damage_taken":0,"max_hp_gain":0,"max_hp_loss":0,"event_name":"betterThird:BetterNest","floor":19,"gold_loss":0},{"damage_healed":0,"gold_gain":0,"player_choice":"1","damage_taken":0,"max_hp_gain":0,"max_hp_loss":0,"event_name":"betterMatch:BetterMatch","floor":20,"gold_loss":0,"cards_obtained":["betterMatch:ColorlessUncommonCard","betterMatch:UncommonCard"]}],"is_beta":false,"boss_relics":[{"not_picked":["SacredBark","FrozenCore"],"picked":"Nuclear Battery"}],"items_purged_floors":[10],"is_endless":false,"potions_floor_spawned":[3,5,7,14,16,18],"killed_by":"Shelled Parasite and Fungi","ascension_level":20}}