{"host":"o7j6aatxjwpw1421","time":1608856292,"event":{"mods":["2.2 Compatiblity","AchievementEnabler","BaseMod","Colored Map","DeckTracker","Highlight Path","Keyboard Shortcuts","Minty Spire (QoL Compilation)","Permanent Neow","Quick Restart","StSLib","SuperFastMode","everything is the same but u backflip on backflip"],"gold_per_floor":[113,63,83,98,98,98,111,141,141,141,157,170,205,220,220,320,320,336,113,143,154,170,170,201,201,201,217,231,256,270,281,281,376,376,392,392,392],"floor_reached":36,"playtime":1831,"items_purged":[],"score":802,"play_id":"40ca9f65-21a0-4da9-b42b-508e5599f191","local_time":"20201225093132","is_ascension_mode":true,"campfire_choices":[{"data":"Wild Strike","floor":6.0,"key":"SMITH"},{"data":"Wild Strike","floor":10.0,"key":"SMITH"},{"data":"Perfected Strike","floor":15.0,"key":"SMITH"},{"data":"Seeing Red","floor":23.0,"key":"SMITH"},{"data":"Uppercut","floor":25.0,"key":"SMITH"},{"data":"Shrug It Off","floor":32,"key":"SMITH"}],"circlet_count":0,"master_deck":["AscendersBane","Strike_R","Strike_R","Strike_R","Strike_R","Strike_R","Defend_R","Defend_R","Defend_R","Bash","Perfected Strike+1","Wild Strike+1","Wild Strike+1","Thunderclap","Battle Trance","Twin Strike","Shrug It Off+1","Seeing Red+1","Perfected Strike+1","Wild Strike","Fire Breathing","Offering","Uppercut+1","Headbutt+1","Shrug It Off","Wild Strike+1","Impervious","Pommel Strike+1"],"relics":["Burning Blood","PreservedInsect","Kunai","Ornamental Fan","Sundial","Velvet Choker","TheAbacus","Red Mask","Pantograph","Molten Egg 2","Mango","Runic Pyramid"],"acts_visited":["Exordium","TheCity","TheBeyond"],"potions_floor_usage":[31,33],"damage_taken":[{"damage":3.0,"enemies":"Jaw Worm","floor":1.0,"turns":7.0},{"damage":0.0,"enemies":"2 Louse","floor":3.0,"turns":2.0},{"damage":0.0,"enemies":"Cultist","floor":4.0,"turns":4.0},{"damage":0.0,"enemies":"Large Slime","floor":7.0,"turns":4.0},{"damage":16.0,"enemies":"Gremlin Nob","floor":8.0,"turns":3.0},{"damage":0.0,"enemies":"Exordium Wildlife","floor":11.0,"turns":2.0},{"damage":2.0,"enemies":"Gremlin Gang","floor":12.0,"turns":4.0},{"damage":17.0,"enemies":"Lagavulin","floor":13.0,"turns":6.0},{"damage":0.0,"enemies":"Looter","floor":14.0,"turns":1.0},{"damage":51.0,"enemies":"The Guardian","floor":16.0,"turns":9.0},{"damage":23.0,"enemies":"2 Thieves","floor":18.0,"turns":3.0},{"damage":19.0,"enemies":"Masked Bandits","floor":20.0,"turns":4.0},{"damage":0.0,"enemies":"Spheric Guardian","floor":21.0,"turns":2.0},{"damage":4.0,"enemies":"Chosen and Byrds","floor":22.0,"turns":4.0},{"damage":0.0,"enemies":"Book of Stabbing","floor":24.0,"turns":2.0},{"damage":3.0,"enemies":"Snecko","floor":27.0,"turns":3.0},{"damage":9.0,"enemies":"Centurion and Healer","floor":28.0,"turns":3.0},{"damage":6.0,"enemies":"Gremlin Leader","floor":29.0,"turns":3.0},{"damage":25,"enemies":"Snake Plant","floor":30,"turns":3},{"damage":0,"enemies":"Snecko","floor":31,"turns":2},{"damage":49,"enemies":"Champ","floor":33,"turns":7},{"damage":7,"enemies":"3 Shapes","floor":35,"turns":4},{"damage":1,"enemies":"3 Darklings","floor":36,"turns":3}],"seed_played":"-4105420277038510976","potions_obtained":[{"floor":3.0,"key":"Block Potion"},{"floor":4.0,"key":"SpeedPotion"},{"floor":11.0,"key":"Explosive Potion"},{"floor":12.0,"key":"Fruit Juice"},{"floor":18.0,"key":"Energy Potion"},{"floor":28.0,"key":"LiquidMemories"},{"floor":31,"key":"SkillPotion"},{"floor":35,"key":"SteroidPotion"}],"is_trial":false,"path_per_floor":["M","?","M","M","?","R","M","E","T","R","M","M","E","M","R","B",null,"M","$","?","M","M","R","E","R","T","M","M","E","M","M","R","B",null,"M","M"],"character_chosen":"IRONCLAD","items_purchased":["Fire Breathing","TheAbacus"],"campfire_rested":0,"item_purchase_floors":[19,19],"current_hp_per_floor":[75,75,80,80,80,80,80,70,70,70,76,85,74,80,80,35,73,56,56,43,49,51,51,57,57,57,60,57,71,52,58,58,40,84,83,82,82],"gold":392,"neow_bonus":"RANDOM_COMMON_RELIC","is_daily":false,"chose_seed":false,"campfire_upgraded":6,"win_rate":0.0,"timestamp":1608856292,"path_taken":["M","?","M","M","?","R","M","E","T","R","M","?","E","M","R","BOSS","M","$","?","M","M","R","E","R","T","M","M","E","M","M","R","BOSS","M","M"],"items_purchased_type":["Card","Relic"],"build_version":"2020-12-22","purchased_purges":0,"victory":false,"max_hp_per_floor":[80,80,80,80,80,80,80,80,80,80,80,85,85,85,85,85,85,85,85,85,85,85,85,85,85,85,85,85,99,99,99,99,99,99,99,99,99],"card_choices":[{"not_picked":["True Grit","Intimidate"],"picked":"Perfected Strike","floor":1.0},{"not_picked":["Shrug It Off","Infernal Blade"],"picked":"Wild Strike","floor":3.0},{"not_picked":["Flex","Entrench"],"picked":"Wild Strike","floor":4.0},{"not_picked":["Rage","Pummel"],"picked":"Thunderclap","floor":7.0},{"not_picked":["Infernal Blade","Brutality"],"picked":"Battle Trance","floor":8.0},{"not_picked":["Rupture","Spot Weakness"],"picked":"Twin Strike","floor":11.0},{"not_picked":["Pommel Strike","Clash"],"picked":"Shrug It Off","floor":12.0},{"not_picked":["Sword Boomerang","Searing Blow"],"picked":"Seeing Red","floor":13.0},{"not_picked":["Spot Weakness","Pommel Strike"],"picked":"Perfected Strike","floor":14.0},{"not_picked":["Heavy Blade","Armaments"],"picked":"Wild Strike","floor":18.0},{"not_picked":["Blood for Blood","Armaments"],"picked":"Offering","floor":21.0},{"not_picked":["Flex","Shrug It Off","Body Slam"],"picked":"SKIP","floor":22.0},{"not_picked":["Flex","Shrug It Off","Body Slam"],"picked":"SKIP","floor":22.0},{"not_picked":["Brutality","Sentinel"],"picked":"Uppercut","floor":24.0},{"not_picked":["Body Slam+1","Disarm"],"picked":"Headbutt+1","floor":27.0},{"not_picked":["True Grit","Anger+1","Inflame"],"picked":"SKIP","floor":28.0},{"not_picked":["Disarm","Juggernaut","Shrug It Off"],"picked":"SKIP","floor":29.0},{"not_picked":["Disarm","Juggernaut"],"picked":"Shrug It Off","floor":29.0},{"not_picked":["Headbutt+1","Spot Weakness","Sword Boomerang+1"],"picked":"SKIP","floor":30},{"not_picked":["Clash+1","Sword Boomerang+1"],"picked":"Wild Strike+1","floor":31},{"not_picked":["Berserk","Barricade"],"picked":"Impervious","floor":33},{"not_picked":["Thunderclap+1","Twin Strike+1"],"picked":"Pommel Strike+1","floor":35}],"player_experience":358369,"relics_obtained":[{"floor":8.0,"key":"Kunai"},{"floor":9.0,"key":"Ornamental Fan"},{"floor":13.0,"key":"Sundial"},{"floor":20.0,"key":"Red Mask"},{"floor":24.0,"key":"Pantograph"},{"floor":26.0,"key":"Molten Egg 2"},{"floor":29.0,"key":"Mango"}],"event_choices":[{"cards_removed":["Defend_R"],"damage_healed":0.0,"max_hp_gain":0.0,"max_hp_loss":0.0,"gold_gain":0.0,"event_name":"The Cleric","player_choice":"Card Removal","floor":2.0,"gold_loss":50.0,"damage_taken":0.0},{"damage_healed":0.0,"max_hp_gain":0.0,"max_hp_loss":0.0,"gold_gain":0.0,"event_name":"Accursed Blacksmith","player_choice":"Forge","floor":5.0,"gold_loss":0.0,"damage_taken":0.0,"cards_upgraded":["Perfected Strike"]},{"damage_healed":0.0,"max_hp_gain":0.0,"max_hp_loss":0.0,"gold_gain":0.0,"event_name":"Masked Bandits","player_choice":"Fought Bandits","floor":20.0,"gold_loss":0.0,"damage_taken":0.0}],"is_beta":false,"boss_relics":[{"not_picked":["Empty Cage","Tiny House"],"picked":"Velvet Choker"},{"not_picked":["Astrolabe","Runic Dome"],"picked":"Runic Pyramid"}],"items_purged_floors":[],"is_endless":false,"potions_floor_spawned":[3,4,11,12,18,20,22,28,31,35],"killed_by":"3 Darklings","ascension_level":12}}