{"host":"uwh382mre4waz4ff","time":1608871663,"event":{"mods":["AchievementEnabler","BaseMod","Better Note","Better Third Choice","BetterRewards","Downfall","Minty Spire (QoL Compilation)","StSLib"],"gold_per_floor":[99,115,115,130,40,56,56,67,67,93,106,106,140,154,174,277,277,202,216,226,241,241,273,299,314,348,362,287,287,70,90,106,203,203,203,218,235,252,252,252,301,301,226,226,239,254,254,189,208,208],"floor_reached":51,"playtime":7122,"items_purged":["Guardian:Strike_Guardian","Guardian:Defend_Guardian","Guardian:Strike_Guardian"],"score":780,"play_id":"a700170f-9ccc-4127-907e-a2e79222d4ad","local_time":"20201225124743","is_ascension_mode":false,"campfire_choices":[{"data":"Guardian:TwinSlam","floor":1,"key":"SMITH"},{"data":"Guardian:EvasiveProtocol","floor":9,"key":"SMITH"},{"data":"Guardian:CurlUp","floor":12,"key":"SMITH"},{"data":"Guardian:SpikerProtocol","floor":18,"key":"SMITH"},{"data":"Guardian:ShieldSpikes","floor":28,"key":"SMITH"},{"data":"Guardian:SpikerProtocol","floor":35,"key":"SMITH"},{"data":"Guardian:ArmoredProtocol","floor":40,"key":"SMITH"},{"floor":42,"key":"RECALL"},{"data":"Guardian:Harden","floor":43,"key":"SMITH"},{"data":"Guardian:PrismaticBeam","floor":44,"key":"SMITH"}],"circlet_count":0,"master_deck":["Guardian:Strike_Guardian","Guardian:Defend_Guardian","Guardian:Defend_Guardian","Guardian:CurlUp+1","Guardian:TwinSlam+1","Guardian:BronzeOrb","Guardian:EvasiveProtocol+1","Guardian:SpikerProtocol+1","Guardian:ShieldSpikes+1","Guardian:PrismaticBeam+1","Guardian:RevengeProtocol","Guardian:SpikerProtocol+1","Guardian:Harden+1","Guardian:Suspension+1","Guardian:TimeSifter"],"relics":["Guardian:ModeShifter","Happy Flower","Kunai","Dream Catcher","Runic Dome","downfall:HeartBlessingGreen","Smiling Mask","WingedGreaves","downfall:HeartBlessingBlue","Sozu","Oddly Smooth Stone","downfall:HeartBlessingRed"],"acts_visited":["Exordium","TheCity","TheBeyond"],"potions_floor_usage":[8,13,23,23,33,33,50],"damage_taken":[{"damage":2,"enemies":"2 Louse","floor":2,"turns":3},{"damage":0,"enemies":"Cultist","floor":4,"turns":3},{"damage":0,"enemies":"downfall:FleeingMerchant","floor":5,"turns":4},{"damage":0,"enemies":"Small Slimes","floor":6,"turns":3},{"damage":5,"enemies":"Exordium Thugs","floor":8,"turns":4},{"damage":0,"enemies":"Lagavulin","floor":10,"turns":9},{"damage":0,"enemies":"Large Slime","floor":11,"turns":7},{"damage":2,"enemies":"3 Sentries","floor":13,"turns":11},{"damage":0,"enemies":"Red Slaver","floor":14,"turns":3},{"damage":0,"enemies":"2 Fungi Beasts","floor":15,"turns":3},{"damage":14,"enemies":"downfall:Silent","floor":16,"turns":12},{"damage":0,"enemies":"Spheric Guardian","floor":19,"turns":4},{"damage":0,"enemies":"Centurion and Healer","floor":20,"turns":14},{"damage":5,"enemies":"Cultist and Chosen","floor":21,"turns":8},{"damage":0,"enemies":"Slavers","floor":23,"turns":8},{"damage":0,"enemies":"Snake Plant","floor":25,"turns":3},{"damage":35,"enemies":"Gremlin Leader","floor":26,"turns":9},{"damage":15,"enemies":"Chosen and Byrds","floor":27,"turns":6},{"damage":7,"enemies":"downfall:FleeingMerchant","floor":30,"turns":4},{"damage":0,"enemies":"Cultist and Chosen","floor":31,"turns":6},{"damage":12,"enemies":"3 Cultists","floor":32,"turns":5},{"damage":24,"enemies":"downfall:Ironclad","floor":33,"turns":10},{"damage":14,"enemies":"3 Darklings","floor":36,"turns":4},{"damage":19,"enemies":"Orb Walker","floor":37,"turns":4},{"damage":17,"enemies":"3 Darklings","floor":38,"turns":6},{"damage":0,"enemies":"Sphere and 2 Shapes","floor":45,"turns":5},{"damage":3,"enemies":"Transient","floor":46,"turns":5},{"damage":0,"enemies":"downfall:FleeingMerchant","floor":48,"turns":4},{"damage":2,"enemies":"Jaw Worm Horde","floor":49,"turns":4},{"damage":0,"enemies":"downfall:Defect","floor":50,"turns":9}],"seed_played":"-6524179467702031734","potions_obtained":[{"floor":4,"key":"ColorlessPotion"},{"floor":6,"key":"LiquidMemories"},{"floor":11,"key":"Fire Potion"},{"floor":14,"key":"ColorlessPotion"},{"floor":16,"key":"sneckomod:MuddlingPotion"},{"floor":20,"key":"Guardian:AcceleratePotion"},{"floor":21,"key":"Block Potion"},{"floor":23,"key":"Fruit Juice"},{"floor":32,"key":"Guardian:StasisDiscoveryPotion"},{"floor":33,"key":"DistilledChaos"}],"is_trial":false,"path_per_floor":["R","M","?","M","$","M","T","M","R","E","M","R","E","M","M","B",null,"R","M","M","M","?","E","T","M","E","M","R","?","$","M","M","B",null,"R","M","M","M","?","R","T","R","R","R","M","M","?","$","M","B",null],"character_chosen":"GUARDIAN","items_purchased":["Guardian:SpikerProtocol","Guardian:Harden"],"campfire_rested":0,"item_purchase_floors":[30,30],"current_hp_per_floor":[88,86,86,86,86,86,86,81,81,81,81,81,79,79,79,65,88,88,88,88,83,83,88,88,88,53,38,48,48,41,41,29,5,103,103,89,70,53,43,43,43,43,43,43,43,40,40,40,38,38],"gold":208,"neow_bonus":"TEN_PERCENT_HP_BONUS","is_daily":false,"chose_seed":false,"campfire_upgraded":9,"win_rate":0.0,"timestamp":1608871663,"path_taken":["R","M","?","M","$","M","T","?","R","E","M","R","E","M","M","BOSS","R","M","M","M","?","E","T","M","E","?","R","?","$","?","M","BOSS","R","M","M","M","?","R","T","R","R","R","M","M","?","$","M","BOSS"],"items_purchased_type":["Card","Card"],"build_version":"2020-12-22","purchased_purges":3,"victory":true,"max_hp_per_floor":[88,88,88,88,88,88,88,88,88,88,88,88,88,88,88,88,88,88,88,88,88,88,93,93,93,93,93,103,103,103,103,103,103,103,103,103,103,103,103,103,103,103,103,103,103,103,103,103,103,103],"card_choices":[{"not_picked":["Guardian:PrimingBeam","Guardian:Gem_Lightblue"],"picked":"Guardian:BronzeOrb","floor":2},{"not_picked":["Guardian:ChargeCore","Guardian:TemporalShield","Guardian:Reroute"],"picked":"SKIP","floor":4},{"not_picked":["Guardian:ShieldCharger","Guardian:ShieldSpikes"],"picked":"Guardian:EvasiveProtocol","floor":5},{"not_picked":["Guardian:Incinerate","Guardian:SentryBeam","Guardian:RollAttack"],"picked":"SKIP","floor":6},{"not_picked":["Guardian:Gem_Green","Guardian:AncientConstruct","Guardian:ShieldCharger"],"picked":"SKIP","floor":8},{"not_picked":["Guardian:Gem_Crimson","Guardian:Emergency","Guardian:WalkerClaw"],"picked":"SKIP","floor":10},{"not_picked":["Guardian:Planning","Guardian:VentSteam"],"picked":"Guardian:Gem_Blue","floor":11},{"not_picked":["Guardian:PrimingBeam","Guardian:Suspension","Guardian:WalkerClaw"],"picked":"SKIP","floor":13},{"not_picked":["Guardian:Suspension","Guardian:Gem_Red"],"picked":"Guardian:SpikerProtocol","floor":14},{"not_picked":["Guardian:Suspension","Guardian:Reroute","Guardian:PiercingHide"],"picked":"SKIP","floor":15},{"not_picked":["Guardian:AncientConstruct","Guardian:HyperBeam_Guardian"],"picked":"Guardian:Gem_Synthetic","floor":16},{"not_picked":["Guardian:Incinerate+1","Guardian:TemporalShield","Guardian:Planning"],"picked":"SKIP","floor":19},{"not_picked":["Guardian:Recover","Guardian:PiercingHide","Guardian:WalkerClaw+1"],"picked":"SKIP","floor":20},{"not_picked":["Guardian:PrismaticBarrier","Guardian:PolyBeam"],"picked":"Guardian:ShieldSpikes","floor":21},{"not_picked":["Guardian:Planning","Guardian:TemporalShield+1"],"picked":"Guardian:PrismaticBeam","floor":23},{"not_picked":["Guardian:Planning","Guardian:PiercingHide+1"],"picked":"Guardian:Gem_Lightblue","floor":25},{"not_picked":["Guardian:Suspension","Guardian:Gem_Cyan"],"picked":"Guardian:RevengeProtocol","floor":26},{"not_picked":["Guardian:ChargeUp","Guardian:TemporalStrike"],"picked":"Guardian:Gem_Red","floor":27},{"not_picked":["Guardian:PrimingBeam","Guardian:WalkerClaw","Guardian:ShieldCharger"],"picked":"SKIP","floor":30},{"not_picked":["Guardian:ShieldCharger","Guardian:Gem_Lightblue"],"picked":"Guardian:Gem_Crimson","floor":31},{"not_picked":["Guardian:Incinerate","Guardian:FastForward"],"picked":"Guardian:ArmoredProtocol","floor":32},{"not_picked":["Guardian:BaubleBeam","Guardian:StasisStrike"],"picked":"Guardian:Gem_Orange","floor":33},{"not_picked":["Guardian:Gem_Lightblue","Guardian:Planning+1","Guardian:ChargeUp+1"],"picked":"SKIP","floor":36},{"not_picked":["Guardian:BronzeArmor+1","Guardian:FloatingOrbs"],"picked":"Guardian:Suspension+1","floor":37},{"not_picked":["Guardian:Incinerate+1","Guardian:CrystalBeam","Guardian:PiercingHide+1"],"picked":"SKIP","floor":38},{"not_picked":["Guardian:RollAttack+1","Guardian:CrystalBeam","Guardian:ShieldCharger+1"],"picked":"SKIP","floor":45},{"not_picked":["Guardian:ArmoredProtocol","Guardian:RollAttack"],"picked":"Guardian:TimeSifter","floor":46},{"not_picked":["Guardian:StasisStrike","Guardian:ChargeCore+1","Guardian:Emergency"],"picked":"SKIP","floor":48},{"not_picked":["Guardian:RefractedBeam+1","Guardian:ShieldCharger","Guardian:Incinerate"],"picked":"SKIP","floor":49}],"player_experience":57745,"relics_obtained":[{"floor":7,"key":"Happy Flower"},{"floor":10,"key":"Kunai"},{"floor":13,"key":"Dream Catcher"},{"floor":23,"key":"Smiling Mask"},{"floor":26,"key":"WingedGreaves"},{"floor":41,"key":"Oddly Smooth Stone"}],"event_choices":[{"cards_removed":["Guardian:Strike_Guardian"],"damage_healed":0,"gold_gain":0,"player_choice":"Purged","damage_taken":0,"max_hp_gain":0,"max_hp_loss":0,"event_name":"Purifier","floor":3,"gold_loss":0},{"cards_removed":["Guardian:Defend_Guardian"],"damage_healed":0,"gold_gain":0,"player_choice":"Give","damage_taken":0,"max_hp_gain":0,"max_hp_loss":0,"event_name":"betterNote:BetterNote","floor":22,"gold_loss":0,"cards_obtained":["Doubt"]},{"cards_removed":["Guardian:Defend_Guardian"],"damage_healed":0,"gold_gain":0,"player_choice":"Purged","damage_taken":0,"max_hp_gain":0,"max_hp_loss":0,"event_name":"Purifier","floor":29,"gold_loss":0},{"cards_removed":["Guardian:ArmoredProtocol"],"damage_healed":0,"gold_gain":0,"player_choice":"Removed Power","damage_taken":0,"max_hp_gain":0,"max_hp_loss":0,"event_name":"Falling","floor":47,"gold_loss":0}],"is_beta":false,"boss_relics":[{"not_picked":["Snecko Eye","Astrolabe"],"picked":"Runic Dome"},{"not_picked":["Tiny House","Guardian:ModeShifterPlus"],"picked":"Sozu"}],"items_purged_floors":[5,30,48],"is_endless":false,"potions_floor_spawned":[4,6,11,14,16,20,21,23,32,33,36,38,46],"ascension_level":0}}