{"host":"rmsq46plbpwfbxcc","time":1608906158,"event":{"mods":["AchievementEnabler","BaseMod","Colored Map","DeckTracker","Minty Spire (QoL Compilation)","Permanent Neow","SuperFastMode"],"gold_per_floor":[111,122,47,47,65,65,98,109,109,109,148,171,171,96,96,96,96],"floor_reached":16,"playtime":453,"items_purged":["Injury"],"score":204,"play_id":"c1a682ff-1adb-4382-a3c9-1283d8001e00","local_time":"20201225232238","is_ascension_mode":true,"campfire_choices":[{"data":"Neutralize","floor":6,"key":"SMITH"},{"floor":13,"key":"REST"},{"data":"Blade Dance","floor":15,"key":"SMITH"}],"circlet_count":0,"master_deck":["AscendersBane","Strike_G","Strike_G","Strike_G","Strike_G","Defend_G","Defend_G","Defend_G","Defend_G","Defend_G","Survivor","Neutralize+1","Backstab","Blade Dance+1","Backflip","Bullet Time"],"relics":["Black Star","White Beast Statue","Bottled Flame","Gambling Chip","Bottled Lightning","Golden Idol","InkBottle","FossilizedHelix"],"acts_visited":["Exordium"],"potions_floor_usage":[5,7,11,11],"damage_taken":[{"damage":4,"enemies":"Jaw Worm","floor":1,"turns":6},{"damage":0,"enemies":"2 Louse","floor":2,"turns":3},{"damage":4,"enemies":"Small Slimes","floor":5,"turns":6},{"damage":15,"enemies":"Lagavulin","floor":7,"turns":9},{"damage":0,"enemies":"Blue Slaver","floor":8,"turns":4},{"damage":5,"enemies":"Gremlin Nob","floor":11,"turns":3},{"damage":16,"enemies":"Exordium Thugs","floor":12,"turns":6},{"damage":6,"enemies":"The Guardian","floor":16,"turns":8}],"seed_played":"1580073021796233508","potions_obtained":[{"floor":1,"key":"Regen Potion"},{"floor":5,"key":"ColorlessPotion"},{"floor":7,"key":"Strength Potion"},{"floor":8,"key":"AttackPotion"},{"floor":11,"key":"LiquidBronze"},{"floor":12,"key":"FearPotion"}],"is_trial":false,"path_per_floor":["M","M","?","?","M","R","E","M","T","?","E","M","R","$","R","B"],"character_chosen":"THE_SILENT","items_purchased":[],"campfire_rested":1,"item_purchase_floors":[],"current_hp_per_floor":[55,55,55,29,40,40,25,25,25,25,20,4,23,23,23,17,17],"gold":96,"neow_bonus":"BOSS_RELIC","is_daily":false,"chose_seed":false,"campfire_upgraded":2,"win_rate":0.0,"timestamp":1608906158,"path_taken":["M","M","?","?","M","R","E","M","T","?","E","M","R","?","R","BOSS"],"items_purchased_type":[],"build_version":"2020-12-22","purchased_purges":1,"victory":false,"max_hp_per_floor":[66,66,66,66,66,66,66,66,66,66,66,66,66,66,66,66,66],"card_choices":[{"not_picked":["Distraction","Flechettes"],"picked":"Backstab","floor":1},{"not_picked":["Prepared","Deadly Poison","Deflect"],"picked":"SKIP","floor":2},{"not_picked":["Deflect","Sucker Punch"],"picked":"Blade Dance","floor":5},{"not_picked":["Quick Slash","Predator","Infinite Blades"],"picked":"SKIP","floor":7},{"not_picked":["Backstab","Skewer"],"picked":"Backflip","floor":8},{"not_picked":["Storm of Steel","Blade Dance"],"picked":"Bullet Time","floor":11},{"not_picked":["Bane","Slice","Concentrate"],"picked":"SKIP","floor":12}],"player_experience":1376807,"relics_obtained":[{"floor":7,"key":"Bottled Flame"},{"floor":7,"key":"Gambling Chip"},{"floor":9,"key":"Bottled Lightning"},{"floor":11,"key":"InkBottle"},{"floor":11,"key":"FossilizedHelix"}],"event_choices":[{"cards_removed":["Strike_G"],"damage_healed":0,"gold_gain":0,"player_choice":"Card Removal","damage_taken":0,"max_hp_gain":0,"max_hp_loss":0,"event_name":"The Cleric","floor":3,"gold_loss":75},{"damage_healed":0,"gold_gain":0,"player_choice":"Success","damage_taken":26,"relics_obtained":["White Beast Statue"],"max_hp_gain":0,"max_hp_loss":0,"event_name":"Scrap Ooze","floor":4,"gold_loss":0},{"damage_healed":0,"gold_gain":0,"player_choice":"Take Wound","damage_taken":0,"relics_obtained":["Golden Idol"],"max_hp_gain":0,"max_hp_loss":0,"event_name":"Golden Idol","floor":10,"gold_loss":0,"cards_obtained":["Injury"]}],"is_beta":false,"boss_relics":[],"items_purged_floors":[14],"is_endless":false,"potions_floor_spawned":[1,5,7,8,11,12],"killed_by":"The Guardian","ascension_level":17}}