{"host":"lh9qfzqeqctr28d2","time":1608883111,"event":{"mods":["BaseMod","Decade(王小明)","Luminous","Minty Spire (QoL Compilation)","Quick Restart","Reimu（博丽灵梦）","Relic Stats","Remilia（蕾米莉亚）","StSLib"],"gold_per_floor":[112,187,212,222,237,237,237],"floor_reached":6,"playtime":3168,"items_purged":[],"score":36,"play_id":"83f90fb4-9613-45bb-8b2c-df0c2bd867e0","local_time":"20201225155831","is_ascension_mode":false,"campfire_choices":[],"circlet_count":0,"master_deck":["Strike_RM","Strike_RM","Strike_RM","Strike_RM","Defend_RM","Defend_RM","Defend_RM","Defend_RM","RedMoon","ScarletShoot","ScarletImprint","EndlessAdversity","LeisurelyOfLord"],"relics":["ScarletHat","Tiny Chest","Pen Nib"],"acts_visited":["Exordium"],"potions_floor_usage":[],"damage_taken":[{"damage":0.0,"enemies":"2 Louse","floor":1.0,"turns":2.0},{"damage":0.0,"enemies":"Jaw Worm","floor":4.0,"turns":4.0},{"damage":0,"enemies":"Small Slimes","floor":5,"turns":4},{"damage":0,"enemies":"3 Sentries","floor":6,"turns":1}],"seed_played":"-4974179665618508873","potions_obtained":[{"floor":4.0,"key":"BlessingOfTheForge"}],"is_trial":false,"path_per_floor":["M","?","T","M","M","E"],"character_chosen":"REMILIA","items_purchased":[],"campfire_rested":0,"item_purchase_floors":[],"current_hp_per_floor":[75,64,64,64,66,66,66],"gold":237,"neow_bonus":"RANDOM_COMMON_RELIC","is_daily":false,"chose_seed":false,"campfire_upgraded":0,"win_rate":0.0,"timestamp":1608883111,"path_taken":["M","?","?","?","M","E"],"items_purchased_type":[],"build_version":"2020-12-22","purchased_purges":0,"victory":false,"max_hp_per_floor":[75,75,75,75,75,75,75],"relic_stats":{"counters":[4,11],"Tiny Chest":0,"Pen Nib":[1],"obtain_stats":[{"Tiny Chest":0,"Pen Nib":3,"ScarletHat":0},{"Tiny Chest":0,"Pen Nib":1,"ScarletHat":0},{"Tiny Chest":0,"Pen Nib":2,"ScarletHat":0}]},"card_choices":[{"not_picked":["RedRainbow","TwelveNightmare"],"picked":"ScarletImprint","floor":1.0},{"not_picked":["Maim","CharismaGuard"],"picked":"EndlessAdversity","floor":4.0},{"not_picked":["RedRainbow","EndlessAdversity"],"picked":"LeisurelyOfLord","floor":5}],"player_experience":365992,"relics_obtained":[{"floor":3.0,"key":"Pen Nib"}],"event_choices":[{"damage_healed":0.0,"max_hp_gain":0.0,"max_hp_loss":0.0,"gold_gain":75.0,"event_name":"World of Goop","player_choice":"Gather Gold","floor":2.0,"gold_loss":0.0,"damage_taken":11.0}],"is_beta":false,"boss_relics":[],"items_purged_floors":[],"is_endless":false,"potions_floor_spawned":[4],"killed_by":"3 Sentries","ascension_level":0}}