{"host":"w31as9kcl9qjbzmo","time":1608920355,"event":{"mods":["BaseMod","Friendly Minions","Lobotomy","Minty Spire (QoL Compilation)","StSLib"],"gold_per_floor":[118,132,57,57,6,37,37,37,60,60,14,14,39,53,53,181,181,195,215,233,233,233,276,276,276,276,301,301,339,41,54,54,54,54],"floor_reached":33,"playtime":1956,"items_purged":["Defend_P"],"score":306,"play_id":"d8d5bdc5-3d65-4a47-abe8-268e02924789","local_time":"20201226031915","is_ascension_mode":false,"campfire_choices":[{"floor":8,"key":"REST"},{"floor":10,"key":"REST"},{"data":"Eruption","floor":15,"key":"SMITH"},{"data":"Scrawl","floor":24,"key":"SMITH"},{"data":"Scrawl","floor":28,"key":"SMITH"},{"data":"ForeignInfluence","floor":32,"key":"SMITH"}],"circlet_count":0,"master_deck":["Strike_P","Strike_P","Strike_P","Defend_P","Defend_P","Defend_P","Eruption+1","Vigilance+1","Scorched","Prostrate","BlueStar","FollowUp","Evaluate+1","UniverseFragment","Perseverance","EmptyBody","DreamingCurrent","TalkToTheHand","WallGazer","Scrawl+1","LongBird","FollowUp","FieryBird","BowlingBash+1","ShyLook","Scrawl+1","ForeignInfluence+1","Murderer","BigBadWolf","Alriune","LittlePrince"],"relics":["PureWater","CogitoBucket","Golden Idol","War Paint","Boot","Ancient Tea Set","VioletLotus","AdjustmentMirror","Damaru","PreservedInsect","Orichalcum","Pantograph","Question Card","Torii","AspirationHeart"],"acts_visited":["Exordium","TheCity"],"potions_floor_usage":[29,31,31],"damage_taken":[{"damage":0,"enemies":"Small Slimes","floor":1,"turns":2},{"damage":0,"enemies":"2 Louse","floor":2,"turns":2},{"damage":32,"enemies":"Gremlin Nob","floor":6,"turns":4},{"damage":0,"enemies":"Cultist","floor":14,"turns":2},{"damage":41,"enemies":"The Guardian","floor":16,"turns":6},{"damage":17,"enemies":"Shell Parasite","floor":18,"turns":2},{"damage":9,"enemies":"Chosen","floor":19,"turns":3},{"damage":16,"enemies":"Shelled Parasite and Fungi","floor":20,"turns":3},{"damage":6,"enemies":"Slavers","floor":23,"turns":2},{"damage":2,"enemies":"3 Cultists","floor":27,"turns":2},{"damage":63,"enemies":"Book of Stabbing","floor":29,"turns":5},{"damage":1,"enemies":"Centurion and Healer","floor":31,"turns":3},{"damage":133,"enemies":"Champ","floor":33,"turns":10}],"seed_played":"-3560572348599523155","potions_obtained":[{"floor":2,"key":"BottledMiracle"},{"floor":19,"key":"FearPotion"},{"floor":20,"key":"StancePotion"},{"floor":29,"key":"SkillPotion"}],"is_trial":false,"path_per_floor":["M","M","$","?","$","E","?","R","T","R","$","?","T","M","R","B",null,"M","M","M","$","?","E","R","T","T","M","R","E","$","M","R","B"],"character_chosen":"WATCHER","items_purchased":["Evaluate","EmptyBody","Torii"],"campfire_rested":2,"item_purchase_floors":[5,11,30],"current_hp_per_floor":[72,72,72,54,54,22,15,36,36,57,57,62,62,62,62,51,77,66,75,62,62,62,62,62,62,62,66,66,33,33,60,60,0,0],"gold":54,"neow_bonus":"","is_daily":false,"chose_seed":false,"campfire_upgraded":4,"win_rate":0.0,"timestamp":1608920355,"path_taken":["M","M","$","?","$","E","?","R","T","R","$","?","?","M","R","BOSS","M","?","M","?","?","E","R","?","T","M","R","E","$","M","R","BOSS"],"items_purchased_type":["Card","Card","Relic"],"build_version":"2020-12-22","purchased_purges":1,"victory":false,"max_hp_per_floor":[72,72,72,72,72,72,72,72,72,72,72,77,77,77,77,77,77,77,77,77,77,77,77,77,77,77,77,77,77,77,87,87,87,87],"card_choices":[{"not_picked":["MHz","MeatLantern"],"picked":"Scorched","floor":1},{"not_picked":["Protect","SashWhip"],"picked":"Prostrate","floor":1},{"not_picked":["MeatLantern","UniverseFragment"],"picked":"BlueStar","floor":2},{"not_picked":["BowlingBash","ThirdEye"],"picked":"FollowUp","floor":2},{"not_picked":["BlackArmy","MHz"],"picked":"UniverseFragment","floor":6},{"not_picked":["Indignation","CarveReality"],"picked":"Perseverance","floor":6},{"not_picked":["MeatLantern","QueenBee"],"picked":"DreamingCurrent","floor":14},{"not_picked":["PathToVictory","Crescendo"],"picked":"TalkToTheHand","floor":14},{"not_picked":["OSAHOGD","MHz"],"picked":"WallGazer","floor":16},{"not_picked":["Judgement","ConjureBlade"],"picked":"Scrawl","floor":16},{"not_picked":["CrumblingArmor","Murderer"],"picked":"LongBird","floor":18},{"not_picked":["JustLucky","Halt"],"picked":"FollowUp","floor":18},{"not_picked":["CherryBlossoms","Alriune"],"picked":"FieryBird","floor":19},{"not_picked":["Crescendo","PathToVictory"],"picked":"BowlingBash+1","floor":19},{"not_picked":["FairyFestival","MeatLantern"],"picked":"ShyLook","floor":20},{"not_picked":["SignatureMove","ClearTheMind"],"picked":"Scrawl","floor":20},{"not_picked":["DeceiveReality+1","FollowUp"],"picked":"ForeignInfluence","floor":23},{"not_picked":["FairyFestival","MHz"],"picked":"Murderer","floor":23},{"not_picked":["PunishingBird","LaLuna"],"picked":"BigBadWolf","floor":27},{"not_picked":["Tantrum","Collect","BowlingBash+1"],"picked":"SKIP","floor":27},{"not_picked":["Laetitia","Bloodbath"],"picked":"Alriune","floor":29},{"not_picked":["Halt","Fasting2","WreathOfFlame"],"picked":"SKIP","floor":29},{"not_picked":["BlackArmy","Wellcheers"],"picked":"LittlePrince","floor":31},{"not_picked":["Conclude","CutThroughFate+1","Meditate","Indignation"],"picked":"SKIP","floor":31},{"not_picked":["Conclude","CutThroughFate+1","Meditate","Indignation"],"picked":"SKIP","floor":31}],"player_experience":326256,"relics_obtained":[{"floor":6,"key":"War Paint"},{"floor":9,"key":"Boot"},{"floor":13,"key":"Ancient Tea Set"},{"floor":23,"key":"PreservedInsect"},{"floor":25,"key":"Orichalcum"},{"floor":26,"key":"Pantograph"},{"floor":29,"key":"Question Card"}],"event_choices":[{"damage_healed":0,"gold_gain":0,"player_choice":"Take Damage","damage_taken":18,"relics_obtained":["Golden Idol"],"max_hp_gain":0,"max_hp_loss":0,"event_name":"Golden Idol","floor":4,"gold_loss":0},{"cards_removed":["Strike_P"],"damage_healed":0,"gold_gain":0,"player_choice":"Card Removal","damage_taken":7,"max_hp_gain":0,"max_hp_loss":0,"event_name":"Golden Wing","floor":7,"gold_loss":0},{"damage_healed":0,"gold_gain":0,"player_choice":"Donut","damage_taken":0,"max_hp_gain":5,"max_hp_loss":0,"event_name":"Big Fish","floor":12,"gold_loss":0},{"damage_healed":0,"gold_gain":0,"player_choice":"Opened","damage_taken":0,"relics_obtained":["Damaru"],"max_hp_gain":0,"max_hp_loss":0,"event_name":"The Mausoleum","floor":22,"gold_loss":0}],"is_beta":false,"boss_relics":[{"not_picked":["SacredBark","Velvet Choker"],"picked":"VioletLotus"}],"items_purged_floors":[3],"is_endless":false,"potions_floor_spawned":[2,19,20,29],"killed_by":"Champ","ascension_level":0}}