{"host":"oqyakm3e5m4kt4l3","time":1608934039,"event":{"mods":["2.2 Compatiblity","AchievementEnabler","BaseMod","Better Altar","Better Match","Better Note","Better Sensory Stone","Better Skull","Better Third Choice","BetterRewards","Colored Map","Colored Powertips","Minty Spire (QoL Compilation)","Permanent Neow","Quick Restart","Rare Cards Sparkle","Shop Mod","StSLib","Synergy Search"],"gold_per_floor":[114,129,129,144,159,189,204,204,204,234,184,214,214,214,214,214,214],"floor_reached":16,"playtime":1228,"items_purged":[],"score":270,"play_id":"c4704983-6d83-442a-8cd0-e0aeea3f4a25","local_time":"20201225170719","daily_mods":["Draft","Hoarder","Elite Swarm"],"is_ascension_mode":false,"campfire_choices":[{"data":"Seeing Red","floor":8,"key":"SMITH"},{"data":"Armaments","floor":15,"key":"SMITH"}],"circlet_count":0,"master_deck":["Havoc","Havoc","Havoc","Seeing Red+1","Seeing Red","Seeing Red","Flame Barrier","Flame Barrier","Flame Barrier","Iron Wave","Iron Wave","Iron Wave","Clothesline","Clothesline","Clothesline","Dual Wield","Dual Wield","Dual Wield","Cleave","Cleave","Cleave","Shrug It Off","Shrug It Off","Shrug It Off","Seeing Red","Seeing Red","Seeing Red","Armaments+1","Armaments","Armaments","Thunderclap","Thunderclap","Thunderclap","Dropkick","Dropkick","Dropkick","Havoc","Havoc","Havoc","Disarm","Disarm","Disarm","Clash","Clash","Clash","Sentinel","Sentinel","Sentinel","Entrench","Entrench","Shrug It Off","Shrug It Off","Shrug It Off","Exhume","Exhume","Exhume","Clash","Clash","Clash","Feed","Feed","Feed","Impervious","Impervious","Impervious","Burn","Burn","Burn","Regret","Regret","Regret"],"relics":["Burning Blood","Vajra","Pear","Potion Belt","InkBottle","Red Skull"],"acts_visited":["Exordium"],"potions_floor_usage":[10,10,12],"damage_taken":[{"damage":0,"enemies":"Small Slimes","floor":1,"turns":3},{"damage":0,"enemies":"Cultist","floor":2,"turns":2},{"damage":7,"enemies":"2 Louse","floor":4,"turns":2},{"damage":8,"enemies":"Large Slime","floor":5,"turns":9},{"damage":2,"enemies":"3 Sentries","floor":6,"turns":6},{"damage":10,"enemies":"Exordium Wildlife","floor":7,"turns":8},{"damage":68,"enemies":"Gremlin Nob","floor":10,"turns":5},{"damage":20,"enemies":"Lagavulin","floor":12,"turns":9},{"damage":31,"enemies":"Slime Boss","floor":16,"turns":9}],"seed_played":"-567031674859551473","potions_obtained":[{"floor":4,"key":"BloodPotion"},{"floor":5,"key":"FearPotion"},{"floor":10,"key":"Strength Potion"}],"is_trial":false,"path_per_floor":["M","M","?","M","M","E","M","R","T","E","?","E","?","?","R","B"],"character_chosen":"IRONCLAD","items_purchased":[],"campfire_rested":0,"item_purchase_floors":[],"current_hp_per_floor":[80,80,80,79,77,80,76,76,86,42,42,31,31,31,31,0,0],"gold":214,"neow_bonus":"","is_daily":true,"chose_seed":false,"campfire_upgraded":2,"win_rate":0.0,"timestamp":1608934039,"path_taken":["M","M","?","M","?","E","M","R","T","E","?","E","?","?","R","BOSS"],"items_purchased_type":[],"build_version":"2020-12-22","purchased_purges":0,"victory":false,"max_hp_per_floor":[80,80,80,80,80,80,80,80,90,90,90,93,93,93,93,93,93],"card_choices":[{"not_picked":["Iron Wave","Warcry"],"picked":"Havoc","floor":0},{"not_picked":["Reckless Charge","Pommel Strike"],"picked":"Seeing Red","floor":0},{"not_picked":["Searing Blow","Thunderclap"],"picked":"Flame Barrier","floor":0},{"not_picked":["Sentinel","Heavy Blade"],"picked":"Iron Wave","floor":0},{"not_picked":["Heavy Blade","Bloodletting"],"picked":"Clothesline","floor":0},{"not_picked":["Heavy Blade","Cleave"],"picked":"Dual Wield","floor":0},{"not_picked":["Heavy Blade","Clash"],"picked":"Cleave","floor":0},{"not_picked":["Power Through","Flex"],"picked":"Shrug It Off","floor":0},{"not_picked":["Heavy Blade","Combust"],"picked":"Seeing Red","floor":0},{"not_picked":["Clash","Sword Boomerang"],"picked":"Armaments","floor":0},{"not_picked":["Seeing Red","Perfected Strike"],"picked":"Thunderclap","floor":0},{"not_picked":["Wild Strike","Dual Wield"],"picked":"Dropkick","floor":0},{"not_picked":["Iron Wave","Cleave"],"picked":"Havoc","floor":0},{"not_picked":["Havoc","Body Slam"],"picked":"Disarm","floor":0},{"not_picked":["Armaments","Rupture"],"picked":"Clash","floor":0},{"not_picked":["Thunderclap","Combust"],"picked":"Sentinel","floor":1},{"not_picked":["Shrug It Off","Heavy Blade"],"picked":"Entrench","floor":2},{"not_picked":["Seeing Red","Heavy Blade"],"picked":"Shrug It Off","floor":4},{"not_picked":["Clothesline","Searing Blow","Heavy Blade"],"picked":"SKIP","floor":5},{"not_picked":["Impervious","Limit Break"],"picked":"Exhume","floor":6},{"not_picked":["Thunderclap","Wild Strike"],"picked":"Clash","floor":7},{"not_picked":["Limit Break","Reaper"],"picked":"Feed","floor":10},{"not_picked":["Limit Break","Brutality"],"picked":"Impervious","floor":12}],"player_experience":493860,"relics_obtained":[{"floor":6,"key":"Vajra"},{"floor":9,"key":"Pear"},{"floor":10,"key":"Potion Belt"},{"floor":12,"key":"InkBottle"}],"event_choices":[{"damage_healed":0,"gold_gain":0,"player_choice":"Bought 0 Potions","damage_taken":0,"max_hp_gain":0,"max_hp_loss":0,"event_name":"The Woman in Blue","floor":3,"gold_loss":0},{"cards_removed":["Entrench"],"damage_healed":0,"gold_gain":0,"player_choice":"Card Removal","damage_taken":0,"max_hp_gain":0,"max_hp_loss":0,"event_name":"The Cleric","floor":11,"gold_loss":50},{"damage_healed":31,"gold_gain":0,"player_choice":"Embrace Burn","damage_taken":0,"max_hp_gain":0,"max_hp_loss":93,"event_name":"betterThird:BetterShining","floor":13,"gold_loss":0},{"damage_healed":0,"gold_gain":0,"player_choice":"Box","damage_taken":0,"relics_obtained":["Red Skull"],"max_hp_gain":0,"max_hp_loss":0,"event_name":"Big Fish","floor":14,"gold_loss":0,"cards_obtained":["Regret"]}],"is_beta":false,"boss_relics":[],"items_purged_floors":[],"is_endless":false,"potions_floor_spawned":[4,5,10],"killed_by":"Slime Boss","ascension_level":0}}