{"host":"bbcqjedmotowk2e9","time":1608896337,"event":{"mods":["A Magickal Journey","AchievementEnabler","Aspiration","BaseMod","BetterRewards","Colored Powertips","Conspire","Energized Spire","GifTheSpireLib","Halation","Hubris","Hyrulean Relics","Minty Spire (QoL Compilation)","Permanent Neow","Quick Restart","Relic Stats","Replay The Spire","Spires And Sneckos","StSLib","Stuff the Spire","Synergy Search","The Disciple","vexMod"],"gold_per_floor":[118,118,135,146,173,203,203,235,289,300,316,347,347,347,347,452,452,469,480,480,395,198,198,54,87,111,59,59,84,84,44,44,149,199,219,219,219,231,231,265,265,290,315,315,315,329,43,75,75,75],"floor_reached":51,"playtime":2110,"items_purged":[],"score":1154,"play_id":"06ac390a-81c9-4811-99d3-3b0a366a0e50","local_time":"20201225143857","is_ascension_mode":true,"campfire_choices":[{"data":"Fasting2","floor":7,"key":"SMITH"},{"floor":13,"key":"REST"},{"data":"ClearTheMind","floor":15,"key":"SMITH"},{"data":"Tantrum","floor":23,"key":"SMITH"},{"data":"WindmillStrike","floor":28,"key":"SMITH"},{"data":"StuffTheSpire:Vigor","floor":30,"key":"SMITH"},{"floor":32,"key":"DIG"},{"data":"Eruption","floor":41,"key":"SMITH"},{"data":"LessonLearned","floor":44,"key":"SMITH"},{"data":"FlurryOfBlows","floor":49,"key":"SMITH"}],"circlet_count":0,"master_deck":["Strike_P","Strike_P","Strike_P+1","Strike_P","Defend_P+1","Defend_P","Defend_P","Eruption+1","Vigilance","Perseverance+1","FollowUp","Fasting2+1","Judgement+1","DeusExMachina","WindmillStrike+1","ClearTheMind+1","Parasite","LessonLearned+1","FlurryOfBlows+1","Tantrum+1","StuffTheSpire:Vigor+1","CrushJoints+1","FlurryOfBlows+1","FlyingSleeves+1","SandsOfTime+1","ForeignInfluence+1","FollowUp+1","Wallop+1"],"relics":["PureWater","NeowsBlessing","hubris:ToyBattleship","Juzu Bracelet","Anchor","Bronze Scales","Replay:Wax Seal","energizedSpire:CursedPentagram","hubris:BottledHeart","vexMod:InvisibilityCloak","Omamori","Molten Egg 2","Pen Nib","vexMod:FocusSash","hubris:SlimyHat","Tiny House","halation:RedSoulGem","Darkstone Periapt","Damaru","vexMod:BarristanHead","aspiration:StickyExplosives_weak","StuffTheSpire:GrapeVine"],"acts_visited":["Exordium","TheCity","TheBeyond"],"potions_floor_usage":[8,12,33,50],"damage_taken":[{"damage":0,"enemies":"2 Louse","floor":1,"turns":1},{"damage":0,"enemies":"Cultist","floor":3,"turns":1},{"damage":0,"enemies":"Jaw Worm","floor":4,"turns":1},{"damage":13,"enemies":"Lagavulin","floor":6,"turns":6},{"damage":21,"enemies":"3 Sentries","floor":8,"turns":6},{"damage":0,"enemies":"Large Slime","floor":10,"turns":4},{"damage":3,"enemies":"Looter","floor":11,"turns":3},{"damage":8,"enemies":"Lagavulin","floor":12,"turns":5},{"damage":25,"enemies":"The Guardian","floor":16,"turns":10},{"damage":16,"enemies":"Shell Parasite","floor":18,"turns":7},{"damage":6,"enemies":"3 Byrds","floor":19,"turns":4},{"damage":0,"enemies":"Replay:Snechameleon","floor":25,"turns":5},{"damage":0,"enemies":"conspire:SneckoGhost","floor":29,"turns":4},{"damage":0,"enemies":"conspire:MysteriousRune","floor":33,"turns":4},{"damage":0,"enemies":"3 Darklings","floor":35,"turns":4},{"damage":0,"enemies":"3 Shapes","floor":38,"turns":3},{"damage":0,"enemies":"Giant Head","floor":40,"turns":5},{"damage":0,"enemies":"Reptomancer","floor":42,"turns":3},{"damage":0,"enemies":"Jaw Worm Horde","floor":46,"turns":2},{"damage":48,"enemies":"Giant Head","floor":48,"turns":6},{"damage":0,"enemies":"Time Eater","floor":50,"turns":5}],"seed_played":"-356629672922409788","potions_obtained":[{"floor":1,"key":"Adrenaline Potion"},{"floor":4,"key":"Strength Potion"},{"floor":10,"key":"FairyPotion"},{"floor":11,"key":"PowerPotion"},{"floor":16,"key":"Cursed Concoction"},{"floor":25,"key":"Strength Potion"},{"floor":34,"key":"Regen Potion"}],"is_trial":false,"path_per_floor":["M","?","M","M","T","E","R","E","T","M","M","E","R","?","R","B",null,"M","M","?","?","?","R","$","E","T","$","R","E","R","?","R","B",null,"M","?","?","M","?","E","R","E","T","R","T","M","$","E","R","B",null],"character_chosen":"WATCHER","items_purchased":["Omamori","CrushJoints+1","aspiration:StickyExplosives_weak","Wallop+1"],"campfire_rested":1,"item_purchase_floors":[24,27,47,47],"current_hp_per_floor":[72,72,72,72,72,59,59,38,38,38,35,27,48,66,66,41,72,56,50,1,1,1,1,1,1,1,1,1,1,1,1,1,1,1,1,1,1,1,1,1,1,1,1,1,1,1,1,1,1,1],"gold":75,"neow_bonus":"THREE_ENEMY_KILL","is_daily":false,"chose_seed":false,"campfire_upgraded":8,"win_rate":0.0,"timestamp":1608896337,"path_taken":["M","?","M","?","?","E","R","E","T","M","M","E","R","?","R","BOSS","M","M","?","?","?","R","$","E","T","$","R","E","R","?","R","BOSS","M","?","?","M","?","E","R","E","T","R","?","M","$","E","R","BOSS"],"items_purchased_type":["Relic","Card","Relic","Card"],"build_version":"2020-12-22","purchased_purges":0,"victory":true,"max_hp_per_floor":[72,72,72,72,72,72,72,72,72,72,72,72,72,72,72,72,72,72,72,1,1,1,1,1,1,1,1,1,1,1,1,1,1,1,1,1,1,1,1,1,1,1,1,1,1,1,1,1,1,1],"relic_stats":{"Darkstone Periapt":0,"counters":[21,89],"Bronze Scales":[193],"Pen Nib":[11],"Juzu Bracelet":2,"obtain_stats":[{"Darkstone Periapt":40,"Tiny House":34,"NeowsBlessing":0,"Damaru":42,"Pen Nib":26,"Juzu Bracelet":6,"Omamori":24,"hubris:SlimyHat":32,"StuffTheSpire:GrapeVine":48,"vexMod:FocusSash":29,"aspiration:StickyExplosives_weak":47,"halation:RedSoulGem":37,"vexMod:InvisibilityCloak":21,"Anchor":8,"energizedSpire:CursedPentagram":17,"vexMod:BarristanHead":43,"hubris:BottledHeart":20,"Bronze Scales":9,"Molten Egg 2":25,"hubris:ToyBattleship":5,"PureWater":0,"Replay:Wax Seal":12},{"Darkstone Periapt":17,"Tiny House":14,"NeowsBlessing":0,"Damaru":18,"Pen Nib":12,"Juzu Bracelet":4,"Omamori":11,"hubris:SlimyHat":13,"StuffTheSpire:GrapeVine":20,"vexMod:FocusSash":13,"aspiration:StickyExplosives_weak":19,"halation:RedSoulGem":15,"vexMod:InvisibilityCloak":11,"Anchor":5,"energizedSpire:CursedPentagram":9,"vexMod:BarristanHead":18,"hubris:BottledHeart":11,"Bronze Scales":5,"Molten Egg 2":12,"hubris:ToyBattleship":3,"PureWater":0,"Replay:Wax Seal":8},{"Darkstone Periapt":73,"Tiny House":61,"NeowsBlessing":0,"Damaru":76,"Pen Nib":53,"Juzu Bracelet":9,"Omamori":48,"hubris:SlimyHat":57,"StuffTheSpire:GrapeVine":84,"vexMod:FocusSash":57,"aspiration:StickyExplosives_weak":78,"halation:RedSoulGem":65,"vexMod:InvisibilityCloak":48,"Anchor":15,"energizedSpire:CursedPentagram":37,"vexMod:BarristanHead":76,"hubris:BottledHeart":48,"Bronze Scales":15,"Molten Egg 2":53,"hubris:ToyBattleship":3,"PureWater":0,"Replay:Wax Seal":27}]},"card_choices":[{"not_picked":["Replay:BluntJabs","Vengeance"],"picked":"Perseverance","floor":1},{"not_picked":["LikeWater","Evaluate"],"picked":"FollowUp","floor":3},{"not_picked":["WaveOfTheHand","Prostrate"],"picked":"Fasting2","floor":4},{"not_picked":["ClearTheMind","JustLucky"],"picked":"Judgement","floor":6},{"not_picked":["Replay:ManipulateFuture","FlurryOfBlows"],"picked":"DeusExMachina","floor":8},{"not_picked":["PathToVictory","CutThroughFate"],"picked":"WindmillStrike","floor":10},{"not_picked":["TalkToTheHand","EmptyFist","Protect"],"picked":"SKIP","floor":11},{"not_picked":["Consecrate","TalkToTheHand"],"picked":"ClearTheMind","floor":12},{"not_picked":["Wish","Scrawl"],"picked":"LessonLearned","floor":16},{"not_picked":["FlyingSleeves","EmptyBody"],"picked":"FlurryOfBlows","floor":18},{"not_picked":["SashWhip","Consecrate"],"picked":"Tantrum","floor":19},{"not_picked":["Prostrate","Replay:ManipulateFuture+1","Consecrate+1"],"picked":"SKIP","floor":25},{"not_picked":["ClearTheMind","JustLucky+1"],"picked":"FlurryOfBlows+1","floor":29},{"not_picked":["Halt","Consecrate+1"],"picked":"FlyingSleeves+1","floor":34},{"not_picked":["JustLucky+1","Halt"],"picked":"SandsOfTime+1","floor":35},{"not_picked":["ReachHeaven+1","Fasting2"],"picked":"ForeignInfluence+1","floor":38},{"not_picked":["SashWhip+1","WindmillStrike+1","EmptyFist+1"],"picked":"SKIP","floor":40},{"not_picked":["PathToVictory+1","Prostrate+1"],"picked":"FollowUp+1","floor":42},{"not_picked":["WindmillStrike+1","Omniscience","EmptyBody"],"picked":"SKIP","floor":46},{"not_picked":["Prostrate+1","BattleHymn","Protect+1"],"picked":"SKIP","floor":48}],"player_experience":539720,"relics_obtained":[{"floor":5,"key":"hubris:ToyBattleship"},{"floor":6,"key":"Juzu Bracelet"},{"floor":8,"key":"Anchor"},{"floor":9,"key":"Bronze Scales"},{"floor":12,"key":"Replay:Wax Seal"},{"floor":25,"key":"Molten Egg 2"},{"floor":26,"key":"Pen Nib"},{"floor":29,"key":"vexMod:FocusSash"},{"floor":32,"key":"hubris:SlimyHat"},{"floor":40,"key":"Darkstone Periapt"},{"floor":42,"key":"Damaru"},{"floor":43,"key":"vexMod:BarristanHead"},{"floor":48,"key":"StuffTheSpire:GrapeVine"}],"event_choices":[{"cards_removed":["Defend_P"],"damage_healed":0,"gold_gain":0,"player_choice":"Purged","damage_taken":0,"max_hp_gain":0,"max_hp_loss":0,"event_name":"Purifier","floor":2,"gold_loss":0},{"damage_healed":18,"gold_gain":0,"player_choice":"Healed and dodged fight","damage_taken":0,"max_hp_gain":0,"max_hp_loss":0,"event_name":"Mushrooms","floor":14,"gold_loss":0,"cards_obtained":["Parasite"]},{"damage_healed":0,"gold_gain":0,"player_choice":"Obtained Relic","damage_taken":0,"relics_obtained":["vexMod:InvisibilityCloak"],"max_hp_gain":0,"max_hp_loss":0,"event_name":"Addict","floor":21,"gold_loss":85},{"damage_healed":0,"gold_gain":0,"player_choice":"Upgrade","damage_taken":0,"max_hp_gain":0,"max_hp_loss":0,"event_name":"Designer","floor":31,"gold_loss":40,"cards_upgraded":["Perseverance"]},{"damage_healed":0,"gold_gain":0,"player_choice":"Memory 1","damage_taken":0,"max_hp_gain":0,"max_hp_loss":0,"event_name":"SensoryStone","floor":39,"gold_loss":0}],"is_beta":false,"boss_relics":[{"not_picked":["hubris:BlackHole","aspiration:FutureDiary"],"picked":"energizedSpire:CursedPentagram"},{"not_picked":["hubris:CrackedHourglass","hubris:GrandSneckoEye"],"picked":"Tiny House"}],"items_purged_floors":[],"is_endless":false,"potions_floor_spawned":[1,4,10,11,16,19,25,35,46],"ascension_level":3}}