{"host":"g32tw2paqnn22odm","time":1608885239,"event":{"mods":["AchievementEnabler","Act Like it!","BaseMod","Colored Map","Conspire","Hubris","Infinite Spire","Marisa£®ÏF”Í°°ƒß¿Ì…≥£©","Minty Spire (QoL Compilation)","Pale of the Ancients","Remilia£®¿Ÿ√◊¿Ú—«£©","Replay The Spire","StSLib","Td1madao Mod","The Cursed","The Jungle","The Servant 0.9.4","vexMod"],"gold_per_floor":[119,93,93,18,33,65,65,100,100,134,146,176,176,188,188,284,284,304,219,219,234,244,279,279,279,279],"floor_reached":25,"playtime":1531,"items_purged":["Defend_R"],"score":404,"play_id":"c4d816ff-e6f0-4282-9db8-85c53dea6e34","local_time":"20201225163359","is_ascension_mode":true,"campfire_choices":[{"data":"Armaments","floor":7,"key":"SMITH"},{"data":"Body Slam","floor":15,"key":"SMITH"},{"data":"Barricade","floor":24,"key":"SMITH"}],"circlet_count":0,"master_deck":["Strike_R","Strike_R","Strike_R","Strike_R","Defend_R","Defend_R","Defend_R","Bash","Run Through","Armaments+1","Carnage+1","Cleave","Barricade+1","Pommel Strike","Clash","Body Slam+1","Corruption","CurseOfTheBell","Entrench","Warcry+1"],"relics":["Burning Blood","NeowsBlessing","HornCleat","infinitespire:Lucky Rock","vexMod:PlasmaPancake","Centennial Puzzle","Ginger","Pet Ghost","Calling Bell","Gremlin Food","Gremlin Horn","Torii","Replay:Bottled Steam","infinitespire:PuzzleCube"],"acts_visited":["Exordium","TheCity"],"potions_floor_usage":[8,23,25,25],"damage_taken":[{"damage":0,"enemies":"Jaw Worm","floor":1,"turns":1},{"damage":0,"enemies":"2 Louse","floor":5,"turns":1},{"damage":0,"enemies":"3 Sentries","floor":6,"turns":1},{"damage":16,"enemies":"Lagavulin","floor":8,"turns":7},{"damage":2,"enemies":"Gremlin Nob","floor":10,"turns":3},{"damage":0,"enemies":"Small Slimes","floor":11,"turns":1},{"damage":10,"enemies":"3 Sentries","floor":12,"turns":7},{"damage":8,"enemies":"Blue Slaver","floor":14,"turns":2},{"damage":17,"enemies":"Fading Forest","floor":16,"turns":11},{"damage":10,"enemies":"conspire:FuzzyDice","floor":18,"turns":5},{"damage":0,"enemies":"Spheric Guardian","floor":21,"turns":3},{"damage":18,"enemies":"Centurion and Healer","floor":22,"turns":6},{"damage":0,"enemies":"conspire:Head Lice","floor":23,"turns":3},{"damage":78,"enemies":"Book of Stabbing","floor":25,"turns":7}],"seed_played":"-5068760398230013846","potions_obtained":[{"floor":1,"key":"Adrenaline Potion"},{"floor":6,"key":"BloodPotion"},{"floor":11,"key":"GamblersBrew"},{"floor":12,"key":"PowerPotion"},{"floor":23,"key":"Swift Potion"}],"is_trial":false,"path_per_floor":["M","$","?","$","M","E","R","E","T","E","M","E","?","M","R","B",null,"M","?","$","M","M","E","R","E"],"character_chosen":"IRONCLAD","items_purchased":["Armaments"],"campfire_rested":0,"item_purchase_floors":[2],"current_hp_per_floor":[78,78,78,78,80,80,80,70,76,80,86,82,82,80,80,83,85,81,81,81,86,74,80,80,19,19],"gold":279,"neow_bonus":"THREE_ENEMY_KILL","is_daily":false,"chose_seed":false,"campfire_upgraded":3,"win_rate":0.0,"timestamp":1608885239,"path_taken":["M","$","?","$","M","E","R","E","T","E","M","E","?","M","R","BOSS","M","?","$","M","M","E","R","E"],"items_purchased_type":["Card"],"build_version":"2020-12-22","purchased_purges":1,"victory":false,"max_hp_per_floor":[80,80,80,80,80,80,80,80,86,86,86,86,86,86,86,86,86,86,86,86,86,86,86,86,86,86],"card_choices":[{"not_picked":["Twin Strike","Perfected Strike"],"picked":"Run Through","floor":1},{"not_picked":["Disarm","Clothesline"],"picked":"Cleave","floor":5},{"not_picked":["Metallicize","Abandon"],"picked":"Barricade","floor":6},{"not_picked":["True Grit","Ghostly Armor"],"picked":"Pommel Strike","floor":8},{"not_picked":["Heavy Blade","Sword Boomerang"],"picked":"Clash","floor":10},{"not_picked":["Run Through","Defy Death","Sword Boomerang"],"picked":"SKIP","floor":11},{"not_picked":["Clothesline","Massacre","True Grit"],"picked":"SKIP","floor":12},{"not_picked":["Run Through","Shockwave"],"picked":"Body Slam","floor":14},{"not_picked":["Barricade","Offering"],"picked":"Corruption","floor":16},{"not_picked":["Sword Boomerang","Massacre+1","Body Slam+1"],"picked":"SKIP","floor":18},{"not_picked":["Thunderclap","Anger"],"picked":"Entrench","floor":21},{"not_picked":["Cleave","Clash"],"picked":"Warcry+1","floor":22},{"not_picked":["Iron Wave+1","Flex","ReplayReversal"],"picked":"SKIP","floor":23}],"player_experience":141992,"relics_obtained":[{"floor":6,"key":"HornCleat"},{"floor":8,"key":"infinitespire:Lucky Rock"},{"floor":9,"key":"vexMod:PlasmaPancake"},{"floor":10,"key":"Centennial Puzzle"},{"floor":12,"key":"Ginger"},{"floor":13,"key":"Pet Ghost"},{"floor":17,"key":"Gremlin Food"},{"floor":17,"key":"Gremlin Horn"},{"floor":17,"key":"Torii"},{"floor":23,"key":"infinitespire:PuzzleCube"}],"event_choices":[{"damage_healed":0,"gold_gain":0,"player_choice":"Obtained Relic","damage_taken":0,"relics_obtained":["Replay:Bottled Steam"],"max_hp_gain":0,"max_hp_loss":0,"event_name":"Addict","floor":19,"gold_loss":85}],"is_beta":false,"boss_relics":[{"not_picked":["Replay:Drink Me","conspire:SpecialSausage"],"picked":"Calling Bell"}],"items_purged_floors":[4],"is_endless":false,"potions_floor_spawned":[1,6,11,12,23],"killed_by":"Book of Stabbing","ascension_level":7}}