{"host":"dntw6kil9p09eemm","time":1608890086,"event":{"mods":["Alarm Clock","Aspiration","BaseMod","Colored Powertips","Downfall","Hermit","Hubris","Minty Spire (QoL Compilation)","Permanent Neow","Shop Mod","Spicy Shops","StSLib","The Runesmith"],"gold_per_floor":[216,66,78,91,91,124,124,140,190,219,247,259,301,328,340,447,459,483,595,621,602,617,617,649,649,696,706,340,56,75,75,75,173,173,185,202,212,48,59,90,102,102,157,157,168,183,183,1,1,1],"floor_reached":51,"playtime":3073,"items_purged":["hexamod:Strike","hexamod:Defend","hexamod:Strike","hexamod:Defend","hexamod:Strike+1","hexamod:Defend","hexamod:Strike+1"],"score":769,"play_id":"23f81649-8f0a-4f25-8d23-6100b464109f","local_time":"20201225185446","is_ascension_mode":false,"campfire_choices":[{"floor":15.0,"key":"REST"},{"floor":23.0,"key":"REST"},{"floor":25.0,"key":"REST"},{"floor":32.0,"key":"REST"},{"floor":44.0,"key":"REST"},{"floor":47.0,"key":"REST"},{"floor":49,"key":"REST"}],"circlet_count":0,"master_deck":["hexamod:Sear","hexamod:Float+1","hexamod:SuperheatedStrike+1","hexamod:FastForward","hexamod:RadiantFlame","hexamod:ThirdSeal","hexamod:HeatMetal","hexamod:RadiantFlame+1","hexamod:SoulSteal+1","hexamod:Incineration","hexamod:GhostOfSpireFuture","hexamod:TimeWarp","hexamod:VolcanoVisage","hexamod:ThermalTransfer+1","hexamod:SearingWound","hexamod:FastForward","hexamod:Again","hexamod:SixthSeal","hexamod:FastForward","hexamod:ThermalTransfer+1","hexamod:PhantomFireball","hexamod:StepThrough","hexamod:SpectralSpark+1","hexamod:HexaLevel","hexamod:BurningTouch","hexamod:FirstSeal","hexamod:FastForward+1","hexamod:StepThrough+1","hexamod:SpectralSpark+1","hexamod:ExtraCrispy"],"relics":["hexamod:SpiritBrand","MerchantsRug","Smiling Mask","hubris:ScarierMask","Ice Cream","Membership Card","hubris:BottledRain","aspiration:Lifesprig","hubris:RunicObelisk","Lantern","Meat on the Bone","Blood Vial","hubris:SlimyHat","Ginger","Anchor"],"acts_visited":["Exordium","TheCity","TheBeyond"],"potions_floor_usage":[],"damage_taken":[{"damage":0.0,"enemies":"Small Slimes","floor":1.0,"turns":3.0},{"damage":0.0,"enemies":"Cultist","floor":3.0,"turns":3.0},{"damage":0.0,"enemies":"2 Louse","floor":4.0,"turns":2.0},{"damage":15.0,"enemies":"Lagavulin","floor":6.0,"turns":6.0},{"damage":13.0,"enemies":"Exordium Wildlife","floor":8.0,"turns":4.0},{"damage":24.0,"enemies":"Gremlin Nob","floor":10.0,"turns":4.0},{"damage":21.0,"enemies":"3 Sentries","floor":13.0,"turns":5.0},{"damage":4.0,"enemies":"Looter","floor":14.0,"turns":3.0},{"damage":55.0,"enemies":"The Guardian","floor":16.0,"turns":9.0},{"damage":19.0,"enemies":"Spheric Guardian","floor":18.0,"turns":4.0},{"damage":2.0,"enemies":"2 Thieves","floor":20.0,"turns":3.0},{"damage":27.0,"enemies":"Snake Plant","floor":22.0,"turns":4.0},{"damage":35.0,"enemies":"Book of Stabbing","floor":24.0,"turns":6.0},{"damage":9.0,"enemies":"Shelled Parasite and Fungi","floor":27.0,"turns":6.0},{"damage":18.0,"enemies":"Centurion and Healer","floor":30.0,"turns":3.0},{"damage":55.0,"enemies":"Automaton","floor":33.0,"turns":8.0},{"damage":0.0,"enemies":"3 Shapes","floor":35.0,"turns":3.0},{"damage":11.0,"enemies":"Orb Walker","floor":36.0,"turns":3.0},{"damage":24.0,"enemies":"Maw","floor":37.0,"turns":7.0},{"damage":19.0,"enemies":"Writhing Mass","floor":39.0,"turns":5.0},{"damage":28.0,"enemies":"Reptomancer","floor":40.0,"turns":5.0},{"damage":27.0,"enemies":"4 Shapes","floor":41.0,"turns":3.0},{"damage":42.0,"enemies":"Maw","floor":45.0,"turns":7.0},{"damage":56.0,"enemies":"Writhing Mass","floor":46.0,"turns":5.0},{"damage":13,"enemies":"hubris:GrandSnecko","floor":50,"turns":12}],"seed_played":"5699974812931537235","potions_obtained":[{"floor":4.0,"key":"Dexterity Potion"},{"floor":6.0,"key":"FairyPotion"},{"floor":13.0,"key":"SneckoOil"},{"floor":14.0,"key":"Explosive Potion"},{"floor":16.0,"key":"champ:CounterPotion"},{"floor":22.0,"key":"hexamod:DoubleChargePotion"},{"floor":24.0,"key":"SpeedPotion"},{"floor":27.0,"key":"Fruit Juice"},{"floor":35.0,"key":"Energy Potion"},{"floor":37.0,"key":"Fire Potion"},{"floor":41.0,"key":"hexamod:DoubleChargePotion"},{"floor":46.0,"key":"SkillPotion"}],"is_trial":false,"path_per_floor":["M","$","M","M","?","E","?","M","T","E","$","?","E","M","R","B",null,"M","?","M","$","M","R","E","R","T","M","$","$","M","T","R","B",null,"M","M","M","$","M","E","M","?","T","R","M","M","R","$","R","B",null],"character_chosen":"THE_SPIRIT","items_purchased":["MerchantsRug","Membership Card","hexamod:PhantomFireball","Lizard Tail","hexamod:StepThrough","Whetstone","hubris:BottledRain","aspiration:Lifesprig","Lantern","Meat on the Bone","Ginger","hexamod:ExtraCrispy","Anchor"],"campfire_rested":7,"item_purchase_floors":[2,28,28,28,28,29,29,29,38,38,48,48,48],"current_hp_per_floor":[70,70,70,70,70,55,48,35,35,11,11,70,49,45,66,11,70,51,51,49,49,22,43,8,29,29,20,25,25,7,7,29,22,75,75,64,40,40,40,31,18,18,18,40,56,21,43,43,65,54],"gold":1,"neow_bonus":"HUNDRED_GOLD","is_daily":false,"chose_seed":false,"campfire_upgraded":0,"win_rate":0.0,"timestamp":1608890086,"path_taken":["M","$","M","M","?","E","?","M","T","E","$","?","E","M","R","BOSS","M","?","M","$","M","R","E","R","T","M","?","$","M","?","R","BOSS","M","M","M","$","M","E","M","?","T","R","M","M","R","$","R","BOSS"],"items_purchased_type":["Relic","Relic","Card","Relic","Card","Relic","Relic","Relic","Relic","Relic","Relic","Card","Relic"],"build_version":"2020-12-22","purchased_purges":7,"victory":true,"max_hp_per_floor":[70,70,70,70,70,70,70,70,70,70,70,70,70,70,70,70,70,70,70,70,70,70,70,70,70,70,70,75,75,75,75,75,75,75,75,75,75,75,75,75,75,75,75,75,75,75,75,75,75,75],"card_choices":[{"not_picked":["hexamod:ShieldOfDarkness","hexamod:Firestarter"],"picked":"hexamod:SuperheatedStrike","floor":1.0},{"not_picked":["hexamod:AdvancingGuard","hexamod:Firestarter"],"picked":"hexamod:FastForward","floor":3.0},{"not_picked":["hexamod:NightmareGuise","hexamod:ThirdSeal"],"picked":"hexamod:RadiantFlame","floor":4.0},{"not_picked":["hexamod:Rewind","hexamod:SpectersWail"],"picked":"hexamod:ThirdSeal","floor":6.0},{"not_picked":["hexamod:SpectersWail","hexamod:BurningTouch"],"picked":"hexamod:HeatMetal","floor":8.0},{"not_picked":["hexamod:PowerFromBeyond","hexamod:GhostShield"],"picked":"hexamod:RadiantFlame","floor":8.0},{"not_picked":["hexamod:BurningTouch","hexamod:HeatMetal"],"picked":"hexamod:SoulSteal","floor":10.0},{"not_picked":["hexamod:FifthSeal","hexamod:Rewind","hexamod:HauntingEcho"],"picked":"SKIP","floor":10.0},{"not_picked":["hexamod:ExtraCrispy","hexamod:ShieldOfDarkness"],"picked":"hexamod:Incineration","floor":13.0},{"not_picked":["hexamod:GhostLash","hexamod:Rewind","hexamod:SwordOfDarkness"],"picked":"SKIP","floor":13.0},{"not_picked":["hexamod:GhostLash","hexamod:Rewind","hexamod:SwordOfDarkness"],"picked":"SKIP","floor":13.0},{"not_picked":["hexamod:NightmareStrike","hexamod:Firestarter"],"picked":"hexamod:GhostOfSpireFuture","floor":14.0},{"not_picked":["hexamod:GhostLash","hexamod:ChargedBarrage","hexamod:EmpoweringStance"],"picked":"SKIP","floor":14.0},{"not_picked":["hexamod:Toasty","hexamod:GhostflameInferno"],"picked":"hexamod:TimeWarp","floor":16.0},{"not_picked":["hexamod:TimeOfNeed","hexamod:FifthSeal"],"picked":"hexamod:VolcanoVisage","floor":16.0},{"not_picked":["hexamod:ShieldOfDarkness","hexamod:Rewind"],"picked":"hexamod:ThermalTransfer","floor":18.0},{"not_picked":["hexamod:InspiringFlames","hexamod:DynamicBlow+1","hexamod:ShieldOfDarkness"],"picked":"SKIP","floor":18.0},{"not_picked":["hexamod:GhostShield","hexamod:NightmareGuise"],"picked":"hexamod:SearingWound","floor":20.0},{"not_picked":["hexamod:GhostLash","hexamod:FirstSeal"],"picked":"hexamod:FastForward","floor":22.0},{"not_picked":["hexamod:ChargedBarrage","hexamod:SecondSeal"],"picked":"hexamod:Again","floor":22.0},{"not_picked":["hexamod:FirstSeal","hexamod:NightmareGuise"],"picked":"hexamod:SixthSeal","floor":24.0},{"not_picked":["hexamod:Hexaguard","hexamod:HauntingEcho"],"picked":"hexamod:FastForward","floor":24.0},{"not_picked":["hexamod:DynamicBlow","hexamod:RainOfEmbers"],"picked":"hexamod:ThermalTransfer","floor":27.0},{"not_picked":["hexamod:NightmareStrike+1","hexamod:GhostOfSpireFuture","hexamod:RadiantFlame+1"],"picked":"SKIP","floor":27.0},{"not_picked":["hexamod:HeatCrush+1","hexamod:SwordOfDarkness"],"picked":"hexamod:SpectralSpark","floor":30.0},{"not_picked":["hexamod:SearingWound","hexamod:VolcanoVisage"],"picked":"hexamod:HexaLevel","floor":33.0},{"not_picked":["hexamod:InspiringFlames+1","hexamod:ChargedBarrage"],"picked":"hexamod:BurningTouch","floor":35.0},{"not_picked":["hexamod:NightmareStrike","hexamod:InspiringFlames+1","hexamod:PhantomCloak+1"],"picked":"SKIP","floor":36.0},{"not_picked":["hexamod:BurningTouch","hexamod:NightmareGuise+1"],"picked":"hexamod:FirstSeal","floor":37.0},{"not_picked":["hexamod:Hexaguard","hexamod:RecurringNightmare","hexamod:RadiantFlame+1"],"picked":"SKIP","floor":37.0},{"not_picked":["hexamod:Rewind","hexamod:PowerFromBeyond"],"picked":"hexamod:FastForward+1","floor":39.0},{"not_picked":["hexamod:NightmareStrike","hexamod:InspiringFlames","hexamod:PowerFromBeyond+1"],"picked":"SKIP","floor":40.0},{"not_picked":["hexamod:NightmareStrike","hexamod:AdvancingGuard+1","hexamod:Firestarter"],"picked":"SKIP","floor":41.0},{"not_picked":["hexamod:Firestarter","hexamod:GhostLash+1","hexamod:GhostShield"],"picked":"SKIP","floor":45.0},{"not_picked":["hexamod:EmpoweringStance","hexamod:AdvancingGuard"],"picked":"hexamod:StepThrough+1","floor":46.0},{"not_picked":["hexamod:GhostOfSpirePresent+1","hexamod:AdvancingGuard+1"],"picked":"hexamod:SpectralSpark+1","floor":46.0}],"player_experience":457821,"relics_obtained":[{"floor":6.0,"key":"Smiling Mask"},{"floor":9.0,"key":"Tiny Chest"},{"floor":10.0,"key":"MawBank"},{"floor":13.0,"key":"aspiration:DSix"},{"floor":24.0,"key":"Ice Cream"},{"floor":26.0,"key":"aspiration:ChemicalBlood"},{"floor":31.0,"key":"hubris:DeckOfHolding"},{"floor":40.0,"key":"Blood Vial"},{"floor":43.0,"key":"hubris:SlimyHat"}],"event_choices":[{"cards_removed":["hexamod:Defend"],"damage_healed":0.0,"max_hp_gain":0.0,"max_hp_loss":0.0,"gold_gain":0.0,"event_name":"Golden Wing","player_choice":"Card Removal","floor":7.0,"gold_loss":0.0,"damage_taken":7.0},{"damage_healed":59.0,"max_hp_gain":0.0,"max_hp_loss":0.0,"gold_gain":0.0,"event_name":"Wheel of Change","player_choice":"Full Heal","floor":12.0,"gold_loss":0.0,"damage_taken":0.0},{"damage_healed":0.0,"max_hp_gain":0.0,"max_hp_loss":0.0,"gold_gain":100.0,"event_name":"Golden Shrine","player_choice":"Pray","floor":19.0,"gold_loss":0.0,"damage_taken":0.0}],"is_beta":false,"boss_relics":[{"not_picked":["aspiration:RunicSpoon","Snecko Eye"],"picked":"hubris:ScarierMask"},{"not_picked":["hubris:TerracottaHorce","hubris:Stopwatch"],"picked":"hubris:RunicObelisk"}],"items_purged_floors":[21,21,28,29,38,48,48],"is_endless":false,"potions_floor_spawned":[4,6,13,14,16,22,24,27,35,37,41,46],"ascension_level":0}}