{"host":"12piqfhmdln9x2la","time":1608905755,"event":{"mods":["2.2 Compatiblity","AchievementEnabler","BaseMod","BetterRewards","Colored Powertips","Minty Spire (QoL Compilation)","Quick Restart","SuperFastMode"],"gold_per_floor":[110,110,128,128,145,145,174,185,231,231,231,231,231],"floor_reached":12,"playtime":209,"items_purged":[],"score":86,"play_id":"735a5263-f712-4dab-8864-77ced60a3d43","local_time":"20201225231555","is_ascension_mode":true,"campfire_choices":[{"floor":6,"key":"RECALL"},{"data":"Cleave","floor":10,"key":"SMITH"}],"circlet_count":0,"master_deck":["Strike_R","Strike_R","Strike_R","Strike_R","Strike_R","Defend_R","Defend_R","Defend_R","Defend_R","Bash","Heavy Blade","Pommel Strike","Cleave+1","Double Tap","Rupture"],"relics":["Burning Blood","NeowsBlessing","FaceOfCleric","Pear","Anchor","Nunchaku"],"acts_visited":["Exordium"],"potions_floor_usage":[12],"damage_taken":[{"damage":0,"enemies":"Cultist","floor":1,"turns":1},{"damage":0,"enemies":"Jaw Worm","floor":3,"turns":1},{"damage":0,"enemies":"2 Louse","floor":5,"turns":1},{"damage":52,"enemies":"3 Sentries","floor":7,"turns":8},{"damage":2,"enemies":"Large Slime","floor":8,"turns":5},{"damage":52,"enemies":"Lagavulin","floor":12,"turns":6}],"seed_played":"-1446724511657158383","potions_obtained":[{"floor":3,"key":"Dexterity Potion"},{"floor":8,"key":"BloodPotion"}],"is_trial":false,"path_per_floor":["M","?","M","?","M","R","E","M","T","R","?","E"],"character_chosen":"IRONCLAD","items_purchased":[],"campfire_rested":0,"item_purchase_floors":[],"current_hp_per_floor":[80,80,81,91,92,92,47,52,52,52,52,0,0],"gold":231,"neow_bonus":"THREE_ENEMY_KILL","is_daily":false,"chose_seed":false,"campfire_upgraded":1,"win_rate":0.0,"timestamp":1608905755,"path_taken":["M","?","?","?","M","R","E","M","T","R","?","E"],"items_purchased_type":[],"build_version":"2020-12-22","purchased_purges":0,"victory":false,"max_hp_per_floor":[80,80,81,91,92,92,93,94,94,94,94,94,94],"card_choices":[{"not_picked":["Shrug It Off","Wild Strike"],"picked":"Heavy Blade","floor":1},{"not_picked":["Ghostly Armor","Body Slam"],"picked":"Pommel Strike","floor":3},{"not_picked":["Battle Trance","Bloodletting"],"picked":"Cleave","floor":5},{"not_picked":["Searing Blow","Body Slam"],"picked":"Double Tap","floor":7},{"not_picked":["Combust","Dropkick"],"picked":"Rupture","floor":8}],"player_experience":120733,"relics_obtained":[{"floor":7,"key":"Anchor"},{"floor":9,"key":"Nunchaku"}],"event_choices":[{"damage_healed":0,"gold_gain":0,"player_choice":"Trade","damage_taken":0,"relics_obtained":["FaceOfCleric"],"max_hp_gain":0,"max_hp_loss":0,"event_name":"FaceTrader","floor":2,"gold_loss":0},{"damage_healed":0,"gold_gain":0,"player_choice":"Box","damage_taken":0,"relics_obtained":["Pear"],"max_hp_gain":0,"max_hp_loss":0,"event_name":"Big Fish","floor":4,"gold_loss":0,"cards_obtained":["Regret"]},{"cards_removed":["Regret"],"damage_healed":0,"gold_gain":0,"player_choice":"Forget","damage_taken":0,"max_hp_gain":0,"max_hp_loss":0,"event_name":"Living Wall","floor":11,"gold_loss":0}],"is_beta":false,"boss_relics":[],"items_purged_floors":[],"is_endless":false,"potions_floor_spawned":[3,8],"killed_by":"Lagavulin","ascension_level":2}}