{"host":"mi0eibewekhugwl1","time":1608888676,"event":{"mods":["AchievementEnabler","BaseMod","Colored Map","Colored Powertips","DeckTracker","Keyboard Shortcuts","Minty Spire (QoL Compilation)","Quick Restart","Rare Cards Sparkle","Relic Stats","StSLib","SuperFastMode","everything is the same but u backflip on backflip"],"gold_per_floor":[119,133,148,162,176,176,101,101,150,167,167,187,204,279,279,353,353,370,386,386,386],"floor_reached":20,"playtime":430,"items_purged":["Strike_R"],"score":440,"play_id":"2de3d5e7-cc52-4994-9689-f9f387d3222b","local_time":"20201225183116","is_ascension_mode":true,"campfire_choices":[{"data":"Pommel Strike","floor":6,"key":"SMITH"},{"data":"Fire Breathing","floor":8,"key":"SMITH"},{"data":"Evolve","floor":11,"key":"SMITH"},{"floor":15,"key":"REST"}],"circlet_count":0,"master_deck":["AscendersBane","Strike_R","Strike_R","Strike_R","Strike_R","Defend_R","Defend_R","Defend_R","Defend_R","Bash","Bandage Up","Pommel Strike+1","Twin Strike","Rampage","Fire Breathing+1","Evolve+1","Rage","Immolate","Second Wind"],"relics":["Burning Blood","Happy Flower","Cursed Key"],"acts_visited":["Exordium","TheCity"],"potions_floor_usage":[10,13,16,20],"damage_taken":[{"damage":14,"enemies":"Jaw Worm","floor":1,"turns":6},{"damage":10,"enemies":"Small Slimes","floor":2,"turns":3},{"damage":6,"enemies":"2 Louse","floor":3,"turns":3},{"damage":12,"enemies":"Blue Slaver","floor":4,"turns":5},{"damage":7,"enemies":"Looter","floor":5,"turns":3},{"damage":17,"enemies":"3 Louse","floor":10,"turns":4},{"damage":29,"enemies":"Red Slaver","floor":12,"turns":6},{"damage":33,"enemies":"Gremlin Gang","floor":13,"turns":5},{"damage":0,"enemies":"Slime Boss","floor":16,"turns":5},{"damage":25,"enemies":"3 Byrds","floor":18,"turns":5},{"damage":23,"enemies":"2 Thieves","floor":19,"turns":4},{"damage":60,"enemies":"Shelled Parasite and Fungi","floor":20,"turns":4}],"seed_played":"2881714423865026070","potions_obtained":[{"floor":2,"key":"LiquidMemories"},{"floor":5,"key":"Fire Potion"},{"floor":10,"key":"Swift Potion"},{"floor":13,"key":"ColorlessPotion"}],"is_trial":false,"path_per_floor":["M","M","M","M","M","R","$","R","T","M","R","M","M","?","R","B",null,"M","M","M"],"character_chosen":"IRONCLAD","items_purchased":[],"campfire_rested":1,"item_purchase_floors":[],"current_hp_per_floor":[64,64,68,66,69,69,69,69,69,62,62,43,20,9,31,41,67,52,39,0,0],"gold":386,"neow_bonus":"RANDOM_COLORLESS","is_daily":false,"chose_seed":false,"campfire_upgraded":3,"win_rate":0.0,"timestamp":1608888676,"path_taken":["M","M","M","M","M","R","$","R","T","M","R","M","M","?","R","BOSS","M","M","M"],"items_purchased_type":[],"build_version":"2020-12-22","purchased_purges":1,"victory":false,"max_hp_per_floor":[75,75,75,75,75,75,75,75,75,75,75,75,75,75,75,75,75,75,75,75,75],"relic_stats":{"Happy Flower":[11],"counters":[12,53],"Cursed Key":0,"obtain_stats":[{"Happy Flower":9,"Cursed Key":17,"Burning Blood":0},{"Happy Flower":5,"Cursed Key":9,"Burning Blood":0},{"Happy Flower":20,"Cursed Key":40,"Burning Blood":0}],"Burning Blood":66},"card_choices":[{"not_picked":["Forethought","Purity"],"picked":"Bandage Up","floor":0},{"not_picked":["Perfected Strike","Intimidate"],"picked":"Pommel Strike","floor":1},{"not_picked":["Seeing Red","Thunderclap","Metallicize"],"picked":"SKIP","floor":2},{"not_picked":["Dark Embrace","Blood for Blood"],"picked":"Twin Strike","floor":3},{"not_picked":["Wild Strike","Reckless Charge"],"picked":"Rampage","floor":4},{"not_picked":["Twin Strike","Cleave"],"picked":"Fire Breathing","floor":5},{"not_picked":["Flex","Dark Embrace"],"picked":"Evolve","floor":10},{"not_picked":["Iron Wave","Barricade"],"picked":"Rage","floor":12},{"not_picked":["True Grit","Sword Boomerang","Iron Wave"],"picked":"SKIP","floor":13},{"not_picked":["Barricade","Limit Break"],"picked":"Immolate","floor":16},{"not_picked":["Bloodletting","Thunderclap","Carnage"],"picked":"SKIP","floor":18},{"not_picked":["Heavy Blade","Disarm"],"picked":"Second Wind","floor":19}],"player_experience":1702832,"relics_obtained":[{"floor":9,"key":"Happy Flower"}],"event_choices":[{"damage_healed":0,"gold_gain":75,"player_choice":"Gather Gold","damage_taken":11,"max_hp_gain":0,"max_hp_loss":0,"event_name":"World of Goop","floor":14,"gold_loss":0}],"is_beta":false,"boss_relics":[{"not_picked":["Black Blood","Busted Crown"],"picked":"Cursed Key"}],"items_purged_floors":[7],"is_endless":false,"potions_floor_spawned":[2,5,10,13],"killed_by":"Shelled Parasite and Fungi","ascension_level":20}}