{"host":"daa8jqyg4gqfaysm","time":1608920446,"event":{"mods":["BaseMod","Colored Powertips","Minty Spire (QoL Compilation)","StSLib"],"gold_per_floor":[114,6,6,6,6,39,59,59,84,84,117,87,102,126,126,126,126],"floor_reached":16,"playtime":284,"items_purged":[],"score":266,"play_id":"0a40915c-71a3-4bcd-815b-7a3fbdac0a43","local_time":"20201226022046","is_ascension_mode":true,"campfire_choices":[{"data":"Sweeping Beam","floor":8,"key":"SMITH"},{"floor":15,"key":"REST"}],"circlet_count":0,"master_deck":["AscendersBane","Strike_B","Strike_B","Strike_B","Strike_B","Defend_B","Defend_B","Defend_B","Defend_B+1","Zap","Dualcast","Barrage+1","Defragment+1","Sweeping Beam+1","Reboot","Rebound","Biased Cognition","Coolheaded","Leap"],"relics":["Cracked Core","NeowsBlessing","Golden Idol","Bag of Marbles","MealTicket","Bottled Flame","Smiling Mask"],"acts_visited":["Exordium"],"potions_floor_usage":[13,13,13,14,16],"damage_taken":[{"damage":0,"enemies":"Small Slimes","floor":1,"turns":1},{"damage":0,"enemies":"Gremlin Nob","floor":6,"turns":1},{"damage":0,"enemies":"Cultist","floor":7,"turns":1},{"damage":36,"enemies":"3 Sentries","floor":11,"turns":8},{"damage":5,"enemies":"Jaw Worm","floor":13,"turns":3},{"damage":0,"enemies":"Blue Slaver","floor":14,"turns":1},{"damage":22,"enemies":"The Guardian","floor":16,"turns":8}],"seed_played":"-631279704014464773","potions_obtained":[{"floor":7,"key":"Strength Potion"},{"floor":12,"key":"PowerPotion"},{"floor":12,"key":"EntropicBrew"},{"floor":13,"key":"Strength Potion"},{"floor":14,"key":"DistilledChaos"}],"is_trial":false,"path_per_floor":["M","$","?","?","?","E","M","R","T","T","E","?","M","M","R","B"],"character_chosen":"DEFECT","items_purchased":["Defragment","Sweeping Beam"],"campfire_rested":1,"item_purchase_floors":[2,2],"current_hp_per_floor":[64,64,43,43,43,43,43,43,43,43,7,7,2,2,21,0,0],"gold":126,"neow_bonus":"THREE_ENEMY_KILL","is_daily":false,"chose_seed":false,"campfire_upgraded":1,"win_rate":0.0,"timestamp":1608920446,"path_taken":["M","$","?","?","?","E","?","R","T","?","E","?","?","M","R","BOSS"],"items_purchased_type":["Card","Card"],"build_version":"2020-12-22","purchased_purges":0,"victory":false,"max_hp_per_floor":[71,71,71,64,64,64,64,64,64,64,64,64,64,64,64,64,64],"card_choices":[{"not_picked":["Turbo","Hello World"],"picked":"Barrage","floor":1},{"not_picked":["Steam","Force Field"],"picked":"Reboot","floor":6},{"not_picked":["Gash","Hello World"],"picked":"Rebound","floor":7},{"not_picked":["Ball Lightning","Sweeping Beam"],"picked":"Biased Cognition","floor":11},{"not_picked":["Fusion","Melter"],"picked":"Coolheaded","floor":13},{"not_picked":["Beam Cell","Stack"],"picked":"Leap","floor":14}],"player_experience":733945,"relics_obtained":[{"floor":6,"key":"Bag of Marbles"},{"floor":9,"key":"MealTicket"},{"floor":10,"key":"Bottled Flame"},{"floor":11,"key":"Smiling Mask"}],"event_choices":[{"damage_healed":0,"gold_gain":0,"player_choice":"Entered Light","damage_taken":21,"max_hp_gain":0,"max_hp_loss":0,"event_name":"Shining Light","floor":3,"gold_loss":0,"cards_upgraded":["Defend_B","Defragment"]},{"damage_healed":0,"gold_gain":0,"player_choice":"Lose Max HP","damage_taken":0,"relics_obtained":["Golden Idol"],"max_hp_gain":0,"max_hp_loss":7,"event_name":"Golden Idol","floor":4,"gold_loss":0},{"damage_healed":0,"gold_gain":0,"player_choice":"Upgraded","damage_taken":0,"max_hp_gain":0,"max_hp_loss":0,"event_name":"Upgrade Shrine","floor":5,"gold_loss":0,"cards_upgraded":["Barrage"]},{"damage_healed":0,"gold_gain":0,"player_choice":"Bought 2 Potions","damage_taken":0,"max_hp_gain":0,"max_hp_loss":0,"event_name":"The Woman in Blue","floor":12,"gold_loss":0}],"is_beta":false,"boss_relics":[],"items_purged_floors":[],"is_endless":false,"potions_floor_spawned":[7,13,14],"killed_by":"The Guardian","ascension_level":20}}