{"host":"5bdt6s51dmpd4l3v","time":1608897260,"event":{"mods":["AchievementEnabler","BaseMod","Colored Map","Colored Powertips","Highlight Path","Minty Spire (QoL Compilation)","Quick Restart","Rare Cards Sparkle","StSLib"],"gold_per_floor":[116,128,146,146,160,160,192,192,192,192,207,102,102,118,118,192,192,210,2,0,0,0,0,0,17,17,17,47,47,47,67,67,67,67],"floor_reached":33,"playtime":617,"items_purged":[],"score":563,"play_id":"3ba486f9-00f2-4330-81eb-c9e7a974dcc6","local_time":"20201225195420","is_ascension_mode":true,"campfire_choices":[{"data":"Infernal Blade","floor":6.0,"key":"SMITH"},{"data":"Pommel Strike","floor":8.0,"key":"SMITH"},{"data":"Reaper","floor":10.0,"key":"SMITH"},{"data":"Battle Trance","floor":15.0,"key":"SMITH"},{"data":"Double Tap","floor":23.0,"key":"SMITH"},{"data":"Whirlwind","floor":27.0,"key":"SMITH"},{"data":"Seeing Red","floor":30,"key":"SMITH"},{"floor":32,"key":"REST"}],"circlet_count":0,"master_deck":["AscendersBane","Strike_R+1","Strike_R+1","Strike_R+1","Strike_R+1","Strike_R+1","Defend_R+1","Defend_R+1","Defend_R+1","Bash","Pommel Strike+1","Twin Strike","Infernal Blade+1","Clash","Reaper+1","Cleave+1","Battle Trance+1","Double Tap+1","Seeing Red+1","Whirlwind+1","Perfected Strike+1","Armaments+1","Headbutt+1"],"relics":["Burning Blood","NeowsBlessing","Nunchaku","Art of War","Mark of Pain","Pen Nib","Ornamental Fan","Toxic Egg 2"],"acts_visited":["Exordium","TheCity"],"potions_floor_usage":[28,33],"damage_taken":[{"damage":0.0,"enemies":"Jaw Worm","floor":1.0,"turns":1.0},{"damage":0.0,"enemies":"Cultist","floor":2.0,"turns":1.0},{"damage":0.0,"enemies":"2 Louse","floor":3.0,"turns":1.0},{"damage":10.0,"enemies":"Exordium Wildlife","floor":5.0,"turns":3.0},{"damage":30.0,"enemies":"Lagavulin","floor":7.0,"turns":4.0},{"damage":0.0,"enemies":"Red Slaver","floor":11.0,"turns":1.0},{"damage":13.0,"enemies":"Lots of Slimes","floor":14.0,"turns":3.0},{"damage":0.0,"enemies":"Slime Boss","floor":16.0,"turns":5.0},{"damage":26.0,"enemies":"Shell Parasite","floor":18.0,"turns":3.0},{"damage":22.0,"enemies":"3 Byrds","floor":25.0,"turns":3.0},{"damage":13,"enemies":"Slavers","floor":28,"turns":3},{"damage":20,"enemies":"Snake Plant","floor":31,"turns":3},{"damage":70,"enemies":"Champ","floor":33,"turns":5}],"seed_played":"2217519349369130078","potions_obtained":[{"floor":2.0,"key":"Dexterity Potion"},{"floor":3.0,"key":"SteroidPotion"},{"floor":14.0,"key":"SkillPotion"},{"floor":16.0,"key":"BlessingOfTheForge"},{"floor":18.0,"key":"LiquidMemories"}],"is_trial":false,"path_per_floor":["M","M","M","?","M","R","E","R","T","R","M","$","?","M","R","B",null,"M","$","?","?","?","R","?","M","T","R","E","$","R","M","R","B"],"character_chosen":"IRONCLAD","items_purchased":["Cleave","Energy Potion","Whirlwind","Pen Nib"],"campfire_rested":1,"item_purchase_floors":[12,12,19,19],"current_hp_per_floor":[74,75,75,75,71,71,47,47,47,47,53,53,53,57,57,75,75,55,55,55,55,55,55,55,39,39,39,52,52,52,40,62,0,0],"gold":67,"neow_bonus":"THREE_ENEMY_KILL","is_daily":false,"chose_seed":false,"campfire_upgraded":7,"win_rate":0.0,"timestamp":1608897260,"path_taken":["M","M","M","?","?","R","E","R","T","R","M","$","?","M","R","BOSS","M","$","?","?","?","R","?","?","T","R","E","?","R","M","R","BOSS"],"items_purchased_type":["Card","Potion","Card","Relic"],"build_version":"2020-12-22","purchased_purges":0,"victory":false,"max_hp_per_floor":[75,75,75,75,75,75,75,75,75,75,75,75,75,75,75,75,75,75,75,75,75,75,75,75,75,75,75,75,75,75,75,75,75,75],"card_choices":[{"not_picked":["Cleave","Headbutt"],"picked":"Pommel Strike","floor":1.0},{"not_picked":["Cleave","Shrug It Off"],"picked":"Twin Strike","floor":2.0},{"not_picked":["Dark Embrace","Entrench","True Grit"],"picked":"SKIP","floor":3.0},{"not_picked":["Warcry","Blood for Blood"],"picked":"Clash","floor":5.0},{"not_picked":["Sentinel","Sword Boomerang"],"picked":"Reaper","floor":7.0},{"not_picked":["Rampage","Combust","Havoc"],"picked":"SKIP","floor":11.0},{"not_picked":["Headbutt","True Grit"],"picked":"Battle Trance","floor":14.0},{"not_picked":["Berserk","Juggernaut"],"picked":"Double Tap","floor":16.0},{"not_picked":["Thunderclap","Perfected Strike"],"picked":"Seeing Red","floor":18.0},{"not_picked":["Cleave","Wild Strike"],"picked":"Perfected Strike+1","floor":25.0},{"not_picked":["Corruption","Clash"],"picked":"Armaments+1","floor":28},{"not_picked":["Clash","Twin Strike"],"picked":"Headbutt+1","floor":31}],"player_experience":235879,"relics_obtained":[{"floor":7.0,"key":"Nunchaku"},{"floor":9.0,"key":"Art of War"},{"floor":26.0,"key":"Ornamental Fan"},{"floor":28,"key":"Toxic Egg 2"}],"event_choices":[{"damage_healed":0.0,"max_hp_gain":0.0,"max_hp_loss":0.0,"gold_gain":0.0,"cards_transformed":["Defend_R"],"event_name":"Transmorgrifier","player_choice":"Transformed","floor":4.0,"gold_loss":0.0,"damage_taken":0.0,"cards_obtained":["Infernal Blade"]},{"damage_healed":0.0,"max_hp_gain":0.0,"max_hp_loss":0.0,"gold_gain":0.0,"event_name":"Living Wall","player_choice":"Grow","floor":13.0,"gold_loss":0.0,"damage_taken":0.0,"cards_upgraded":["Cleave"]},{"damage_healed":0.0,"max_hp_gain":0.0,"max_hp_loss":0.0,"gold_gain":0.0,"event_name":"Masked Bandits","player_choice":"Paid Fearfully","floor":20.0,"gold_loss":2.0,"damage_taken":0.0},{"damage_healed":0.0,"max_hp_gain":0.0,"max_hp_loss":0.0,"gold_gain":0.0,"event_name":"Back to Basics","player_choice":"Simplicity","floor":21.0,"gold_loss":0.0,"damage_taken":0.0,"cards_upgraded":["Strike_R","Strike_R","Strike_R","Strike_R","Strike_R","Defend_R","Defend_R","Defend_R"]},{"damage_healed":0.0,"max_hp_gain":0.0,"max_hp_loss":0.0,"gold_gain":0.0,"event_name":"The Mausoleum","player_choice":"Ignored","floor":22.0,"gold_loss":0.0,"damage_taken":0.0}],"is_beta":false,"boss_relics":[{"not_picked":["Sozu","Velvet Choker"],"picked":"Mark of Pain"}],"items_purged_floors":[],"is_endless":false,"potions_floor_spawned":[2,3,14,16,18],"killed_by":"Champ","ascension_level":16}}