{"host":"edk8ruzv78x6jv19","time":1608877427,"event":{"mods":["BaseMod","Better Third Choice","Energized Spire","Infinite Spire","Minty Spire (QoL Compilation)","Replay The Spire","StSLib","The Blue Laboratory","Thieving Mod","Treasure Hunter"],"gold_per_floor":[696,696,696,69,69,69,69,69,116,116,146,158,192,217,217,318,318,332,151,26,26,26,26,26,53,53,53,53,70,70,103,103,205,205,217,217,492,33,66,66,66,66,66,91,91,116,138,150,255,69,69],"floor_reached":50,"playtime":1426,"items_purged":["Headbutt","Anger+1","Cleave","Clash","Clash","Infernal Blade","Combust"],"score":892,"play_id":"14fbbbb4-719a-4776-9659-3662fa1d18e8","local_time":"20201225002347","daily_mods":["Draft","Heirloom","Time Dilation","Flight","DeadlyEvents","Elite Swarm","Lethality"],"is_ascension_mode":false,"campfire_choices":[{"data":"Anger","floor":6.0,"key":"SMITH"},{"data":"Searing Blow","floor":7.0,"key":"SMITH"},{"data":"Searing Blow+1","floor":10.0,"key":"SMITH"},{"data":"Searing Blow+3","floor":23,"key":"SMITH"},{"data":"Searing Blow+4","floor":24,"key":"SMITH"},{"data":"Searing Blow+5","floor":27,"key":"SMITH"},{"data":"Searing Blow+6","floor":28,"key":"SMITH"},{"data":"Searing Blow+7","floor":32,"key":"SMITH"},{"data":"Searing Blow+8","floor":40,"key":"SMITH"},{"data":"Searing Blow+9","floor":41,"key":"SMITH"},{"data":"Searing Blow+10","floor":42,"key":"SMITH"}],"circlet_count":0,"master_deck":["Heavy Blade","Flame Barrier","Searing Blow+11","TH:ElvenBoots","TH:CopperCoins","Limit Break","TH:ElvenBoots","TH:CursedSword","TH:Mimic","TH:Mimic","TH:ElvenBoots","infinitespire:Collect","TH:EnergyPotion","TH:ElvenBoots","TH:BikiniMail","Apotheosis","TH:ArmorSpikes","TH:CopperCoins","TH:CopperCoins","Injury","Shame","TH:DeckOfManyThings","Limit Break"],"relics":["Burning Blood","Old Coin","Paper Frog","Strawberry","Sling","MealTicket","Replay:Baseball","Happy Flower","infinitespire:Beetle Shell","Omamori","energizedSpire:OgreHead","Replay:Wax Seal","MutagenicStrength","Replay:Ringing Soul","Bottled Lightning","Mummified Hand","Champion Belt","Gremlin Food","SacredBark","Brimstone","infinitespire:EmpoweringShard","Calipers","Mirror","PreservedInsect","Kintsugi","MawBank"],"acts_visited":["Exordium","TheCity","TheBeyond"],"potions_floor_usage":[29,33,33,33,39,50,50],"damage_taken":[{"damage":2.0,"enemies":"Jaw Worm","floor":1.0,"turns":2.0},{"damage":0.0,"enemies":"3 Sentries","floor":11.0,"turns":3.0},{"damage":8.0,"enemies":"2 Louse","floor":12.0,"turns":2.0},{"damage":0.0,"enemies":"Gremlin Nob","floor":13.0,"turns":1.0},{"damage":1.0,"enemies":"Lagavulin","floor":14.0,"turns":2.0},{"damage":2.0,"enemies":"Slime Boss","floor":16.0,"turns":3.0},{"damage":13,"enemies":"2 Thieves","floor":18,"turns":2},{"damage":16,"enemies":"Slavers","floor":25,"turns":3},{"damage":2,"enemies":"Shell Parasite","floor":29,"turns":1},{"damage":4,"enemies":"Gremlin Leader","floor":31,"turns":2},{"damage":32,"enemies":"Champ","floor":33,"turns":4},{"damage":40,"enemies":"3 Shapes","floor":35,"turns":3},{"damage":20,"enemies":"R_Hoarder","floor":39,"turns":3},{"damage":0,"enemies":"Reptomancer","floor":46,"turns":1},{"damage":0,"enemies":"Orb Walker","floor":47,"turns":1},{"damage":105,"enemies":"Donu and Deca","floor":50,"turns":4}],"seed_played":"-2569379412653668461","potions_obtained":[{"floor":5.0,"key":"blueLaboratory:ArtificerPotion"},{"floor":5.0,"key":"blueLaboratory:BottleOfVodka"},{"floor":5.0,"key":"Energy Potion"},{"floor":25,"key":"DistilledChaos"},{"floor":31,"key":"SkillPotion"},{"floor":33,"key":"Weak Potion"},{"floor":46,"key":"blueLaboratory:BubblePotion"},{"floor":47,"key":"DistilledChaos"}],"is_trial":true,"path_per_floor":["M","?","?","$","?","R","R","$","T","R","E","M","E","E","R","B",null,"M","$","$","?","T","R","R","E","T","R","R","M","AVR","E","R","B",null,"M","?","?","$","E","R","R","R","T","$","AVR","E","M","?","R","B"],"character_chosen":"IRONCLAD","items_purchased":["Paper Frog","Strawberry","Sling","Replay:Wax Seal","Brimstone","infinitespire:EmpoweringShard"],"campfire_rested":0,"item_purchase_floors":[4,4,4,19,38,38],"current_hp_per_floor":[80,80,73,80,80,80,80,80,80,80,86,84,87,87,87,87,87,80,87,87,87,87,87,87,80,83,83,83,87,90,95,95,72,102,68,61,61,76,65,65,65,65,68,86,89,98,104,104,104,0,0],"gold":69,"neow_bonus":"","is_daily":false,"chose_seed":false,"campfire_upgraded":11,"win_rate":0.0,"timestamp":1608877427,"path_taken":["M","?","?","$","?","R","R","$","T","R","?","?","E","E","R","BOSS","M","?","$","?","?","R","R","E","T","R","R","?","AVR","?","R","BOSS","M","?","?","$","?","R","R","R","T","$","AVR","?","?","?","R","BOSS"],"items_purchased_type":["Relic","Relic","Relic","Relic","Relic","Relic"],"build_version":"2020-12-22","purchased_purges":7,"victory":false,"max_hp_per_floor":[80,80,80,87,87,87,87,87,87,87,87,87,87,87,87,87,87,87,87,87,87,87,87,87,90,93,93,93,93,96,99,99,102,102,102,105,105,105,108,108,108,108,111,114,117,120,120,120,120,120,120],"card_choices":[{"not_picked":["Havoc","Bloodletting"],"picked":"Heavy Blade","floor":0.0},{"not_picked":["ReplayTheSpireMod:Strike From Hell","Battle Trance"],"picked":"Clash","floor":0.0},{"not_picked":["Battle Trance","Perfected Strike"],"picked":"Flame Barrier","floor":0.0},{"not_picked":["Evolve","Blood for Blood"],"picked":"Headbutt","floor":0.0},{"not_picked":["Replay:Undeath\u0027s Touch","ReplayTheSpireMod:Strike From Hell"],"picked":"Flex","floor":0.0},{"not_picked":["Headbutt","Thunderclap"],"picked":"Cleave","floor":0.0},{"not_picked":["Warcry","Defy Death"],"picked":"Infernal Blade","floor":0.0},{"not_picked":["Clothesline","Clash"],"picked":"Searing Blow","floor":0.0},{"not_picked":["Second Wind","Wild Strike"],"picked":"Anger","floor":0.0},{"not_picked":["Headbutt","Wild Strike"],"picked":"Burning Pact","floor":0.0},{"not_picked":["Abandon","ReplayTheSpireMod:Strike From Hell"],"picked":"Clash","floor":0.0},{"not_picked":["Life Link","Ghostly Armor"],"picked":"Combust","floor":0.0},{"not_picked":["Shockwave","Clothesline"],"picked":"Cleave","floor":0.0},{"not_picked":["Abandon","ReplayTheSpireMod:Corrosion Curse"],"picked":"ReplayTheSpireMod:Strike From Hell","floor":0.0},{"not_picked":["Thunderclap","Wild Strike"],"picked":"Pommel Strike","floor":0.0},{"not_picked":["Armaments","True Grit","Anger"],"picked":"SKIP","floor":1.0},{"not_picked":["TH:BikiniMail"],"picked":"TH:ElvenBoots","floor":9.0},{"not_picked":["TH:DeckOfManyThings"],"picked":"TH:CopperCoins","floor":11.0},{"not_picked":["Juggernaut","Barricade","Feed"],"picked":"SKIP","floor":11.0},{"not_picked":["Headbutt","Heavy Blade","Replay:Undeath\u0027s Touch"],"picked":"SKIP","floor":12.0},{"not_picked":["Immolate","Berserk"],"picked":"Limit Break","floor":13.0},{"not_picked":["TH:EnergyPotion","TH:Mimic"],"picked":"SKIP","floor":13.0},{"not_picked":["TH:ArmorSpikes"],"picked":"TH:ElvenBoots","floor":14.0},{"not_picked":["Eclipse","Double Tap","Demonic Infusion"],"picked":"SKIP","floor":14.0},{"not_picked":["TH:ElvenBoots"],"picked":"TH:CursedSword","floor":16.0},{"not_picked":["Heavy Blade","Clash+1","Searing Blow+1"],"picked":"SKIP","floor":18},{"not_picked":["TH:TreasureMap"],"picked":"TH:Mimic","floor":22},{"not_picked":["TH:CopperCoins"],"picked":"TH:Mimic","floor":25},{"not_picked":["Double Tap","Offering","Feed"],"picked":"SKIP","floor":25},{"not_picked":["TH:ArmorSpikes"],"picked":"TH:ElvenBoots","floor":26},{"not_picked":["Headbutt","ReplayTheSpireMod:LeadingStrike","Evolve"],"picked":"SKIP","floor":29},{"not_picked":["TH:CursedSword"],"picked":"TH:EnergyPotion","floor":31},{"not_picked":["Juggernaut","Hemogenesis","Fiend Fire"],"picked":"SKIP","floor":31},{"not_picked":["TH:TreasureMap"],"picked":"TH:ElvenBoots","floor":33},{"not_picked":["infinitespire:OneForAll","Battle Trance","Massacre+1"],"picked":"SKIP","floor":35},{"not_picked":["Replay:Sssssssssstrike","Impatience"],"picked":"TH:BikiniMail","floor":36},{"not_picked":["Secret Weapon","PanicButton"],"picked":"Apotheosis","floor":36},{"not_picked":["Finesse","Replay:Sssssssssshield"],"picked":"TH:ArmorSpikes","floor":36},{"not_picked":["TH:BikiniMail"],"picked":"TH:CopperCoins","floor":39},{"not_picked":["Bludgeon","Impervious","Demonic Infusion"],"picked":"SKIP","floor":39},{"not_picked":["TH:TreasureMap"],"picked":"TH:CopperCoins","floor":43},{"not_picked":["TH:CopperCoins"],"picked":"TH:DeckOfManyThings","floor":46},{"not_picked":["Reaper","Eclipse"],"picked":"Limit Break","floor":46},{"not_picked":["Clothesline","Uppercut","Wild Strike+1"],"picked":"SKIP","floor":47}],"player_experience":36233,"relics_obtained":[{"floor":9.0,"key":"Replay:Baseball"},{"floor":11.0,"key":"Happy Flower"},{"floor":13.0,"key":"infinitespire:Beetle Shell"},{"floor":14.0,"key":"Omamori"},{"floor":22,"key":"Replay:Ringing Soul"},{"floor":25,"key":"Bottled Lightning"},{"floor":26,"key":"Mummified Hand"},{"floor":31,"key":"Gremlin Food"},{"floor":39,"key":"Calipers"},{"floor":43,"key":"Mirror"},{"floor":46,"key":"MawBank"}],"event_choices":[{"cards_removed":["ReplayTheSpireMod:Strike From Hell"],"damage_healed":0.0,"max_hp_gain":0.0,"max_hp_loss":0.0,"gold_gain":0.0,"event_name":"Golden Wing","player_choice":"Card Removal","floor":3.0,"gold_loss":0.0,"damage_taken":7.0},{"damage_healed":0.0,"max_hp_gain":0.0,"max_hp_loss":0.0,"gold_gain":0.0,"event_name":"Lab","player_choice":"Got Potions","floor":5.0,"gold_loss":0.0,"damage_taken":0.0},{"damage_healed":0,"gold_gain":0,"player_choice":"Inject Mutagens","damage_taken":0,"relics_obtained":["MutagenicStrength"],"max_hp_gain":0,"max_hp_loss":0,"event_name":"Drug Dealer","floor":21,"gold_loss":0},{"damage_healed":0,"gold_gain":0,"player_choice":"Memory 3","damage_taken":10,"max_hp_gain":0,"max_hp_loss":0,"event_name":"SensoryStone","floor":36,"gold_loss":0},{"damage_healed":0,"gold_gain":275,"player_choice":"Desecrate","damage_taken":0,"max_hp_gain":0,"max_hp_loss":0,"event_name":"Golden Shrine","floor":37,"gold_loss":0,"cards_obtained":["Regret"]},{"cards_removed":["infinitespire:FutureSight"],"damage_healed":0,"gold_gain":0,"player_choice":"Removed Skill","damage_taken":0,"max_hp_gain":0,"max_hp_loss":0,"event_name":"Falling","floor":48,"gold_loss":0}],"is_beta":false,"boss_relics":[{"not_picked":["Painkiller Herb","ReplayTheSpireMod:SealedPack"],"picked":"energizedSpire:OgreHead"},{"not_picked":["Velvet Choker","energizedSpire:SpiderWeb"],"picked":"SacredBark"}],"items_purged_floors":[4,19,20,30,38,44,45],"is_endless":false,"potions_floor_spawned":[11,16,25,31,33,46,47],"killed_by":"Donu and Deca","ascension_level":0}}