{"host":"1eo5f82aifdzd7pr","time":1608917071,"event":{"mods":["AchievementEnabler","BaseMod","Colored Map","Colored Powertips","DeckTracker","Minty Spire (QoL Compilation)","SuperFastMode"],"gold_per_floor":[113,113,123,134,150,150,164,164,191,191,206,220,91,103,103,177,177,196,96,96,106,106,106,106,106],"floor_reached":24,"playtime":1844,"items_purged":["Strike_P","Defend_P"],"score":396,"play_id":"351bd169-9225-48a4-bb9c-1b34c526883b","local_time":"20201225192431","is_ascension_mode":true,"campfire_choices":[{"data":"Eruption","floor":6,"key":"SMITH"},{"data":"ThirdEye","floor":8,"key":"SMITH"},{"data":"ForeignInfluence","floor":15,"key":"SMITH"},{"data":"Establishment","floor":23,"key":"SMITH"}],"circlet_count":0,"master_deck":["AscendersBane","Strike_P","Strike_P","Strike_P","Defend_P","Defend_P","Eruption+1","Vigilance","ThirdEye+1","BattleHymn","InnerPeace","Protect","Establishment+1","ThirdEye","ForeignInfluence+1","FollowUp","Scrawl","Protect"],"relics":["PureWater","MealTicket","Akabeko","Black Star"],"acts_visited":["Exordium","TheCity"],"potions_floor_usage":[18,18,18],"damage_taken":[{"damage":7,"enemies":"Small Slimes","floor":1,"turns":3},{"damage":0,"enemies":"Cultist","floor":3,"turns":3},{"damage":0,"enemies":"Jaw Worm","floor":4,"turns":4},{"damage":2,"enemies":"Blue Slaver","floor":5,"turns":5},{"damage":3,"enemies":"2 Fungi Beasts","floor":7,"turns":3},{"damage":2,"enemies":"Looter","floor":11,"turns":4},{"damage":0,"enemies":"Large Slime","floor":12,"turns":3},{"damage":0,"enemies":"Exordium Wildlife","floor":14,"turns":4},{"damage":0,"enemies":"Slime Boss","floor":16,"turns":7},{"damage":13,"enemies":"2 Thieves","floor":18,"turns":4},{"damage":7,"enemies":"Shell Parasite","floor":21,"turns":5},{"damage":73,"enemies":"Book of Stabbing","floor":24,"turns":7}],"seed_played":"8331665765387351725","potions_obtained":[{"floor":1,"key":"Explosive Potion"},{"floor":4,"key":"Energy Potion"},{"floor":14,"key":"EntropicBrew"}],"is_trial":false,"path_per_floor":["M","?","M","M","M","R","M","R","T","T","M","M","$","M","R","B",null,"M","$","?","M","?","R","E"],"character_chosen":"WATCHER","items_purchased":["FollowUp"],"campfire_rested":0,"item_purchase_floors":[13],"current_hp_per_floor":[58,58,58,58,56,56,53,53,53,53,51,51,66,66,66,66,71,58,72,72,65,65,65,0,0],"gold":106,"neow_bonus":"THREE_CARDS","is_daily":false,"chose_seed":false,"campfire_upgraded":4,"win_rate":0.0,"timestamp":1608917071,"path_taken":["M","?","M","?","?","R","M","R","T","?","M","M","$","M","R","BOSS","M","$","?","M","?","R","E"],"items_purchased_type":["Card"],"build_version":"2020-12-22","purchased_purges":2,"victory":false,"max_hp_per_floor":[72,72,72,72,72,72,72,72,72,72,72,72,72,72,72,72,72,72,72,72,72,72,72,72,72],"card_choices":[{"not_picked":["Protect","JustLucky"],"picked":"ThirdEye","floor":0},{"not_picked":["JustLucky","EmptyFist"],"picked":"BattleHymn","floor":1},{"not_picked":["ThirdEye","EmptyBody"],"picked":"Protect","floor":3},{"not_picked":["WindmillStrike","Prostrate"],"picked":"Establishment","floor":4},{"not_picked":["CutThroughFate","SashWhip"],"picked":"ThirdEye","floor":5},{"not_picked":["Wallop","Halt","Indignation"],"picked":"SKIP","floor":7},{"not_picked":["FearNoEvil","Protect"],"picked":"ForeignInfluence","floor":11},{"not_picked":["Halt","Swivel","JustLucky"],"picked":"SKIP","floor":12},{"not_picked":["MentalFortress","Study","Prostrate"],"picked":"SKIP","floor":14},{"not_picked":["MasterReality","Brilliance"],"picked":"Scrawl","floor":16},{"not_picked":["Prostrate","JustLucky","FlyingSleeves"],"picked":"SKIP","floor":18},{"not_picked":["Crescendo","Consecrate","JustLucky"],"picked":"SKIP","floor":21}],"player_experience":681535,"relics_obtained":[{"floor":9,"key":"MealTicket"},{"floor":10,"key":"Akabeko"}],"event_choices":[{"damage_healed":0,"gold_gain":0,"cards_transformed":["Defend_P"],"player_choice":"Transformed","damage_taken":0,"max_hp_gain":0,"max_hp_loss":0,"event_name":"Transmorgrifier","floor":2,"gold_loss":0,"cards_obtained":["InnerPeace"]},{"damage_healed":0,"gold_gain":0,"player_choice":"Read","damage_taken":0,"max_hp_gain":0,"max_hp_loss":0,"event_name":"The Library","floor":20,"gold_loss":0,"cards_obtained":["Protect"]},{"damage_healed":0,"gold_gain":0,"player_choice":"Ignored","damage_taken":0,"max_hp_gain":0,"max_hp_loss":0,"event_name":"Vampires","floor":22,"gold_loss":0}],"is_beta":false,"boss_relics":[{"not_picked":["Snecko Eye","Velvet Choker"],"picked":"Black Star"}],"items_purged_floors":[13,19],"is_endless":false,"potions_floor_spawned":[1,4,12,14,16],"killed_by":"Book of Stabbing","ascension_level":13}}