{"host":"zh06ha8197vgjo02","time":1608894200,"event":{"mods":["AchievementEnabler","Arknights The Spire","BaseMod","Better Skull","CapriCore","DeckTracker","GifTheSpireLib","Hermit","Koishi","Marisa£¨Ùöéë¡¡Øª×âÞÞ£©","Minty Spire (QoL Compilation)","Reimu£¨ÚÏ???£©","StSLib","SuperFastMode","Td1madao Mod","The Cursed","The Dragon Tamer","The Immortal","TheBandit"],"gold_per_floor":[114,114,129,129,129,162,162,194,220,237,237,263,276,287,287,387,387,398,308,322,322,282,282,316,316,316,329,329,355,99,99,99],"floor_reached":31,"playtime":1115,"items_purged":[],"score":306,"play_id":"9d937337-3417-43f0-b872-ded6fe36c563","local_time":"20201225200320","is_ascension_mode":true,"campfire_choices":[{"data":"Magnetism","floor":7,"key":"SMITH"},{"data":"UpSweep","floor":11,"key":"SMITH"},{"floor":15,"key":"REST"},{"data":"FinalSpark","floor":23,"key":"SMITH"},{"floor":25,"key":"REST"},{"floor":28,"key":"REST"}],"circlet_count":0,"master_deck":["Strike_MRS","Strike_MRS","Defend_MRS+1","Defend_MRS","Defend_MRS","MasterSpark+1","UpSweep+1","Magnetism+1","WitchLeyline","PowerUp","OortCloud","SuperNova","PowerUp","FinalSpark+1","AsteroidBelt","EscapeVelocity","Singularity","WitchLeyline","AsteroidBelt"],"relics":["MiniHakkero","ats:Originium","Mastiff:ReiMu","ats:Originium","Blue Candle","Nunchaku","ats:Originium","InkBottle","RampagingMagicTools","ZunR:ReiMu","ats:Originium","Letter Opener","Bottled Lightning","BreadOfAWashokuLover","AmplifyWand"],"acts_visited":["Exordium","TheCity"],"potions_floor_usage":[12,14,16,20,31,31],"damage_taken":[{"damage":0,"enemies":"Small Slimes","floor":1,"turns":4},{"damage":0,"enemies":"Cultist","floor":3,"turns":3},{"damage":17,"enemies":"Gremlin Nob","floor":6,"turns":4},{"damage":10,"enemies":"3 Sentries","floor":8,"turns":6},{"damage":0,"enemies":"Jaw Worm","floor":10,"turns":3},{"damage":16,"enemies":"Gremlin Nob","floor":12,"turns":4},{"damage":6,"enemies":"Looter","floor":13,"turns":3},{"damage":0,"enemies":"Large Slime","floor":14,"turns":4},{"damage":2,"enemies":"Slime Boss","floor":16,"turns":8},{"damage":8,"enemies":"Spheric Guardian","floor":18,"turns":4},{"damage":18,"enemies":"2 Thieves","floor":20,"turns":4},{"damage":27,"enemies":"Gremlin Leader","floor":24,"turns":8},{"damage":0,"enemies":"3 Cultists","floor":27,"turns":3},{"damage":34,"enemies":"Book of Stabbing","floor":29,"turns":4},{"damage":35,"enemies":"Slavers","floor":31,"turns":1}],"seed_played":"-7155691214605875504","potions_obtained":[{"floor":6,"key":"Weak Potion"},{"floor":13,"key":"Fire Potion"},{"floor":14,"key":"ColorlessPotion"},{"floor":16,"key":"BottledSpark"},{"floor":24,"key":"ZuzhouPotion:ReiMu"},{"floor":27,"key":"FearPotion"},{"floor":29,"key":"BottledSpark"}],"is_trial":false,"path_per_floor":["M","?","M","?","?","E","R","E","T","M","R","E","M","M","R","B",null,"M","?","M","?","?","R","E","R","T","M","R","E","$","E"],"character_chosen":"MARISA","items_purchased":["AmplifyWand"],"campfire_rested":3,"item_purchase_floors":[30],"current_hp_per_floor":[68,68,68,68,68,51,51,41,41,41,41,25,19,19,39,37,68,60,60,42,42,42,42,15,35,35,35,55,21,21,0,0],"gold":99,"neow_bonus":"RANDOM_COLORLESS_2","is_daily":false,"chose_seed":false,"campfire_upgraded":3,"win_rate":0.0,"timestamp":1608894200,"path_taken":["M","?","?","?","?","E","R","E","T","M","R","E","M","?","R","BOSS","M","?","?","?","?","R","E","R","T","M","R","E","$","E"],"items_purchased_type":["Relic"],"build_version":"2020-12-22","purchased_purges":0,"victory":false,"max_hp_per_floor":[68,68,68,68,68,68,68,68,68,68,68,68,68,68,68,68,68,68,68,68,68,68,68,68,68,68,68,68,68,68,68,68],"card_choices":[{"not_picked":["Metamorphosis","Mayhem"],"picked":"Magnetism","floor":0},{"not_picked":["MysteriousBeam","DoubleSpark"],"picked":"WitchLeyline","floor":1},{"not_picked":["IllusionStar","MysteriousBeam"],"picked":"PowerUp","floor":3},{"not_picked":["GravityBeat","WitchOfGreed"],"picked":"OortCloud","floor":6},{"not_picked":["MagicAbsorber","OrrerysSun"],"picked":"SuperNova","floor":8},{"not_picked":["DC","AsteroidBelt"],"picked":"PowerUp","floor":10},{"not_picked":["LuminesStrike","AsteroidBelt"],"picked":"FinalSpark","floor":12},{"not_picked":["DeepEcoloBomb","Occultation","MilkyWay"],"picked":"SKIP","floor":13},{"not_picked":["NonDirectionalLaser","PowerUp"],"picked":"AsteroidBelt","floor":14},{"not_picked":["JA","AbsoluteMagnitude"],"picked":"EscapeVelocity","floor":16},{"not_picked":["OortCloud","GrandCross+1","EnergyRecoil+1"],"picked":"SKIP","floor":18},{"not_picked":["UnstableBomb+1","MagicChant+1"],"picked":"Singularity","floor":20},{"not_picked":["ShootingEcho","ManaConvection","ShootTheMoon"],"picked":"SKIP","floor":24},{"not_picked":["DoubleSpark","OneTimeOff+1"],"picked":"WitchLeyline","floor":27},{"not_picked":["DeepEcoloBomb","SatelliteIllusion"],"picked":"AsteroidBelt","floor":29}],"player_experience":671613,"relics_obtained":[{"floor":6,"key":"ats:Originium"},{"floor":6,"key":"Mastiff:ReiMu"},{"floor":8,"key":"ats:Originium"},{"floor":8,"key":"Blue Candle"},{"floor":9,"key":"Nunchaku"},{"floor":12,"key":"ats:Originium"},{"floor":12,"key":"InkBottle"},{"floor":24,"key":"ats:Originium"},{"floor":24,"key":"Letter Opener"},{"floor":26,"key":"Bottled Lightning"},{"floor":29,"key":"BreadOfAWashokuLover"}],"event_choices":[{"cards_removed":["Strike_MRS"],"damage_healed":0,"gold_gain":0,"player_choice":"Purged","damage_taken":0,"max_hp_gain":0,"max_hp_loss":0,"event_name":"Purifier","floor":2,"gold_loss":0},{"damage_healed":0,"gold_gain":0,"player_choice":"Grow","damage_taken":0,"max_hp_gain":0,"max_hp_loss":0,"event_name":"Living Wall","floor":4,"gold_loss":0,"cards_upgraded":["MasterSpark"]},{"cards_removed":["Strike_MRS"],"damage_healed":0,"gold_gain":0,"player_choice":"Offered Basic","damage_taken":0,"max_hp_gain":0,"max_hp_loss":0,"event_name":"Bonfire Elementals","floor":5,"gold_loss":0},{"cards_removed":["Defend_MRS"],"damage_healed":0,"gold_gain":0,"player_choice":"Upgrade and Remove","damage_taken":0,"max_hp_gain":0,"max_hp_loss":0,"event_name":"Designer","floor":19,"gold_loss":90,"cards_upgraded":["Defend_MRS"]},{"damage_healed":0,"gold_gain":0,"player_choice":"Ignored","damage_taken":0,"max_hp_gain":0,"max_hp_loss":0,"event_name":"Vampires","floor":21,"gold_loss":0},{"damage_healed":0,"gold_gain":0,"player_choice":"Keep O-miki","damage_taken":0,"relics_obtained":["ZunR:ReiMu"],"max_hp_gain":0,"max_hp_loss":0,"event_name":"ZunEvent","floor":22,"gold_loss":40}],"is_beta":false,"boss_relics":[{"not_picked":["Sozu","SlaversCollar"],"picked":"RampagingMagicTools"}],"items_purged_floors":[],"is_endless":false,"potions_floor_spawned":[6,13,14,16,24,27,29],"killed_by":"Slavers","ascension_level":1}}