{"host":"3q8x5nua6nulvkr6","time":1608860030,"event":{"mods":["Aspiration","BaseMod","Better Note","BetterRewards","Colored Map","Colored Powertips","Conspire","GifTheSpireLib","Hubris","Infinite Spire","Minty Spire (QoL Compilation)","Rare Cards Sparkle","Replay The Spire","StSLib","Stuff the Spire","Wandering Minibosses"],"gold_per_floor":[117,128,27,27,42,70,70,98,98,110,110,128,70,70,70,178,178,206,215,230,244,255,255,290,290,315,363,378,396,396,415,415,526,526,539,539,151,151,151,185,185,185,240,283,303,0,0,0,0,0],"floor_reached":51,"playtime":1960,"items_purged":["Gash","Replay:Undeath\u0027s Touch","Bane","conspire:DoublingDagger+1"],"score":1156,"play_id":"107f1cd0-b880-4618-96b5-3b772efe9dd2","local_time":"20201224203350","daily_mods":["SealedDeck","Red Cards","Green Cards","Blue Cards","Purple Cards"],"is_ascension_mode":true,"campfire_choices":[{"data":"Streamline","floor":7,"key":"SMITH"},{"data":"conspire:DoublingDagger","floor":11,"key":"SMITH"},{"data":"Poisoned Stab","floor":15,"key":"SMITH"},{"data":"Die Die Die","floor":23,"key":"SMITH"},{"data":"Beam Cell","floor":25,"key":"SMITH"},{"data":"Pot Of Greed","floor":32,"key":"SMITH"},{"data":"Pot Of Greed","floor":42,"key":"SMITH"},{"floor":49,"key":"REST"}],"circlet_count":0,"master_deck":["Replay:Cycle","Replay:Cycle","Evaluate","Backflip","Poisoned Stab+1","BootSequence","Sweeping Beam","Beam Cell+1","Die Die Die+1","hubris:InfiniteBlow+260","Pot Of Greed+1","Pot Of Greed+1","infinitespire:Neurotoxin","Seek"],"relics":["StuffTheSpire:OccultApparatus","Blue Doll","aspiration:FetidBarrel","infinitespire:Freezer","CeramicFish","conspire:SpecialSausage","StuffTheSpire:ColdMirror","Replay:Baseball","infinitespire:Beetle Shell","Grinning Jar","conspire:RoyalGoblet","Incense Burner","infinitespire:Eraser","StuffTheSpire:Gunfinga","Regal Pillow","Red Mask","Ornamental Fan","Pet Ghost"],"acts_visited":["Exordium","TheCity","TheBeyond"],"potions_floor_usage":[40],"damage_taken":[{"damage":0,"enemies":"Jaw Worm","floor":1,"turns":2},{"damage":0,"enemies":"Cultist","floor":2,"turns":3},{"damage":0,"enemies":"conspire:RoseBush","floor":5,"turns":2},{"damage":0,"enemies":"Replay:BlueRogue","floor":6,"turns":3},{"damage":14,"enemies":"Gremlin Nob","floor":8,"turns":3},{"damage":1,"enemies":"Exordium Thugs","floor":10,"turns":3},{"damage":0,"enemies":"3 Louse","floor":12,"turns":2},{"damage":0,"enemies":"Fading Forest","floor":16,"turns":11},{"damage":0,"enemies":"Shell Parasite","floor":18,"turns":2},{"damage":0,"enemies":"Chosen","floor":20,"turns":2},{"damage":0,"enemies":"Sentry and Sphere","floor":21,"turns":2},{"damage":0,"enemies":"Centurion and Healer","floor":22,"turns":3},{"damage":0,"enemies":"Book of Stabbing","floor":24,"turns":1},{"damage":0,"enemies":"Replay:Snechameleon","floor":27,"turns":1},{"damage":4,"enemies":"Snake Plant","floor":28,"turns":2},{"damage":0,"enemies":"Snecko","floor":29,"turns":1},{"damage":0,"enemies":"Chosen and Byrds","floor":31,"turns":2},{"damage":0,"enemies":"Automaton","floor":33,"turns":1},{"damage":2,"enemies":"3 Shapes","floor":35,"turns":2},{"damage":0,"enemies":"R_Hoarder","floor":40,"turns":4},{"damage":0,"enemies":"Reptomancer","floor":44,"turns":1},{"damage":0,"enemies":"Orb Walker","floor":45,"turns":1},{"damage":0,"enemies":"Time Eater","floor":50,"turns":1}],"seed_played":"576658378737172647","potions_obtained":[{"floor":2,"key":"FearPotion"},{"floor":4,"key":"infinitespire:BlackPotion"},{"floor":4,"key":"FairyPotion"},{"floor":4,"key":"GamblersBrew"},{"floor":5,"key":"SpeedPotion"},{"floor":10,"key":"Regen Potion"},{"floor":16,"key":"Explosive Potion"},{"floor":40,"key":"FocusPotion"}],"is_trial":true,"path_per_floor":["M","M","$","?","M","E","R","E","T","M","R","M","?","$","R","B",null,"M","AVR","M","M","M","R","E","R","T","E","M","M","?","M","R","B",null,"M","?","$","?","?","E","?","R","T","E","M","?","T","AVR","R","B",null],"character_chosen":"DEFECT","items_purchased":["Beam Cell","Incense Burner"],"campfire_rested":1,"item_purchase_floors":[3,37],"current_hp_per_floor":[75,75,75,75,75,75,75,61,61,60,60,60,60,60,60,70,75,75,75,75,75,75,75,75,75,75,75,71,71,71,71,71,71,75,73,75,75,75,75,75,75,75,75,75,75,75,75,75,75,75],"gold":0,"neow_bonus":"","is_daily":false,"chose_seed":false,"campfire_upgraded":7,"win_rate":0.0,"timestamp":1608860030,"path_taken":["M","M","$","?","?","E","R","E","T","M","R","M","?","$","R","BOSS","M","AVR","?","M","M","R","E","R","T","E","M","M","?","M","R","BOSS","M","?","$","?","?","E","?","R","T","E","M","?","?","AVR","R","BOSS"],"items_purchased_type":["Card","Relic"],"build_version":"2020-12-22","purchased_purges":4,"victory":true,"max_hp_per_floor":[75,75,75,75,75,75,75,75,75,75,75,75,75,75,75,75,75,75,75,75,75,75,75,75,75,75,75,75,75,75,75,75,75,75,75,75,75,75,75,75,75,75,75,75,75,75,75,75,75,75],"card_choices":[{"not_picked":["Self Repair","Halt"],"picked":"conspire:DoublingDagger","floor":1},{"not_picked":["Chaos","StuffTheSpire:LoadUp","Streamline"],"picked":"SKIP","floor":2},{"not_picked":["Terror","Iron Wave","EmptyBody"],"picked":"SKIP","floor":5},{"not_picked":["StuffTheSpire:Slingshot","Darkness","Prepared"],"picked":"SKIP","floor":6},{"not_picked":["Underhanded Strike","Pummel","BasicCrystalCard"],"picked":"SKIP","floor":8},{"not_picked":["StuffTheSpire:Slingshot","Hemokinesis","Rebound"],"picked":"SKIP","floor":10},{"not_picked":["Sword Boomerang","Acrobatics","Wild Strike"],"picked":"SKIP","floor":12},{"not_picked":["Meteor Strike","Immolate"],"picked":"Die Die Die","floor":16},{"not_picked":["Quick Slash","Consecrate+1"],"picked":"Bane","floor":18},{"not_picked":["Infernal Blade","StuffTheSpire:GlassShard","StuffTheSpire:ClusterCrunch"],"picked":"SKIP","floor":20},{"not_picked":["Dual Wield+1","StuffTheSpire:Repulse+1","ReplayTheSpireMod:Tripwire"],"picked":"SKIP","floor":21},{"not_picked":["Replay:BluntJabs","aspiration:Polymerization+1","PiercingWail"],"picked":"SKIP","floor":22},{"not_picked":["Replay:Anticipation+1","Quick Slash","Halt"],"picked":"SKIP","floor":24},{"not_picked":["Time Bomb","Barrage","Wild Strike"],"picked":"SKIP","floor":27},{"not_picked":["Go for the Eyes","CutThroughFate+1","hubris:Ukulele+1"],"picked":"SKIP","floor":28},{"not_picked":["CutThroughFate","Tantrum+1","Seek"],"picked":"SKIP","floor":29},{"not_picked":["Backstab","Run Through","Spot Weakness"],"picked":"SKIP","floor":31},{"not_picked":["Thunder Strike","Buffer"],"picked":"infinitespire:Neurotoxin","floor":33},{"not_picked":["StuffTheSpire:NuclearReactor+1","Hidden Blade+1","Turbo+1"],"picked":"SKIP","floor":35},{"not_picked":["Tactician+1","Tantrum+1","Gash"],"picked":"SKIP","floor":40},{"not_picked":["Body Slam+1","StuffTheSpire:Slingshot"],"picked":"Seek","floor":44},{"not_picked":["Metallicize+1","Sucker Punch+1","BasicCrystalCard"],"picked":"SKIP","floor":45},{"not_picked":["Metallicize+1","Sucker Punch+1","BasicCrystalCard"],"picked":"SKIP","floor":45}],"player_experience":1020058,"relics_obtained":[{"floor":6,"key":"Blue Doll"},{"floor":8,"key":"aspiration:FetidBarrel"},{"floor":9,"key":"infinitespire:Freezer"},{"floor":24,"key":"Replay:Baseball"},{"floor":26,"key":"infinitespire:Beetle Shell"},{"floor":27,"key":"Grinning Jar"},{"floor":40,"key":"infinitespire:Eraser"},{"floor":43,"key":"StuffTheSpire:Gunfinga"},{"floor":44,"key":"Regal Pillow"},{"floor":47,"key":"Ornamental Fan"}],"event_choices":[{"damage_healed":0,"gold_gain":0,"player_choice":"Got Potions","damage_taken":0,"max_hp_gain":0,"max_hp_loss":0,"event_name":"Lab","floor":4,"gold_loss":0},{"damage_healed":0,"gold_gain":0,"player_choice":"Paid Gold","damage_taken":0,"relics_obtained":["CeramicFish"],"max_hp_gain":0,"max_hp_loss":0,"event_name":"WeMeetAgain","floor":13,"gold_loss":58},{"cards_removed":["conspire:DoublingDagger"],"damage_healed":0,"gold_gain":0,"player_choice":"Give","damage_taken":0,"max_hp_gain":0,"max_hp_loss":0,"event_name":"betterNote:BetterNote","floor":30,"gold_loss":0,"cards_obtained":["Strike_B"]},{"damage_healed":0,"gold_gain":0,"player_choice":"Leave","damage_taken":0,"max_hp_gain":0,"max_hp_loss":0,"event_name":"conspire:Investor","floor":38,"gold_loss":0},{"cards_removed":["Streamline"],"damage_healed":0,"gold_gain":0,"player_choice":"Removed Attack","damage_taken":0,"max_hp_gain":0,"max_hp_loss":0,"event_name":"Falling","floor":41,"gold_loss":0},{"damage_healed":0,"gold_gain":0,"player_choice":"Paid","damage_taken":0,"relics_obtained":["Red Mask"],"max_hp_gain":0,"max_hp_loss":0,"event_name":"Tomb of Lord Red Mask","floor":46,"gold_loss":303}],"is_beta":false,"boss_relics":[{"not_picked":["Ectoplasm","Replay:Bronze Core"],"picked":"conspire:SpecialSausage"},{"not_picked":["Abe\u0027s Treasure","hubris:HollowSoul"],"picked":"conspire:RoyalGoblet"}],"items_purged_floors":[3,19,37,48],"is_endless":false,"potions_floor_spawned":[2,5,8,10,16,20,22,28,31,33,35,40,45],"ascension_level":1}}