{"host":"gkh5j5k5w4qf7k7n","time":1608873899,"event":{"mods":["2.2 Compatiblity","AchievementEnabler","Arknights The Spire","BaseMod","Colored Map","Colored Powertips","GifTheSpireLib","Keyboard Shortcuts","Minty Spire (QoL Compilation)","Quick Restart","StSLib","SuperFastMode","The Construct","The Dragon Tamer","The Marked","TheBandit","¡¼?Úª?ø«¡½REMEMod"],"gold_per_floor":[119,219,237,237,250,284,284,314,341,133,133,144,154,165,165,165,165],"floor_reached":16,"playtime":673,"items_purged":["ats:Strike V"],"score":112,"play_id":"72029e5c-4d30-4d3b-b34f-07e1a55f00a5","local_time":"20201225142459","is_ascension_mode":false,"campfire_choices":[{"data":"ats:Guardian Obelisk","floor":7,"key":"SMITH"},{"floor":11,"key":"REST"},{"data":"REME_MagicPocketWatch","floor":15,"key":"SMITH"}],"circlet_count":0,"master_deck":["ats:Strike C","ats:Strike G","ats:Strike S","ats:Armor Crushing Shot","ats:Defend","ats:Defend","ats:Defend+1","ats:Defend","ats:Emotion Absorption+1","Offering","ats:Ignite","ats:Guardian Obelisk+1","ats:True Silver Slash","ats:Mental Burst","ats:Defend Order","REME_MagicPocketWatch+1","ats:Assault Order"],"relics":["ats:Sanity","REME_ComplimentaryCards","NeowsBlessing","War Paint","ats:Originium","PreservedInsect","ats:Originium","ats:Bonebreaker","Anchor"],"acts_visited":["Exordium"],"potions_floor_usage":[8,16],"damage_taken":[{"damage":0.0,"enemies":"Small Slimes","floor":1.0,"turns":2.0},{"damage":0.0,"enemies":"Cultist","floor":3.0,"turns":1.0},{"damage":0,"enemies":"2 Louse","floor":5,"turns":1},{"damage":34,"enemies":"Gremlin Nob","floor":6,"turns":4},{"damage":26,"enemies":"Lagavulin","floor":8,"turns":4},{"damage":6,"enemies":"Gremlin Gang","floor":12,"turns":3},{"damage":8,"enemies":"Exordium Thugs","floor":13,"turns":3},{"damage":0,"enemies":"Blue Slaver","floor":14,"turns":2},{"damage":19,"enemies":"Slime Boss","floor":16,"turns":6}],"seed_played":"746688641868878302","potions_obtained":[{"floor":3,"key":"BlessingOfTheForge"},{"floor":6,"key":"Energy Potion"},{"floor":14,"key":"SneckoOil"}],"is_trial":false,"path_per_floor":["M","?","M","?","M","E","R","E","T","$","R","M","M","M","R","B"],"character_chosen":"DOCTOR_CLASS","items_purchased":["REME_MagicPocketWatch","ats:Assault Order"],"campfire_rested":1,"item_purchase_floors":[10,10],"current_hp_per_floor":[72,72,72,72,72,38,38,12,12,12,33,27,19,19,19,0,0],"gold":165,"neow_bonus":"THREE_ENEMY_KILL","is_daily":false,"chose_seed":false,"campfire_upgraded":2,"win_rate":0.0,"timestamp":1608873899,"path_taken":["M","?","?","?","M","E","R","E","T","$","R","M","M","M","R","BOSS"],"items_purchased_type":["Card","Card"],"build_version":"2020-12-22","purchased_purges":1,"victory":false,"max_hp_per_floor":[72,72,72,72,72,72,72,72,72,72,72,72,72,72,72,72,72],"card_choices":[{"not_picked":["ats:Flexible Camouflage","ats:Revitalization"],"picked":"ats:Ignite","floor":1.0},{"not_picked":["ats:Consecutive Shot Auto","ats:Flexible Camouflage"],"picked":"ats:Guardian Obelisk","floor":3},{"not_picked":["ats:Cat Scratch","ats:Sunburst"],"picked":"ats:True Silver Slash","floor":5},{"not_picked":["ats:Guardian Obelisk","ats:Poison Spread"],"picked":"ats:Mental Burst","floor":6},{"not_picked":["ats:Closed Bolt Burst Fire","ats:Mental Burst"],"picked":"ats:Defend Order","floor":8},{"not_picked":["ats:Encircling Forest","ats:Directed Diagnosis","ats:Revitalization"],"picked":"SKIP","floor":12},{"not_picked":["ats:Explosion Area Strengthen","ats:Poison Spread","ats:Apocalypse"],"picked":"SKIP","floor":13},{"not_picked":["ats:Powerful Strike","ats:Neurotoxin","ats:Steam Pump"],"picked":"SKIP","floor":14}],"player_experience":929068,"relics_obtained":[{"floor":6,"key":"ats:Originium"},{"floor":6,"key":"PreservedInsect"},{"floor":8,"key":"ats:Originium"},{"floor":8,"key":"ats:Bonebreaker"},{"floor":9,"key":"Anchor"}],"event_choices":[{"damage_healed":0.0,"max_hp_gain":0.0,"max_hp_loss":0.0,"gold_gain":100.0,"event_name":"Golden Shrine","player_choice":"Pray","floor":2.0,"gold_loss":0.0,"damage_taken":0.0},{"damage_healed":0,"gold_gain":0,"player_choice":"Gave Potion","damage_taken":0,"relics_obtained":["War Paint"],"max_hp_gain":0,"max_hp_loss":0,"event_name":"WeMeetAgain","floor":4,"gold_loss":0}],"is_beta":false,"boss_relics":[],"items_purged_floors":[10],"is_endless":false,"potions_floor_spawned":[3,6,14],"killed_by":"Slime Boss","ascension_level":0}}