{"host":"v4tuy5ykrbdcm9o9","time":1608878841,"event":{"mods":["BaseMod","Duelist Mod","Minty Spire (QoL Compilation)","Replay The Spire","StSLib"],"gold_per_floor":[119,139,151,166,177,204,204,169,169,200,213,213,223,240,240,344,344,361,111,111,62,81,109,109,438,516,516,551,570,46,66,66,169,169,181,229,229,244,320,352,352,367,367,379,379,389,418,418,418,418,418,418,4,38,38],"floor_reached":56,"playtime":8063,"items_purged":[],"score":1562,"play_id":"a6c3e91b-a08e-4e55-aa98-6ee1eae78f36","local_time":"20201225014721","is_ascension_mode":true,"campfire_choices":[{"floor":7.0,"key":"REST"},{"data":"Replay:ManipulateFuture","floor":12.0,"key":"SMITH"},{"data":"Replay:LoomingThreat","floor":15.0,"key":"SMITH"},{"data":"Apotheosis","floor":24.0,"key":"SMITH"},{"floor":27.0,"key":"REST"},{"data":"Establishment","floor":32.0,"key":"SMITH"},{"floor":41,"key":"REST"},{"floor":45,"key":"RECALL"},{"floor":49,"key":"REST"},{"data":"DevaForm","floor":52,"key":"SMITH"}],"circlet_count":0,"master_deck":["Strike_P","Strike_P","Strike_P","Strike_P+1","Defend_P","Defend_P","Defend_P","Defend_P","Eruption","Vigilance","Crescendo","WindmillStrike","CutThroughFate","Consecrate","FearNoEvil+1","Replay:LoomingThreat+1","Replay:ManipulateFuture+1","CutThroughFate","FollowUp","Perseverance","Replay:LoomingThreat","Replay:BluntJabs+1","Apotheosis+1","Replay:ManipulateFuture","Sanctity","EmptyBody","Replay:AtTheReady+1","Establishment+1","Replay:BluntJabs+1","Judgement","Weave","Replay:Cycle","Replay:LoomingThreat","ThirdEye+1","Replay:Hum+1","Replay:ManipulateFuture","Indignation+1","Parasite","DevaForm+1","Nirvana","Weave+1","Replay:ManipulateFuture+1","Wireheading+1","Crescendo+1"],"relics":["PureWater","Ancient Tea Set","ReplayTheSpireMod:Lightbulb","Iron Hammer","Pen Nib","Honey Jar","Du-Vu Doll","Old Coin","Replay:Ringing Soul","Whetstone","Meat on the Bone","Philosopher\u0027s Stone","Pondfish Scales","Quantum Egg","ReplayFunnel","Blood Vial","Replay:Mystery Machine","GoldenEye","White Beast Statue"],"acts_visited":["Exordium","TheCity","TheBeyond","TheEnding"],"potions_floor_usage":[40,44,55,55,55,55],"damage_taken":[{"damage":0.0,"enemies":"Cultist","floor":1.0,"turns":2.0},{"damage":2.0,"enemies":"2 Louse","floor":2.0,"turns":3.0},{"damage":3.0,"enemies":"Small Slimes","floor":3.0,"turns":3.0},{"damage":10.0,"enemies":"Red Slaver","floor":4.0,"turns":3.0},{"damage":10.0,"enemies":"Lots of Slimes","floor":5.0,"turns":3.0},{"damage":26.0,"enemies":"Lagavulin","floor":6.0,"turns":7.0},{"damage":4.0,"enemies":"3 Sentries","floor":10.0,"turns":4.0},{"damage":0.0,"enemies":"2 Fungi Beasts","floor":11.0,"turns":3.0},{"damage":0.0,"enemies":"Looter","floor":13.0,"turns":2.0},{"damage":0.0,"enemies":"Red Slaver","floor":14.0,"turns":2.0},{"damage":37.0,"enemies":"The Guardian","floor":16.0,"turns":7.0},{"damage":20.0,"enemies":"2 Thieves","floor":18.0,"turns":3.0},{"damage":0.0,"enemies":"Spheric Guardian","floor":22.0,"turns":2.0},{"damage":1.0,"enemies":"theDuelist:KaibaA2","floor":23.0,"turns":3.0},{"damage":0.0,"enemies":"Replay:Snechameleon","floor":25.0,"turns":3.0},{"damage":0.0,"enemies":"theDuelist:KaibaA2","floor":28.0,"turns":3.0},{"damage":2.0,"enemies":"Snecko","floor":29.0,"turns":4.0},{"damage":0.0,"enemies":"Snake Plant","floor":31.0,"turns":2.0},{"damage":49.0,"enemies":"Pondfish","floor":33.0,"turns":5.0},{"damage":26.0,"enemies":"3 Darklings","floor":35.0,"turns":3.0},{"damage":22,"enemies":"2 Orb Walkers","floor":36,"turns":3},{"damage":0,"enemies":"Orb Walker","floor":38,"turns":2},{"damage":0,"enemies":"Giant Head","floor":40,"turns":4},{"damage":0,"enemies":"Writhing Mass","floor":42,"turns":3},{"damage":0,"enemies":"Spire Growth","floor":44,"turns":3},{"damage":0,"enemies":"3 Darklings","floor":46,"turns":3},{"damage":23,"enemies":"Nemesis","floor":47,"turns":5},{"damage":45,"enemies":"Time Eater","floor":50,"turns":7},{"damage":40,"enemies":"Shield and Spear","floor":54,"turns":6},{"damage":70,"enemies":"The Heart","floor":55,"turns":9}],"seed_played":"-664483148949166213","potions_obtained":[{"floor":2.0,"key":"Doom Potion"},{"floor":3.0,"key":"Ancient Potion"},{"floor":4.0,"key":"Swift Potion"},{"floor":10.0,"key":"SpeedPotion"},{"floor":13.0,"key":"Dexterity Potion"},{"floor":16.0,"key":"Regen Potion"},{"floor":20.0,"key":"Adrenaline Potion"},{"floor":20.0,"key":"Swift Potion"},{"floor":20.0,"key":"Fire Potion"},{"floor":25.0,"key":"Elixir"},{"floor":31.0,"key":"Explosive Potion"},{"floor":36,"key":"SkillPotion"},{"floor":38,"key":"ColorlessPotion"},{"floor":40,"key":"LiquidMemories"},{"floor":47,"key":"StancePotion"}],"is_trial":false,"path_per_floor":["M","M","M","M","M","E","R","?","T","E","M","R","M","M","R","B",null,"M","$","?","$","M","E","R","E","T","R","E","M","$","M","R","B",null,"M","?","?","M","T","E","R","M","T","M","R","M","E","?","R","B",null,"R","$","E","B",null],"character_chosen":"WATCHER","items_purchased":["SandsOfTime","Apotheosis","Replay:ManipulateFuture","Judgement","Weave","Meat on the Bone","AttackPotion","Wireheading+1","GoldenEye","BottledMiracle"],"campfire_rested":4,"item_purchase_floors":[19,19,21,30,30,30,30,53,53,53],"current_hp_per_floor":[72,70,67,57,47,21,42,60,60,56,56,56,56,56,56,19,72,57,57,57,57,57,56,56,56,56,72,75,76,79,82,82,48,87,64,57,57,60,60,63,92,95,95,100,100,105,87,87,111,66,111,111,114,77,21],"gold":38,"neow_bonus":"RANDOM_COMMON_RELIC","is_daily":false,"chose_seed":false,"campfire_upgraded":5,"win_rate":0.0,"timestamp":1608878841,"path_taken":["M","M","M","M","?","E","R","?","T","E","M","R","M","M","R","BOSS","M","$","?","$","M","E","R","E","T","R","E","?","?","M","R","BOSS","M","?","?","?","?","E","R","M","T","M","R","M","E","?","R","BOSS","R","$","E","BOSS"],"items_purchased_type":["Card","Card","Card","Card","Card","Relic","Potion","Card","Relic","Potion"],"build_version":"2020-12-22","purchased_purges":0,"victory":true,"max_hp_per_floor":[72,72,72,72,72,72,72,72,72,72,72,72,72,72,72,72,72,72,72,72,72,72,72,72,72,72,72,75,78,81,84,84,87,87,90,93,93,96,96,99,99,102,102,105,105,108,111,111,111,111,111,111,114,117,117],"card_choices":[{"not_picked":["PathToVictory","Evaluate"],"picked":"Crescendo","floor":1.0},{"not_picked":["Swivel","ClearTheMind"],"picked":"WindmillStrike","floor":2.0},{"not_picked":["Crescendo","Worship"],"picked":"CutThroughFate","floor":3.0},{"not_picked":["Swivel","Replay:BluntJabs"],"picked":"Consecrate","floor":4.0},{"not_picked":["InnerPeace","ThirdEye"],"picked":"FearNoEvil","floor":5.0},{"not_picked":["InnerPeace","BowlingBash"],"picked":"Replay:LoomingThreat","floor":6.0},{"not_picked":["Protect","Replay:AtTheReady"],"picked":"Replay:ManipulateFuture","floor":10.0},{"not_picked":["SashWhip","Crescendo"],"picked":"CutThroughFate","floor":11.0},{"not_picked":["Wallop","FlyingSleeves"],"picked":"FollowUp","floor":13.0},{"not_picked":["Sanctity","CrushJoints"],"picked":"Perseverance","floor":14.0},{"not_picked":["MasterReality","Ragnarok"],"picked":"Replay:LoomingThreat","floor":16.0},{"not_picked":["WheelKick","Consecrate","Study+1"],"picked":"Replay:BluntJabs+1","floor":18.0},{"not_picked":["Worship","PathToVictory+1","Protect"],"picked":"Sanctity","floor":22.0},{"not_picked":["Vault","EmptyFist","FlyingSleeves"],"picked":"EmptyBody","floor":23.0},{"not_picked":["Crescendo","Replay:BluntJabs","FlyingSleeves"],"picked":"Replay:AtTheReady+1","floor":25.0},{"not_picked":["FlurryOfBlows","JustLucky","EmptyFist"],"picked":"Establishment","floor":28.0},{"not_picked":["Fasting2","WheelKick","WaveOfTheHand"],"picked":"Replay:BluntJabs+1","floor":29.0},{"not_picked":["BowlingBash","Replay:Battleflow+1","Protect"],"picked":"Replay:Cycle","floor":31.0},{"not_picked":["Judgement","Ragnarok","Vault"],"picked":"Replay:LoomingThreat","floor":33.0},{"not_picked":["Halt","SashWhip","Crescendo"],"picked":"ThirdEye+1","floor":35},{"not_picked":["Crescendo","EmptyMind","FlurryOfBlows"],"picked":"Replay:Hum+1","floor":36},{"not_picked":["Conclude","SignatureMove+1","ReachHeaven"],"picked":"Replay:ManipulateFuture","floor":38},{"not_picked":["FlurryOfBlows+1","ThirdEye","Adaptation+1"],"picked":"Indignation+1","floor":40},{"not_picked":["Replay:DivineShield+1","Prostrate+1","Worship"],"picked":"DevaForm","floor":42},{"not_picked":["InnerPeace+1","SashWhip","Halt"],"picked":"Nirvana","floor":44},{"not_picked":["Halt","Replay:ManipulateFuture","FollowUp+1"],"picked":"Weave+1","floor":46},{"not_picked":["ThirdEye","Consecrate+1","Replay:DivineShield+1"],"picked":"Replay:ManipulateFuture+1","floor":47},{"not_picked":["Replay:DivineShield","Replay:AtTheReady","LikeWater+1"],"picked":"Crescendo+1","floor":54}],"player_experience":443958,"relics_obtained":[{"floor":6.0,"key":"ReplayTheSpireMod:Lightbulb"},{"floor":9.0,"key":"Iron Hammer"},{"floor":10.0,"key":"Pen Nib"},{"floor":23.0,"key":"Du-Vu Doll"},{"floor":25.0,"key":"Old Coin"},{"floor":26.0,"key":"Replay:Ringing Soul"},{"floor":28.0,"key":"Whetstone"},{"floor":36,"key":"Pondfish Scales"},{"floor":40,"key":"ReplayFunnel"},{"floor":43,"key":"Blood Vial"},{"floor":47,"key":"Replay:Mystery Machine"},{"floor":54,"key":"White Beast Statue"}],"event_choices":[{"damage_healed":18.0,"max_hp_gain":0.0,"max_hp_loss":0.0,"gold_gain":0.0,"event_name":"The Cleric","player_choice":"Healed","floor":8.0,"gold_loss":35.0,"damage_taken":0.0},{"damage_healed":0.0,"max_hp_gain":0.0,"max_hp_loss":0.0,"gold_gain":0.0,"event_name":"Lab","player_choice":"Got Potions","floor":20.0,"gold_loss":0.0,"damage_taken":0.0},{"damage_healed":0,"gold_gain":0,"player_choice":"Fight","damage_taken":0,"max_hp_gain":0,"max_hp_loss":0,"event_name":"Mysterious Sphere","floor":36,"gold_loss":0},{"damage_healed":0,"gold_gain":0,"player_choice":"Gave Potion","damage_taken":0,"relics_obtained":["Quantum Egg"],"max_hp_gain":0,"max_hp_loss":0,"event_name":"WeMeetAgain","floor":37,"gold_loss":0},{"cards_removed":["SandsOfTime"],"damage_healed":0,"gold_gain":0,"player_choice":"Removed Attack","damage_taken":0,"max_hp_gain":0,"max_hp_loss":0,"event_name":"Falling","floor":48,"gold_loss":0}],"is_beta":false,"boss_relics":[{"not_picked":["Calling Bell","SacredBark"],"picked":"Honey Jar"},{"not_picked":["Empty Cage","Pandora\u0027s Box"],"picked":"Philosopher\u0027s Stone"}],"items_purged_floors":[],"is_endless":false,"potions_floor_spawned":[2,3,4,10,13,16,25,31,36,38,40,47,54],"ascension_level":2}}