{"host":"fjaupvxe7fzqrf4j","time":1608916053,"event":{"mods":["ATMod(°¢èªMod)","BaseMod","Minty Spire (QoL Compilation)","StSLib"],"gold_per_floor":[111,111,111,111,111,111,441,571,571,896,896,1029,252,383,383,555,555,568,568,197,112,112,244,244,373,373,503,638,767,767,910,910,1097,1097,1117,574,223,223,232,361,495,624,624,624,751,884,1024,1149,1149,1349,1449,1449,1449,894,1123,1223],"floor_reached":57,"playtime":2550,"items_purged":["Streamline","Ball Lightning","Leap+1"],"score":4567,"play_id":"8978b08e-a9f5-4f12-8ef5-5c4bf4c97ce8","local_time":"20201226010733","daily_mods":["SealedDeck","Heirloom","Time Dilation","Flight","Elite Swarm"],"is_ascension_mode":true,"campfire_choices":[{"floor":6.0,"key":"REST"},{"data":"Fission","floor":11.0,"key":"SMITH"},{"data":"Seek","floor":15.0,"key":"SMITH"},{"data":"Recycle","floor":30.0,"key":"SMITH"},{"data":"Coolheaded","floor":32.0,"key":"SMITH"},{"floor":44.0,"key":"REST"},{"floor":49.0,"key":"RECALL"},{"data":"Coolheaded","floor":53,"key":"SMITH"}],"circlet_count":0,"master_deck":["AscendersBane","Defragment+1","Skim","Turbo+1","AT_DarkMatter+1","Streamline+1","Coolheaded+1","Coolheaded+1","Ball Lightning+1","Electrodynamics","Fission+1","Seek+1","Recycle+1","Defragment+1","AT_WaterDrop","Echo Form+1","AT_RightCognition+1","Core Surge","AT_RightCognition+1","Heatsinks+1","Defragment+1","Creative AI+1","Buffer+1"],"relics":["Cracked Core","AT_ATBox","AT_TheCollector","AT_GoldPhoenixTree","Eternal Feather","Toy Ornithopter","Pantograph","Tiny Chest","Mercury Hourglass","Pen Nib","Pear","DollysMirror","Matryoshka","Inserter","Enchiridion","Frozen Egg 2","AT_RedNoBalance","StrikeDummy","Bag of Marbles","Blue Candle","Smiling Mask","AT_ArcaneBoots","Darkstone Periapt","Lizard Tail","Prayer Wheel","CeramicFish","Whetstone","Runic Pyramid","Thread and Needle","War Paint","AT_ForceNature","Centennial Puzzle","StoneCalendar","Molten Egg 2","Toxic Egg 2","Meat on the Bone","White Beast Statue","AT_DeathDance","Medical Kit","AT_SunfireAegis","Bronze Scales","AT_BellowingDragoncrestRing"],"acts_visited":["Exordium","TheCity","TheBeyond","TheEnding"],"potions_floor_usage":[55,56],"damage_taken":[{"damage":0.0,"enemies":"Jaw Worm","floor":1.0,"turns":2.0},{"damage":5.0,"enemies":"3 Sentries","floor":7.0,"turns":5.0},{"damage":0.0,"enemies":"Gremlin Nob","floor":8.0,"turns":2.0},{"damage":0.0,"enemies":"3 Sentries","floor":10.0,"turns":4.0},{"damage":8.0,"enemies":"Lagavulin","floor":12.0,"turns":3.0},{"damage":0.0,"enemies":"Gremlin Nob","floor":14.0,"turns":2.0},{"damage":0.0,"enemies":"Hexaghost","floor":16.0,"turns":6.0},{"damage":0.0,"enemies":"3 Byrds","floor":18.0,"turns":2.0},{"damage":0.0,"enemies":"Gremlin Leader","floor":23.0,"turns":2.0},{"damage":0.0,"enemies":"Book of Stabbing","floor":25.0,"turns":4.0},{"damage":0.0,"enemies":"Gremlin Leader","floor":27.0,"turns":5.0},{"damage":0.0,"enemies":"Book of Stabbing","floor":28.0,"turns":4.0},{"damage":0.0,"enemies":"Gremlin Leader","floor":29.0,"turns":4.0},{"damage":0.0,"enemies":"Book of Stabbing","floor":31.0,"turns":5.0},{"damage":0.0,"enemies":"Collector","floor":33.0,"turns":5.0},{"damage":3.0,"enemies":"Orb Walker","floor":35.0,"turns":2.0},{"damage":0.0,"enemies":"Nemesis","floor":40.0,"turns":1.0},{"damage":0.0,"enemies":"Reptomancer","floor":41.0,"turns":3.0},{"damage":0.0,"enemies":"Giant Head","floor":42.0,"turns":7.0},{"damage":0.0,"enemies":"Nemesis","floor":45.0,"turns":5.0},{"damage":0.0,"enemies":"Giant Head","floor":46.0,"turns":5.0},{"damage":0.0,"enemies":"Nemesis","floor":47.0,"turns":5.0},{"damage":0.0,"enemies":"Giant Head","floor":48.0,"turns":6.0},{"damage":0.0,"enemies":"Donu and Deca","floor":50.0,"turns":5.0},{"damage":0,"enemies":"Time Eater","floor":51,"turns":6},{"damage":0,"enemies":"Shield and Spear","floor":55,"turns":3},{"damage":33,"enemies":"The Heart","floor":56,"turns":6}],"seed_played":"-8167720116087697387","potions_obtained":[{"floor":8.0,"key":"GamblersBrew"},{"floor":10.0,"key":"Block Potion"},{"floor":23.0,"key":"FocusPotion"},{"floor":31.0,"key":"PowerPotion"},{"floor":45.0,"key":"Ancient Potion"},{"floor":47.0,"key":"Fruit Juice"}],"is_trial":true,"path_per_floor":["M","?","T","?","?","R","E","E","T","E","R","E","$","E","R","B",null,"M","?","$","?","?","E","T","E","T","E","E","E","R","E","R","B",null,"M","$","$","?","?","E","E","E","T","R","E","E","E","E","R","B","B",null,"R","$","E","B",null],"character_chosen":"DEFECT","items_purchased":["Recycle","Pen Nib","Pear","DollysMirror","Frozen Egg 2","Thread and Needle","War Paint","AT_ForceNature","Heatsinks+1","Medical Kit","AT_SunfireAegis","Bronze Scales","SkillPotion"],"campfire_rested":2,"item_purchase_floors":[13,13,13,13,20,36,36,37,37,54,54,54,54],"current_hp_per_floor":[64,43,43,25,25,46,41,41,41,41,50,42,52,52,61,81,81,81,52,52,52,52,40,40,40,40,40,40,40,49,40,49,65,77,37,37,37,37,37,37,37,37,37,73,73,73,83,83,86,86,86,86,86,86,86,58],"gold":1223,"neow_bonus":"","is_daily":false,"chose_seed":false,"campfire_upgraded":5,"win_rate":0.0,"timestamp":1608916053,"path_taken":["M","?","?","?","?","R","E","E","T","E","R","E","$","E","R","BOSS","M","?","$","?","?","E","?","E","T","E","E","E","R","E","R","BOSS","M","$","$","?","?","E","E","E","T","R","E","E","E","E","R","BOSS","BOSS","R","$","E","BOSS"],"items_purchased_type":["Card","Relic","Relic","Relic","Relic","Relic","Relic","Relic","Card","Relic","Relic","Relic","Potion"],"build_version":"2020-12-22","purchased_purges":3,"victory":true,"max_hp_per_floor":[71,71,71,71,71,71,71,71,71,71,71,71,81,81,81,81,81,81,81,81,81,81,81,81,81,81,81,81,81,81,81,81,81,81,81,81,81,81,81,81,81,81,81,81,81,81,86,86,86,86,86,86,86,86,86,86],"card_choices":[{"not_picked":["Heatsinks","Coolheaded"],"picked":"Ball Lightning","floor":1.0},{"not_picked":["Fission","Rainbow"],"picked":"Electrodynamics","floor":7.0},{"not_picked":["Hyperbeam","Electrodynamics"],"picked":"Fission","floor":8.0},{"not_picked":["Electrodynamics","Creative AI"],"picked":"Seek","floor":10.0},{"not_picked":["Machine Learning","Fission","Seek"],"picked":"SKIP","floor":12.0},{"not_picked":["Electrodynamics","Biased Cognition"],"picked":"AT_WaterDrop","floor":14.0},{"not_picked":["Self Repair","Gash","Undo"],"picked":"SKIP","floor":18.0},{"not_picked":["Core Surge","Biased Cognition+1"],"picked":"Echo Form+1","floor":23.0},{"not_picked":["Reboot","Echo Form+1"],"picked":"AT_RightCognition+1","floor":25.0},{"not_picked":["Seek","Reboot","Machine Learning+1"],"picked":"SKIP","floor":27.0},{"not_picked":["Machine Learning+1","AT_WaterDrop+1","Rainbow"],"picked":"SKIP","floor":28.0},{"not_picked":["Thunder Strike","Multi-Cast","Seek"],"picked":"SKIP","floor":29.0},{"not_picked":["Rainbow","AT_RightCognition+1"],"picked":"Core Surge","floor":31.0},{"not_picked":["Thunder Strike","All For One"],"picked":"AT_RightCognition+1","floor":33.0},{"not_picked":["Conserve Battery","Ball Lightning","Doom and Gloom"],"picked":"SKIP","floor":35.0},{"not_picked":["Go for the Eyes","Conserve Battery","Coolheaded"],"picked":"SKIP","floor":35.0},{"not_picked":["All For One","Amplify","Core Surge"],"picked":"SKIP","floor":40.0},{"not_picked":["Rainbow","All For One"],"picked":"Creative AI+1","floor":41.0},{"not_picked":["Fission","Multi-Cast","Creative AI+1"],"picked":"SKIP","floor":42.0},{"not_picked":["AT_WaterDrop+1","Buffer+1","Amplify+1"],"picked":"SKIP","floor":45.0},{"not_picked":["Echo Form+1","Hyperbeam+1","Thunder Strike+1"],"picked":"SKIP","floor":46.0},{"not_picked":["Electrodynamics+1","All For One+1"],"picked":"Buffer+1","floor":47.0},{"not_picked":["Electrodynamics+1","Reboot+1","Amplify+1"],"picked":"SKIP","floor":48.0},{"not_picked":["Fission+1","Biased Cognition+1","Amplify+1"],"picked":"SKIP","floor":55}],"player_experience":295094,"relics_obtained":[{"floor":7.0,"key":"Eternal Feather"},{"floor":8.0,"key":"Toy Ornithopter"},{"floor":9.0,"key":"Pantograph"},{"floor":10.0,"key":"Tiny Chest"},{"floor":12.0,"key":"Mercury Hourglass"},{"floor":14.0,"key":"Matryoshka"},{"floor":19.0,"key":"Enchiridion"},{"floor":23.0,"key":"StrikeDummy"},{"floor":24.0,"key":"Bag of Marbles"},{"floor":24.0,"key":"Blue Candle"},{"floor":25.0,"key":"Smiling Mask"},{"floor":26.0,"key":"AT_SpeedBoots"},{"floor":26.0,"key":"Darkstone Periapt"},{"floor":27.0,"key":"Lizard Tail"},{"floor":28.0,"key":"Prayer Wheel"},{"floor":29.0,"key":"CeramicFish"},{"floor":31.0,"key":"Whetstone"},{"floor":40.0,"key":"Centennial Puzzle"},{"floor":41.0,"key":"StoneCalendar"},{"floor":42.0,"key":"Molten Egg 2"},{"floor":43.0,"key":"Toxic Egg 2"},{"floor":45.0,"key":"Meat on the Bone"},{"floor":46.0,"key":"White Beast Statue"},{"floor":48.0,"key":"AT_DeathDance"},{"floor":55,"key":"AT_BellowingDragoncrestRing"}],"event_choices":[{"damage_healed":0.0,"max_hp_gain":0.0,"max_hp_loss":0.0,"gold_gain":0.0,"event_name":"Shining Light","player_choice":"Entered Light","floor":2.0,"gold_loss":0.0,"damage_taken":21.0,"cards_upgraded":["Streamline","Leap"]},{"damage_healed":0.0,"max_hp_gain":0.0,"max_hp_loss":0.0,"gold_gain":0.0,"event_name":"Scrap Ooze","player_choice":"Success","floor":4.0,"gold_loss":0.0,"damage_taken":18.0,"relics_obtained":["AT_GoldPhoenixTree"]},{"damage_healed":0.0,"max_hp_gain":0.0,"max_hp_loss":0.0,"gold_gain":0.0,"event_name":"Living Wall","player_choice":"Grow","floor":5.0,"gold_loss":0.0,"damage_taken":0.0,"cards_upgraded":["Defragment"]},{"damage_healed":0.0,"max_hp_gain":0.0,"max_hp_loss":0.0,"gold_gain":0.0,"event_name":"Cursed Tome","player_choice":"Obtained Book","floor":19.0,"gold_loss":0.0,"damage_taken":21.0},{"damage_healed":0.0,"max_hp_gain":0.0,"max_hp_loss":0.0,"gold_gain":0.0,"event_name":"Addict","player_choice":"Obtained Relic","floor":21.0,"gold_loss":85.0,"damage_taken":0.0,"relics_obtained":["AT_SilverBalance"]},{"damage_healed":0.0,"max_hp_gain":0.0,"max_hp_loss":0.0,"gold_gain":0.0,"event_name":"Ghosts","player_choice":"Ignored","floor":22.0,"gold_loss":0.0,"damage_taken":0.0},{"damage_healed":0.0,"max_hp_gain":0.0,"max_hp_loss":0.0,"gold_gain":0.0,"event_name":"The Moai Head","player_choice":"Ignored","floor":38.0,"gold_loss":0.0,"damage_taken":0.0},{"damage_healed":0.0,"max_hp_gain":0.0,"max_hp_loss":0.0,"gold_gain":0.0,"event_name":"Duplicator","player_choice":"Copied","floor":39.0,"gold_loss":0.0,"damage_taken":0.0,"cards_obtained":["Defragment"]}],"is_beta":false,"boss_relics":[{"not_picked":["Busted Crown","Fusion Hammer"],"picked":"Inserter"},{"not_picked":["Tiny House","Empty Cage"],"picked":"Runic Pyramid"}],"items_purged_floors":[13,20,36],"is_endless":false,"potions_floor_spawned":[8,10,14,23,29,31,35,45,47,48,55],"ascension_level":20}}