{"host":"odz7g4gpgch153rb","time":1608914695,"event":{"mods":["AchievementEnabler","BaseMod","Better Match","Better Third Choice","BetterRewards","GifTheSpireLib","Infinite Spire","Jedi Mod","Minty Spire (QoL Compilation)","Quick Restart","Replay The Spire","Spikes Relics","StSLib","Stuff the Spire","The Blue Laboratory","Trackpad"],"gold_per_floor":[117,134,134,134,134,134,159,159,183,215,215,140,140,71,71,71,71],"floor_reached":16,"playtime":540,"items_purged":["Strike_G"],"score":226,"play_id":"d6aa2f6b-988c-4699-8d41-bb9db47bdb59","local_time":"20201225114455","is_ascension_mode":true,"campfire_choices":[{"data":"infinitespire:Fortify","floor":6,"key":"SMITH"},{"data":"Bane","floor":8,"key":"SMITH"},{"floor":15,"key":"REST"}],"circlet_count":0,"master_deck":["AscendersBane","Strike_G","Strike_G","Strike_G","Strike_G","Defend_G","Defend_G","Defend_G","Defend_G","Defend_G","Survivor","Neutralize","Bane+1","Deadly Poison","infinitespire:Fortify+1","Noxious Fumes"],"relics":["Ring of the Snake","NeowsBlessing","jedi:HeartOfTheCards","ReplayFunnel","Juzu Bracelet","Meat on the Bone"],"acts_visited":["Exordium"],"potions_floor_usage":[16],"damage_taken":[{"damage":0,"enemies":"Jaw Worm","floor":1,"turns":1},{"damage":0,"enemies":"2 Louse","floor":2,"turns":1},{"damage":0,"enemies":"3 Sentries","floor":7,"turns":1},{"damage":43,"enemies":"Lagavulin","floor":10,"turns":8},{"damage":37,"enemies":"Fading Forest","floor":16,"turns":7}],"seed_played":"-8704344225110494528","potions_obtained":[{"floor":7,"key":"Elixir"}],"is_trial":false,"path_per_floor":["M","M","?","?","?","R","E","R","T","E","?","$","?","$","R","B"],"character_chosen":"THE_SILENT","items_purchased":["Noxious Fumes"],"campfire_rested":1,"item_purchase_floors":[14],"current_hp_per_floor":[59,59,43,53,48,48,48,48,48,5,5,5,5,5,24,0,0],"gold":71,"neow_bonus":"THREE_ENEMY_KILL","is_daily":false,"chose_seed":false,"campfire_upgraded":2,"win_rate":0.0,"timestamp":1608914695,"path_taken":["M","M","?","?","?","R","E","R","T","E","?","$","?","$","R","BOSS"],"items_purchased_type":["Card"],"build_version":"2020-12-22","purchased_purges":1,"victory":false,"max_hp_per_floor":[66,66,66,66,66,66,66,66,66,66,66,66,66,66,66,66,66],"card_choices":[{"not_picked":["Slice","Dodge and Roll"],"picked":"Bane","floor":1},{"not_picked":["Skewer","StuffTheSpire:MirrorStance"],"picked":"Deadly Poison","floor":2},{"not_picked":["infinitespire:Oblivion","infinitespire:TheBestDefense"],"picked":"infinitespire:Fortify","floor":3},{"not_picked":["StuffTheSpire:Incantation","Eviscerate","StuffTheSpire:Shiver"],"picked":"SKIP","floor":7},{"not_picked":["All Out Attack","Outmaneuver","Sucker Punch"],"picked":"SKIP","floor":10}],"player_experience":933714,"relics_obtained":[{"floor":7,"key":"ReplayFunnel"},{"floor":9,"key":"Juzu Bracelet"},{"floor":10,"key":"Meat on the Bone"}],"event_choices":[{"damage_healed":0,"gold_gain":0,"player_choice":"Relic ","damage_taken":5,"max_hp_gain":0,"max_hp_loss":0,"event_name":"betterThird:BetterScrap","floor":5,"gold_loss":0,"cards_obtained":["Ghostly Armor"]},{"damage_healed":0,"gold_gain":0,"player_choice":"Ignored","damage_taken":215,"max_hp_gain":0,"max_hp_loss":0,"event_name":"betterThird:BetterSerpent","floor":11,"gold_loss":0},{"damage_healed":0,"gold_gain":0,"player_choice":"Leave","damage_taken":0,"max_hp_gain":0,"max_hp_loss":0,"event_name":"FaceTrader","floor":13,"gold_loss":0}],"is_beta":false,"boss_relics":[],"items_purged_floors":[12],"is_endless":false,"potions_floor_spawned":[7],"killed_by":"Fading Forest","ascension_level":15}}