{"host":"ci7ivtocgfxh0ueo","time":1608889353,"event":{"mods":["BaseMod","GifTheSpireLib","Minty Spire (QoL Compilation)","StSLib"],"gold_per_floor":[110,110,110,128,147,178,178,178,178,197,197,214,53,65,65,136,136,151,167,56,76,76,76],"floor_reached":22,"playtime":783,"items_purged":[],"score":348,"play_id":"18faaf33-2ed3-4c56-84f1-bf87a7f1df05","local_time":"20201225174233","is_ascension_mode":true,"campfire_choices":[{"floor":7,"key":"REST"},{"data":"Infinite Blades","floor":11,"key":"SMITH"},{"data":"All Out Attack","floor":15,"key":"SMITH"}],"circlet_count":0,"master_deck":["AscendersBane","Strike_G","Strike_G","Defend_G","Defend_G","Defend_G","Survivor","Neutralize","Prepared","Underhanded Strike","Flying Knee","Unload","Infinite Blades+1","Crippling Poison","All Out Attack+1","Die Die Die","Glass Knife+1","Night Terror+1","Terror+1","Leg Sweep","Heel Hook"],"relics":["Ring of the Snake","Regal Pillow","Singing Bowl","InkBottle","ClockworkSouvenir","Astrolabe"],"acts_visited":["Exordium","TheCity"],"potions_floor_usage":[6,12,19,21,21],"damage_taken":[{"damage":7,"enemies":"Jaw Worm","floor":1,"turns":5},{"damage":0,"enemies":"2 Louse","floor":4,"turns":3},{"damage":0,"enemies":"Cultist","floor":5,"turns":3},{"damage":16,"enemies":"Gremlin Nob","floor":6,"turns":4},{"damage":0,"enemies":"2 Fungi Beasts","floor":10,"turns":2},{"damage":0,"enemies":"Gremlin Gang","floor":12,"turns":3},{"damage":4,"enemies":"Red Slaver","floor":14,"turns":4},{"damage":60,"enemies":"Slime Boss","floor":16,"turns":11},{"damage":20,"enemies":"3 Byrds","floor":18,"turns":6},{"damage":16,"enemies":"Spheric Guardian","floor":19,"turns":5},{"damage":15,"enemies":"Shelled Parasite and Fungi","floor":21,"turns":2},{"damage":20,"enemies":"Snecko","floor":22,"turns":3}],"seed_played":"1255878078516655867","potions_obtained":[{"floor":4,"key":"Swift Potion"},{"floor":6,"key":"Explosive Potion"},{"floor":18,"key":"Swift Potion"}],"is_trial":false,"path_per_floor":["M","?","?","M","M","E","R","?","T","M","R","M","$","M","R","B",null,"M","M","$","M","M"],"character_chosen":"THE_SILENT","items_purchased":["ClockworkSouvenir","SteroidPotion","FearPotion"],"campfire_rested":1,"item_purchase_floors":[13,20,20],"current_hp_per_floor":[52,52,52,52,52,36,66,66,66,66,66,66,66,64,64,4,52,32,16,16,3,0,0],"gold":76,"neow_bonus":"RANDOM_COMMON_RELIC","is_daily":false,"chose_seed":false,"campfire_upgraded":2,"win_rate":0.0,"timestamp":1608889353,"path_taken":["M","?","?","M","?","E","R","?","T","?","R","M","?","M","R","BOSS","M","M","$","M","M"],"items_purchased_type":["Relic","Potion","Potion"],"build_version":"2020-12-22","purchased_purges":0,"victory":false,"max_hp_per_floor":[66,66,66,66,66,66,66,66,66,66,66,66,66,68,68,68,68,68,68,68,70,70,70],"card_choices":[{"not_picked":["Cloak And Dagger","Quick Slash"],"picked":"Prepared","floor":1},{"not_picked":["Dagger Spray","Predator"],"picked":"Underhanded Strike","floor":4},{"not_picked":["Cloak And Dagger","Predator"],"picked":"Flying Knee","floor":5},{"not_picked":["Flying Knee","Outmaneuver"],"picked":"Unload","floor":6},{"not_picked":["Cloak And Dagger","Well Laid Plans"],"picked":"Crippling Poison","floor":10},{"not_picked":["Noxious Fumes","Heel Hook"],"picked":"All Out Attack","floor":12},{"not_picked":["Deadly Poison","Calculated Gamble","PiercingWail"],"picked":"Singing Bowl","floor":14},{"not_picked":["Grand Finale","Storm of Steel"],"picked":"Die Die Die","floor":16},{"not_picked":["Blade Dance","PiercingWail"],"picked":"Leg Sweep","floor":18},{"not_picked":["Reflex","All Out Attack"],"picked":"Heel Hook","floor":19},{"not_picked":["Terror","Quick Slash","PiercingWail+1"],"picked":"Singing Bowl","floor":21}],"player_experience":1302901,"relics_obtained":[{"floor":6,"key":"Singing Bowl"},{"floor":9,"key":"InkBottle"}],"event_choices":[{"damage_healed":0,"gold_gain":0,"player_choice":"Ignored","damage_taken":0,"max_hp_gain":0,"max_hp_loss":0,"event_name":"Golden Idol","floor":2,"gold_loss":0},{"cards_removed":["Defend_G"],"damage_healed":0,"gold_gain":0,"player_choice":"Offered Basic","damage_taken":0,"max_hp_gain":0,"max_hp_loss":0,"event_name":"Bonfire Elementals","floor":3,"gold_loss":0},{"damage_healed":0,"gold_gain":0,"cards_transformed":["Strike_G"],"player_choice":"Transformed","damage_taken":0,"max_hp_gain":0,"max_hp_loss":0,"event_name":"Transmorgrifier","floor":8,"gold_loss":0,"cards_obtained":["Infinite Blades"]}],"is_beta":false,"boss_relics":[{"not_picked":["Runic Dome","Sozu"],"picked":"Astrolabe"}],"items_purged_floors":[],"is_endless":false,"potions_floor_spawned":[4,6,18],"killed_by":"Snecko","ascension_level":17}}