{"host":"od099uxc49ip1k8b","time":1608902863,"event":{"mods":["Act Like it!","BaseMod","Downfall","Gensokyo","Hermit","Highlight Path","Koishi","Marisa????????","Minty Spire (QoL Compilation)","Rare Cards Sparkle","Remilia??????","StSLib","Td1madao Mod","The Administrix","The Animator","The Cursed","The Gatherer","The Servant 0.9.4","The Wild Card","Waifu the Spire","WarShipGirlsR/????R mod","Yuyuko"],"gold_per_floor":[119,137,156,256,269,269,288,306,330,330,350,350,367,381,381,477,477,490,510,526,526,198,198,210,220,267,267,267],"floor_reached":27,"playtime":1701,"items_purged":["rmod:maingunfire"],"score":213,"play_id":"328e7531-3d9b-43de-ac04-8723cf154c1d","local_time":"20201225082743","is_ascension_mode":false,"campfire_choices":[{"data":"rmod:selfconfidence","floor":6,"key":"SMITH"},{"data":"rmod:chargemoney","floor":10,"key":"SMITH"},{"data":"rmod:gendarmerie","floor":12,"key":"SMITH"},{"data":"rmod:robin","floor":15,"key":"SMITH"},{"data":"rmod:salvage","floor":23,"key":"SMITH"}],"circlet_count":0,"master_deck":["rmod:strick","rmod:strick","rmod:strick","rmod:defend","rmod:defend","rmod:defend","rmod:defend","rmod:basicallowance","rmod:maingunfire","rmod:rockthrower","rmod:firesupport","rmod:selfconfidence+1","rmod:firesupport","rmod:robin+1","rmod:gendarmerie+1","rmod:chargemoney+1","rmod:supportescort","rmod:intelligenceanalysis","rmod:expeditionaryescort","rmod:overbreakdown","rmod:steelsupply+1","rmod:salvage+1","rmod:ridicule","rmod:overbreakdown","rmod:firesupport+1","rmod:goodsister"],"relics":["rmod:firstchargereward","Boot","SlaversCollar","Kunai","Oddly Smooth Stone"],"acts_visited":["Exordium","TheCity"],"potions_floor_usage":[16,16,16,19,27],"damage_taken":[{"damage":0,"enemies":"Jaw Worm","floor":1,"turns":5},{"damage":0,"enemies":"Cultist","floor":2,"turns":2},{"damage":0,"enemies":"2 Louse","floor":3,"turns":2},{"damage":6,"enemies":"Red Slaver","floor":5,"turns":2},{"damage":0,"enemies":"Looter","floor":7,"turns":2},{"damage":0,"enemies":"Blue Slaver","floor":8,"turns":1},{"damage":0,"enemies":"2 Fungi Beasts","floor":11,"turns":1},{"damage":0,"enemies":"Exordium Wildlife","floor":13,"turns":1},{"damage":17,"enemies":"Exordium Thugs","floor":14,"turns":3},{"damage":3,"enemies":"Hexaghost","floor":16,"turns":6},{"damage":0,"enemies":"Chosen","floor":18,"turns":4},{"damage":2,"enemies":"Spheric Guardian","floor":19,"turns":5},{"damage":12,"enemies":"Shelled Parasite and Fungi","floor":20,"turns":4},{"damage":34,"enemies":"Sentry and Sphere","floor":24,"turns":7},{"damage":14,"enemies":"Snecko","floor":25,"turns":4},{"damage":18,"enemies":"Snake Plant","floor":27,"turns":3}],"seed_played":"7783216822833973928","potions_obtained":[{"floor":3,"key":"Weak Potion"},{"floor":7,"key":"AttackPotion"},{"floor":11,"key":"AttackPotion"},{"floor":19,"key":"Fruit Juice"},{"floor":25,"key":"LiquidBronze"}],"is_trial":false,"path_per_floor":["M","M","M","?","M","R","M","M","T","R","M","R","M","M","R","B",null,"M","M","M","?","$","R","M","M","T","M"],"character_chosen":"PRAEFECT","items_purchased":["Kunai"],"campfire_rested":0,"item_purchase_floors":[22],"current_hp_per_floor":[75,75,75,75,69,69,69,69,69,69,69,69,69,52,52,49,75,75,78,66,66,66,66,32,18,18,0,0],"gold":267,"neow_bonus":"TRANSFORM_CARD","is_daily":false,"chose_seed":false,"campfire_upgraded":5,"win_rate":0.0,"timestamp":1608902863,"path_taken":["M","M","M","?","M","R","M","M","T","R","M","R","?","M","R","BOSS","M","M","M","?","$","R","M","M","T","?"],"items_purchased_type":["Relic"],"build_version":"2020-12-22","purchased_purges":1,"victory":false,"max_hp_per_floor":[75,75,75,75,75,75,75,75,75,75,75,75,75,75,75,75,75,75,80,80,80,80,80,80,80,80,80,80],"card_choices":[{"not_picked":["rmod:intelligenceanalysis","rmod:chargemoney"],"picked":"rmod:firesupport","floor":1},{"not_picked":["rmod:circuitoustactics","rmod:robin"],"picked":"rmod:selfconfidence","floor":2},{"not_picked":["rmod:garrisonisland","rmod:ammunitionsupply"],"picked":"rmod:firesupport","floor":3},{"not_picked":["rmod:steelsupply","rmod:combined"],"picked":"rmod:robin","floor":5},{"not_picked":["rmod:steelsupply","rmod:supportescort"],"picked":"rmod:gendarmerie","floor":7},{"not_picked":["rmod:spoils","rmod:steelsupply"],"picked":"rmod:chargemoney","floor":8},{"not_picked":["rmod:circuitoustactics","rmod:launchingtorpedo"],"picked":"rmod:supportescort","floor":11},{"not_picked":["rmod:victimresponsibility","rmod:punchline","rmod:maintain"],"picked":"SKIP","floor":13},{"not_picked":["rmod:wolves","rmod:aluminumsupply"],"picked":"rmod:intelligenceanalysis","floor":14},{"not_picked":["rmod:seals","rmod:u235"],"picked":"rmod:expeditionaryescort","floor":16},{"not_picked":["rmod:ring","rmod:tearstotiara"],"picked":"rmod:overbreakdown","floor":18},{"not_picked":["rmod:firesupport","rmod:aluminumsupply"],"picked":"rmod:steelsupply+1","floor":19},{"not_picked":["rmod:maintain","rmod:steelsupply"],"picked":"rmod:salvage","floor":20},{"not_picked":["rmod:timeschanged","rmod:ammunitionsupply"],"picked":"rmod:firesupport+1","floor":24},{"not_picked":["rmod:diamondstrike","rmod:fletcherpendant"],"picked":"rmod:goodsister","floor":25}],"player_experience":77519,"relics_obtained":[{"floor":9,"key":"Boot"},{"floor":26,"key":"Oddly Smooth Stone"}],"event_choices":[{"damage_healed":0,"gold_gain":100,"player_choice":"Pray","damage_taken":0,"max_hp_gain":0,"max_hp_loss":0,"event_name":"Golden Shrine","floor":4,"gold_loss":0},{"damage_healed":0,"gold_gain":0,"player_choice":"3 cards matched","damage_taken":0,"max_hp_gain":0,"max_hp_loss":0,"event_name":"Match and Keep!","floor":21,"gold_loss":0,"cards_obtained":["rmod:maingunfire","rmod:ridicule","rmod:overbreakdown"]}],"is_beta":false,"boss_relics":[{"not_picked":["Calling Bell","Empty Cage"],"picked":"SlaversCollar"}],"items_purged_floors":[22],"is_endless":false,"potions_floor_spawned":[3,7,11,13,19,24,25],"killed_by":"Snake Plant","ascension_level":0}}