{"host":"760a56s19xsdubqb","time":1608939033,"event":{"mods":["BaseMod","Minty Spire (QoL Compilation)","Quick Restart","Remove Card Discount Mod","StSLib"],"gold_per_floor":[114,114,129,144,159,159,1,31,31,61,136,166,181,196,196,296,296,311,311,154,253,94,94,124,124,174,213,32,62,86,125,125,225,225,249,49,93,102,127,166,166,205,205,205,235,110,149,164,164,164],"floor_reached":51,"playtime":2383,"items_purged":["Decay","Decay","Decay","Iron Wave","Iron Wave","Pommel Strike","Pommel Strike","Pommel Strike","Clothesline","Iron Wave","Iron Wave","Armaments","Armaments","Armaments","Wild Strike","Wild Strike","Wild Strike","Iron Wave","Iron Wave","Iron Wave","Armaments","Armaments","Armaments"],"score":1230,"play_id":"a08d88fd-cf59-4c47-84c9-efa6671bedd2","local_time":"20201225183033","daily_mods":["Draft","Hoarder","Elite Swarm"],"is_ascension_mode":false,"campfire_choices":[{"data":"Iron Wave","floor":6,"key":"SMITH"},{"data":"Iron Wave","floor":15,"key":"SMITH"},{"data":"Immolate","floor":23,"key":"SMITH"},{"floor":25,"key":"REST"},{"floor":32,"key":"REST"},{"data":"1","floor":41,"key":"LIFT"},{"data":"2","floor":44,"key":"LIFT"},{"data":"3","floor":49,"key":"LIFT"}],"circlet_count":0,"master_deck":["Iron Wave+1","Iron Wave+1","Flame Barrier","Flame Barrier","Flame Barrier","Clothesline","Clothesline+1","Cleave","Cleave","Cleave","Cleave","Cleave","Cleave","Shrug It Off","Shrug It Off","Shrug It Off","Heavy Blade","Heavy Blade","Heavy Blade","Thunderclap","Thunderclap","Thunderclap","Disarm","Disarm","Disarm","Thunderclap","Thunderclap","Thunderclap","Shrug It Off","Shrug It Off","Shrug It Off","Immolate+1","Immolate","Immolate","Bludgeon","Bludgeon","Bludgeon","Impervious","Impervious","Impervious","Demon Form","Demon Form","Demon Form","Bandage Up","Bandage Up","Bandage Up","Apotheosis","Apotheosis","Apotheosis","Barricade","Barricade","Barricade","Juggernaut","Juggernaut","Juggernaut","Double Tap","Double Tap","Double Tap","Infernal Blade","Infernal Blade","Infernal Blade","Reaper","Reaper","Reaper+1","Heavy Blade","Heavy Blade","Heavy Blade","Uppercut+1","Uppercut+1","Uppercut+1","Finesse","Finesse","Finesse","Limit Break","Limit Break","Limit Break","Reaper","Reaper","Reaper","Demon Form","Demon Form","Demon Form"],"relics":["Burning Blood","Membership Card","Vajra","Pear","Potion Belt","InkBottle","Black Star","MutagenicStrength","ClockworkSouvenir","Sling","Red Skull","Centennial Puzzle","CeramicFish","HornCleat","Magic Flower","StoneCalendar","CaptainsWheel","Blue Candle","Bronze Scales","Orichalcum","Cursed Key","Matryoshka","Omamori","Girya","Anchor","Whetstone","Du-Vu Doll","Strawberry","Torii","Lizard Tail","Bag of Marbles","Pen Nib","White Beast Statue","Mummified Hand","Bottled Lightning","Kunai","Lantern"],"acts_visited":["Exordium","TheCity","TheBeyond"],"potions_floor_usage":[8,29,29,29,37,50],"damage_taken":[{"damage":5,"enemies":"Small Slimes","floor":1,"turns":2},{"damage":0,"enemies":"Cultist","floor":3,"turns":3},{"damage":0,"enemies":"2 Louse","floor":4,"turns":2},{"damage":7,"enemies":"Large Slime","floor":5,"turns":7},{"damage":10,"enemies":"3 Sentries","floor":8,"turns":4},{"damage":9,"enemies":"Gremlin Nob","floor":10,"turns":5},{"damage":24,"enemies":"Lagavulin","floor":12,"turns":5},{"damage":0,"enemies":"Exordium Wildlife","floor":13,"turns":3},{"damage":0,"enemies":"Blue Slaver","floor":14,"turns":3},{"damage":23,"enemies":"Slime Boss","floor":16,"turns":10},{"damage":13,"enemies":"Shell Parasite","floor":18,"turns":5},{"damage":24,"enemies":"Gremlin Leader","floor":24,"turns":5},{"damage":48,"enemies":"Book of Stabbing","floor":27,"turns":5},{"damage":50,"enemies":"Slavers","floor":29,"turns":6},{"damage":0,"enemies":"Spheric Guardian","floor":30,"turns":4},{"damage":33,"enemies":"Book of Stabbing","floor":31,"turns":5},{"damage":22,"enemies":"Champ","floor":33,"turns":9},{"damage":0,"enemies":"3 Darklings","floor":35,"turns":2},{"damage":10,"enemies":"2 Orb Walkers","floor":37,"turns":2},{"damage":4,"enemies":"Reptomancer","floor":40,"turns":3},{"damage":28,"enemies":"Nemesis","floor":42,"turns":7},{"damage":0,"enemies":"Reptomancer","floor":45,"turns":4},{"damage":0,"enemies":"Giant Head","floor":47,"turns":5},{"damage":0,"enemies":"Orb Walker","floor":48,"turns":3},{"damage":26,"enemies":"Donu and Deca","floor":50,"turns":6}],"seed_played":"-567031674859551473","potions_obtained":[{"floor":4,"key":"SteroidPotion"},{"floor":5,"key":"ColorlessPotion"},{"floor":8,"key":"Regen Potion"},{"floor":12,"key":"Block Potion"},{"floor":16,"key":"SteroidPotion"},{"floor":18,"key":"BlessingOfTheForge"},{"floor":29,"key":"Swift Potion"},{"floor":33,"key":"EssenceOfSteel"},{"floor":40,"key":"BloodPotion"},{"floor":45,"key":"Weak Potion"}],"is_trial":false,"path_per_floor":["M","?","M","M","M","R","$","E","T","E","?","E","M","M","R","B",null,"M","?","$","?","$","R","E","R","T","E","$","E","M","E","R","B",null,"M","$","?","?","T","E","R","E","T","R","E","$","E","M","R","B",null],"character_chosen":"IRONCLAD","items_purchased":["Membership Card","ClockworkSouvenir","Bandage Up","Apotheosis","Sling","StoneCalendar","Double Tap","Matryoshka","Omamori","Bottled Lightning"],"campfire_rested":2,"item_purchase_floors":[7,20,20,22,22,28,28,36,36,46],"current_hp_per_floor":[80,80,80,80,79,79,79,75,85,82,71,53,59,65,65,48,90,83,83,83,83,83,83,73,90,90,52,52,62,80,65,90,86,90,90,90,90,90,90,97,97,78,78,78,97,97,97,97,97,97],"gold":164,"neow_bonus":"","is_daily":true,"chose_seed":false,"campfire_upgraded":3,"win_rate":0.0,"timestamp":1608939033,"path_taken":["M","?","M","M","?","R","$","E","T","E","?","E","M","M","R","BOSS","M","?","$","?","$","R","E","R","T","E","?","E","M","E","R","BOSS","M","$","?","?","?","E","R","E","T","R","E","$","E","?","R","BOSS"],"items_purchased_type":["Relic","Relic","Card","Card","Relic","Relic","Card","Relic","Relic","Relic"],"build_version":"2020-12-22","purchased_purges":23,"victory":true,"max_hp_per_floor":[80,80,80,80,80,80,80,80,90,90,90,90,90,90,90,90,90,90,90,90,90,90,90,90,90,90,90,90,90,90,90,90,90,90,90,90,90,90,90,97,97,97,97,97,97,97,97,97,97,97],"card_choices":[{"not_picked":["Havoc","Warcry"],"picked":"Iron Wave","floor":0},{"not_picked":["Reckless Charge","Seeing Red"],"picked":"Pommel Strike","floor":0},{"not_picked":["Searing Blow","Thunderclap"],"picked":"Flame Barrier","floor":0},{"not_picked":["Sentinel","Heavy Blade"],"picked":"Iron Wave","floor":0},{"not_picked":["Heavy Blade","Bloodletting"],"picked":"Clothesline","floor":0},{"not_picked":["Dual Wield","Heavy Blade"],"picked":"Cleave","floor":0},{"not_picked":["Heavy Blade","Clash"],"picked":"Cleave","floor":0},{"not_picked":["Power Through","Flex"],"picked":"Shrug It Off","floor":0},{"not_picked":["Seeing Red","Combust"],"picked":"Heavy Blade","floor":0},{"not_picked":["Clash","Sword Boomerang"],"picked":"Armaments","floor":0},{"not_picked":["Seeing Red","Perfected Strike"],"picked":"Thunderclap","floor":0},{"not_picked":["Dual Wield","Dropkick"],"picked":"Wild Strike","floor":0},{"not_picked":["Cleave","Havoc"],"picked":"Iron Wave","floor":0},{"not_picked":["Havoc","Body Slam"],"picked":"Disarm","floor":0},{"not_picked":["Clash","Rupture"],"picked":"Armaments","floor":0},{"not_picked":["Combust","Sentinel"],"picked":"Thunderclap","floor":1},{"not_picked":["Entrench","Heavy Blade"],"picked":"Shrug It Off","floor":3},{"not_picked":["Shrug It Off","Seeing Red","Heavy Blade"],"picked":"SKIP","floor":4},{"not_picked":["Clothesline","Searing Blow","Heavy Blade"],"picked":"SKIP","floor":5},{"not_picked":["Juggernaut","Barricade"],"picked":"Immolate","floor":8},{"not_picked":["Exhume","Brutality"],"picked":"Bludgeon","floor":10},{"not_picked":["Brutality","Immolate"],"picked":"Impervious","floor":12},{"not_picked":["Dark Embrace","Shockwave","Searing Blow"],"picked":"SKIP","floor":13},{"not_picked":["Warcry","Flex","Pommel Strike"],"picked":"SKIP","floor":14},{"not_picked":["Fiend Fire","Reaper"],"picked":"Demon Form","floor":16},{"not_picked":["Disarm","Dual Wield+1","Sword Boomerang"],"picked":"SKIP","floor":18},{"not_picked":["Impervious","Offering"],"picked":"Barricade","floor":24},{"not_picked":["Corruption","Exhume"],"picked":"Juggernaut","floor":27},{"not_picked":["Brutality","Offering","Immolate"],"picked":"SKIP","floor":29},{"not_picked":["Perfected Strike","Reckless Charge"],"picked":"Infernal Blade","floor":30},{"not_picked":["Bludgeon","Immolate"],"picked":"Reaper","floor":31},{"not_picked":["Anger+1","Power Through"],"picked":"Heavy Blade","floor":35},{"not_picked":["Pommel Strike","True Grit+1"],"picked":"Uppercut+1","floor":37},{"not_picked":["Trip","Dark Shackles"],"picked":"Finesse","floor":38},{"not_picked":["Juggernaut","Immolate"],"picked":"Limit Break","floor":40},{"not_picked":["Corruption","Exhume"],"picked":"Reaper","floor":42},{"not_picked":["Berserk","Juggernaut","Immolate"],"picked":"SKIP","floor":45},{"not_picked":["Barricade","Impervious"],"picked":"Demon Form","floor":47},{"not_picked":["Power Through","Burning Pact","Pommel Strike+1"],"picked":"SKIP","floor":48}],"player_experience":920164,"relics_obtained":[{"floor":8,"key":"Vajra"},{"floor":9,"key":"Pear"},{"floor":10,"key":"Potion Belt"},{"floor":12,"key":"InkBottle"},{"floor":24,"key":"Red Skull"},{"floor":24,"key":"Centennial Puzzle"},{"floor":26,"key":"CeramicFish"},{"floor":27,"key":"HornCleat"},{"floor":27,"key":"Magic Flower"},{"floor":29,"key":"CaptainsWheel"},{"floor":29,"key":"Blue Candle"},{"floor":31,"key":"Bronze Scales"},{"floor":31,"key":"Orichalcum"},{"floor":37,"key":"Girya"},{"floor":39,"key":"Anchor"},{"floor":39,"key":"Whetstone"},{"floor":40,"key":"Du-Vu Doll"},{"floor":40,"key":"Strawberry"},{"floor":42,"key":"Torii"},{"floor":42,"key":"Lizard Tail"},{"floor":43,"key":"Bag of Marbles"},{"floor":43,"key":"Pen Nib"},{"floor":45,"key":"White Beast Statue"},{"floor":45,"key":"Mummified Hand"},{"floor":47,"key":"Kunai"},{"floor":47,"key":"Lantern"}],"event_choices":[{"damage_healed":0,"gold_gain":0,"player_choice":"Cursed","damage_taken":0,"max_hp_gain":0,"max_hp_loss":0,"event_name":"Wheel of Change","floor":2,"gold_loss":0,"cards_obtained":["Decay"]},{"damage_healed":0,"gold_gain":75,"player_choice":"Gather Gold","damage_taken":11,"max_hp_gain":0,"max_hp_loss":0,"event_name":"World of Goop","floor":11,"gold_loss":0},{"damage_healed":0,"gold_gain":0,"player_choice":"Inject Mutagens","damage_taken":0,"relics_obtained":["MutagenicStrength"],"max_hp_gain":0,"max_hp_loss":0,"event_name":"Drug Dealer","floor":19,"gold_loss":0},{"damage_healed":0,"gold_gain":99,"player_choice":"Stole From Cult","damage_taken":0,"max_hp_gain":0,"max_hp_loss":0,"event_name":"Nest","floor":21,"gold_loss":0},{"damage_healed":0,"gold_gain":0,"player_choice":"Fight","damage_taken":0,"max_hp_gain":0,"max_hp_loss":0,"event_name":"Mysterious Sphere","floor":37,"gold_loss":0},{"damage_healed":0,"gold_gain":0,"player_choice":"Memory 1","damage_taken":0,"max_hp_gain":0,"max_hp_loss":0,"event_name":"SensoryStone","floor":38,"gold_loss":0}],"is_beta":false,"boss_relics":[{"not_picked":["SacredBark","Astrolabe"],"picked":"Black Star"},{"not_picked":["Busted Crown","Coffee Dripper"],"picked":"Cursed Key"}],"items_purged_floors":[7,7,7,7,20,20,20,20,20,20,20,20,20,20,20,20,20,20,20,20,20,20,20],"is_endless":false,"potions_floor_spawned":[4,5,8,12,16,18,27,29,33,40,45,47,48],"ascension_level":0}}