{"host":"u9xtr94typ21duox","time":1608860019,"event":{"mods":["BaseMod","Key Reminder","KinomotoSakuraMod(ƒæ÷Æ±æ”£)","LagranYue(¿≠∏Ò¿ °§‘¬)","Marisa£®ÏF”Í°°ƒß¿Ì…≥£©","Minty Spire (QoL Compilation)","Reimu£®≤©¿ˆ¡È√Œ£©","Remilia£®¿Ÿ√◊¿Ú—«£©","Replay The Spire","StSLib","Td1madao Mod","The Administrix","The Bladedancer","The Bug Knight","The Construct","The Cursed","The Gatherer","The Runesmith","The Servant 0.9.4","WarShipGirlsR/’ΩΩ¢…Ÿ≈ÆR mod","Youmu£®ªÍ∆«—˝√Œ£©","vexMod"],"gold_per_floor":[111,211,231,231,191,219,230,230,230,245,272,284,302,315,315,417,417,436,449,41,41,41,73,85,97,109,132,163,201,227,256,268,375,387,413,177,204,255,255,255,281,281,281,281,298,43,53,79,79,79],"floor_reached":51,"playtime":3752,"items_purged":["Strike_G","Defend_G","Pain"],"score":1007,"play_id":"657de8f3-5526-4291-b93b-a30ecf5aadde","local_time":"20201225093338","is_ascension_mode":false,"campfire_choices":[{"data":"Blade Dance","floor":8,"key":"SMITH"},{"data":"Strike_G","floor":15,"key":"PURGE"},{"data":"Footwork","floor":24,"key":"SMITH"},{"data":"Replay:Bag of Tricks","floor":32,"key":"SMITH"},{"data":"Replay:Bag of Tricks","floor":40,"key":"SMITH"},{"data":"Prepared","floor":42,"key":"SMITH"},{"data":"Prepared","floor":44,"key":"SMITH"},{"data":"Prepared","floor":49,"key":"SMITH"}],"circlet_count":0,"master_deck":["Defend_G+1","Defend_G","Defend_G","Survivor+1","Neutralize","Blade Dance+1","All Out Attack+1","Replay:Bag of Tricks+1","Prepared+1","ReplayTheSpireMod:The Works","ReplayTheSpireMod:The Works+1","Burst+1","Prepared+1","Reflex+1","Glass Knife+1","Footwork+1","Reflex+1","Prepared+1","Prepared","Dagger Throw+1","Replay:Bag of Tricks+1","Acrobatics+1","Prepared+1","Dagger Throw","Backflip","Calculated Gamble+1"],"relics":["Ring of the Snake","LagranYue:RandomDrawCardRelic","NeowsBlessing","PaintedHorse:ReiMu","construct:RocketBooster","Tough Bandages","Durian","Empty Cage","Membership Card","ReplayTheSpireMod:Lightbulb","Tea:ReiMu","MawBank","Paper Crane","Unceasing Top","construct:ClawGrip","vexMod:InvisibilityCloak","Oddly Smooth Stone","Pear","WarpedTongs","Iron Hammer","vexMod:ScavengeHelm","Counterbalance","Runesmith:AutoHammer"],"acts_visited":["Exordium","TheCity","TheBeyond"],"potions_floor_usage":[13,50,50,50,50,50],"damage_taken":[{"damage":0,"enemies":"Jaw Worm","floor":1,"turns":1},{"damage":0,"enemies":"Cultist","floor":3,"turns":1},{"damage":0,"enemies":"Lagavulin","floor":6,"turns":1},{"damage":0,"enemies":"Small Slimes","floor":7,"turns":3},{"damage":0,"enemies":"2 Fungi Beasts","floor":10,"turns":2},{"damage":9,"enemies":"3 Sentries","floor":11,"turns":5},{"damage":0,"enemies":"Large Slime","floor":12,"turns":5},{"damage":0,"enemies":"3 Louse","floor":13,"turns":2},{"damage":4,"enemies":"Red Slaver","floor":14,"turns":3},{"damage":12,"enemies":"Slime Boss","floor":16,"turns":9},{"damage":0,"enemies":"Shell Parasite","floor":18,"turns":5},{"damage":0,"enemies":"Chosen","floor":19,"turns":3},{"damage":0,"enemies":"Book of Stabbing","floor":23,"turns":7},{"damage":3,"enemies":"Snecko","floor":27,"turns":7},{"damage":0,"enemies":"Centurion and Healer","floor":28,"turns":4},{"damage":0,"enemies":"Slavers","floor":29,"turns":2},{"damage":0,"enemies":"3 Cultists","floor":30,"turns":4},{"damage":0,"enemies":"Shelled Parasite and Fungi","floor":31,"turns":3},{"damage":0,"enemies":"Collector","floor":33,"turns":6},{"damage":0,"enemies":"3 Shapes","floor":35,"turns":1},{"damage":0,"enemies":"R_Hoarder","floor":41,"turns":3},{"damage":1,"enemies":"Orb Walker","floor":45,"turns":1},{"damage":0,"enemies":"Spire Growth","floor":47,"turns":1},{"damage":0,"enemies":"Nemesis","floor":48,"turns":1},{"damage":0,"enemies":"Donu and Deca","floor":50,"turns":1}],"seed_played":"4180772551509486310","potions_obtained":[{"floor":3,"key":"Languid Potion"},{"floor":11,"key":"EntropicBrew"},{"floor":12,"key":"Swift Potion"},{"floor":14,"key":"LiquidMemories"},{"floor":48,"key":"PowerPotion"}],"is_trial":false,"path_per_floor":["M","?","M","?","?","E","M","R","T","M","E","M","M","M","R","B",null,"M","M","$","?","?","E","R","?","T","M","M","E","M","M","R","B",null,"M","$","T","?","?","R","E","R","T","R","M","$","M","E","R","B",null],"character_chosen":"THE_SILENT","items_purchased":["Membership Card","ReplayTheSpireMod:Lightbulb","Tea:ReiMu","Acrobatics+1","vexMod:InvisibilityCloak","Prepared","Dagger Throw","Counterbalance","Strength Potion","Backflip"],"campfire_rested":0,"item_purchase_floors":[20,20,20,36,36,36,36,46,46,46],"current_hp_per_floor":[70,70,70,70,70,70,70,70,70,70,66,66,66,62,62,50,75,75,75,75,75,75,75,75,75,75,72,72,72,72,72,72,72,75,75,75,75,85,85,85,85,85,85,85,84,84,84,84,84,84],"gold":79,"neow_bonus":"THREE_ENEMY_KILL","is_daily":false,"chose_seed":false,"campfire_upgraded":7,"win_rate":0.0,"timestamp":1608860018,"path_taken":["M","?","?","?","?","E","M","R","T","M","E","M","M","M","R","BOSS","M","M","$","?","?","E","R","?","T","M","M","E","?","M","R","BOSS","M","$","?","?","?","R","E","R","T","R","?","$","M","E","R","BOSS"],"items_purchased_type":["Relic","Relic","Relic","Card","Relic","Card","Card","Relic","Potion","Card"],"build_version":"2020-12-22","purchased_purges":3,"victory":true,"max_hp_per_floor":[70,70,70,70,70,70,70,70,70,70,75,75,75,75,75,75,75,75,75,75,75,75,75,75,75,75,75,75,75,75,75,75,75,75,75,75,75,85,85,85,85,85,85,85,85,85,85,85,85,85],"card_choices":[{"not_picked":["Acrobatics","Hidden Blade"],"picked":"Blade Dance","floor":1},{"not_picked":["Well Laid Plans","Deflect"],"picked":"Blade Dance","floor":3},{"not_picked":["Slice","Flying Knee","Replay:Poison Smokescreen"],"picked":"SKIP","floor":6},{"not_picked":["Dodge and Roll","Riddle With Holes"],"picked":"Replay:Bag of Tricks","floor":7},{"not_picked":["Dodge and Roll","Poisoned Stab"],"picked":"Prepared","floor":10},{"not_picked":["Leg Sweep","Outmaneuver"],"picked":"ReplayTheSpireMod:The Works","floor":11},{"not_picked":["Dash","Caltrops"],"picked":"ReplayTheSpireMod:The Works","floor":12},{"not_picked":["Skewer","Heel Hook","PiercingWail"],"picked":"SKIP","floor":13},{"not_picked":["Sneak Up","Sucker Punch","Dodge and Roll"],"picked":"SKIP","floor":14},{"not_picked":["Poison Darts","Night Terror"],"picked":"Burst","floor":16},{"not_picked":["PiercingWail","Flying Knee"],"picked":"Prepared","floor":18},{"not_picked":["Backstab","Dagger Spray"],"picked":"Reflex+1","floor":19},{"not_picked":["Dash","Backstab"],"picked":"Reflex+1","floor":23},{"not_picked":["Blade Dance","Terror","Hidden Blade+1"],"picked":"SKIP","floor":27},{"not_picked":["Prepared","Quick Slash","Distraction+1"],"picked":"SKIP","floor":28},{"not_picked":["A Thousand Cuts","Wraith Form v2"],"picked":"Prepared","floor":29},{"not_picked":["Slice","ReplayTheSpireMod:Scrap Shanks"],"picked":"Prepared","floor":30},{"not_picked":["Backflip","Crippling Poison+1"],"picked":"Dagger Throw+1","floor":31},{"not_picked":["Bullet Time","Atom Bomb"],"picked":"Replay:Bag of Tricks","floor":33},{"not_picked":["Dagger Spray","Terror","Blade Dance+1"],"picked":"SKIP","floor":35},{"not_picked":["Outmaneuver","Dagger Spray","Flechettes+1"],"picked":"SKIP","floor":41},{"not_picked":["Masterful Stab+1","Quick Slash","Leg Sweep+1"],"picked":"SKIP","floor":45},{"not_picked":["Dagger Spray+1","Dodge and Roll","Eviscerate"],"picked":"SKIP","floor":47},{"not_picked":["Fluid Movement+1","ReplayTheSpireMod:Scrap Shanks+1"],"picked":"Calculated Gamble+1","floor":48}],"player_experience":232342,"relics_obtained":[{"floor":6,"key":"construct:RocketBooster"},{"floor":9,"key":"Tough Bandages"},{"floor":11,"key":"Durian"},{"floor":23,"key":"MawBank"},{"floor":26,"key":"Paper Crane"},{"floor":29,"key":"Unceasing Top"},{"floor":37,"key":"Oddly Smooth Stone"},{"floor":38,"key":"Pear"},{"floor":41,"key":"Iron Hammer"},{"floor":43,"key":"vexMod:ScavengeHelm"},{"floor":48,"key":"Runesmith:AutoHammer"}],"event_choices":[{"damage_healed":0,"gold_gain":100,"player_choice":"Gold","damage_taken":0,"max_hp_gain":0,"max_hp_loss":0,"event_name":"Wheel of Change","floor":2,"gold_loss":0},{"damage_healed":0,"gold_gain":0,"player_choice":"»˚«Æ","damage_taken":0,"relics_obtained":["PaintedHorse:ReiMu"],"max_hp_gain":0,"max_hp_loss":0,"event_name":"yidonshenshe","floor":5,"gold_loss":40},{"damage_healed":0,"gold_gain":0,"cards_transformed":["Strike_G","Defend_G"],"player_choice":"Became Test Subject","damage_taken":0,"max_hp_gain":0,"max_hp_loss":0,"event_name":"Drug Dealer","floor":21,"gold_loss":0,"cards_obtained":["Glass Knife","Footwork"]},{"damage_healed":0,"gold_gain":0,"player_choice":"Upgraded","damage_taken":0,"max_hp_gain":0,"max_hp_loss":0,"event_name":"Upgrade Shrine","floor":25,"gold_loss":0,"cards_upgraded":["Burst"]},{"damage_healed":0,"gold_gain":0,"player_choice":"Rummage","damage_taken":0,"relics_obtained":["WarpedTongs"],"max_hp_gain":0,"max_hp_loss":0,"event_name":"Accursed Blacksmith","floor":39,"gold_loss":0,"cards_obtained":["Pain"]}],"is_beta":false,"boss_relics":[{"not_picked":["Philosopher\u0027s Stone","SacredBark"],"picked":"Empty Cage"},{"not_picked":["vexMod:DeviousBotling","vexMod:MysteryBossChallenge"],"picked":"construct:ClawGrip"}],"items_purged_floors":[20,36,46],"is_endless":false,"potions_floor_spawned":[3,11,12,14,27,29,30,31,48],"ascension_level":0}}