{"host":"eez7vtcxu2i37lck","time":1608866720,"event":{"mods":["AchievementEnabler","BaseMod","Colored Map","Colored Powertips","Downfall","Hermit","Highlight Path","Hubris","Infinite Spire","Jorbs\u0027s Wanderer Trilogy","Minty Spire (QoL Compilation)","Quick Restart","Rare Cards Sparkle","Replay The Spire","Shop Mod","StSLib","The IronCluck"],"gold_per_floor":[99,118,137,149,167,185,209,38,38,38,138,206,206,224,239,343,343,343,355,365,384,90,108,131,181,197,297,365,365,415,435,455,551,551,476,489,506,556,606,606,659,676,707,718,785,37,37,37,37],"floor_reached":47,"playtime":1691,"items_purged":["Slimebound:Defend_Slimebound","Slimebound:Tackle","Slimebound:Defend_Slimebound","Parasite"],"score":507,"play_id":"e6ddadc4-5655-4f02-9b67-57c7ccfad32d","local_time":"20201224222520","is_ascension_mode":false,"campfire_choices":[{"data":"Slimebound:CorrosiveSpit","floor":1.0,"key":"SMITH"},{"data":"Slimebound:SplitBruiser","floor":9.0,"key":"SMITH"},{"floor":13.0,"key":"REST"},{"floor":18.0,"key":"RECALL"},{"floor":29,"key":"REST"},{"floor":35,"key":"REST"},{"floor":40,"key":"REST"}],"circlet_count":0,"master_deck":["Slimebound:Strike_Slimebound","Slimebound:Strike_Slimebound","Slimebound:Defend_Slimebound","Slimebound:Defend_Slimebound","Slimebound:Split","Slimebound:CorrosiveSpit+1","Slimebound:SplitBruiser+1","Slimebound:SplitBruiser+1","Slimebound:SplitAcid","Slimebound:RejuvenatingLick","Slimebound:SplitLeeching","Slimebound:LeadByExample","Slimebound:OneTwoCombo","Slimebound:SplitBruiser+1","Slimebound:RallyTheTroops","Slimebound:MinionMaster","Slimebound:SlimeBarrage+1","Replay:BasicMightCard+1","Slimebound:Teamwork","Slimebound:OneTwoCombo","Slimebound:SlimeTap+1","Slimebound:Nibble","Slimebound:SplitSpecialist"],"relics":["Slimebound:AbsorbEndCombat","hubris:OldNail","infinitespire:Lucky Rock","hubris:Icosahedron","downfall:CloakOfManyFaces","CultistMask","FaceOfCleric","NlothsMask","GremlinMask","SsserpentHead","Painkiller Herb","MerchantsRug","Replay:Lucky Slots","Fusion Hammer","downfall:HeartBlessingRed","Happy Flower","Regal Pillow","Replay:Bottled Eggs","Slimebound:SelfDamagePreventRelic","InkBottle"],"acts_visited":["Exordium","TheCity","TheBeyond"],"potions_floor_usage":[],"damage_taken":[{"damage":4.0,"enemies":"Cultist","floor":2.0,"turns":3.0},{"damage":20.0,"enemies":"Small Slimes","floor":3.0,"turns":3.0},{"damage":10.0,"enemies":"2 Louse","floor":4.0,"turns":2.0},{"damage":32.0,"enemies":"Exordium Thugs","floor":5.0,"turns":4.0},{"damage":21.0,"enemies":"Blue Slaver","floor":6.0,"turns":3.0},{"damage":20.0,"enemies":"downfall:FleeingMerchant","floor":8.0,"turns":4.0},{"damage":13.0,"enemies":"downfall:FaceTrader","floor":11.0,"turns":4.0},{"damage":9.0,"enemies":"3 Louse","floor":12.0,"turns":2.0},{"damage":25.0,"enemies":"Exordium Thugs","floor":14.0,"turns":3.0},{"damage":24.0,"enemies":"Blue Slaver","floor":15.0,"turns":2.0},{"damage":65.0,"enemies":"downfall:Defect","floor":16.0,"turns":5.0},{"damage":24.0,"enemies":"Spheric Guardian","floor":19.0,"turns":3.0},{"damage":32.0,"enemies":"Shell Parasite","floor":20.0,"turns":3.0},{"damage":23,"enemies":"Snecko","floor":21,"turns":3},{"damage":28,"enemies":"downfall:FleeingMerchant","floor":22,"turns":4},{"damage":28,"enemies":"Snake Plant","floor":23,"turns":2},{"damage":31,"enemies":"Chosen and Byrds","floor":26,"turns":3},{"damage":28,"enemies":"downfall:FleeingMerchant","floor":27,"turns":4},{"damage":50,"enemies":"Sentry and Sphere","floor":28,"turns":4},{"damage":40,"enemies":"Snake Plant","floor":31,"turns":3},{"damage":20,"enemies":"Snecko","floor":32,"turns":3},{"damage":80,"enemies":"downfall:Watcher","floor":33,"turns":5},{"damage":39,"enemies":"3 Darklings","floor":36,"turns":3},{"damage":12,"enemies":"Orb Walker","floor":37,"turns":2},{"damage":41,"enemies":"Writhing Mass","floor":42,"turns":4},{"damage":64,"enemies":"Nightmare","floor":43,"turns":6},{"damage":18,"enemies":"Spire Growth","floor":44,"turns":3},{"damage":33,"enemies":"3 Darklings","floor":45,"turns":3},{"damage":29,"enemies":"Giant Head","floor":47,"turns":2}],"seed_played":"777516009468998240","potions_obtained":[{"floor":3.0,"key":"Slimebound:SlimyTonguePotion"},{"floor":4.0,"key":"FearPotion"},{"floor":11.0,"key":"SkillPotion"},{"floor":26,"key":"Weak Potion"},{"floor":28,"key":"Elixir"},{"floor":31,"key":"Energy Potion"},{"floor":32,"key":"Explosive Potion"}],"is_trial":false,"path_per_floor":["R","M","M","M","M","M","T","$","R","?","?","M","R","M","M","B",null,"T","?","?","?","T","?","T","?","?","T","?","T","?","?","?","B",null,"T","?","?","?","?","T","T","?","NM","?","?","T","E"],"character_chosen":"SLIMEBOUND","items_purchased":["Slimebound:OneTwoCombo","MerchantsRug","Replay:BasicMightCard","Replay:Lucky Slots","Replay:Bottled Eggs","Slimebound:SelfDamagePreventRelic","InkBottle"],"campfire_rested":4,"item_purchase_floors":[8,22,22,27,46,46,46],"current_hp_per_floor":[60,60,52,50,38,35,35,45,45,45,54,54,61,53,48,22,64,64,59,54,54,57,46,46,46,42,41,18,39,39,14,66,21,75,75,58,65,65,65,77,77,49,28,37,17,17,0,0,0],"gold":37,"neow_bonus":"RANDOM_COMMON_RELIC","is_daily":false,"chose_seed":false,"campfire_upgraded":2,"win_rate":0.0,"timestamp":1608866720,"path_taken":["R","M","M","?","M","M","T","$","R","?","?","?","R","M","M","BOSS","T","?","?","?","T","?","T","?","?","?","?","T","?","?","?","BOSS","T","?","?","?","?","T","T","?","NM","?","?","?","E"],"items_purchased_type":["Card","Relic","Card","Relic","Relic","Relic","Relic"],"build_version":"2020-12-22","purchased_purges":4,"victory":false,"max_hp_per_floor":[60,60,60,60,60,60,60,60,60,60,60,61,61,62,63,64,64,64,65,66,67,68,69,69,69,70,71,72,72,72,73,74,75,75,75,76,77,77,77,77,77,78,79,80,81,78,78,78,78],"card_choices":[{"not_picked":["Slimebound:SlimeTap","Slimebound:SplitAcid"],"picked":"Slimebound:SplitBruiser","floor":2.0},{"not_picked":["Slimebound:ComboTackle","Slimebound:GoopSpray"],"picked":"Slimebound:SplitBruiser","floor":3.0},{"not_picked":["Slimebound:HauntingLick","Slimebound:SplitMire"],"picked":"Slimebound:SplitAcid","floor":4.0},{"not_picked":["Slimebound:Chomp","Slimebound:LeechEnergy"],"picked":"Slimebound:RejuvenatingLick","floor":5.0},{"not_picked":["Slimebound:LeechEnergy","Slimebound:GoopSpray"],"picked":"Slimebound:SplitLeeching","floor":6.0},{"not_picked":["Slimebound:LeechEnergy","Slimebound:Dissolve"],"picked":"Slimebound:LeadByExample","floor":8.0},{"not_picked":["Slimebound:SpikyOuterGoop","Slimebound:Dissolve"],"picked":"Slimebound:SplitBruiser","floor":11.0},{"not_picked":["Slimebound:TongueLash","Slimebound:SplitLeeching"],"picked":"Slimebound:RallyTheTroops","floor":12.0},{"not_picked":["Slimebound:Grow","Slimebound:SplitLeeching","Slimebound:HungryTackle"],"picked":"SKIP","floor":14.0},{"not_picked":["Slimebound:ComboTackle","Slimebound:SplitMire","Slimebound:SlimeSpikes"],"picked":"SKIP","floor":15.0},{"not_picked":["Slimebound:SlimeSlap","Slimebound:MassRepurpose"],"picked":"Slimebound:MinionMaster","floor":16.0},{"not_picked":["Slimebound:RollThrough","Slimebound:DisruptingSlam","Slimebound:SlimeSpikes"],"picked":"SKIP","floor":19.0},{"not_picked":["Slimebound:ComboTackle","Slimebound:ViciousTackle"],"picked":"Slimebound:SlimeBarrage+1","floor":20.0},{"not_picked":["Slimebound:ProtectTheBoss","Slimebound:SplitMire","Slimebound:GoopSpray+1"],"picked":"SKIP","floor":21},{"not_picked":["Slimebound:RainOfGoop","Slimebound:TongueLash","Slimebound:SplitLeeching"],"picked":"SKIP","floor":22},{"not_picked":["Slimebound:ServeAndProtect","Slimebound:SplitAcid+1","Slimebound:GoopSpray+1"],"picked":"SKIP","floor":23},{"not_picked":["Slimebound:SplitAcid","Slimebound:LeechingTouch+1","Slimebound:ItLooksTasty"],"picked":"SKIP","floor":26},{"not_picked":["Slimebound:ViciousTackle","Slimebound:RollThrough"],"picked":"Slimebound:Teamwork","floor":27},{"not_picked":["Slimebound:Dissolve","Slimebound:Recollect+1","Slimebound:ComboTackle+1"],"picked":"SKIP","floor":28},{"not_picked":["Slimebound:ServeAndProtect","Slimebound:DivideAndConquer","Slimebound:Prepare"],"picked":"SKIP","floor":31},{"not_picked":["Slimebound:Recycling","Slimebound:SlimeSpikes+1","Slimebound:Dissolve"],"picked":"SKIP","floor":32},{"not_picked":["Slimebound:Teamwork","Slimebound:MassFeed"],"picked":"Slimebound:OneTwoCombo","floor":33},{"not_picked":["Slimebound:AcidTongue+1","Slimebound:SplitLeeching","Slimebound:SlimeTap+1"],"picked":"SKIP","floor":36},{"not_picked":["Slimebound:AcidTongue+1","Slimebound:SplitLeeching"],"picked":"Slimebound:SlimeTap+1","floor":36},{"not_picked":["Slimebound:ViciousTackle+1","Slimebound:Equalize","Slimebound:FinishingTackle"],"picked":"SKIP","floor":37},{"not_picked":["Slimebound:GoopTackle+1","Slimebound:ComboTackle+1"],"picked":"Slimebound:SplitSpecialist","floor":42},{"not_picked":["Slimebound:SlimeSpikes+1","Slimebound:LeechLife","Slimebound:PressTheAttack+1"],"picked":"SKIP","floor":43},{"not_picked":["Slimebound:FinishingTackle","Slimebound:FlameTackle+1","Slimebound:HungryTackle"],"picked":"SKIP","floor":44},{"not_picked":["Slimebound:LivingWall","Slimebound:SlimeBarrage","Slimebound:PressTheAttack+1"],"picked":"SKIP","floor":45}],"player_experience":281709,"relics_obtained":[{"floor":7.0,"key":"infinitespire:Lucky Rock"},{"floor":11.0,"key":"downfall:CloakOfManyFaces"},{"floor":41,"key":"Happy Flower"},{"floor":43,"key":"Regal Pillow"}],"event_choices":[{"damage_healed":0,"gold_gain":0,"player_choice":"Upgraded","damage_taken":0,"max_hp_gain":0,"max_hp_loss":0,"event_name":"Upgrade Shrine","floor":25,"gold_loss":0,"cards_upgraded":["Replay:BasicMightCard"]},{"damage_healed":0,"gold_gain":0,"player_choice":"Ignored","damage_taken":0,"max_hp_gain":0,"max_hp_loss":0,"event_name":"Mysterious Sphere","floor":38,"gold_loss":0},{"damage_healed":0,"gold_gain":0,"cards_transformed":["Slimebound:Strike_Slimebound"],"player_choice":"Transformed","damage_taken":0,"max_hp_gain":0,"max_hp_loss":0,"event_name":"Transmorgrifier","floor":39,"gold_loss":0,"cards_obtained":["Slimebound:Nibble"]}],"is_beta":false,"boss_relics":[{"not_picked":["ReplayTheSpireMod:DimensionalGlitch","Tiny House"],"picked":"Painkiller Herb"},{"not_picked":["Replay:Ancient Bell","expansioncontent:StudyCardRelic"],"picked":"Fusion Hammer"}],"items_purged_floors":[8,22,27,46],"is_endless":true,"potions_floor_spawned":[3,4,11,12,14,20,26,28,31,32,33,36,37,44],"killed_by":"Giant Head","ascension_level":0}}