{"host":"ywbsnexmk111etbw","time":1608867564,"event":{"mods":["Act Like it!","BaseMod","Beaked The Cultist","Colored Powertips","Curses Come First","Downfall","Hubris","Infinite Spire","Marisa????????","Minty Spire (QoL Compilation)","Pale of the Ancients","Permanent Neow","Replay The Spire","StSLib","The Cursed","The Dragon Tamer","The Mystic","The Necromancer","Wandering Minibosses"],"gold_per_floor":[117,117,131,141,141,141,276,276,276,236,219,57,73,73,73,168,168,107,107,107,107,107,107,119,119,119,119,209,209,243,183,183,288,288,302,76,76,90,108,108,108,108,134,77,127,155,155,155,155,155,172,192,192,45,45,45,45,45,45,45,45],"floor_reached":60,"playtime":2896,"items_purged":[],"score":807,"play_id":"f66b84dc-6493-4c81-8f7d-f82bd5b436d3","local_time":"20201224223924","is_ascension_mode":false,"campfire_choices":[{"data":"beaked:Ceremony","floor":6,"key":"SMITH"},{"floor":15,"key":"REST"},{"floor":23,"key":"REST"},{"floor":29,"key":"REST"},{"data":"expansioncontent:StudyTheSpire","floor":32,"key":"SMITH"},{"floor":40,"key":"REST"},{"data":"ReplayTheSpireMod:Owlgaze","floor":42,"key":"SMITH"},{"floor":49,"key":"REST"},{"floor":55,"key":"REST"},{"data":"hubris:Rewind","floor":57,"key":"SMITH"}],"circlet_count":0,"master_deck":["beaked:Strike_Y+1","beaked:Strike_Y+1","beaked:Strike_Y+1","beaked:Strike_Y+1","beaked:Strike_Y+1","beaked:Strike_Y+1","beaked:Defend_Y+1","beaked:Defend_Y+1","beaked:Defend_Y+1","beaked:Defend_Y+1","beaked:Ceremony","beaked:Ceremony+1","beaked:Ceremony","beaked:BraceForImpact","beaked:StickSmack","beaked:Foresight","beaked:DesperateSwing","beaked:BloodRitual","beaked:MimicHuntress","expansioncontent:StudyTheSpire+1","beaked:Sacrifice","beaked:RuinSticks","beaked:VigorBurst+1","ReplayTheSpireMod:Black Plague+1","beaked:BloodRitual","beaked:SacrificialScars","beaked:Windmill+1","ReplayTheSpireMod:Owlgaze+1","beaked:WarriorSpirit","beaked:BloodForTheGods","beaked:WindBringer","beaked:WindBringer","beaked:DesperateSwing+1","beaked:TuckingFeathers+1","hubris:Compulsion","hubris:Compulsion","hubris:Rewind+1","beaked:Daydream","beaked:Mantra+1"],"relics":["beaked:MendingPlumage","hubris:RunicObelisk","Sozu","hubris:Icosahedron","hubris:Stopwatch","beaked:RitualPlumage","hubris:PeanutButter","hubris:FruitBowl","hubris:KleinBottle","wanderingMiniBosses:ThiefScarf","hubris:MedicalManual","hubris:TenFootPole","Bag of Marbles","hubris:Backtick","PreservedInsect","ReplayTheSpireMod:TigerMarble","Incense Burner","Lantern","Replay:Kaleidoscope","Torii","paleoftheancients:Timepiece","Spirit Poop","paleoftheancients:SoulOfTheShowman","Replay:Baseball","infinitespire:Eraser","Meat on the Bone","hubris:DeckOfHolding"],"acts_visited":["Exordium","TheCity","TheBeyond","paleoftheancients:PaleOfTheAncients"],"potions_floor_usage":[],"damage_taken":[{"damage":8,"enemies":"Small Slimes","floor":1,"turns":4},{"damage":15,"enemies":"Jaw Worm","floor":3,"turns":4},{"damage":6,"enemies":"2 Louse","floor":4,"turns":3},{"damage":28,"enemies":"3 Sentries","floor":7,"turns":6},{"damage":36,"enemies":"Gremlin Gang","floor":10,"turns":6},{"damage":29,"enemies":"Exordium Wildlife","floor":11,"turns":5},{"damage":15,"enemies":"Blue Slaver","floor":13,"turns":4},{"damage":67,"enemies":"The Guardian","floor":16,"turns":8},{"damage":32,"enemies":"2 Thieves","floor":18,"turns":6},{"damage":14,"enemies":"Spheric Guardian","floor":24,"turns":5},{"damage":10,"enemies":"Cultist and Chosen","floor":28,"turns":6},{"damage":23,"enemies":"Book of Stabbing","floor":30,"turns":5},{"damage":75,"enemies":"hubris:MusketHawk","floor":33,"turns":7},{"damage":51,"enemies":"Orb Walker","floor":35,"turns":5},{"damage":20,"enemies":"3 Darklings","floor":38,"turns":4},{"damage":20,"enemies":"Spire Growth","floor":39,"turns":5},{"damage":73,"enemies":"Mind Bloom Boss Battle","floor":45,"turns":5},{"damage":27,"enemies":"Reptomancer","floor":46,"turns":4},{"damage":58,"enemies":"Replay:Hell Engine","floor":50,"turns":10},{"damage":86,"enemies":"Replay:Hell Engine","floor":51,"turns":9},{"damage":87,"enemies":"Replay:Hell Engine","floor":52,"turns":8},{"damage":66,"enemies":"Replay:Hell Engine","floor":56,"turns":3},{"damage":93,"enemies":"paleoftheancients:N","floor":60,"turns":6}],"seed_played":"-1398533978367245783","potions_obtained":[],"is_trial":false,"path_per_floor":["M","?","M","M","?","R","E","?","T","M","M","$","M","$","R","B",null,"M","?","$","?","AVR","R","M","?","T","$","M","R","E","?","R","B",null,"M","$","?","M","M","R","AVR","R","T","$","?","E","?","?","R","B","M","M","?","$","R","M","R","T","?","B"],"character_chosen":"BEAKED_THE_CULTIST","items_purchased":["expansioncontent:StudyTheSpire","hubris:FruitBowl","hubris:KleinBottle","ReplayTheSpireMod:TigerMarble","ReplayTheSpireMod:Owlgaze","beaked:WindBringer","Replay:Baseball"],"campfire_rested":6,"item_purchase_floors":[12,27,27,36,36,44,54],"current_hp_per_floor":[46,46,43,47,47,47,39,39,39,26,23,23,26,26,41,13,50,46,37,37,29,29,45,53,53,53,15,34,52,59,59,59,11,60,20,20,20,20,26,44,44,44,44,44,15,11,11,11,31,67,58,9,9,9,30,73,73,73,73,0,0],"gold":45,"neow_bonus":"DOUBLE_BOSS_RELIC","is_daily":false,"chose_seed":false,"campfire_upgraded":4,"win_rate":0.0,"timestamp":1608867564,"path_taken":["M","?","M","M","?","R","E","?","T","?","M","$","M","$","R","BOSS","M","?","$","?","AVR","R","M","?","T","?","?","R","E","?","R","BOSS","M","$","?","M","?","R","AVR","R","T","$","?","E","?","?","R","BOSS","M","M","?","$","R","M","R","T","?","BOSS"],"items_purchased_type":["Card","Relic","Relic","Relic","Card","Card","Relic"],"build_version":"2020-12-22","purchased_purges":0,"victory":false,"max_hp_per_floor":[50,50,50,50,50,50,50,50,50,50,50,50,50,50,50,50,50,50,50,50,55,55,55,60,60,60,60,60,60,60,60,60,60,60,63,63,63,63,63,63,63,63,63,63,67,67,67,67,67,67,67,73,73,73,73,73,73,73,73,73,73],"card_choices":[{"not_picked":["beaked:Redirect","beaked:Mantra"],"picked":"beaked:BraceForImpact","floor":1},{"not_picked":["beaked:Evade","beaked:Tradeoff"],"picked":"beaked:StickSmack","floor":3},{"not_picked":["beaked:Flinch","beaked:Roost"],"picked":"beaked:Foresight","floor":4},{"not_picked":["beaked:SurvivalInstinct","beaked:FeelMyPain"],"picked":"beaked:BloodRitual","floor":7},{"not_picked":["beaked:Brace","beaked:SurvivalInstinct"],"picked":"beaked:MimicHuntress","floor":10},{"not_picked":["beaked:Poke","beaked:CursingBlood","beaked:TuckingFeathers"],"picked":"SKIP","floor":11},{"not_picked":["beaked:SurvivalInstinct","beaked:Daydream","beaked:SacrificialDive"],"picked":"SKIP","floor":13},{"not_picked":["beaked:WildInstinct","beaked:LiftOff"],"picked":"beaked:Sacrifice","floor":16},{"not_picked":["beaked:SurvivalInstinct","beaked:Foresight"],"picked":"beaked:RuinSticks","floor":18},{"not_picked":["beaked:Brace","beaked:CursingBlood"],"picked":"beaked:VigorBurst+1","floor":24},{"not_picked":["Replay:Fractal Strike","ReplayTheSpireMod:Echoes of Time"],"picked":"ReplayTheSpireMod:Black Plague","floor":27},{"not_picked":["beaked:Tradeoff","beaked:Molting","beaked:Daydream"],"picked":"SKIP","floor":28},{"not_picked":["beaked:Windmill","beaked:Negation"],"picked":"beaked:BloodRitual","floor":30},{"not_picked":["beaked:Caw","beaked:Brainwash"],"picked":"beaked:SacrificialScars","floor":33},{"not_picked":["beaked:WarriorEssence+1","beaked:Poke+1"],"picked":"beaked:Windmill+1","floor":35},{"not_picked":["beaked:Tradeoff","beaked:Tweet+1"],"picked":"beaked:WarriorSpirit","floor":38},{"not_picked":["beaked:Cower","beaked:Tradeoff+1"],"picked":"beaked:BloodForTheGods","floor":39},{"not_picked":["beaked:Tradeoff","beaked:WildInstinct"],"picked":"beaked:DesperateSwing+1","floor":45},{"not_picked":["ReplayTheSpireMod:Wings of Steel","beaked:LiftOff"],"picked":"beaked:TuckingFeathers+1","floor":46},{"not_picked":["infinitespire:Menacing","infinitespire:TheBestDefense"],"picked":"hubris:Rewind","floor":47},{"not_picked":["beaked:StickSmack","beaked:TuckingFeathers+1"],"picked":"beaked:Daydream","floor":51},{"not_picked":["beaked:HuntressSpirit","beaked:RitualOfBody+1"],"picked":"beaked:Mantra+1","floor":52}],"player_experience":139779,"relics_obtained":[{"floor":7,"key":"hubris:TenFootPole"},{"floor":9,"key":"hubris:MedicalManual"},{"floor":26,"key":"hubris:PeanutButter"},{"floor":28,"key":"wanderingMiniBosses:ThiefScarf"},{"floor":28,"key":"hubris:MedicalManual"},{"floor":28,"key":"hubris:TenFootPole"},{"floor":30,"key":"Bag of Marbles"},{"floor":43,"key":"Lantern"},{"floor":45,"key":"Replay:Kaleidoscope"},{"floor":46,"key":"Torii"},{"floor":51,"key":"paleoftheancients:SoulOfTheShowman"},{"floor":52,"key":"paleoftheancients:SoulOfTheShapes"},{"floor":58,"key":"infinitespire:Eraser"}],"event_choices":[{"cards_removed":["Slimebound:Strike_Slimebound"],"damage_healed":0,"gold_gain":0,"player_choice":"Took Card","damage_taken":0,"max_hp_gain":0,"max_hp_loss":0,"event_name":"NoteForYourself","floor":8,"gold_loss":0,"cards_obtained":["Slimebound:Strike_Slimebound"]},{"damage_healed":0,"gold_gain":0,"player_choice":"Stopped","damage_taken":9,"max_hp_gain":0,"max_hp_loss":0,"event_name":"Cursed Tome","floor":19,"gold_loss":0},{"damage_healed":0,"gold_gain":0,"player_choice":"Shed Blood","damage_taken":13,"max_hp_gain":5,"max_hp_loss":0,"event_name":"Forgotten Altar","floor":21,"gold_loss":0},{"damage_healed":0,"gold_gain":0,"player_choice":"Simplicity","damage_taken":0,"max_hp_gain":0,"max_hp_loss":0,"event_name":"Back to Basics","floor":25,"gold_loss":0,"cards_upgraded":["beaked:Strike_Y","beaked:Strike_Y","beaked:Strike_Y","beaked:Strike_Y","beaked:Strike_Y","beaked:Strike_Y","beaked:Defend_Y","beaked:Defend_Y","beaked:Defend_Y","beaked:Defend_Y"]},{"damage_healed":0,"gold_gain":0,"player_choice":"Upgraded","damage_taken":0,"max_hp_gain":0,"max_hp_loss":0,"event_name":"Upgrade Shrine","floor":37,"gold_loss":0,"cards_upgraded":["ReplayTheSpireMod:Black Plague"]},{"damage_healed":0,"gold_gain":0,"player_choice":"Fight","damage_taken":0,"max_hp_gain":0,"max_hp_loss":0,"event_name":"MindBloom","floor":45,"gold_loss":0}],"is_beta":false,"boss_relics":[{"not_picked":["Tiny House","Replay:Drink Me"],"picked":"hubris:Stopwatch"},{"not_picked":["hubris:TerracottaHorce","ChewingGum"],"picked":"hubris:Backtick"}],"items_purged_floors":[],"is_endless":false,"potions_floor_spawned":[7,10,13,30,33,38,45,51],"killed_by":"paleoftheancients:N","ascension_level":0}}