{"host":"tzyzz5n7hg2ni9q2","time":1608889360,"event":{"mods":["BaseMod","Minty Spire (QoL Compilation)","Quick Restart"],"gold_per_floor":[111,130,143,161,161,161,194,194,194,194,210,210,230,246,246,344,344,355,355,355,355,374,374,44,44,94,114,127,127,140,150,150,249,249,262,275,275,286,336,336,93,93,116,151,162,162,162,122,122,122],"floor_reached":51,"playtime":1731,"items_purged":["Strike_R","Strike_R"],"score":860,"play_id":"3464c8c7-c120-458b-9526-8b5918350432","local_time":"20201225104240","is_ascension_mode":true,"campfire_choices":[{"data":"Rampage","floor":6.0,"key":"SMITH"},{"data":"Bash","floor":8.0,"key":"SMITH"},{"data":"Heavy Blade","floor":10.0,"key":"SMITH"},{"data":"Battle Trance","floor":12.0,"key":"SMITH"},{"data":"Juggernaut","floor":15.0,"key":"SMITH"},{"floor":23.0,"key":"REST"},{"data":"True Grit","floor":25.0,"key":"SMITH"},{"data":"Defend_R","floor":29.0,"key":"SMITH"},{"floor":32,"key":"REST"},{"data":"Metallicize","floor":40,"key":"SMITH"},{"data":"Defend_R","floor":42,"key":"SMITH"},{"floor":49,"key":"REST"}],"circlet_count":0,"master_deck":["Defend_R+1","Defend_R+1","Defend_R+1","Bash+1","Heavy Blade+1","Rampage+1","Battle Trance+1","Juggernaut+1","True Grit+1","Shrug It Off+1","Headbutt+1","Pummel+1","Metallicize+1","Madness+1","Madness+1","Seeing Red+1"],"relics":["Burning Blood","Matryoshka","Bag of Marbles","Mummified Hand","Sozu","Incense Burner","War Paint","Boot","Red Skull","Astrolabe","Toxic Egg 2","Thread and Needle","Bag of Preparation","Bronze Scales","Omamori"],"acts_visited":["Exordium","TheCity","TheBeyond"],"potions_floor_usage":[31],"damage_taken":[{"damage":6.0,"enemies":"Cultist","floor":1.0,"turns":3.0},{"damage":3.0,"enemies":"Small Slimes","floor":2.0,"turns":4.0},{"damage":0.0,"enemies":"2 Louse","floor":3.0,"turns":2.0},{"damage":0.0,"enemies":"Large Slime","floor":4.0,"turns":5.0},{"damage":16.0,"enemies":"Gremlin Nob","floor":7.0,"turns":3.0},{"damage":11.0,"enemies":"Blue Slaver","floor":11.0,"turns":4.0},{"damage":24.0,"enemies":"Lots of Slimes","floor":13.0,"turns":3.0},{"damage":0.0,"enemies":"Large Slime","floor":14.0,"turns":4.0},{"damage":0.0,"enemies":"Slime Boss","floor":16.0,"turns":5.0},{"damage":20.0,"enemies":"Spheric Guardian","floor":18.0,"turns":4.0},{"damage":15.0,"enemies":"Shell Parasite","floor":22.0,"turns":4.0},{"damage":17.0,"enemies":"Centurion and Healer","floor":27.0,"turns":5.0},{"damage":8.0,"enemies":"3 Cultists","floor":28.0,"turns":5.0},{"damage":18.0,"enemies":"Sentry and Sphere","floor":30.0,"turns":5.0},{"damage":14,"enemies":"Snake Plant","floor":31,"turns":3},{"damage":43,"enemies":"Champ","floor":33,"turns":8},{"damage":0,"enemies":"3 Shapes","floor":35,"turns":5},{"damage":11,"enemies":"3 Darklings","floor":36,"turns":6},{"damage":2,"enemies":"4 Shapes","floor":38,"turns":5},{"damage":0,"enemies":"Mind Bloom Boss Battle","floor":39,"turns":6},{"damage":12,"enemies":"Giant Head","floor":44,"turns":6},{"damage":0,"enemies":"Maw","floor":45,"turns":5},{"damage":4,"enemies":"Awakened One","floor":50,"turns":7}],"seed_played":"7723586724431949596","potions_obtained":[{"floor":1.0,"key":"FairyPotion"},{"floor":2.0,"key":"SpeedPotion"},{"floor":11.0,"key":"ElixirPotion"},{"floor":14.0,"key":"AttackPotion"}],"is_trial":false,"path_per_floor":["M","M","M","M","?","R","E","R","T","R","M","R","M","M","R","B",null,"M","?","?","?","M","R","$","R","T","M","M","R","M","M","R","B",null,"M","M","?","M","?","R","$","R","T","E","M","?","?","$","R","B",null],"character_chosen":"IRONCLAD","items_purchased":["True Grit","Shrug It Off","War Paint","Bag of Preparation","Seeing Red+1"],"campfire_rested":3,"item_purchase_floors":[24,24,24,41,48],"current_hp_per_floor":[80,80,80,80,73,73,63,63,63,63,58,58,40,46,46,52,80,66,66,51,42,33,58,58,58,58,47,45,45,33,25,50,13,85,85,80,80,84,85,85,85,85,85,79,85,85,74,74,85,85],"gold":122,"neow_bonus":"THREE_CARDS","is_daily":false,"chose_seed":false,"campfire_upgraded":9,"win_rate":0.0,"timestamp":1608889360,"path_taken":["M","?","M","M","?","R","E","R","T","R","M","R","M","M","R","BOSS","M","?","?","?","M","R","?","R","T","M","M","R","?","M","R","BOSS","M","M","?","?","?","R","$","R","T","E","M","?","?","$","R","BOSS"],"items_purchased_type":["Card","Card","Relic","Relic","Card"],"build_version":"2020-12-22","purchased_purges":2,"victory":true,"max_hp_per_floor":[80,80,80,80,80,80,80,80,80,80,80,80,80,80,80,80,80,80,80,85,85,85,85,85,85,85,85,85,85,85,85,85,85,85,85,85,85,85,85,85,85,85,85,85,85,85,85,85,85,85],"card_choices":[{"not_picked":["Armaments","Headbutt"],"picked":"Heavy Blade","floor":0.0},{"not_picked":["Intimidate","Metallicize"],"picked":"Rampage","floor":1.0},{"not_picked":["Headbutt","Perfected Strike","Searing Blow"],"picked":"SKIP","floor":2.0},{"not_picked":["Sever Soul","Thunderclap","Sword Boomerang"],"picked":"SKIP","floor":3.0},{"not_picked":["Armaments","Searing Blow","Combust"],"picked":"SKIP","floor":4.0},{"not_picked":["Clash","Heavy Blade","Clothesline"],"picked":"SKIP","floor":7.0},{"not_picked":["Sword Boomerang","Entrench"],"picked":"Battle Trance","floor":11.0},{"not_picked":["Combust","Feel No Pain"],"picked":"Juggernaut","floor":13.0},{"not_picked":["Battle Trance","Heavy Blade","Pommel Strike"],"picked":"SKIP","floor":14.0},{"not_picked":["Anger","Headbutt","Havoc"],"picked":"SKIP","floor":18.0},{"not_picked":["Anger+1","Thunderclap","Headbutt"],"picked":"SKIP","floor":22.0},{"not_picked":["Clothesline","Hemokinesis","Armaments+1"],"picked":"SKIP","floor":27.0},{"not_picked":["Twin Strike","Shrug It Off","Carnage"],"picked":"SKIP","floor":28.0},{"not_picked":["Wild Strike","Sentinel","Havoc"],"picked":"SKIP","floor":30.0},{"not_picked":["Perfected Strike","Searing Blow","Pommel Strike"],"picked":"SKIP","floor":31},{"not_picked":["Clothesline+1","Flame Barrier+1","Heavy Blade+1"],"picked":"SKIP","floor":35},{"not_picked":["Clash+1","Cleave","Headbutt+1"],"picked":"SKIP","floor":36},{"not_picked":["Headbutt","Sentinel+1"],"picked":"Metallicize","floor":38},{"not_picked":["Flex+1","Warcry+1","Infernal Blade+1"],"picked":"SKIP","floor":44},{"not_picked":["Heavy Blade+1","Havoc+1","Anger"],"picked":"SKIP","floor":45}],"player_experience":184580,"relics_obtained":[{"floor":7.0,"key":"Matryoshka"},{"floor":9.0,"key":"Bag of Marbles"},{"floor":9.0,"key":"Mummified Hand"},{"floor":26.0,"key":"Boot"},{"floor":26.0,"key":"Red Skull"},{"floor":39,"key":"Thread and Needle"},{"floor":43,"key":"Bronze Scales"},{"floor":44,"key":"Omamori"}],"event_choices":[{"cards_removed":["Strike_R"],"damage_healed":0.0,"max_hp_gain":0.0,"max_hp_loss":0.0,"gold_gain":0.0,"event_name":"Golden Wing","player_choice":"Card Removal","floor":5.0,"gold_loss":0.0,"damage_taken":7.0},{"damage_healed":0.0,"max_hp_gain":0.0,"max_hp_loss":0.0,"gold_gain":0.0,"event_name":"The Mausoleum","player_choice":"Opened","floor":19.0,"gold_loss":0.0,"damage_taken":0.0,"relics_obtained":["Incense Burner"]},{"damage_healed":0.0,"max_hp_gain":5.0,"max_hp_loss":0.0,"gold_gain":0.0,"event_name":"Forgotten Altar","player_choice":"Shed Blood","floor":20.0,"gold_loss":0.0,"damage_taken":20.0},{"damage_healed":0.0,"max_hp_gain":0.0,"max_hp_loss":0.0,"gold_gain":0.0,"event_name":"Cursed Tome","player_choice":"Stopped","floor":21.0,"gold_loss":0.0,"damage_taken":9.0},{"cards_removed":["Blood for Blood"],"damage_healed":0,"gold_gain":0,"player_choice":"Gave Card","damage_taken":0,"relics_obtained":["Toxic Egg 2"],"max_hp_gain":0,"max_hp_loss":0,"event_name":"WeMeetAgain","floor":37,"gold_loss":0},{"damage_healed":0,"gold_gain":0,"player_choice":"Fight","damage_taken":0,"max_hp_gain":0,"max_hp_loss":0,"event_name":"MindBloom","floor":39,"gold_loss":0},{"damage_healed":0,"gold_gain":0,"player_choice":"Ignored","damage_taken":0,"max_hp_gain":0,"max_hp_loss":0,"event_name":"Tomb of Lord Red Mask","floor":46,"gold_loss":0},{"damage_healed":0,"gold_gain":0,"player_choice":"Embrace Madness","damage_taken":11,"max_hp_gain":0,"max_hp_loss":0,"event_name":"Winding Halls","floor":47,"gold_loss":0,"cards_obtained":["Madness","Madness"]}],"is_beta":false,"boss_relics":[{"not_picked":["Runic Cube","Fusion Hammer"],"picked":"Sozu"},{"not_picked":["Coffee Dripper","Pandora\u0027s Box"],"picked":"Astrolabe"}],"items_purged_floors":[24,41],"is_endless":false,"potions_floor_spawned":[1,2,11,14,22,27,30,31,36,45],"ascension_level":3}}