{"host":"toh0bbw446wnuexf","time":1608937157,"event":{"mods":["BaseMod","Downfall","Hermit","Minty Spire (QoL Compilation)","Random Character Button","StSLib"],"gold_per_floor":[99,116,131,147,164,164,246,262,262,282,282,298,314,314,328,428,428,428,441,441,441],"floor_reached":20,"playtime":1613,"items_purged":[],"score":170,"play_id":"e7ea5399-9c25-4451-ab15-7059554c6a2c","local_time":"20201226115917","is_ascension_mode":false,"campfire_choices":[{"data":"sneckomod:SnekBite","floor":1,"key":"SMITH"},{"data":"sneckomod:UnknownColorless","floor":6,"key":"SMITH"},{"data":"sneckomod:Nope","floor":9,"key":"SMITH"},{"floor":11,"key":"REST"},{"data":"sneckomod:UnknownRarePower","floor":18,"key":"SMITH"}],"circlet_count":0,"master_deck":["sneckomod:Strike","sneckomod:Strike","sneckomod:Strike","sneckomod:Defend","sneckomod:Defend","sneckomod:Defend","sneckomod:TailWhip","sneckomod:SnekBite+1","sneckomod:UnknownColorless+1","sneckomod:IronFang","sneckomod:Nope+1","sneckomod:UnknownRarePower+1"],"relics":["sneckomod:SneckoSoul","Matryoshka","Empty Cage"],"acts_visited":["Exordium","TheCity"],"potions_floor_usage":[10],"damage_taken":[{"damage":10,"enemies":"Small Slimes","floor":2,"turns":4},{"damage":1,"enemies":"2 Louse","floor":3,"turns":2},{"damage":0,"enemies":"Cultist","floor":4,"turns":2},{"damage":1,"enemies":"2 Fungi Beasts","floor":5,"turns":3},{"damage":7,"enemies":"Large Slime","floor":8,"turns":4},{"damage":15,"enemies":"Exordium Thugs","floor":10,"turns":6},{"damage":3,"enemies":"3 Louse","floor":12,"turns":2},{"damage":6,"enemies":"Gremlin Gang","floor":13,"turns":5},{"damage":0,"enemies":"Blue Slaver","floor":15,"turns":5},{"damage":12,"enemies":"downfall:Watcher","floor":16,"turns":7},{"damage":44,"enemies":"3 Byrds","floor":19,"turns":7},{"damage":54,"enemies":"Cultist and Chosen","floor":20,"turns":7}],"seed_played":"-6871223803929938260","potions_obtained":[{"floor":3,"key":"PowerPotion"},{"floor":4,"key":"sneckomod:MuddlingPotion"},{"floor":8,"key":"AttackPotion"},{"floor":15,"key":"sneckomod:OffclassReductionPotion"}],"is_trial":false,"path_per_floor":["R","M","M","M","M","R","T","M","R","M","R","M","M","?","M","B",null,"R","M","M"],"character_chosen":"THE_SNECKO","items_purchased":[],"campfire_rested":1,"item_purchase_floors":[],"current_hp_per_floor":[91,81,80,80,79,79,79,72,72,57,84,81,75,75,75,64,92,92,48,0,0],"gold":441,"neow_bonus":"ONE_RANDOM_RARE_CARD","is_daily":false,"chose_seed":false,"campfire_upgraded":4,"win_rate":0.0,"timestamp":1608937157,"path_taken":["R","M","M","M","M","R","T","M","R","M","R","M","M","?","M","BOSS","R","M","M"],"items_purchased_type":[],"build_version":"2020-12-22","purchased_purges":0,"victory":false,"max_hp_per_floor":[91,91,91,91,91,91,91,91,91,91,91,91,91,91,91,92,92,92,92,92,92],"card_choices":[{"not_picked":["sneckomod:UnknownClassRED","sneckomod:Unknown0Cost","sneckomod:SoulRoll"],"picked":"SKIP","floor":2},{"not_picked":["sneckomod:UnknownClassPURPLE","sneckomod:SoulDraw","sneckomod:UnknownWeak"],"picked":"SKIP","floor":3},{"not_picked":["sneckomod:UnknownDexterity","sneckomod:SoulDraw"],"picked":"sneckomod:IronFang","floor":4},{"not_picked":["sneckomod:IronFang","sneckomod:QuickMove","sneckomod:UnknownCommonSkill"],"picked":"SKIP","floor":5},{"not_picked":["sneckomod:TrashToTreasure","sneckomod:DiceCrush"],"picked":"sneckomod:Nope","floor":8},{"not_picked":["sneckomod:Restock","sneckomod:SoulDraw","sneckomod:Unknown1Cost"],"picked":"SKIP","floor":10},{"not_picked":["sneckomod:Rotation","sneckomod:WideSting","sneckomod:DiceCrush"],"picked":"SKIP","floor":12},{"not_picked":["sneckomod:DiceCrush","sneckomod:DefensiveFlair","sneckomod:ImprovisedGuard"],"picked":"SKIP","floor":13},{"not_picked":["sneckomod:SoulRoll","sneckomod:Cheat","sneckomod:UnknownCommonAttack"],"picked":"SKIP","floor":15},{"not_picked":["sneckomod:DangerNoodle","sneckomod:UnlimitedRolls"],"picked":"sneckomod:UnknownRarePower","floor":16},{"not_picked":["sneckomod:TrashToTreasure","sneckomod:Nope","sneckomod:UnknownExhaust"],"picked":"SKIP","floor":19}],"player_experience":526798,"relics_obtained":[{"floor":7,"key":"Matryoshka"}],"event_choices":[],"is_beta":false,"boss_relics":[{"not_picked":["Tiny House","SacredBark"],"picked":"Empty Cage"}],"items_purged_floors":[],"is_endless":false,"potions_floor_spawned":[3,4,8,15],"killed_by":"Cultist and Chosen","ascension_level":0}}