{"host":"7o30bgpqouqblh42","time":1608861890,"event":{"mods":["AchievementEnabler","Aspiration","BaseMod","Colored Map","Downfall","Highlight Path","Minty Spire (QoL Compilation)","StSLib","SuperFastMode"],"gold_per_floor":[111,130,130,205,69,100,50,50,50,82,82,62,80,96,96,200,200,213,213,232,261,82,110,110,122,122,135,149,149,249,275,275,380,380,398,398,620,620,634,666,666,701,701,701,713,726,776,794,794,794,794,794,39,74,74],"floor_reached":56,"playtime":2960,"items_purged":["Strike_B","Steam Power"],"score":1278,"play_id":"e1fb392b-0f57-4d4b-a49e-e8b77329dabb","local_time":"20201224210450","is_ascension_mode":false,"campfire_choices":[{"data":"Storm","floor":8,"key":"SMITH"},{"floor":11,"key":"RECALL"},{"data":"Electrodynamics","floor":15,"key":"SMITH"},{"data":"Storm","floor":24,"key":"SMITH"},{"data":"Creative AI","floor":29,"key":"SMITH"},{"data":"Steam Power","floor":32,"key":"SMITH"},{"data":"Machine Learning","floor":41,"key":"SMITH"},{"data":"Seek","floor":44,"key":"SMITH"},{"data":"Thunder Strike","floor":49,"key":"SMITH"},{"data":"Reboot","floor":52,"key":"SMITH"}],"circlet_count":0,"master_deck":["Strike_B","Strike_B","Defend_B","Defend_B","Defend_B","Zap","Dualcast","Ball Lightning","Redo","Cold Snap","Electrodynamics+1","Storm+1","Thunder Strike+1","Storm+1","Creative AI+1","Capacitor","Steam Power+1","Static Discharge","Self Repair","Reboot+1","Conserve Battery+1","Auto Shields","BootSequence","FTL","Loop","Seek+1","Defragment+1","Machine Learning+1","Force Field+1","Storm+1","Thunder Strike+1","Auto Shields+1"],"relics":["Cracked Core","NeowsBlessing","Oddly Smooth Stone","aspiration:HummingbirdHeart","The Courier","Nuclear Battery","Red Mask","MealTicket","Prayer Wheel","White Beast Statue","Shuriken","SlaversCollar","aspiration:HatOfInfinitePower","Eternal Feather","Mango","StoneCalendar","Du-Vu Doll","Mercury Hourglass","aspiration:Lifesprig","aspiration:FrozenJewel","DollysMirror","Toy Ornithopter"],"acts_visited":["Exordium","TheCity","TheBeyond","TheEnding"],"potions_floor_usage":[16,18,21,33,33,33,47,50,55,55,55],"damage_taken":[{"damage":0,"enemies":"2 Louse","floor":1,"turns":1},{"damage":0,"enemies":"Jaw Worm","floor":2,"turns":1},{"damage":0,"enemies":"Lagavulin","floor":6,"turns":1},{"damage":2,"enemies":"3 Sentries","floor":10,"turns":3},{"damage":0,"enemies":"Small Slimes","floor":13,"turns":2},{"damage":7,"enemies":"Gremlin Gang","floor":14,"turns":2},{"damage":1,"enemies":"Hexaghost","floor":16,"turns":6},{"damage":3,"enemies":"2 Thieves","floor":18,"turns":2},{"damage":0,"enemies":"Spheric Guardian","floor":20,"turns":3},{"damage":0,"enemies":"Masked Bandits","floor":21,"turns":2},{"damage":28,"enemies":"Book of Stabbing","floor":23,"turns":4},{"damage":7,"enemies":"Centurion and Healer","floor":25,"turns":3},{"damage":2,"enemies":"Snecko","floor":27,"turns":3},{"damage":9,"enemies":"Snake Plant","floor":28,"turns":3},{"damage":0,"enemies":"Colosseum Slavers","floor":30,"turns":3},{"damage":8,"enemies":"Colosseum Nobs","floor":30,"turns":3},{"damage":0,"enemies":"Slavers","floor":31,"turns":2},{"damage":37,"enemies":"Automaton","floor":33,"turns":7},{"damage":0,"enemies":"3 Shapes","floor":35,"turns":2},{"damage":6,"enemies":"Orb Walker","floor":39,"turns":3},{"damage":39,"enemies":"Giant Head","floor":40,"turns":6},{"damage":2,"enemies":"Reptomancer","floor":42,"turns":3},{"damage":18,"enemies":"Maw","floor":45,"turns":5},{"damage":5,"enemies":"3 Darklings","floor":46,"turns":3},{"damage":12,"enemies":"Mind Bloom Boss Battle","floor":47,"turns":3},{"damage":0,"enemies":"Spire Growth","floor":48,"turns":3},{"damage":26,"enemies":"Time Eater","floor":50,"turns":6},{"damage":17,"enemies":"Shield and Spear","floor":54,"turns":3},{"damage":46,"enemies":"The Heart","floor":55,"turns":5}],"seed_played":"-2266263468125561612","potions_obtained":[{"floor":1,"key":"EssenceOfDarkness"},{"floor":2,"key":"ColorlessPotion"},{"floor":6,"key":"Weak Potion"},{"floor":12,"key":"Weak Potion"},{"floor":18,"key":"ColorlessPotion"},{"floor":25,"key":"DuplicationPotion"},{"floor":31,"key":"Guardian:BlockOnCardUsePotion"},{"floor":33,"key":"Fire Potion"},{"floor":35,"key":"champ:CounterPotion"},{"floor":39,"key":"Energy Potion"},{"floor":40,"key":"AttackPotion"},{"floor":46,"key":"PotionOfCapacity"},{"floor":47,"key":"sneckomod:MuddlingPotion"}],"is_trial":false,"path_per_floor":["M","M","?","?","$","E","?","R","T","E","R","?","M","M","R","B",null,"M","?","M","?","$","E","R","M","T","M","M","R","?","E","R","B",null,"M","?","?","?","M","E","R","E","T","R","M","M","?","M","R","B",null,"R","$","E","B",null],"character_chosen":"DEFECT","items_purchased":["Electrodynamics","Static Discharge","Self Repair","Mercury Hourglass","aspiration:Lifesprig","aspiration:FrozenJewel","DollysMirror","Strength Potion"],"campfire_rested":0,"item_purchase_floors":[5,22,22,53,53,53,53,53],"current_hp_per_floor":[75,75,75,64,64,64,64,64,64,62,62,62,62,55,55,54,75,72,72,72,72,72,51,51,44,44,42,40,40,39,39,39,2,75,75,71,71,71,71,32,47,59,59,74,63,58,46,53,71,52,85,85,85,68,37],"gold":74,"neow_bonus":"THREE_ENEMY_KILL","is_daily":false,"chose_seed":false,"campfire_upgraded":9,"win_rate":0.0,"timestamp":1608861890,"path_taken":["M","M","?","?","$","E","?","R","T","E","R","?","M","?","R","BOSS","M","?","M","?","$","E","R","M","T","M","?","R","?","E","R","BOSS","M","?","?","?","?","E","R","E","T","R","M","M","?","M","R","BOSS","R","$","E","BOSS"],"items_purchased_type":["Card","Card","Card","Relic","Relic","Relic","Relic","Potion"],"build_version":"2020-12-22","purchased_purges":2,"victory":true,"max_hp_per_floor":[75,75,75,75,75,75,75,75,75,75,75,75,75,75,75,75,75,75,75,75,75,75,75,75,75,75,75,75,75,75,75,75,75,75,75,71,71,71,71,71,71,85,85,85,85,85,85,85,85,85,85,85,85,85,85],"card_choices":[{"not_picked":["Melter","Cold Snap"],"picked":"Ball Lightning","floor":1},{"not_picked":["Stack","Gash"],"picked":"Redo","floor":2},{"not_picked":["Compile Driver","Scrape"],"picked":"Storm","floor":6},{"not_picked":["Rainbow","Barrage"],"picked":"Thunder Strike","floor":10},{"not_picked":["Compile Driver","Go for the Eyes","Redo"],"picked":"SKIP","floor":13},{"not_picked":["Stack","Streamline"],"picked":"Storm","floor":14},{"not_picked":["Reboot","Multi-Cast"],"picked":"Creative AI","floor":16},{"not_picked":["Stack+1","Streamline+1"],"picked":"Capacitor","floor":18},{"not_picked":["Coolheaded","Darkness"],"picked":"Steam Power","floor":20},{"not_picked":["Capacitor","Auto Shields"],"picked":"Reboot","floor":23},{"not_picked":["White Noise","Leap"],"picked":"Conserve Battery+1","floor":25},{"not_picked":["Compile Driver","Sweeping Beam"],"picked":"Auto Shields","floor":27},{"not_picked":["Cold Snap","Streamline"],"picked":"BootSequence","floor":28},{"not_picked":["Sweeping Beam","Leap+1"],"picked":"FTL","floor":30},{"not_picked":["Barrage+1","Sweeping Beam"],"picked":"Loop","floor":31},{"not_picked":["Creative AI","Biased Cognition"],"picked":"Seek","floor":33},{"not_picked":["Leap","Redo"],"picked":"Defragment+1","floor":35},{"not_picked":["Hologram","Reinforced Body","Hello World+1"],"picked":"SKIP","floor":35},{"not_picked":["Stack","Rip and Tear","Barrage"],"picked":"SKIP","floor":39},{"not_picked":["Coolheaded+1","Cold Snap+1","Steam"],"picked":"SKIP","floor":39},{"not_picked":["Hologram","FTL"],"picked":"Machine Learning","floor":40},{"not_picked":["Loop+1","Redo+1","Beam Cell+1"],"picked":"SKIP","floor":42},{"not_picked":["Static Discharge+1","Compile Driver+1"],"picked":"Force Field+1","floor":45},{"not_picked":["Scrape+1","Coolheaded","Conserve Battery"],"picked":"SKIP","floor":45},{"not_picked":["Chaos+1","Chill","Cold Snap+1"],"picked":"SKIP","floor":46},{"not_picked":["Reinforced Body+1","Stack+1","Beam Cell"],"picked":"SKIP","floor":46},{"not_picked":["Barrage","Skim+1"],"picked":"Storm+1","floor":47},{"not_picked":["Compile Driver","Hello World","Steam"],"picked":"SKIP","floor":48},{"not_picked":["Hologram+1","Steam+1","Leap+1"],"picked":"SKIP","floor":48},{"not_picked":["Barrage","Coolheaded+1"],"picked":"Auto Shields+1","floor":54}],"player_experience":145522,"relics_obtained":[{"floor":6,"key":"Oddly Smooth Stone"},{"floor":9,"key":"aspiration:HummingbirdHeart"},{"floor":10,"key":"The Courier"},{"floor":21,"key":"Red Mask"},{"floor":23,"key":"MealTicket"},{"floor":30,"key":"Prayer Wheel"},{"floor":30,"key":"White Beast Statue"},{"floor":31,"key":"Shuriken"},{"floor":40,"key":"Eternal Feather"},{"floor":42,"key":"Mango"},{"floor":43,"key":"StoneCalendar"},{"floor":47,"key":"Du-Vu Doll"},{"floor":54,"key":"Toy Ornithopter"}],"event_choices":[{"damage_healed":0,"gold_gain":0,"cards_transformed":["Strike_B"],"player_choice":"Change","damage_taken":0,"max_hp_gain":0,"max_hp_loss":0,"event_name":"Living Wall","floor":3,"gold_loss":0,"cards_obtained":["Cold Snap"]},{"damage_healed":0,"gold_gain":75,"player_choice":"Gather Gold","damage_taken":11,"max_hp_gain":0,"max_hp_loss":0,"event_name":"World of Goop","floor":4,"gold_loss":0},{"cards_removed":["Defend_B"],"damage_healed":0,"gold_gain":0,"player_choice":"Card Removal","damage_taken":0,"max_hp_gain":0,"max_hp_loss":0,"event_name":"The Cleric","floor":7,"gold_loss":50},{"damage_healed":0,"gold_gain":0,"player_choice":"Bought 1 Potion","damage_taken":0,"max_hp_gain":0,"max_hp_loss":0,"event_name":"The Woman in Blue","floor":12,"gold_loss":0},{"damage_healed":0,"gold_gain":0,"player_choice":"Read","damage_taken":0,"max_hp_gain":0,"max_hp_loss":0,"event_name":"The Library","floor":19,"gold_loss":0,"cards_obtained":["Steam Power"]},{"damage_healed":0,"gold_gain":0,"player_choice":"Fought Bandits","damage_taken":0,"max_hp_gain":0,"max_hp_loss":0,"event_name":"Masked Bandits","floor":21,"gold_loss":0},{"damage_healed":0,"gold_gain":0,"player_choice":"Fight","damage_taken":0,"max_hp_gain":0,"max_hp_loss":0,"event_name":"Colosseum","floor":30,"gold_loss":0},{"damage_healed":0,"gold_gain":0,"player_choice":"Fought Nobs","damage_taken":0,"max_hp_gain":0,"max_hp_loss":0,"event_name":"Colosseum","floor":30,"gold_loss":0},{"damage_healed":0,"gold_gain":0,"player_choice":"Max HP","damage_taken":0,"max_hp_gain":0,"max_hp_loss":4,"event_name":"Winding Halls","floor":36,"gold_loss":0},{"damage_healed":0,"gold_gain":222,"player_choice":"Wore Mask","damage_taken":0,"max_hp_gain":0,"max_hp_loss":0,"event_name":"Tomb of Lord Red Mask","floor":37,"gold_loss":0},{"damage_healed":0,"gold_gain":0,"player_choice":"Gave Potion","damage_taken":0,"relics_obtained":["aspiration:HatOfInfinitePower"],"max_hp_gain":0,"max_hp_loss":0,"event_name":"WeMeetAgain","floor":38,"gold_loss":0},{"damage_healed":0,"gold_gain":0,"player_choice":"Fight","damage_taken":0,"max_hp_gain":0,"max_hp_loss":0,"event_name":"MindBloom","floor":47,"gold_loss":0}],"is_beta":false,"boss_relics":[{"not_picked":["Pandora\u0027s Box","Runic Pyramid"],"picked":"Nuclear Battery"},{"not_picked":["Snecko Eye","aspiration:SecretTechniqueScroll"],"picked":"SlaversCollar"}],"items_purged_floors":[22,53],"is_endless":false,"potions_floor_spawned":[1,2,6,18,25,30,31,33,35,39,40,42,45,46,47,48,54],"ascension_level":0}}