{"host":"5fasz840ryq7obdf","time":1608895544,"event":{"mods":["AchievementEnabler","BaseMod","Bestiary","Better Altar","Better Skull","Better Third Choice","BetterRewards","Block Reminder","Colored Powertips","Curses Come First","Minty Spire (QoL Compilation)","Quick Restart","Relic Stats","Shop Mod","Spicy Shops","StSLib"],"gold_per_floor":[118,52,327,2,14,47,85,112,137,137,154,154,183,16,16,90,390,407,432,457,468,485,512,512,541,541,555,555,569,188,215,215,287,287,299,324,56,129,142,173,192,219,219,229,244,466,48,75,75,75,75,75,75,9,36,36],"floor_reached":57,"playtime":4645,"items_purged":["Regret"],"score":3961,"play_id":"a7c13068-2c26-459b-a1d7-c63449449996","local_time":"20201225112544","is_ascension_mode":true,"campfire_choices":[{"data":"Omniscience","floor":10.0,"key":"SMITH"},{"floor":12.0,"key":"REST"},{"data":"Omniscience","floor":15.0,"key":"SMITH"},{"data":"Eruption","floor":24.0,"key":"SMITH"},{"data":"WreathOfFlame","floor":28.0,"key":"SMITH"},{"data":"Adaptation","floor":32.0,"key":"SMITH"},{"floor":49.0,"key":"RECALL"},{"data":"Adaptation","floor":53.0,"key":"SMITH"}],"circlet_count":0,"master_deck":["AscendersBane","Strike_P+1","Strike_P","Strike_P+1","Strike_P","Defend_P+1","Defend_P","Defend_P","Defend_P+1","Eruption+1","Vigilance","FlurryOfBlows+1","SandsOfTime+1","ClearTheMind","CrushJoints+1","EmptyBody+1","Adaptation+1","Ragnarok","Adaptation+1","Omniscience+1","FlurryOfBlows","Ragnarok+1","CrushJoints","DeusExMachina+1","Consecrate+1","Doubt","Omniscience+1","WreathOfFlame+1","Protect+1","Indignation","ConjureBlade","WaveOfTheHand","TalkToTheHand+1","LessonLearned","CurseOfTheBell","Protect","CrushJoints+1","FlurryOfBlows+1","Protect","Halt","ReachHeaven+1","SpiritShield","TalkToTheHand+1","EmptyMind+1","CutThroughFate+1","InnerPeace+1","Wallop+1","Tantrum+1","Ragnarok+1","EmptyBody","EmptyBody+1","Sadistic Nature+1","Wireheading","DevaForm","Nirvana","WreathOfFlame","TalkToTheHand+1","CutThroughFate+1","MentalFortress","Establishment","TalkToTheHand+1","JustLucky+1","WheelKick+1","SashWhip+1","Wallop+1"],"relics":["PureWater","Toolbox","PreservedInsect","Torii","HandDrill","Question Card","Orrery","Happy Flower","Tiny Chest","Kunai","Oddly Smooth Stone","Calipers","Frozen Eye","OrangePellets","Prayer Wheel","Pen Nib","Bag of Marbles","DollysMirror","Lantern","Regal Pillow","Toy Ornithopter","Art of War","Strange Spoon","Calling Bell","MealTicket","Molten Egg 2","Old Coin","Red Mask","Strawberry","Lizard Tail","Pantograph","War Paint","Letter Opener","Orichalcum","Black Star","Ginger","Akabeko","Anchor","Mango","Vajra","Bottled Tornado","Shuriken","Whetstone","Juzu Bracelet","InkBottle","Ornamental Fan"],"acts_visited":["Exordium","TheCity","TheBeyond","TheEnding"],"potions_floor_usage":[],"damage_taken":[{"damage":1.0,"enemies":"Small Slimes","floor":1.0,"turns":2.0},{"damage":0.0,"enemies":"Cultist","floor":5.0,"turns":1.0},{"damage":0.0,"enemies":"Lagavulin","floor":6.0,"turns":2.0},{"damage":0.0,"enemies":"2 Louse","floor":7.0,"turns":1.0},{"damage":0.0,"enemies":"Gremlin Nob","floor":8.0,"turns":1.0},{"damage":14.0,"enemies":"Looter","floor":11.0,"turns":4.0},{"damage":0.0,"enemies":"Lagavulin","floor":13.0,"turns":2.0},{"damage":5.0,"enemies":"Slime Boss","floor":16.0,"turns":4.0},{"damage":0.0,"enemies":"Spheric Guardian","floor":18.0,"turns":1.0},{"damage":20.0,"enemies":"Masked Bandits","floor":19.0,"turns":4.0},{"damage":0.0,"enemies":"Chosen","floor":21.0,"turns":2.0},{"damage":0.0,"enemies":"Snake Plant","floor":22.0,"turns":1.0},{"damage":0.0,"enemies":"Slavers","floor":23.0,"turns":1.0},{"damage":0.0,"enemies":"Book of Stabbing","floor":25.0,"turns":1.0},{"damage":4.0,"enemies":"Centurion and Healer","floor":27.0,"turns":6.0},{"damage":0.0,"enemies":"Cultist and Chosen","floor":29.0,"turns":1.0},{"damage":0.0,"enemies":"Slavers","floor":31.0,"turns":2.0},{"damage":9.0,"enemies":"Automaton","floor":33.0,"turns":5.0},{"damage":1.0,"enemies":"3 Shapes","floor":35.0,"turns":3.0},{"damage":12.0,"enemies":"Mind Bloom Boss Battle","floor":36.0,"turns":3.0},{"damage":1.0,"enemies":"3 Darklings","floor":39.0,"turns":6.0},{"damage":0.0,"enemies":"Nemesis","floor":40.0,"turns":1.0},{"damage":25.0,"enemies":"Transient","floor":41.0,"turns":6.0},{"damage":35.0,"enemies":"Reptomancer","floor":42.0,"turns":3.0},{"damage":1.0,"enemies":"Sphere and 2 Shapes","floor":44.0,"turns":5.0},{"damage":0.0,"enemies":"Maw","floor":45.0,"turns":1.0},{"damage":15.0,"enemies":"Giant Head","floor":48.0,"turns":5.0},{"damage":47.0,"enemies":"Awakened One","floor":50.0,"turns":6.0},{"damage":21.0,"enemies":"Donu and Deca","floor":51.0,"turns":4.0},{"damage":81,"enemies":"Shield and Spear","floor":55,"turns":5},{"damage":6,"enemies":"The Heart","floor":56,"turns":8}],"seed_played":"-89487080505343962","potions_obtained":[{"floor":1.0,"key":"GamblersBrew"},{"floor":11.0,"key":"SmokeBomb"},{"floor":16.0,"key":"StancePotion"},{"floor":18.0,"key":"BlessingOfTheForge"},{"floor":21.0,"key":"EssenceOfSteel"},{"floor":29.0,"key":"Swift Potion"},{"floor":41.0,"key":"Dexterity Potion"},{"floor":55,"key":"Weak Potion"}],"is_trial":false,"path_per_floor":["M","$","?","$","M","E","M","E","T","R","M","R","E","$","R","B",null,"M","?","T","M","M","E","R","E","T","M","R","M","$","E","R","B",null,"M","?","$","T","M","E","M","E","T","M","M","?","$","E","R","B","B",null,"R","$","E","B",null],"character_chosen":"WATCHER","items_purchased":["Toolbox","PreservedInsect","Torii","HandDrill","Question Card","Orrery","Happy Flower","Tiny Chest","Adaptation","Kunai","Oddly Smooth Stone","Ragnarok","Adaptation","Omniscience","Calipers","Frozen Eye","OrangePellets","Prayer Wheel","FlurryOfBlows","Ragnarok","CrushJoints","Pen Nib","Bag of Marbles","DollysMirror","Strange Spoon","Tantrum+1","Letter Opener","Sadistic Nature","Shuriken","TalkToTheHand+1","JustLucky+1","SashWhip+1"],"campfire_rested":1,"item_purchase_floors":[0,0,0,0,0,0,0,0,0,0,0,0,0,0,0,0,0,0,0,0,0,2,4,4,14,30,30,37,47,47,47,54],"current_hp_per_floor":[18,18,18,18,18,18,18,18,18,18,4,39,39,39,39,34,60,60,45,52,52,52,52,52,52,52,48,48,48,63,63,63,66,73,72,63,75,75,74,74,50,29,29,28,28,28,43,28,28,16,20,72,72,87,6,25],"gold":36,"neow_bonus":"","is_daily":false,"chose_seed":false,"campfire_upgraded":6,"win_rate":0.0,"timestamp":1608895544,"path_taken":["M","$","?","$","M","E","M","E","T","R","M","R","E","?","R","BOSS","M","?","?","M","?","E","R","E","T","M","R","M","?","E","R","BOSS","M","?","$","?","M","E","M","E","T","M","M","?","?","E","R","BOSS","BOSS","R","$","E","BOSS"],"items_purchased_type":["Relic","Relic","Relic","Relic","Relic","Relic","Relic","Relic","Card","Relic","Relic","Card","Card","Card","Relic","Relic","Relic","Relic","Card","Card","Card","Relic","Relic","Relic","Relic","Card","Relic","Card","Relic","Card","Card","Card"],"build_version":"2020-12-22","purchased_purges":1,"victory":true,"max_hp_per_floor":[68,68,68,68,68,68,68,68,68,68,68,68,68,68,68,68,68,68,68,75,75,75,75,75,75,75,75,75,75,75,75,75,75,75,75,75,75,75,75,75,75,89,89,89,89,89,89,89,89,89,89,89,89,89,89,89],"relic_stats":{"Regal Pillow":15,"Torii":8,"Juzu Bracelet":3,"Ginger":[9],"Whetstone":["TalkToTheHand","Strike_P"],"Lizard Tail":0,"Pantograph":228,"Tiny Chest":2,"Prayer Wheel":14,"MealTicket":57,"HandDrill":[18],"Kunai":[153],"InkBottle":[26],"Happy Flower":[151],"counters":[227,728],"PreservedInsect":1078,"Pen Nib":[66],"Letter Opener":[182],"War Paint":["Defend_P","Protect"],"Orichalcum":[84],"Question Card":48,"OrangePellets":[4],"Strange Spoon":[84],"Shuriken":[20],"Ornamental Fan":[164],"Art of War":[17],"Black Star":8,"obtain_stats":[{"Spirit Poop":11,"Whetstone":37,"Ginger":36,"Bottled Tornado":6,"Sling":0,"Boot":0,"Old Coin":17,"Blood Vial":3,"Sundial":25,"MealTicket":8,"HandDrill":45,"Kunai":46,"Pear":23,"betterAltar:BloodRelic":22,"Blue Candle":25,"Eternal Feather":26,"Pen Nib":14,"Akabeko":0,"SlaversCollar":34,"Bird Faced Urn":55,"Pandora\u0027s Box":34,"StrikeDummy":8,"Unceasing Top":20,"Lantern":14,"Regal Pillow":40,"Singing Bowl":23,"Torii":48,"GremlinMask":30,"Bag of Preparation":13,"Smiling Mask":40,"Shovel":12,"Matryoshka":0,"Toolbox":0,"WingedGreaves":25,"InkBottle":9,"Potion Belt":0,"Lee\u0027s Waffle":0,"NeowsBlessing":0,"Golden Idol":5,"Damaru":45,"Thread and Needle":54,"The Courier":9,"PreservedInsect":0,"Frozen Egg 2":14,"GoldenEye":42,"Ornamental Fan":0,"Bloody Idol":22,"Orrery":0,"Turnip":0,"Art of War":41,"Bottled Lightning":28,"Toy Ornithopter":39,"Ice Cream":8,"Tiny House":34,"Calipers":34,"Gremlin Horn":44,"CeramicFish":14,"Vajra":37,"Sozu":17,"Centennial Puzzle":37,"Lizard Tail":6,"HornCleat":9,"DollysMirror":4,"Strawberry":31,"Prayer Wheel":29,"VioletLotus":17,"Toxic Egg 2":29,"Girya":0,"Happy Flower":45,"Astrolabe":34,"Oddly Smooth Stone":0,"Letter Opener":0,"War Paint":34,"Question Card":40,"WarpedTongs":36,"OrangePellets":54,"Bottled Flame":53,"Shuriken":6,"Bronze Scales":23,"Molten Egg 2":0,"Black Star":34,"Meat on the Bone":0,"Darkstone Periapt":34,"Yang":55,"Mango":42,"CloakClasp":0,"Incense Burner":45,"Juzu Bracelet":6,"TeardropLocket":0,"PrismaticShard":0,"ClockworkSouvenir":41,"Frozen Eye":39,"Nunchaku":9,"Dream Catcher":44,"TheAbacus":19,"Mummified Hand":0,"Pantograph":6,"Gambling Chip":0,"Tiny Chest":0,"Red Mask":19,"Orichalcum":8,"White Beast Statue":4,"Mercury Hourglass":26,"Calling Bell":34,"Strange Spoon":41,"Anchor":37,"Bag of Marbles":10,"Coffee Dripper":17,"Membership Card":0,"PureWater":0,"TungstenRod":55},{"Spirit Poop":19,"Whetstone":33,"Ginger":216,"Bottled Tornado":76,"Sling":41,"Boot":41,"Old Coin":204,"Blood Vial":11,"Sundial":87,"MealTicket":77,"HandDrill":38,"Kunai":99,"Pear":179,"betterAltar:BloodRelic":23,"Blue Candle":55,"Eternal Feather":87,"Pen Nib":21,"Akabeko":9,"SlaversCollar":122,"Bird Faced Urn":195,"Pandora\u0027s Box":31,"StrikeDummy":18,"Unceasing Top":51,"Lantern":21,"Regal Pillow":127,"Singing Bowl":24,"Torii":68,"GremlinMask":183,"Bag of Preparation":48,"Smiling Mask":35,"Shovel":8,"Matryoshka":41,"Toolbox":41,"WingedGreaves":25,"InkBottle":45,"Potion Belt":72,"Lee\u0027s Waffle":12,"NeowsBlessing":0,"Golden Idol":108,"Damaru":38,"Thread and Needle":134,"The Courier":7,"PreservedInsect":9,"Frozen Egg 2":21,"GoldenEye":65,"Ornamental Fan":41,"Bloody Idol":23,"Orrery":72,"Turnip":9,"Art of War":96,"Bottled Lightning":56,"Toy Ornithopter":188,"Ice Cream":7,"Tiny House":59,"Calipers":91,"Gremlin Horn":129,"CeramicFish":21,"Vajra":33,"Sozu":22,"Centennial Puzzle":33,"Lizard Tail":109,"HornCleat":77,"DollysMirror":197,"Strawberry":121,"Prayer Wheel":28,"VioletLotus":50,"Toxic Egg 2":88,"Girya":105,"Happy Flower":38,"Astrolabe":155,"Oddly Smooth Stone":9,"Letter Opener":9,"War Paint":91,"Question Card":96,"WarpedTongs":186,"OrangePellets":70,"Bottled Flame":165,"Shuriken":5,"Bronze Scales":117,"Molten Egg 2":9,"Black Star":185,"Meat on the Bone":72,"Darkstone Periapt":91,"Yang":71,"Mango":220,"CloakClasp":9,"Incense Burner":38,"Juzu Bracelet":170,"TeardropLocket":12,"PrismaticShard":136,"ClockworkSouvenir":96,"Frozen Eye":188,"Nunchaku":18,"Dream Catcher":38,"TheAbacus":150,"Mummified Hand":9,"Pantograph":17,"Gambling Chip":136,"Tiny Chest":196,"Red Mask":206,"Orichalcum":171,"White Beast Statue":42,"Mercury Hourglass":25,"Calling Bell":91,"Strange Spoon":96,"Anchor":33,"Bag of Marbles":7,"Coffee Dripper":149,"Membership Card":12,"PureWater":0,"TungstenRod":166},{"Spirit Poop":53,"Whetstone":113,"Ginger":678,"Bottled Tornado":271,"Sling":152,"Boot":152,"Old Coin":648,"Blood Vial":31,"Sundial":315,"MealTicket":275,"HandDrill":134,"Kunai":333,"Pear":560,"betterAltar:BloodRelic":68,"Blue Candle":191,"Eternal Feather":315,"Pen Nib":57,"Akabeko":26,"SlaversCollar":381,"Bird Faced Urn":624,"Pandora\u0027s Box":104,"StrikeDummy":51,"Unceasing Top":179,"Lantern":57,"Regal Pillow":386,"Singing Bowl":73,"Torii":233,"GremlinMask":571,"Bag of Preparation":170,"Smiling Mask":119,"Shovel":25,"Matryoshka":152,"Toolbox":152,"WingedGreaves":77,"InkBottle":162,"Potion Belt":255,"Lee\u0027s Waffle":34,"NeowsBlessing":0,"Golden Idol":359,"Damaru":134,"Thread and Needle":395,"The Courier":19,"PreservedInsect":26,"Frozen Egg 2":57,"GoldenEye":221,"Ornamental Fan":152,"Bloody Idol":68,"Orrery":255,"Turnip":26,"Art of War":330,"Bottled Lightning":193,"Toy Ornithopter":590,"Ice Cream":19,"Tiny House":203,"Calipers":324,"Gremlin Horn":388,"CeramicFish":57,"Vajra":113,"Sozu":64,"Centennial Puzzle":113,"Lizard Tail":361,"HornCleat":275,"DollysMirror":633,"Strawberry":378,"Prayer Wheel":89,"VioletLotus":177,"Toxic Egg 2":316,"Girya":353,"Happy Flower":134,"Astrolabe":469,"Oddly Smooth Stone":26,"Letter Opener":26,"War Paint":324,"Question Card":330,"WarpedTongs":583,"OrangePellets":243,"Bottled Flame":514,"Shuriken":11,"Bronze Scales":373,"Molten Egg 2":26,"Black Star":577,"Meat on the Bone":255,"Darkstone Periapt":324,"Yang":246,"Mango":694,"CloakClasp":26,"Incense Burner":134,"Juzu Bracelet":529,"TeardropLocket":34,"PrismaticShard":402,"ClockworkSouvenir":330,"Frozen Eye":590,"Nunchaku":51,"Dream Catcher":134,"TheAbacus":448,"Mummified Hand":26,"Pantograph":49,"Gambling Chip":402,"Tiny Chest":631,"Red Mask":653,"Orichalcum":532,"White Beast Statue":154,"Mercury Hourglass":77,"Calling Bell":324,"Strange Spoon":330,"Anchor":113,"Bag of Marbles":19,"Coffee Dripper":442,"Membership Card":34,"PureWater":0,"TungstenRod":517}],"Toy Ornithopter":41},"card_choices":[{"not_picked":["ThirdEye","Crescendo","Prostrate"],"picked":"FlurryOfBlows","floor":0.0},{"not_picked":["Halt","ClearTheMind","Fasting2"],"picked":"SandsOfTime","floor":0.0},{"not_picked":["Prostrate","SignatureMove","Fasting2"],"picked":"ClearTheMind","floor":0.0},{"not_picked":["Worship","Evaluate","InnerPeace"],"picked":"CrushJoints","floor":0.0},{"not_picked":["FlyingSleeves","Conclude","SignatureMove"],"picked":"EmptyBody","floor":0.0},{"not_picked":["BowlingBash","JustLucky","SashWhip"],"picked":"DeusExMachina","floor":1.0},{"not_picked":["FlyingSleeves","BattleHymn","WheelKick"],"picked":"Consecrate","floor":1.0},{"not_picked":["Crescendo","BowlingBash","FollowUp"],"picked":"WreathOfFlame","floor":5.0},{"not_picked":["WindmillStrike","Study","Halt","MentalFortress"],"picked":"SKIP","floor":5.0},{"not_picked":["CrushJoints","BowlingBash","Adaptation"],"picked":"Protect","floor":6.0},{"not_picked":["Evaluate","SashWhip","FlurryOfBlows"],"picked":"Indignation","floor":7.0},{"not_picked":["SandsOfTime","CrushJoints","Vengeance","ForeignInfluence"],"picked":"SKIP","floor":7.0},{"not_picked":["ClearTheMind","EmptyFist","InnerPeace"],"picked":"ConjureBlade","floor":8.0},{"not_picked":["Protect","ClearTheMind","CutThroughFate"],"picked":"WaveOfTheHand","floor":11.0},{"not_picked":["ThirdEye","SashWhip","Adaptation","SandsOfTime"],"picked":"SKIP","floor":11.0},{"not_picked":["Nirvana","FlurryOfBlows","Fasting2"],"picked":"TalkToTheHand","floor":13.0},{"not_picked":["MasterReality","DeusExMachina","Omniscience"],"picked":"LessonLearned","floor":16.0},{"not_picked":["SashWhip+1","Indignation+1","PathToVictory"],"picked":"Protect","floor":18.0},{"not_picked":["CutThroughFate+1","Swivel","FollowUp+1","Prostrate"],"picked":"SKIP","floor":18.0},{"not_picked":["Wireheading","Halt","Weave+1"],"picked":"CrushJoints+1","floor":19.0},{"not_picked":["ThirdEye","JustLucky+1","ClearTheMind"],"picked":"FlurryOfBlows+1","floor":21.0},{"not_picked":["BattleHymn","Weave+1","SashWhip+1"],"picked":"Protect","floor":21.0},{"not_picked":["Protect+1","ThirdEye","Consecrate+1"],"picked":"Halt","floor":22.0},{"not_picked":["PathToVictory","MentalFortress","LessonLearned+1"],"picked":"ReachHeaven+1","floor":22.0},{"not_picked":["Wireheading+1","Prostrate+1","TalkToTheHand+1"],"picked":"SpiritShield","floor":23.0},{"not_picked":["LikeWater","Perseverance","JustLucky+1"],"picked":"TalkToTheHand+1","floor":25.0},{"not_picked":["FlurryOfBlows+1","JustLucky+1","CrushJoints+1"],"picked":"EmptyMind+1","floor":27.0},{"not_picked":["Weave+1","LikeWater","Consecrate+1"],"picked":"CutThroughFate+1","floor":27.0},{"not_picked":["Consecrate+1","Protect","LikeWater"],"picked":"InnerPeace","floor":29.0},{"not_picked":["FollowUp+1","ForeignInfluence","Halt"],"picked":"Wallop+1","floor":29.0},{"not_picked":["Perseverance","Evaluate","FearNoEvil+1","CutThroughFate+1"],"picked":"SKIP","floor":31.0},{"not_picked":["ConjureBlade","SpiritShield","Devotion"],"picked":"Ragnarok+1","floor":33.0},{"not_picked":["EmptyMind+1","EmptyFist+1","CarveReality+1"],"picked":"EmptyBody","floor":35.0},{"not_picked":["Prostrate","Conclude+1","EmptyFist+1","Consecrate+1"],"picked":"SKIP","floor":35.0},{"not_picked":["CrushJoints+1","WaveOfTheHand","BowlingBash+1"],"picked":"EmptyBody+1","floor":36.0},{"not_picked":["Indignation","BowlingBash+1","SashWhip+1"],"picked":"Wireheading","floor":39.0},{"not_picked":["Prostrate","Swivel","FlyingSleeves+1","SashWhip+1"],"picked":"SKIP","floor":39.0},{"not_picked":["JustLucky+1","BowlingBash+1","Consecrate+1"],"picked":"DevaForm","floor":40.0},{"not_picked":["BowlingBash+1","InnerPeace","Pray"],"picked":"Nirvana","floor":41.0},{"not_picked":["Halt","CutThroughFate+1","PathToVictory"],"picked":"WreathOfFlame","floor":41.0},{"not_picked":["CarveReality+1","Judgement","FlurryOfBlows+1"],"picked":"TalkToTheHand+1","floor":42.0},{"not_picked":["Crescendo","Pray","FlurryOfBlows+1"],"picked":"CutThroughFate+1","floor":44.0},{"not_picked":["CutThroughFate+1","FollowUp+1","Prostrate+1"],"picked":"MentalFortress","floor":44.0},{"not_picked":["JustLucky+1","LikeWater","EmptyMind"],"picked":"Establishment","floor":45.0},{"not_picked":["CutThroughFate+1","Pray","CarveReality+1","ReachHeaven+1"],"picked":"SKIP","floor":45.0},{"not_picked":["Fasting2","Vengeance","ThirdEye"],"picked":"WheelKick+1","floor":48.0},{"not_picked":["Evaluate","FollowUp+1","Consecrate+1"],"picked":"Wallop+1","floor":55}],"player_experience":1074037,"relics_obtained":[{"floor":6.0,"key":"Lantern"},{"floor":8.0,"key":"Regal Pillow"},{"floor":9.0,"key":"Toy Ornithopter"},{"floor":13.0,"key":"Art of War"},{"floor":17.0,"key":"MealTicket"},{"floor":17.0,"key":"Molten Egg 2"},{"floor":17.0,"key":"Old Coin"},{"floor":19.0,"key":"Red Mask"},{"floor":20.0,"key":"Strawberry"},{"floor":23.0,"key":"Lizard Tail"},{"floor":25.0,"key":"Pantograph"},{"floor":26.0,"key":"War Paint"},{"floor":31.0,"key":"Orichalcum"},{"floor":36.0,"key":"Ginger"},{"floor":40.0,"key":"Akabeko"},{"floor":40.0,"key":"Anchor"},{"floor":42.0,"key":"Mango"},{"floor":42.0,"key":"Vajra"},{"floor":43.0,"key":"Bottled Tornado"},{"floor":48.0,"key":"Whetstone"},{"floor":48.0,"key":"Juzu Bracelet"},{"floor":55,"key":"InkBottle"},{"floor":55,"key":"Ornamental Fan"}],"event_choices":[{"damage_healed":0.0,"max_hp_gain":0.0,"max_hp_loss":0.0,"gold_gain":275.0,"event_name":"Golden Shrine","player_choice":"Desecrate","floor":3.0,"gold_loss":0.0,"damage_taken":0.0,"cards_obtained":["Regret"]},{"damage_healed":0.0,"max_hp_gain":0.0,"max_hp_loss":0.0,"gold_gain":0.0,"event_name":"Masked Bandits","player_choice":"Fought Bandits","floor":19.0,"gold_loss":0.0,"damage_taken":0.0},{"damage_healed":0.0,"max_hp_gain":0.0,"max_hp_loss":0.0,"gold_gain":0.0,"event_name":"MindBloom","player_choice":"Fight","floor":36.0,"gold_loss":0.0,"damage_taken":0.0},{"damage_healed":0.0,"max_hp_gain":0.0,"max_hp_loss":0.0,"gold_gain":222.0,"event_name":"Tomb of Lord Red Mask","player_choice":"Wore Mask","floor":46.0,"gold_loss":0.0,"damage_taken":0.0}],"is_beta":false,"boss_relics":[{"not_picked":["Fusion Hammer","Ectoplasm"],"picked":"Calling Bell"},{"not_picked":["Velvet Choker","Empty Cage"],"picked":"Black Star"}],"items_purged_floors":[30],"is_endless":false,"potions_floor_spawned":[1,11,16,18,21,23,29,33,35,41,44,55],"ascension_level":20}}