{"host":"no7lpkw32q9rsjhi","time":1608894380,"event":{"mods":["BaseMod","Colored Map","Infinite Spire","Minty Spire (QoL Compilation)","Replay The Spire","StSLib","The Animator","The Hierophant"],"gold_per_floor":[110,127,127,143,143,156,156,159,159,159,3,37,37,73,73,106,106,135,136,69,164,164,164,195,208,284,284,324,352,380,399,399,524,524,551,551,63,118,64,46,46,94,117,117,101,101],"floor_reached":45,"playtime":4035,"items_purged":["hierophant:Doubloon+1","hierophant:Doubloon+1"],"score":569,"play_id":"cec7384f-d4f9-4668-85d0-4cad6fa98c9d","local_time":"20201225060620","is_ascension_mode":false,"campfire_choices":[{"floor":7,"key":"REST"},{"floor":10,"key":"REST"},{"floor":15,"key":"REST"},{"floor":23,"key":"REST"},{"floor":32,"key":"RECALL"},{"floor":41,"key":"REST"}],"circlet_count":0,"master_deck":["hierophant:Strike_Hierophant","hierophant:Strike_Hierophant","hierophant:Strike_Hierophant","hierophant:Strike_Hierophant","hierophant:Punish","hierophant:Defend_Hierophant","hierophant:Defend_Hierophant","hierophant:Defend_Hierophant+1","hierophant:Defend_Hierophant+1","hierophant:ChurchCoffers","hierophant:ArchangelShield","hierophant:OrnateBuckler","hierophant:Remorse","hierophant:Doubloon+1","hierophant:CursedGold","Bandage Up","hierophant:Chorus","hierophant:Glossolalia+1","hierophant:Doubloon","hierophant:Charity","hierophant:MintersHammer","hierophant:HammerAndAnvil","hierophant:FaithHealing","hierophant:Charity","hierophant:Doubloon","hierophant:Smite+1","hierophant:HolyVerse","hierophant:MorningPrayer","hierophant:Exaltation","infinitespire:Punishment","hierophant:OrnateBuckler","hierophant:Doubloon","hierophant:Dazzle+1","hierophant:TollTheBells","hierophant:Blessing","hierophant:Batter","hierophant:Glossolalia","Pot Of Greed","Pot Of Greed","Pot Of Greed","Pot Of Greed","hierophant:CoinFling","hierophant:CoinFling","hierophant:Doubloon","hierophant:Doubloon","hierophant:Zeal","hierophant:Bribe+1","hierophant:PassingBell","hierophant:Endure+1","hierophant:Flagellation","Doubt","Pot Of Greed"],"relics":["hierophant:PropheticMaskRelic","Pet Ghost","infinitespire:WardingShard","Bronze Scales","Odd Mushroom","HornCleat","Painkiller Herb","Oddly Smooth Stone","Quantum Egg","SlaversCollar","Grinning Jar","TungstenRod","Anchor"],"acts_visited":["Exordium","TheCity","TheBeyond"],"potions_floor_usage":[6,16,33,33,33,45],"damage_taken":[{"damage":11,"enemies":"Jaw Worm","floor":1,"turns":4},{"damage":6,"enemies":"2 Louse","floor":2,"turns":2},{"damage":0,"enemies":"Cultist","floor":4,"turns":4},{"damage":25,"enemies":"Lagavulin","floor":6,"turns":11},{"damage":27,"enemies":"The Mushroom Lair","floor":8,"turns":4},{"damage":1,"enemies":"Red Slaver","floor":12,"turns":6},{"damage":12,"enemies":"3 Louse","floor":14,"turns":3},{"damage":9,"enemies":"The Guardian","floor":16,"turns":14},{"damage":3,"enemies":"2 Thieves","floor":18,"turns":3},{"damage":19,"enemies":"Chosen","floor":19,"turns":8},{"damage":9,"enemies":"Snecko","floor":24,"turns":7},{"damage":15,"enemies":"Chosen and Byrds","floor":25,"turns":6},{"damage":5,"enemies":"Cultist and Chosen","floor":28,"turns":5},{"damage":6,"enemies":"Centurion and Healer","floor":29,"turns":5},{"damage":0,"enemies":"Snecko","floor":30,"turns":3},{"damage":0,"enemies":"Chosen and Byrds","floor":31,"turns":4},{"damage":26,"enemies":"Champ","floor":33,"turns":15},{"damage":25,"enemies":"Orb Walker","floor":35,"turns":4},{"damage":6,"enemies":"3 Shapes","floor":38,"turns":4},{"damage":1,"enemies":"Jaw Worm Horde","floor":40,"turns":7},{"damage":13,"enemies":"Writhing Mass","floor":42,"turns":8},{"damage":79,"enemies":"Nightmare","floor":45,"turns":10}],"seed_played":"3374069276009048202","potions_obtained":[{"floor":2,"key":"Strength Potion"},{"floor":12,"key":"Weak Potion"},{"floor":16,"key":"SpeedPotion"},{"floor":18,"key":"Block Potion"},{"floor":22,"key":"SneckoOil"},{"floor":31,"key":"LifebloodPotion"},{"floor":33,"key":"FairyPotion"},{"floor":42,"key":"Milkshake"}],"is_trial":false,"path_per_floor":["M","M","?","M","?","E","R","?","T","R","$","M","?","M","R","B",null,"?","?","T","?","?","T","?","?","T","AVR","?","?","?","?","T","B",null,"?","?","T","?","T","?","T","?","T","?","NM"],"character_chosen":"HIEROPHANT","items_purchased":["Bandage Up","hierophant:Chorus","hierophant:Charity","TungstenRod","hierophant:CoinFling","hierophant:Zeal","hierophant:PassingBell"],"campfire_rested":5,"item_purchase_floors":[11,11,20,37,37,37,39],"current_hp_per_floor":[64,58,58,58,43,18,40,13,13,35,35,38,38,30,52,47,75,72,56,56,38,38,60,55,44,44,44,39,37,37,41,41,26,75,57,57,57,51,51,54,75,66,66,75,0,0],"gold":101,"neow_bonus":"RANDOM_COMMON_RELIC","is_daily":false,"chose_seed":false,"campfire_upgraded":0,"win_rate":0.0,"timestamp":1608894380,"path_taken":["M","M","?","M","?","E","R","?","T","R","$","?","?","?","R","BOSS","?","?","?","?","?","T","?","?","T","AVR","?","?","?","?","T","BOSS","?","?","?","?","T","?","T","?","T","?","NM"],"items_purchased_type":["Card","Card","Card","Relic","Card","Card","Card"],"build_version":"2020-12-22","purchased_purges":2,"victory":false,"max_hp_per_floor":[75,75,75,75,75,75,75,75,75,75,75,75,75,75,75,75,75,75,75,75,75,75,75,75,75,75,75,75,75,75,75,75,75,75,75,75,75,75,75,75,75,75,75,75,75,75],"card_choices":[{"not_picked":["hierophant:Alms","hierophant:DisplayOfPower"],"picked":"hierophant:ArchangelShield","floor":1},{"not_picked":["hierophant:DisplayOfPower","hierophant:Shelter"],"picked":"hierophant:OrnateBuckler","floor":2},{"not_picked":["hierophant:Mercenaries","hierophant:RecallFunds"],"picked":"hierophant:Doubloon","floor":4},{"not_picked":["hierophant:FlamingChariot","hierophant:Shelter"],"picked":"hierophant:Remorse","floor":6},{"not_picked":["hierophant:Racketeering","hierophant:HammerAndAnvil"],"picked":"hierophant:CursedGold","floor":8},{"not_picked":["hierophant:MintersHammer","hierophant:Dazzle"],"picked":"hierophant:Glossolalia","floor":12},{"not_picked":["hierophant:Sermon","hierophant:RustyCrate"],"picked":"hierophant:Charity","floor":14},{"not_picked":["hierophant:Levitation","hierophant:DeathKnell"],"picked":"hierophant:MintersHammer","floor":16},{"not_picked":["hierophant:RustyCrate+1","hierophant:CursedGold"],"picked":"hierophant:HammerAndAnvil","floor":18},{"not_picked":["hierophant:Flagellation","hierophant:SealAway"],"picked":"hierophant:FaithHealing","floor":19},{"not_picked":["hierophant:MintersHammer","hierophant:FlamingChariot"],"picked":"hierophant:Smite+1","floor":21},{"not_picked":["hierophant:DisplayOfPower","hierophant:Remorse"],"picked":"hierophant:HolyVerse","floor":21},{"not_picked":["hierophant:MintersHammer","hierophant:OrnateBuckler"],"picked":"hierophant:MorningPrayer","floor":24},{"not_picked":["hierophant:Doubloon","hierophant:Purify+1"],"picked":"hierophant:Exaltation","floor":25},{"not_picked":["hierophant:MintersHammer","hierophant:Shelter"],"picked":"hierophant:OrnateBuckler","floor":28},{"not_picked":["hierophant:RustyCrate","hierophant:HammerAndAnvil"],"picked":"hierophant:Dazzle+1","floor":29},{"not_picked":["hierophant:Racketeering","hierophant:Shelter"],"picked":"hierophant:TollTheBells","floor":30},{"not_picked":["hierophant:Upheaval+1","hierophant:HolyVerse+1"],"picked":"hierophant:Blessing","floor":31},{"not_picked":["hierophant:MintersHammer","hierophant:LocustPlague"],"picked":"hierophant:Batter","floor":33},{"not_picked":["hierophant:Blessing+1","hierophant:Remorse"],"picked":"hierophant:Glossolalia","floor":35},{"not_picked":["hierophant:PristineSoul+1","hierophant:FaithHealing+1"],"picked":"hierophant:Bribe+1","floor":38},{"not_picked":["hierophant:MorningPrayer","hierophant:Bribe"],"picked":"hierophant:Endure+1","floor":40},{"not_picked":["hierophant:FaithHealing","hierophant:SealAway+1"],"picked":"hierophant:Flagellation","floor":42}],"player_experience":62400,"relics_obtained":[{"floor":3,"key":"infinitespire:WardingShard"},{"floor":6,"key":"Bronze Scales"},{"floor":8,"key":"Odd Mushroom"},{"floor":9,"key":"HornCleat"},{"floor":21,"key":"Oddly Smooth Stone"},{"floor":43,"key":"Anchor"}],"event_choices":[{"damage_healed":0,"gold_gain":0,"player_choice":"Entered Light","damage_taken":15,"max_hp_gain":0,"max_hp_loss":0,"event_name":"Shining Light","floor":5,"gold_loss":0,"cards_upgraded":["hierophant:Defend_Hierophant","hierophant:Defend_Hierophant"]},{"damage_healed":0,"gold_gain":0,"player_choice":"Fought Mushrooms","damage_taken":0,"max_hp_gain":0,"max_hp_loss":0,"event_name":"Mushrooms","floor":8,"gold_loss":0},{"damage_healed":0,"gold_gain":0,"player_choice":"Forge","damage_taken":0,"max_hp_gain":0,"max_hp_loss":0,"event_name":"Accursed Blacksmith","floor":13,"gold_loss":0,"cards_upgraded":["hierophant:Glossolalia"]},{"damage_healed":0,"gold_gain":0,"player_choice":"Got Potions","damage_taken":0,"max_hp_gain":0,"max_hp_loss":0,"event_name":"Lab","floor":22,"gold_loss":0},{"damage_healed":0,"gold_gain":0,"player_choice":"Gave Potion","damage_taken":0,"relics_obtained":["Grinning Jar"],"max_hp_gain":0,"max_hp_loss":0,"event_name":"WeMeetAgain","floor":36,"gold_loss":0},{"damage_healed":9,"gold_gain":0,"player_choice":"Heal","damage_taken":0,"max_hp_gain":0,"max_hp_loss":0,"event_name":"MindBloom","floor":44,"gold_loss":0,"cards_obtained":["Doubt"]}],"is_beta":false,"boss_relics":[{"not_picked":["Snecko Eye","Ectoplasm"],"picked":"Painkiller Herb"},{"not_picked":["Empty Cage","Black Star"],"picked":"SlaversCollar"}],"items_purged_floors":[27,37],"is_endless":false,"potions_floor_spawned":[2,12,16,18,24,31,33,42],"killed_by":"Nightmare","ascension_level":0}}