{"host":"sc0o2qwpf9j16a4i","time":1608937252,"event":{"mods":["AchievementEnabler","BaseMod","BetterRewards","Block Reminder","Colored Map","Colored Powertips","Custom Start","Highlight Path","Minty Spire (QoL Compilation)","Relic Stats"],"gold_per_floor":[115,128,128,128,140,140,165,184,260,47,47,82,26,41,41,118,118,128,128,28,28,28,53,53,53,53,63,63,82,82,114,114,191,191,202,217,217,230,244,244,275,275,275,275,275,286,298,298,298],"floor_reached":48,"playtime":1768,"items_purged":["Perfected Strike","Pain"],"score":1391,"play_id":"7849c2e9-c4ed-4f03-9c1f-a35e158e37b1","local_time":"20201226010052","is_ascension_mode":true,"campfire_choices":[{"data":"Apotheosis","floor":6.0,"key":"SMITH"},{"floor":15.0,"key":"REST"},{"data":"Inflame","floor":25.0,"key":"SMITH"},{"data":"Heavy Blade","floor":28.0,"key":"SMITH"},{"data":"Disarm","floor":30.0,"key":"SMITH"},{"floor":32.0,"key":"REST"},{"floor":40,"key":"RECALL"},{"data":"True Grit","floor":45,"key":"SMITH"}],"circlet_count":0,"master_deck":["AscendersBane","Defend_R","Defend_R","Defend_R","Defend_R","Bash","Apotheosis+1","Inflame+1","Shrug It Off","Heavy Blade+1","Battle Trance","Disarm","Shrug It Off","Feed","Pommel Strike","Bite","Bite","Bite","Bite","Bite","Necronomicurse","Disarm+1","Shrug It Off","Impervious","True Grit+1","Flame Barrier","Parasite","Disarm","Shockwave"],"relics":["Burning Blood","Lee\u0027s Waffle","Singing Bowl","Champion Belt","Gremlin Horn","WarpedTongs","Ancient Tea Set","Cursed Key","Necronomicon","Thread and Needle","MutagenicStrength","Lantern","Coffee Dripper","Gambling Chip"],"acts_visited":["Exordium","TheCity","TheBeyond"],"potions_floor_usage":[47,48,48],"damage_taken":[{"damage":0.0,"enemies":"2 Louse","floor":1.0,"turns":4.0},{"damage":6.0,"enemies":"Cultist","floor":2.0,"turns":3.0},{"damage":14.0,"enemies":"Small Slimes","floor":5.0,"turns":4.0},{"damage":28.0,"enemies":"Gremlin Nob","floor":7.0,"turns":4.0},{"damage":24.0,"enemies":"Exordium Thugs","floor":8.0,"turns":7.0},{"damage":21.0,"enemies":"3 Sentries","floor":12.0,"turns":10.0},{"damage":7.0,"enemies":"Lots of Slimes","floor":14.0,"turns":3.0},{"damage":37.0,"enemies":"Hexaghost","floor":16.0,"turns":8.0},{"damage":16.0,"enemies":"Chosen","floor":18.0,"turns":7.0},{"damage":25.0,"enemies":"Gremlin Leader","floor":23.0,"turns":8.0},{"damage":0.0,"enemies":"Shell Parasite","floor":27.0,"turns":4.0},{"damage":27.0,"enemies":"Cultist and Chosen","floor":29.0,"turns":8.0},{"damage":41.0,"enemies":"Book of Stabbing","floor":31.0,"turns":7.0},{"damage":22.0,"enemies":"Automaton","floor":33.0,"turns":10.0},{"damage":41,"enemies":"3 Darklings","floor":35,"turns":6},{"damage":2,"enemies":"Orb Walker","floor":36,"turns":3},{"damage":25,"enemies":"Spire Growth","floor":38,"turns":5},{"damage":5,"enemies":"Jaw Worm Horde","floor":39,"turns":4},{"damage":53,"enemies":"Giant Head","floor":41,"turns":8},{"damage":3,"enemies":"Writhing Mass","floor":46,"turns":7},{"damage":9,"enemies":"3 Darklings","floor":47,"turns":9},{"damage":118,"enemies":"Reptomancer","floor":48,"turns":4}],"seed_played":"1767750344946190373","potions_obtained":[{"floor":4.0,"key":"Energy Potion"},{"floor":4.0,"key":"Block Potion"},{"floor":5.0,"key":"AttackPotion"},{"floor":14.0,"key":"Fire Potion"},{"floor":18.0,"key":"Strength Potion"},{"floor":23.0,"key":"GamblersBrew"},{"floor":39,"key":"Energy Potion"},{"floor":46,"key":"Regen Potion"},{"floor":47,"key":"BlessingOfTheForge"}],"is_trial":false,"path_per_floor":["M","M","?","?","M","R","E","M","T","$","?","E","$","M","R","B",null,"M","?","$","?","?","E","?","R","T","M","R","M","R","E","R","B",null,"M","M","?","M","M","R","E","?","T","?","R","M","M","E"],"character_chosen":"IRONCLAD","items_purchased":["Apotheosis","Lee\u0027s Waffle","Singing Bowl","Disarm","AttackPotion","SkillPotion"],"campfire_rested":2,"item_purchase_floors":[0,0,0,10,10,13],"current_hp_per_floor":[82,82,82,82,74,74,52,34,34,34,34,19,19,18,42,11,64,58,58,58,58,37,66,66,66,66,70,70,65,65,48,72,80,80,60,72,72,75,92,92,66,66,66,66,66,88,97,0,0],"gold":298,"neow_bonus":"","is_daily":false,"chose_seed":false,"campfire_upgraded":5,"win_rate":0.0,"timestamp":1608937252,"path_taken":["M","M","?","?","M","R","E","?","T","$","?","E","?","?","R","BOSS","M","?","$","?","?","E","?","R","T","M","R","M","R","E","R","BOSS","M","M","?","?","?","R","E","?","T","?","R","M","M","E"],"items_purchased_type":["Card","Relic","Relic","Card","Potion","Potion"],"build_version":"2020-12-22","purchased_purges":2,"victory":false,"max_hp_per_floor":[82,82,82,82,82,82,82,82,82,82,82,82,82,82,82,82,82,86,60,60,60,60,66,66,66,66,70,70,74,74,80,80,80,80,80,82,82,88,92,92,94,89,89,89,89,93,97,97,97],"relic_stats":{"Lee\u0027s Waffle":116,"Singing Bowl":36,"Gremlin Horn":[27,32],"counters":[57,307],"Gambling Chip":[9],"Necronomicon":[37],"Champion Belt":[44],"Cursed Key":2,"obtain_stats":[{"Lantern":8,"Calipers":24,"Singing Bowl":0,"Gremlin Horn":9,"CeramicFish":7,"Vajra":2,"Smiling Mask":13,"Ancient Tea Set":12,"Cursed Key":17,"Burning Blood":0,"Blood Vial":9,"Sozu":17,"HornCleat":13,"Gambling Chip":41,"Philosopher\u0027s Stone":17,"Necronomicon":22,"Lee\u0027s Waffle":0,"Oddly Smooth Stone":11,"Thread and Needle":23,"Letter Opener":40,"War Paint":7,"Orichalcum":0,"Question Card":26,"Medical Kit":0,"WarpedTongs":11,"SlaversCollar":34,"OrangePellets":21,"Anchor":26,"Shuriken":0,"Bronze Scales":39,"MutagenicStrength":24,"Coffee Dripper":34,"Bottled Lightning":24,"Champion Belt":7,"Meat on the Bone":31},{"Lantern":5,"Calipers":33,"Singing Bowl":35,"Gremlin Horn":40,"CeramicFish":25,"Vajra":22,"Smiling Mask":27,"Ancient Tea Set":41,"Cursed Key":43,"Burning Blood":0,"Blood Vial":5,"Sozu":28,"HornCleat":7,"Gambling Chip":54,"Philosopher\u0027s Stone":8,"Necronomicon":44,"Lee\u0027s Waffle":35,"Oddly Smooth Stone":25,"Thread and Needle":45,"Letter Opener":20,"War Paint":5,"Orichalcum":21,"Question Card":14,"Medical Kit":21,"WarpedTongs":40,"SlaversCollar":17,"OrangePellets":31,"Anchor":33,"Shuriken":21,"Bronze Scales":19,"MutagenicStrength":45,"Coffee Dripper":49,"Bottled Lightning":14,"Champion Belt":39,"Meat on the Bone":34},{"Lantern":23,"Calipers":159,"Singing Bowl":174,"Gremlin Horn":196,"CeramicFish":117,"Vajra":104,"Smiling Mask":125,"Ancient Tea Set":206,"Cursed Key":217,"Burning Blood":0,"Blood Vial":23,"Sozu":135,"HornCleat":29,"Gambling Chip":287,"Philosopher\u0027s Stone":41,"Necronomicon":224,"Lee\u0027s Waffle":174,"Oddly Smooth Stone":117,"Thread and Needle":232,"Letter Opener":95,"War Paint":23,"Orichalcum":101,"Question Card":63,"Medical Kit":101,"WarpedTongs":196,"SlaversCollar":82,"OrangePellets":150,"Anchor":159,"Shuriken":101,"Bronze Scales":88,"MutagenicStrength":232,"Coffee Dripper":261,"Bottled Lightning":63,"Champion Belt":189,"Meat on the Bone":166}],"Burning Blood":296,"WarpedTongs":[32]},"card_choices":[{"not_picked":["Twin Strike","Sentinel"],"picked":"Inflame","floor":1.0},{"not_picked":["Anger","True Grit"],"picked":"Perfected Strike","floor":2.0},{"not_picked":["Hemokinesis","Armaments"],"picked":"Shrug It Off","floor":5.0},{"not_picked":["Pommel Strike","Barricade"],"picked":"Heavy Blade","floor":7.0},{"not_picked":["Warcry","Headbutt"],"picked":"Battle Trance","floor":8.0},{"not_picked":["Clash","Anger"],"picked":"Blood for Blood","floor":12.0},{"not_picked":["Blood for Blood","Sever Soul"],"picked":"Shrug It Off","floor":14.0},{"not_picked":["Double Tap","Juggernaut"],"picked":"Feed","floor":16.0},{"not_picked":["Cleave","Twin Strike+1"],"picked":"Pommel Strike","floor":18.0},{"not_picked":["Headbutt","Warcry","Clash"],"picked":"Singing Bowl","floor":23.0},{"not_picked":["Rampage","Entrench"],"picked":"Disarm","floor":27.0},{"not_picked":["Headbutt","Armaments"],"picked":"Shrug It Off","floor":29.0},{"not_picked":["Headbutt","Iron Wave","Sword Boomerang"],"picked":"Singing Bowl","floor":31.0},{"not_picked":["Feed","Berserk"],"picked":"Impervious","floor":33.0},{"not_picked":["Armaments","Headbutt+1"],"picked":"True Grit","floor":35},{"not_picked":["Iron Wave","Bloodletting","Clothesline"],"picked":"Singing Bowl","floor":36},{"not_picked":["Metallicize","Rage","True Grit"],"picked":"Singing Bowl","floor":38},{"not_picked":["Perfected Strike","Clash"],"picked":"Flame Barrier","floor":39},{"not_picked":["True Grit","Feel No Pain","Pummel+1"],"picked":"Singing Bowl","floor":41},{"not_picked":["Headbutt","Sword Boomerang"],"picked":"Disarm","floor":46},{"not_picked":["Perfected Strike","Shrug It Off"],"picked":"Shockwave","floor":47}],"player_experience":371339,"relics_obtained":[{"floor":7.0,"key":"Champion Belt"},{"floor":9.0,"key":"Gremlin Horn"},{"floor":12.0,"key":"Ancient Tea Set"},{"floor":22.0,"key":"Necronomicon"},{"floor":23.0,"key":"Thread and Needle"},{"floor":31.0,"key":"Lantern"},{"floor":41,"key":"Gambling Chip"}],"event_choices":[{"damage_healed":0.0,"max_hp_gain":0.0,"max_hp_loss":0.0,"gold_gain":0.0,"event_name":"Golden Wing","player_choice":"Ignored","floor":3.0,"gold_loss":0.0,"damage_taken":0.0},{"damage_healed":0.0,"max_hp_gain":0.0,"max_hp_loss":0.0,"gold_gain":0.0,"event_name":"Lab","player_choice":"Got Potions","floor":4.0,"gold_loss":0.0,"damage_taken":0.0},{"damage_healed":0.0,"max_hp_gain":0.0,"max_hp_loss":0.0,"gold_gain":0.0,"event_name":"Accursed Blacksmith","player_choice":"Rummage","floor":11.0,"gold_loss":0.0,"damage_taken":0.0,"relics_obtained":["WarpedTongs"],"cards_obtained":["Pain"]},{"damage_healed":0.0,"max_hp_gain":0.0,"max_hp_loss":26.0,"gold_gain":0.0,"event_name":"Vampires","player_choice":"Became a vampire","floor":19.0,"gold_loss":0.0,"damage_taken":0.0,"cards_obtained":["Bite","Bite","Bite","Bite","Bite"]},{"damage_healed":0.0,"max_hp_gain":0.0,"max_hp_loss":0.0,"gold_gain":0.0,"event_name":"Cursed Tome","player_choice":"Obtained Book","floor":22.0,"gold_loss":0.0,"damage_taken":21.0},{"damage_healed":0.0,"max_hp_gain":0.0,"max_hp_loss":0.0,"gold_gain":0.0,"event_name":"Drug Dealer","player_choice":"Inject Mutagens","floor":24.0,"gold_loss":0.0,"damage_taken":0.0,"relics_obtained":["MutagenicStrength"]},{"cards_removed":["Regret"],"damage_healed":0,"gold_gain":0,"player_choice":"Removed Curses","damage_taken":0,"max_hp_gain":0,"max_hp_loss":0,"event_name":"Fountain of Cleansing","floor":37,"gold_loss":0},{"damage_healed":0,"gold_gain":0,"player_choice":"Max HP","damage_taken":0,"max_hp_gain":0,"max_hp_loss":5,"event_name":"Winding Halls","floor":42,"gold_loss":0},{"cards_removed":["Blood for Blood"],"damage_healed":0,"gold_gain":0,"player_choice":"Removed Attack","damage_taken":0,"max_hp_gain":0,"max_hp_loss":0,"event_name":"Falling","floor":44,"gold_loss":0}],"is_beta":false,"boss_relics":[{"not_picked":["Busted Crown","Ectoplasm"],"picked":"Cursed Key"},{"not_picked":["SlaversCollar","Sozu"],"picked":"Coffee Dripper"}],"items_purged_floors":[10,20],"is_endless":false,"potions_floor_spawned":[5,7,14,18,23,39,46,47],"killed_by":"Reptomancer","ascension_level":20}}