{"host":"y76clbnovzmw9ubx","time":1608860612,"event":{"mods":["AchievementEnabler","BaseMod","Minty Spire (QoL Compilation)","Permanent Neow","Relic Stats"],"gold_per_floor":[116,126,137,149,149,177,177,209,236,256,256,256,256,256],"floor_reached":13,"playtime":672,"items_purged":[],"score":186,"play_id":"7f67436f-f53f-4ce2-9d35-07e93a17211d","local_time":"20201224204332","is_ascension_mode":true,"campfire_choices":[{"floor":7.0,"key":"REST"},{"floor":12,"key":"REST"}],"circlet_count":0,"master_deck":["AscendersBane","Strike_G","Strike_G","Strike_G","Defend_G","Defend_G","Defend_G","Defend_G","Defend_G","Survivor","Neutralize","Tools of the Trade","Footwork","Skewer","Dagger Spray","Poisoned Stab","Footwork","Deadly Poison","Bullet Time","Doppelganger"],"relics":["Ring of the Snake","Pen Nib","Strawberry","Bronze Scales","Odd Mushroom"],"acts_visited":["Exordium"],"potions_floor_usage":[],"damage_taken":[{"damage":7.0,"enemies":"Cultist","floor":1.0,"turns":6.0},{"damage":0.0,"enemies":"Small Slimes","floor":2.0,"turns":5.0},{"damage":2.0,"enemies":"2 Louse","floor":3.0,"turns":4.0},{"damage":2.0,"enemies":"Exordium Wildlife","floor":4.0,"turns":3.0},{"damage":21.0,"enemies":"Lagavulin","floor":6.0,"turns":9.0},{"damage":28.0,"enemies":"Gremlin Nob","floor":8.0,"turns":4.0},{"damage":6,"enemies":"The Mushroom Lair","floor":10,"turns":4},{"damage":38,"enemies":"3 Sentries","floor":13,"turns":6}],"seed_played":"8801774263697783463","potions_obtained":[{"floor":4.0,"key":"AttackPotion"},{"floor":6.0,"key":"FearPotion"},{"floor":8.0,"key":"Ancient Potion"}],"is_trial":false,"path_per_floor":["M","M","M","M","?","E","R","E","T","?","?","R","E"],"character_chosen":"THE_SILENT","items_purchased":[],"campfire_rested":2,"item_purchase_floors":[],"current_hp_per_floor":[52,52,50,48,41,20,39,18,18,12,12,33,0,0],"gold":256,"neow_bonus":"ONE_RANDOM_RARE_CARD","is_daily":false,"chose_seed":false,"campfire_upgraded":0,"win_rate":0.0,"timestamp":1608860612,"path_taken":["M","?","M","M","?","E","R","E","T","?","?","R","E"],"items_purchased_type":[],"build_version":"2020-12-22","purchased_purges":0,"victory":false,"max_hp_per_floor":[66,66,66,66,66,66,66,73,73,73,73,73,73,73],"relic_stats":{"counters":[8,41],"Bronze Scales":[36],"Pen Nib":[2],"obtain_stats":[{"Strawberry":8,"Bronze Scales":9,"Pen Nib":6,"Odd Mushroom":10,"Ring of the Snake":0},{"Strawberry":6,"Bronze Scales":6,"Pen Nib":5,"Odd Mushroom":7,"Ring of the Snake":0},{"Strawberry":31,"Bronze Scales":31,"Pen Nib":27,"Odd Mushroom":35,"Ring of the Snake":0}],"Ring of the Snake":[16]},"card_choices":[{"not_picked":["Dagger Spray","Acrobatics"],"picked":"Footwork","floor":1.0},{"not_picked":["Dagger Throw","Backflip"],"picked":"Skewer","floor":2.0},{"not_picked":["Backflip","Deadly Poison"],"picked":"Dagger Spray","floor":3.0},{"not_picked":["Prepared","Flechettes"],"picked":"Poisoned Stab","floor":4.0},{"not_picked":["Outmaneuver","Bane"],"picked":"Footwork","floor":6.0},{"not_picked":["Escape Plan","Flechettes"],"picked":"Deadly Poison","floor":8.0},{"not_picked":["Quick Slash","Tactician"],"picked":"Bullet Time","floor":10}],"player_experience":2972602,"relics_obtained":[{"floor":6.0,"key":"Pen Nib"},{"floor":8.0,"key":"Strawberry"},{"floor":9.0,"key":"Bronze Scales"},{"floor":10,"key":"Odd Mushroom"}],"event_choices":[{"cards_removed":["Strike_G"],"damage_healed":0.0,"max_hp_gain":0.0,"max_hp_loss":0.0,"gold_gain":0.0,"event_name":"Golden Wing","player_choice":"Card Removal","floor":5.0,"gold_loss":0.0,"damage_taken":7.0},{"damage_healed":0,"gold_gain":0,"player_choice":"Fought Mushrooms","damage_taken":0,"max_hp_gain":0,"max_hp_loss":0,"event_name":"Mushrooms","floor":10,"gold_loss":0},{"damage_healed":0,"gold_gain":0,"cards_transformed":["Strike_G"],"player_choice":"Transformed","damage_taken":0,"max_hp_gain":0,"max_hp_loss":0,"event_name":"Transmorgrifier","floor":11,"gold_loss":0,"cards_obtained":["Doppelganger"]}],"is_beta":false,"boss_relics":[],"items_purged_floors":[],"is_endless":false,"potions_floor_spawned":[4,6,8],"killed_by":"3 Sentries","ascension_level":20}}