{"host":"nzm1i0l8mrsm8hd2","time":1608892957,"event":{"mods":["Act Like it!","BaseMod","Better Third Choice","Conspire","Minty Spire (QoL Compilation)","Pale of the Ancients","Quick Restart","RumiaBox-露米娅的神秘盒子","Spicy Shops","StSLib","The Dragon Tamer","TheWitcher","Wandering Minibosses"],"gold_per_floor":[173,193,209,248,268,268,268],"floor_reached":6,"playtime":428,"items_purged":[],"score":42,"play_id":"a20cb9d2-d5c6-42c1-b47c-7736ce7b4236","local_time":"20201225184237","is_ascension_mode":true,"campfire_choices":[],"circlet_count":0,"master_deck":["SnafuTest:DefaultCommonAttack","SnafuTest:DefaultCommonAttack+1","SnafuTest:DefaultCommonAttack","SnafuTest:BountyHunt","SnafuTest:DefaultCommonSkill","SnafuTest:DefaultCommonSkill","SnafuTest:DefaultCommonSkill","SnafuTest:SignQuen","SnafuTest:SpellArcaneDomain","SnafuTest:SpellArcaneDomain","SnafuTest:PowerAlwaysOnRoads","SnafuTest:GraveDancingPaleFire"],"relics":["Tiny House","Baka2"],"acts_visited":["Exordium"],"potions_floor_usage":[],"damage_taken":[{"damage":0,"enemies":"Cultist","floor":1,"turns":4},{"damage":0,"enemies":"2 Louse","floor":2,"turns":3},{"damage":20,"enemies":"Jaw Worm","floor":3,"turns":3},{"damage":27,"enemies":"Large Slime","floor":4,"turns":4},{"damage":5,"enemies":"Looter","floor":5,"turns":3},{"damage":46,"enemies":"Gremlin Nob","floor":6,"turns":4}],"seed_played":"-1961777879890926072","potions_obtained":[{"floor":0,"key":"Regen Potion"},{"floor":4,"key":"Strength Potion"}],"is_trial":false,"path_per_floor":["M","M","M","M","M","E"],"character_chosen":"THE_WITCHER","items_purchased":[],"campfire_rested":0,"item_purchase_floors":[],"current_hp_per_floor":[80,64,44,39,34,0,0],"gold":268,"neow_bonus":"BOSS_RELIC","is_daily":false,"chose_seed":false,"campfire_upgraded":0,"win_rate":0.0,"timestamp":1608892957,"path_taken":["M","?","M","M","M","E"],"items_purchased_type":[],"build_version":"2020-12-22","purchased_purges":0,"victory":false,"max_hp_per_floor":[80,89,89,89,89,89,89],"card_choices":[{"not_picked":["SnafuTest:GetPaid","SnafuTest:PowerAlwaysOnRoads"],"picked":"SnafuTest:SpellArcaneDomain","floor":0},{"not_picked":["SnafuTest:PowerFireDamnation","SnafuTest:ShoulderSlam"],"picked":"SnafuTest:SpellArcaneDomain","floor":1},{"not_picked":["SnafuTest:AncestralRitual","SnafuTest:BombMoonDust"],"picked":"SnafuTest:PowerAlwaysOnRoads","floor":2},{"not_picked":["SnafuTest:PowerTrialOfGrasses","SnafuTest:DesperateRemediation"],"picked":"SnafuTest:GetPaid","floor":3},{"not_picked":["SnafuTest:SpellBitingFrost","SnafuTest:RecklessBlow"],"picked":"SnafuTest:GraveDancingPaleFire","floor":4},{"not_picked":["SnafuTest:AncestralRitual","SnafuTest:FeignDeath","SnafuTest:Oriole"],"picked":"SKIP","floor":5}],"player_experience":559439,"relics_obtained":[{"floor":1,"key":"Baka"},{"floor":2,"key":"Baka2"}],"event_choices":[],"is_beta":false,"boss_relics":[],"items_purged_floors":[],"is_endless":false,"potions_floor_spawned":[4],"killed_by":"Gremlin Nob","ascension_level":1}}