{"host":"uwh382mre4waz4ff","time":1608911122,"event":{"mods":["AchievementEnabler","BaseMod","Better Note","Better Third Choice","BetterRewards","Minty Spire (QoL Compilation)","StSLib"],"gold_per_floor":[115,115,131,31,31,31,44,63,63,63,93,106,131,147,147,147,147],"floor_reached":16,"playtime":1059,"items_purged":["Strike_G","Strike_G"],"score":169,"play_id":"6934fd28-62f8-4091-89f0-462f23efe3b0","local_time":"20201225234522","is_ascension_mode":false,"campfire_choices":[{"data":"Cloak And Dagger","floor":6,"key":"SMITH"},{"data":"Cloak And Dagger","floor":15,"key":"SMITH"}],"circlet_count":0,"master_deck":["Strike_G","Strike_G","Strike_G","Defend_G","Defend_G","Defend_G","Defend_G","Defend_G","Survivor","Neutralize","Masterful Stab","Cloak And Dagger+1","Cloak And Dagger+1","Blade Dance"],"relics":["Ring of the Snake","Pear","Mango","Juzu Bracelet","Eternal Feather","Golden Idol","Matryoshka","Molten Egg 2"],"acts_visited":["Exordium"],"potions_floor_usage":[16,16,16],"damage_taken":[{"damage":0,"enemies":"Jaw Worm","floor":1,"turns":3},{"damage":0,"enemies":"Small Slimes","floor":3,"turns":4},{"damage":0,"enemies":"Cultist","floor":7,"turns":3},{"damage":2,"enemies":"Blue Slaver","floor":8,"turns":4},{"damage":0,"enemies":"Looter","floor":12,"turns":3},{"damage":0,"enemies":"Lots of Slimes","floor":13,"turns":4},{"damage":0,"enemies":"Large Slime","floor":14,"turns":6},{"damage":29,"enemies":"Slime Boss","floor":16,"turns":15}],"seed_played":"-9094862604750986897","potions_obtained":[{"floor":7,"key":"DuplicationPotion"},{"floor":12,"key":"AttackPotion"},{"floor":13,"key":"Dexterity Potion"}],"is_trial":false,"path_per_floor":["M","?","M","$","?","R","M","M","T","$","?","M","M","M","R","B"],"character_chosen":"THE_SILENT","items_purchased":["Juzu Bracelet"],"campfire_rested":0,"item_purchase_floors":[0],"current_hp_per_floor":[44,19,19,19,19,25,25,23,23,23,23,23,23,23,29,0,0],"gold":147,"neow_bonus":"","is_daily":false,"chose_seed":false,"campfire_upgraded":2,"win_rate":0.0,"timestamp":1608911122,"path_taken":["M","?","M","?","?","R","M","M","T","?","?","M","M","M","R","BOSS"],"items_purchased_type":["Relic"],"build_version":"2020-12-22","purchased_purges":2,"victory":false,"max_hp_per_floor":[94,94,94,94,87,87,87,87,87,87,87,87,87,87,87,87,87],"card_choices":[{"not_picked":["Quick Slash","Distraction","Bane"],"picked":"SKIP","floor":1},{"not_picked":["Deflect","Bane"],"picked":"Cloak And Dagger","floor":3},{"not_picked":["Dodge and Roll","Dagger Throw","All Out Attack"],"picked":"SKIP","floor":7},{"not_picked":["Flying Knee","Deflect"],"picked":"Cloak And Dagger","floor":8},{"not_picked":["PiercingWail","Blur","Dagger Throw+1"],"picked":"SKIP","floor":12},{"not_picked":["Well Laid Plans","Calculated Gamble","Deadly Poison"],"picked":"SKIP","floor":13},{"not_picked":["Flying Knee+1","Reflex"],"picked":"Blade Dance","floor":14}],"player_experience":65946,"relics_obtained":[{"floor":9,"key":"Matryoshka"}],"event_choices":[{"damage_healed":0,"gold_gain":0,"player_choice":"Relic ","damage_taken":25,"max_hp_gain":0,"max_hp_loss":0,"event_name":"betterThird:BetterScrap","floor":2,"gold_loss":0,"cards_obtained":["Offering"]},{"damage_healed":0,"gold_gain":0,"player_choice":"Lose Max HP","damage_taken":0,"relics_obtained":["Golden Idol"],"max_hp_gain":0,"max_hp_loss":7,"event_name":"Golden Idol","floor":5,"gold_loss":0},{"damage_healed":0,"gold_gain":30,"player_choice":"Searched \u00272\u0027 times","damage_taken":0,"relics_obtained":["Molten Egg 2"],"max_hp_gain":0,"max_hp_loss":0,"event_name":"Dead Adventurer","floor":11,"gold_loss":0}],"is_beta":false,"boss_relics":[],"items_purged_floors":[0,4],"is_endless":false,"potions_floor_spawned":[7,12,13],"killed_by":"Slime Boss","ascension_level":0}}