{"host":"x5nedmcg1ruvdks4","time":1608897171,"event":{"mods":["AchievementEnabler","BaseMod","Block Reminder","DeckTracker","Minty Spire (QoL Compilation)","Permanent Neow"],"gold_per_floor":[118,118,178,239,13,13,51,61,88,88,128,178,250,284,284,392,392,415,465,486,820,884,884,924,992,1066,693,713,427,427,457,457,571,571,582,246,257,276,15,49,99,99,108,169,204,226,264,285,285,285],"floor_reached":51,"playtime":2987,"items_purged":[],"score":1039,"play_id":"8db9e1a9-5efc-41a2-9b47-a7ce74b52df4","local_time":"20201225125251","is_ascension_mode":true,"campfire_choices":[{"data":"Reinforced Body","floor":6.0,"key":"SMITH"},{"data":"Genetic Algorithm","floor":10.0,"key":"SMITH"},{"data":"Fission","floor":15.0,"key":"SMITH"},{"data":"Thunder Strike","floor":23.0,"key":"SMITH"},{"data":"Fission","floor":30.0,"key":"SMITH"},{"data":"Turbo","floor":32.0,"key":"SMITH"},{"data":"Seek","floor":42.0,"key":"SMITH"},{"data":"Turbo","floor":49,"key":"SMITH"}],"circlet_count":0,"master_deck":["Strike_B","Defend_B","Defend_B+1","Defend_B","Defend_B","Zap+1","Dualcast","Thunder Strike+1","Ball Lightning","Reinforced Body+1","Ball Lightning","Genetic Algorithm+1","Fission+1","Self Repair","Turbo+1","Amplify","Sunder+1","Tempest","Regret","BootSequence+1","Darkness","Hyperbeam","Tempest","Loop","Lockon","Storm","Echo Form","Fission+1","Seek+1","Capacitor","Storm","Turbo+1","Pain","Static Discharge","Defragment+1","Self Repair","Turbo+1"],"relics":["Cracked Core","SsserpentHead","Membership Card","Eternal Feather","CeramicFish","MealTicket","Anchor","War Paint","Coffee Dripper","StoneCalendar","Meat on the Bone","Kunai","Pantograph","HandDrill","Sundial","Strawberry","Orrery","Vajra","Cursed Key","Mummified Hand","Question Card","Chemical X","ClockworkSouvenir","Akabeko","Potion Belt","Molten Egg 2","Lizard Tail","Girya","Regal Pillow"],"acts_visited":["Exordium","TheCity","TheBeyond"],"potions_floor_usage":[47,50,50,50,50],"damage_taken":[{"damage":0.0,"enemies":"Cultist","floor":1.0,"turns":3.0},{"damage":0.0,"enemies":"Small Slimes","floor":3.0,"turns":2.0},{"damage":2.0,"enemies":"Jaw Worm","floor":4.0,"turns":4.0},{"damage":12.0,"enemies":"Lagavulin","floor":7.0,"turns":6.0},{"damage":2.0,"enemies":"3 Louse","floor":8.0,"turns":4.0},{"damage":16.0,"enemies":"3 Sentries","floor":11.0,"turns":7.0},{"damage":0.0,"enemies":"Exordium Thugs","floor":13.0,"turns":3.0},{"damage":15.0,"enemies":"Gremlin Nob","floor":14.0,"turns":3.0},{"damage":6.0,"enemies":"Hexaghost","floor":16.0,"turns":7.0},{"damage":15.0,"enemies":"Shell Parasite","floor":18.0,"turns":4.0},{"damage":24.0,"enemies":"3 Byrds","floor":20.0,"turns":5.0},{"damage":10.0,"enemies":"Centurion and Healer","floor":22.0,"turns":5.0},{"damage":31.0,"enemies":"Book of Stabbing","floor":24.0,"turns":5.0},{"damage":1.0,"enemies":"Snake Plant","floor":28.0,"turns":2.0},{"damage":2.0,"enemies":"Gremlin Leader","floor":31.0,"turns":5.0},{"damage":32.0,"enemies":"Automaton","floor":33.0,"turns":6.0},{"damage":27.0,"enemies":"3 Shapes","floor":35.0,"turns":3.0},{"damage":0.0,"enemies":"Orb Walker","floor":37.0,"turns":3.0},{"damage":0.0,"enemies":"Sphere and 2 Shapes","floor":38.0,"turns":3.0},{"damage":15.0,"enemies":"Giant Head","floor":40.0,"turns":5.0},{"damage":20.0,"enemies":"4 Shapes","floor":44.0,"turns":3.0},{"damage":6.0,"enemies":"Reptomancer","floor":45.0,"turns":3.0},{"damage":3.0,"enemies":"Writhing Mass","floor":46.0,"turns":2.0},{"damage":36,"enemies":"Giant Head","floor":47,"turns":6},{"damage":6,"enemies":"Maw","floor":48,"turns":3},{"damage":40,"enemies":"Donu and Deca","floor":50,"turns":6}],"seed_played":"8242437759621272411","potions_obtained":[{"floor":7.0,"key":"EssenceOfSteel"},{"floor":8.0,"key":"Energy Potion"},{"floor":11.0,"key":"Dexterity Potion"},{"floor":13.0,"key":"PowerPotion"},{"floor":20.0,"key":"Block Potion"},{"floor":22.0,"key":"SkillPotion"},{"floor":31.0,"key":"FocusPotion"},{"floor":37.0,"key":"AttackPotion"},{"floor":45.0,"key":"SpeedPotion"},{"floor":46.0,"key":"Explosive Potion"},{"floor":47,"key":"SkillPotion"},{"floor":48,"key":"SneckoOil"}],"is_trial":false,"path_per_floor":["M","?","M","M","$","R","E","M","T","R","E","?","M","E","R","B",null,"M","?","M","?","M","R","E","?","T","$","M","$","R","E","R","B",null,"M","$","M","M","$","E","?","R","T","M","E","M","E","M","R","B",null],"character_chosen":"DEFECT","items_purchased":["Membership Card","Eternal Feather","Tempest","Loop","Kunai","Pantograph","HandDrill","Storm","Sundial","Strawberry","Orrery","Mummified Hand","Capacitor","Question Card","Chemical X","Storm","Turbo","ClockworkSouvenir","Akabeko","Potion Belt"],"campfire_rested":0,"item_purchase_floors":[5,5,27,27,27,27,27,29,29,29,29,36,36,36,36,39,39,39,39,39],"current_hp_per_floor":[75,75,75,73,73,75,63,61,61,70,54,54,54,46,55,49,75,60,46,29,29,26,38,14,14,14,29,40,62,77,82,87,62,87,60,75,82,87,87,72,72,87,87,67,61,58,41,47,68,68],"gold":285,"neow_bonus":"ONE_RANDOM_RARE_CARD","is_daily":false,"chose_seed":false,"campfire_upgraded":8,"win_rate":0.0,"timestamp":1608897171,"path_taken":["M","?","?","?","?","R","E","M","T","R","E","?","?","E","R","BOSS","M","?","M","?","?","R","E","?","T","$","M","$","R","E","R","BOSS","M","$","M","M","$","E","?","R","T","?","E","M","E","M","R","BOSS"],"items_purchased_type":["Relic","Relic","Card","Card","Relic","Relic","Relic","Card","Relic","Relic","Relic","Relic","Card","Relic","Relic","Card","Card","Relic","Relic","Relic"],"build_version":"2020-12-22","purchased_purges":0,"victory":true,"max_hp_per_floor":[75,75,75,75,75,75,75,75,75,75,75,75,75,75,75,75,75,75,80,80,80,80,80,80,80,80,80,80,87,87,87,87,87,87,87,87,87,87,87,87,87,87,87,87,87,87,87,87,87,87],"card_choices":[{"not_picked":["Leap","Coolheaded"],"picked":"Ball Lightning","floor":1.0},{"not_picked":["Compile Driver","Leap"],"picked":"Reinforced Body","floor":3.0},{"not_picked":["Gash","Steam Power"],"picked":"Ball Lightning","floor":4.0},{"not_picked":["Beam Cell","Streamline"],"picked":"Genetic Algorithm","floor":7.0},{"not_picked":["Sweeping Beam","Leap","Hello World"],"picked":"SKIP","floor":8.0},{"not_picked":["Glacier","Storm"],"picked":"Fission","floor":11.0},{"not_picked":["Stack","Go for the Eyes"],"picked":"Self Repair","floor":13.0},{"not_picked":["White Noise","Go for the Eyes"],"picked":"Turbo","floor":14.0},{"not_picked":["Meteor Strike","All For One"],"picked":"Amplify","floor":16.0},{"not_picked":["Rebound","Glacier+1"],"picked":"Sunder+1","floor":18.0},{"not_picked":["FTL+1","Turbo"],"picked":"Tempest","floor":20.0},{"not_picked":["Capacitor","Aggregate","FTL"],"picked":"SKIP","floor":22.0},{"not_picked":["Genetic Algorithm","Barrage+1"],"picked":"BootSequence+1","floor":24.0},{"not_picked":["Ball Lightning","Leap+1"],"picked":"Lockon","floor":28.0},{"not_picked":["Coolheaded","Beam Cell"],"picked":"Echo Form","floor":29.0},{"not_picked":["Conserve Battery","All For One"],"picked":"Fission","floor":29.0},{"not_picked":["Stack+1","Rip and Tear","Melter"],"picked":"SKIP","floor":31.0},{"not_picked":["Multi-Cast","Reboot"],"picked":"Seek","floor":33.0},{"not_picked":["Hello World+1","Sweeping Beam+1","Redo+1"],"picked":"SKIP","floor":35.0},{"not_picked":["Gash","Chill","Go for the Eyes","Compile Driver"],"picked":"SKIP","floor":37.0},{"not_picked":["Scrape","White Noise+1","Coolheaded+1","Barrage+1"],"picked":"SKIP","floor":38.0},{"not_picked":["Leap+1","Darkness","Coolheaded+1","Skim+1"],"picked":"SKIP","floor":40.0},{"not_picked":["Undo","Reprogram","Stack+1","Lockon+1"],"picked":"SKIP","floor":44.0},{"not_picked":["Skim","Scrape+1","Hologram"],"picked":"Static Discharge","floor":45.0},{"not_picked":["Cold Snap+1","Rebound+1","Redo"],"picked":"Defragment+1","floor":46.0},{"not_picked":["Gash+1","Glacier+1","Streamline+1"],"picked":"Self Repair","floor":47},{"not_picked":["Rainbow","Stack","Hologram+1"],"picked":"Turbo","floor":48}],"player_experience":71796,"relics_obtained":[{"floor":7.0,"key":"CeramicFish"},{"floor":9.0,"key":"MealTicket"},{"floor":11.0,"key":"Anchor"},{"floor":14.0,"key":"War Paint"},{"floor":24.0,"key":"StoneCalendar"},{"floor":26.0,"key":"Meat on the Bone"},{"floor":31.0,"key":"Vajra"},{"floor":40.0,"key":"Molten Egg 2"},{"floor":43.0,"key":"Lizard Tail"},{"floor":45.0,"key":"Girya"},{"floor":47,"key":"Regal Pillow"}],"event_choices":[{"damage_healed":0.0,"max_hp_gain":0.0,"max_hp_loss":0.0,"gold_gain":0.0,"event_name":"FaceTrader","player_choice":"Trade","floor":2.0,"gold_loss":0.0,"damage_taken":0.0,"relics_obtained":["SsserpentHead"]},{"cards_removed":["Strike_B"],"damage_healed":0.0,"max_hp_gain":0.0,"max_hp_loss":0.0,"gold_gain":0.0,"event_name":"Bonfire Elementals","player_choice":"Offered Basic","floor":12.0,"gold_loss":0.0,"damage_taken":0.0},{"damage_healed":0.0,"max_hp_gain":5.0,"max_hp_loss":0.0,"gold_gain":0.0,"event_name":"Forgotten Altar","player_choice":"Shed Blood","floor":19.0,"gold_loss":0.0,"damage_taken":19.0},{"damage_healed":0.0,"max_hp_gain":0.0,"max_hp_loss":0.0,"gold_gain":275.0,"event_name":"Golden Shrine","player_choice":"Desecrate","floor":21.0,"gold_loss":0.0,"damage_taken":0.0,"cards_obtained":["Regret"]},{"damage_healed":0.0,"max_hp_gain":0.0,"max_hp_loss":0.0,"gold_gain":0.0,"cards_transformed":["Strike_B","Strike_B"],"event_name":"Drug Dealer","player_choice":"Became Test Subject","floor":25.0,"gold_loss":0.0,"damage_taken":0.0,"cards_obtained":["Darkness","Hyperbeam"]},{"damage_healed":0.0,"max_hp_gain":0.0,"max_hp_loss":0.0,"gold_gain":0.0,"event_name":"Accursed Blacksmith","player_choice":"Forge","floor":41.0,"gold_loss":0.0,"damage_taken":0.0,"cards_upgraded":["Turbo"]}],"is_beta":false,"boss_relics":[{"not_picked":["Runic Pyramid","Inserter"],"picked":"Coffee Dripper"},{"not_picked":["Snecko Eye","Velvet Choker"],"picked":"Cursed Key"}],"items_purged_floors":[],"is_endless":false,"potions_floor_spawned":[7,8,11,13,20,22,31,37,45,46,47,48],"ascension_level":3}}