{"host":"0fm1w3v00gid44jl","time":1608866229,"event":{"mods":["AchievementEnabler","BaseMod","Colored Map","Colored Powertips","Displayed Cursed Tome","Downfall","Googly Eyes","Highlight Path","Minty Spire (QoL Compilation)","Permanent Neow","Relic Stats","StSLib","SuperFastMode","slay the spire mod where everything is the same but ironclad has a cowboy hat"],"gold_per_floor":[99,110,128,8,458,183,183,211,0,14,14,44,44,63,73,176,176,176,193,210,210,295,33,88,73,108,58,58,76,92,102,119,223,223,148,164,177,177,177,177],"floor_reached":38,"playtime":2535,"items_purged":["Slimebound:Icky","Slimebound:Icky"],"score":499,"play_id":"a40bf944-7e87-497a-9369-d93695bbdec4","local_time":"20201224211709","is_ascension_mode":true,"campfire_choices":[{"data":"champ:IgnorePain","floor":1,"key":"SMITH"},{"data":"champ:Lariat","floor":13,"key":"SMITH"},{"data":"champ:DefensiveStyle","floor":18,"key":"SMITH"},{"data":"champ:EnchantCrown","floor":35,"key":"SMITH"}],"circlet_count":0,"master_deck":["champ:Taunt","champ:EnGarde","champ:IgnorePain+1","champ:ShieldSigil","champ:Lariat+1","champ:Control","champ:FalseCounter","champ:RisingSlash","champ:DefensiveStyle+1","champ:DefensiveShout","champ:TornadoPunch","champ:StanceDance","champ:Duel","champ:DefensiveStyle","champ:Circumvent","champ:SkillfulDodge","champ:BringItOn","champ:Circumvent","champ:Control","champ:CalledShot","champ:Duel","champ:DefensiveShout","champ:DefensiveStyle+1","champ:ShieldSigil","champ:Circumvent","champ:EnchantCrown+1","champ:LastStand+1","champ:PreciseThrust+1","champ:Devastate+1","champ:TornadoPunch+1","champ:SwordSigil+1"],"relics":["champ:ChampionCrown","MealTicket","Singing Bowl","Darkstone Periapt","Blood Vial","Juzu Bracelet","Pandora\u0027s Box","champ:DefensiveTrainingManual","Bag of Preparation","Kunai","CultistMask","Astrolabe","downfall:HeartBlessingGreen"],"acts_visited":["Exordium","TheCity","TheBeyond"],"potions_floor_usage":[4,16,26],"damage_taken":[{"damage":16,"enemies":"Cultist","floor":2,"turns":6},{"damage":1,"enemies":"Small Slimes","floor":3,"turns":5},{"damage":0,"enemies":"downfall:FleeingMerchant","floor":4,"turns":4},{"damage":10,"enemies":"downfall:FleeingMerchant","floor":6,"turns":4},{"damage":36,"enemies":"Gremlin Nob","floor":8,"turns":5},{"damage":0,"enemies":"downfall:FleeingMerchant","floor":9,"turns":4},{"damage":0,"enemies":"Jaw Worm","floor":10,"turns":5},{"damage":19,"enemies":"3 Sentries","floor":12,"turns":6},{"damage":7,"enemies":"Exordium Thugs","floor":14,"turns":4},{"damage":6,"enemies":"Blue Slaver","floor":15,"turns":4},{"damage":6,"enemies":"downfall:Watcher","floor":16,"turns":11},{"damage":0,"enemies":"Spheric Guardian","floor":19,"turns":3},{"damage":0,"enemies":"3 Byrds","floor":20,"turns":3},{"damage":0,"enemies":"downfall:FleeingMerchant","floor":23,"turns":4},{"damage":0,"enemies":"downfall:FleeingMerchant","floor":25,"turns":4},{"damage":60,"enemies":"Slavers","floor":26,"turns":6},{"damage":31,"enemies":"Snake Plant","floor":29,"turns":5},{"damage":5,"enemies":"Snecko","floor":30,"turns":5},{"damage":13,"enemies":"Centurion and Healer","floor":31,"turns":11},{"damage":10,"enemies":"Snake Plant","floor":32,"turns":4},{"damage":10,"enemies":"downfall:Ironclad","floor":33,"turns":9},{"damage":19,"enemies":"3 Darklings","floor":36,"turns":12},{"damage":12,"enemies":"Orb Walker","floor":37,"turns":4},{"damage":109,"enemies":"Transient","floor":38,"turns":4}],"seed_played":"4311869416232130127","potions_obtained":[{"floor":2,"key":"Swift Potion"},{"floor":8,"key":"ColorlessPotion"},{"floor":10,"key":"DuplicationPotion"},{"floor":12,"key":"ColorlessPotion"},{"floor":16,"key":"Fire Potion"},{"floor":19,"key":"CultistPotion"},{"floor":30,"key":"Weak Potion"}],"is_trial":false,"path_per_floor":["R","M","M","$","?","$","T","E","$","M","T","E","R","M","M","B",null,"R","M","M","?","?","$","T","$","E","?","?","M","M","M","M","B",null,"R","M","M","M"],"character_chosen":"THE_CHAMP","items_purchased":["champ:FalseCounter","champ:RisingSlash","champ:DefensiveStyle","MealTicket","champ:StanceDance","champ:Duel","champ:DefensiveStyle","champ:DefensiveTrainingManual"],"campfire_rested":0,"item_purchase_floors":[4,4,6,6,9,9,9,23],"current_hp_per_floor":[81,68,67,67,67,62,62,26,41,43,43,34,34,29,25,23,85,85,87,87,87,69,86,86,89,34,67,67,40,42,33,27,19,97,97,78,68,0,0,0],"gold":177,"neow_bonus":"TRANSFORM_TWO_CARDS","is_daily":false,"chose_seed":false,"campfire_upgraded":4,"win_rate":0.0,"timestamp":1608866229,"path_taken":["R","M","M","?","?","$","T","E","$","M","?","E","R","M","M","BOSS","R","M","M","?","?","$","T","$","E","?","?","M","M","M","M","BOSS","R","M","M","M"],"items_purchased_type":["Card","Card","Card","Relic","Card","Card","Card","Relic"],"build_version":"2020-12-22","purchased_purges":2,"victory":false,"max_hp_per_floor":[81,81,81,81,81,81,81,81,81,83,83,83,83,83,83,85,85,85,87,87,87,87,87,87,89,91,91,91,93,93,95,97,97,97,97,97,97,97,97,97],"relic_stats":{"Darkstone Periapt":0,"Blood Vial":24,"Singing Bowl":16,"counters":[24,132],"Astrolabe":["champ:LastStand","champ:PreciseThrust","champ:Devastate"],"MealTicket":31,"Pandora\u0027s Box":["champ:FightOn","champ:Circumvent","champ:Control","champ:CalledShot","champ:Duel","champ:Devastate","champ:DefensiveShout"],"Juzu Bracelet":1,"Bag of Preparation":[20],"Kunai":[1],"obtain_stats":[{"Darkstone Periapt":8,"Singing Bowl":7,"Astrolabe":34,"champ:ChampionCrown":0,"downfall:HeartBlessingGreen":35,"Juzu Bracelet":12,"Bag of Preparation":24,"Blood Vial":11,"champ:DefensiveTrainingManual":23,"MealTicket":6,"Pandora\u0027s Box":17,"CultistMask":28,"Kunai":26},{"Darkstone Periapt":5,"Singing Bowl":4,"Astrolabe":21,"champ:ChampionCrown":0,"downfall:HeartBlessingGreen":21,"Juzu Bracelet":8,"Bag of Preparation":14,"Blood Vial":7,"champ:DefensiveTrainingManual":14,"MealTicket":4,"Pandora\u0027s Box":11,"CultistMask":16,"Kunai":16},{"Darkstone Periapt":24,"Singing Bowl":19,"Astrolabe":112,"champ:ChampionCrown":0,"downfall:HeartBlessingGreen":112,"Juzu Bracelet":39,"Bag of Preparation":68,"Blood Vial":33,"champ:DefensiveTrainingManual":68,"MealTicket":19,"Pandora\u0027s Box":58,"CultistMask":78,"Kunai":78}]},"card_choices":[{"not_picked":["champ:StanceDance","champ:Backstep"],"picked":"champ:ShieldSigil","floor":2},{"not_picked":["champ:EnGarde","champ:RisingSlash"],"picked":"champ:Lariat","floor":3},{"not_picked":["champ:BerserkersShout","champ:EnGarde"],"picked":"champ:Control","floor":4},{"not_picked":["champ:PerfectedStrike","champ:Haymaker"],"picked":"champ:HoldFirm","floor":6},{"not_picked":["champ:Riposte","champ:FlashCut"],"picked":"champ:DefensiveShout","floor":8},{"not_picked":["champ:BringItOn","champ:DeathBlow"],"picked":"champ:TornadoPunch","floor":9},{"not_picked":["champ:RecklessLeap","champ:GladiatorStyle","champ:StanceDance"],"picked":"Singing Bowl","floor":10},{"not_picked":["champ:Lariat","champ:IgnorePain"],"picked":"champ:Circumvent","floor":12},{"not_picked":["champ:Circumvent","champ:AdrenalArmor"],"picked":"champ:SkillfulDodge","floor":14},{"not_picked":["champ:FaceSlap","champ:EnGarde"],"picked":"champ:BringItOn","floor":15},{"not_picked":["champ:DancingMaster","champ:ShieldSlam","champ:Devastate"],"picked":"Singing Bowl","floor":16},{"not_picked":["champ:TornadoPunch","champ:Lariat","champ:GutPunch"],"picked":"Singing Bowl","floor":19},{"not_picked":["champ:FightOn","champ:RageSigil"],"picked":"champ:DefensiveStyle+1","floor":20},{"not_picked":["champ:BerserkersShout","champ:LastStand"],"picked":"champ:ShieldSigil","floor":23},{"not_picked":["champ:AdrenalArmor+1","champ:Circumvent","champ:BladeFlurry"],"picked":"Singing Bowl","floor":25},{"not_picked":["champ:CalledShot","champ:GutPunch+1","champ:FocusedGladiator"],"picked":"Singing Bowl","floor":26},{"not_picked":["champ:Riposte","champ:GladiatorStyle+1","champ:Circumvent"],"picked":"Singing Bowl","floor":29},{"not_picked":["champ:FanOfKnives","champ:ArenaPreparation"],"picked":"champ:Circumvent","floor":30},{"not_picked":["champ:GutPunch+1","champ:BerserkerStyle","champ:Balance+1"],"picked":"Singing Bowl","floor":31},{"not_picked":["champ:BringItOn+1","champ:GladiatorsShout+1","champ:RapidStrikes"],"picked":"Singing Bowl","floor":32},{"not_picked":["champ:VampiricStrike","champ:Devastate"],"picked":"champ:EnchantCrown","floor":33},{"not_picked":["champ:HeartStrike+1","champ:Haymaker+1"],"picked":"champ:TornadoPunch+1","floor":36},{"not_picked":["champ:Shatter","champ:DefensiveShout"],"picked":"champ:SwordSigil+1","floor":37}],"player_experience":1449570,"relics_obtained":[{"floor":7,"key":"Singing Bowl"},{"floor":8,"key":"Darkstone Periapt"},{"floor":11,"key":"Blood Vial"},{"floor":12,"key":"Juzu Bracelet"},{"floor":24,"key":"Bag of Preparation"},{"floor":26,"key":"Kunai"}],"event_choices":[{"damage_healed":0,"gold_gain":0,"player_choice":"Trade","damage_taken":0,"relics_obtained":["CultistMask"],"max_hp_gain":0,"max_hp_loss":0,"event_name":"FaceTrader","floor":28,"gold_loss":0}],"is_beta":false,"boss_relics":[{"not_picked":["SacredBark","Coffee Dripper"],"picked":"Pandora\u0027s Box"},{"not_picked":["champ:ChampionCrownUpgraded","Runic Pyramid"],"picked":"Astrolabe"}],"items_purged_floors":[6,23],"is_endless":false,"potions_floor_spawned":[2,8,10,12,14,16,19,30,31,33],"killed_by":"Transient","ascension_level":2}}