{"host":"6q94iy5iz6612v89","time":1608882392,"event":{"mods":["AchievementEnabler","BaseMod","Colored Map","DeckTracker","Keyboard Shortcuts","Minty Spire (QoL Compilation)","Permanent Neow","StSLib","SuperFastMode"],"gold_per_floor":[114,129,54,64,80,80,80,80,80,112,112,112,192,215,215,306,306,325,171,86,86,99,99,99,124,124,124,124,124],"floor_reached":28,"playtime":469,"items_purged":["Strike_G","Strike_G"],"score":432,"play_id":"e9c2369b-5390-46c3-bdff-534e1ccfe32a","local_time":"20201225164632","is_ascension_mode":true,"campfire_choices":[{"data":"Poisoned Stab","floor":6,"key":"SMITH"},{"data":"Crippling Poison","floor":8,"key":"SMITH"},{"data":"Neutralize","floor":11,"key":"SMITH"},{"data":"Quick Slash","floor":15,"key":"SMITH"},{"floor":23,"key":"RECALL"},{"floor":27,"key":"REST"}],"circlet_count":0,"master_deck":["AscendersBane","Strike_G","Defend_G+1","Defend_G","Defend_G","Defend_G","Survivor+1","Neutralize+1","Masterful Stab","Quick Slash+1","Crippling Poison+1","Poisoned Stab+1","Deadly Poison+1","Adrenaline+1","Acrobatics+1","Bouncing Flask+1","Parasite"],"relics":["Ring of the Snake","Pocketwatch","The Specimen","Golden Idol","Toxic Egg 2","Cursed Key","War Paint"],"acts_visited":["Exordium","TheCity"],"potions_floor_usage":[10,10,14,25],"damage_taken":[{"damage":12,"enemies":"Jaw Worm","floor":1,"turns":5},{"damage":0,"enemies":"Cultist","floor":2,"turns":4},{"damage":0,"enemies":"2 Louse","floor":4,"turns":2},{"damage":3,"enemies":"Looter","floor":5,"turns":3},{"damage":7,"enemies":"3 Sentries","floor":10,"turns":4},{"damage":5,"enemies":"Gremlin Gang","floor":14,"turns":3},{"damage":12,"enemies":"Hexaghost","floor":16,"turns":7},{"damage":11,"enemies":"Spheric Guardian","floor":18,"turns":4},{"damage":1,"enemies":"3 Byrds","floor":22,"turns":4},{"damage":10,"enemies":"Shelled Parasite and Fungi","floor":25,"turns":3},{"damage":1,"enemies":"Slavers","floor":28,"turns":1}],"seed_played":"9080661445533558652","potions_obtained":[{"floor":1,"key":"Explosive Potion"},{"floor":5,"key":"Explosive Potion"},{"floor":14,"key":"EntropicBrew"},{"floor":16,"key":"Fire Potion"}],"is_trial":false,"path_per_floor":["M","M","$","M","M","R","?","R","T","E","R","?","T","M","R","B",null,"M","$","?","$","M","R","?","M","T","R","E"],"character_chosen":"THE_SILENT","items_purchased":["Acrobatics+1"],"campfire_rested":1,"item_purchase_floors":[19],"current_hp_per_floor":[32,32,32,32,29,29,34,34,34,27,27,27,27,22,22,10,51,40,40,40,40,39,39,39,29,29,48,47,47],"gold":124,"neow_bonus":"REMOVE_TWO","is_daily":false,"chose_seed":false,"campfire_upgraded":4,"win_rate":0.0,"timestamp":1608882392,"path_taken":["M","M","$","M","M","R","?","R","T","E","R","?","?","?","R","BOSS","M","$","?","$","M","R","?","M","T","R","E"],"items_purchased_type":["Card"],"build_version":"2020-12-22","purchased_purges":2,"victory":false,"max_hp_per_floor":[66,66,66,66,66,66,71,71,71,71,71,64,64,64,64,64,64,64,64,64,64,64,64,64,64,64,64,64,64],"card_choices":[{"not_picked":["Caltrops","Backflip"],"picked":"Masterful Stab","floor":1},{"not_picked":["Distraction","Reflex"],"picked":"Quick Slash","floor":2},{"not_picked":["Deflect","Blade Dance"],"picked":"Crippling Poison","floor":4},{"not_picked":["Acrobatics","Flying Knee"],"picked":"Poisoned Stab","floor":5},{"not_picked":["Escape Plan","Envenom","Infinite Blades"],"picked":"SKIP","floor":10},{"not_picked":["Skewer","Concentrate+1"],"picked":"Deadly Poison+1","floor":14},{"not_picked":["Malaise+1","Night Terror+1"],"picked":"Adrenaline+1","floor":16},{"not_picked":["Setup+1","Outmaneuver+1","Underhanded Strike"],"picked":"SKIP","floor":18},{"not_picked":["Dagger Spray","Deflect+1"],"picked":"Bouncing Flask+1","floor":22},{"not_picked":["Poisoned Stab","Heel Hook","Bane"],"picked":"SKIP","floor":25}],"player_experience":1428633,"relics_obtained":[{"floor":9,"key":"Pocketwatch"},{"floor":10,"key":"The Specimen"},{"floor":13,"key":"Toxic Egg 2"}],"event_choices":[{"damage_healed":0,"gold_gain":0,"player_choice":"Donut","damage_taken":0,"max_hp_gain":5,"max_hp_loss":0,"event_name":"Big Fish","floor":7,"gold_loss":0},{"damage_healed":0,"gold_gain":0,"player_choice":"Lose Max HP","damage_taken":0,"relics_obtained":["Golden Idol"],"max_hp_gain":0,"max_hp_loss":7,"event_name":"Golden Idol","floor":12,"gold_loss":0},{"damage_healed":0,"gold_gain":0,"player_choice":"Obtained Relic","damage_taken":0,"relics_obtained":["War Paint"],"max_hp_gain":0,"max_hp_loss":0,"event_name":"Addict","floor":20,"gold_loss":85},{"cards_removed":["Strike_G"],"damage_healed":0,"gold_gain":0,"player_choice":"Elegance","damage_taken":0,"max_hp_gain":0,"max_hp_loss":0,"event_name":"Back to Basics","floor":24,"gold_loss":0}],"is_beta":false,"boss_relics":[{"not_picked":["Black Star","Runic Pyramid"],"picked":"Cursed Key"}],"items_purged_floors":[3,19],"is_endless":false,"potions_floor_spawned":[1,5,14,16,18],"killed_by":"Slavers","ascension_level":20}}