{"host":"qc1sjgtdjonvdsd8","time":1608887827,"event":{"mods":["BaseMod","Colored Map","Colored Powertips","Curses Come First","Minty Spire (QoL Compilation)","Replay The Spire","StSLib","The Cursed"],"gold_per_floor":[112,187,245,265,278,278,278,293,320,116,131,131,81,10,10,106,106,121,133,133,133],"floor_reached":20,"playtime":1766,"items_purged":["TheCursedMod:Defend_TheCursed"],"score":164,"play_id":"250311db-dc79-4d39-b4c9-b39f886cf7f9","local_time":"20201225011707","is_ascension_mode":false,"campfire_choices":[{"data":"TheCursedMod:EmpowerCircles","floor":6,"key":"SMITH"},{"floor":15,"key":"REST"}],"circlet_count":0,"master_deck":["TheCursedMod:Strike_TheCursed","TheCursedMod:Strike_TheCursed","TheCursedMod:Strike_TheCursed","TheCursedMod:Defend_TheCursed","TheCursedMod:CursedWand","TheCursedMod:CleanUpWorkshop","TheCursedMod:Dregs","TheCursedMod:Wield","TheCursedMod:PrepareRite","TheCursedMod:BlessingInDisguise","TheCursedMod:EmpowerCircles+1","TheCursedMod:RapidMovement","TheCursedMod:SpitefulStrike","TheCursedMod:SoulReap","TheCursedMod:AntiAging+1","TheCursedMod:FuryStrike+1","TheCursedMod:RavingStaff+1","TheCursedMod:Hemoplague","TheCursedMod:SpitefulPlan"],"relics":["TheCursedMod:BlackMagic101","NeowsBlessing","Astrolabe"],"acts_visited":["Exordium","TheCity"],"potions_floor_usage":[16,18],"damage_taken":[{"damage":0,"enemies":"Jaw Worm","floor":1,"turns":1},{"damage":0,"enemies":"2 Louse","floor":4,"turns":1},{"damage":0,"enemies":"Small Slimes","floor":5,"turns":1},{"damage":24,"enemies":"Red Slaver","floor":8,"turns":5},{"damage":8,"enemies":"Large Slime","floor":11,"turns":8},{"damage":39,"enemies":"Fading Forest","floor":16,"turns":11},{"damage":5,"enemies":"Spheric Guardian","floor":18,"turns":3},{"damage":60,"enemies":"Shell Parasite","floor":19,"turns":6},{"damage":17,"enemies":"Cultist and Chosen","floor":20,"turns":3}],"seed_played":"4410439328576966307","potions_obtained":[{"floor":3,"key":"Flashbang"},{"floor":3,"key":"Weak Potion"},{"floor":3,"key":"Strength Potion"},{"floor":4,"key":"SteroidPotion"},{"floor":16,"key":"SneckoOil"}],"is_trial":false,"path_per_floor":["M","?","?","M","M","R","?","M","T","$","M","?","?","$","R","B",null,"M","M","M"],"character_chosen":"THE_CURSED","items_purchased":["TheCursedMod:LuckyCharm","TheCursedMod:SpitefulStrike","TheCursedMod:SoulReap"],"campfire_rested":1,"item_purchase_floors":[10,10,14],"current_hp_per_floor":[75,64,64,64,64,64,64,40,40,40,32,32,32,32,54,34,75,70,13,0,0],"gold":133,"neow_bonus":"THREE_ENEMY_KILL","is_daily":false,"chose_seed":false,"campfire_upgraded":1,"win_rate":0.0,"timestamp":1608887827,"path_taken":["M","?","?","M","?","R","?","M","T","?","M","?","?","$","R","BOSS","M","M","M"],"items_purchased_type":["Card","Card","Card"],"build_version":"2020-12-22","purchased_purges":1,"victory":false,"max_hp_per_floor":[75,75,75,75,75,75,75,75,75,75,75,75,75,75,75,75,75,75,78,81,81],"card_choices":[{"not_picked":["TheCursedMod:CursedMace","TheCursedMod:BloodBarrier"],"picked":"TheCursedMod:Wield","floor":1},{"not_picked":["TheCursedMod:RavingStaff","TheCursedMod:Stigma"],"picked":"TheCursedMod:PrepareRite","floor":3},{"not_picked":["TheCursedMod:RavingStaff","TheCursedMod:VitalStrike"],"picked":"TheCursedMod:BlessingInDisguise","floor":4},{"not_picked":["TheCursedMod:ReleasedStrength","TheCursedMod:SmokeScreen"],"picked":"TheCursedMod:EmpowerCircles","floor":5},{"not_picked":["TheCursedMod:CursedShiv","TheCursedMod:DoubleShield"],"picked":"TheCursedMod:RapidMovement","floor":8},{"not_picked":["TheCursedMod:Torture","TheCursedMod:CircleOfAmplification"],"picked":"TheCursedMod:CircleOfBlood","floor":11},{"not_picked":["TheCursedMod:ParallelWorld","TheCursedMod:ForbiddenAlchemy"],"picked":"TheCursedMod:DemonicPact","floor":16},{"not_picked":["TheCursedMod:TacticalStrike","TheCursedMod:Wield"],"picked":"TheCursedMod:Hemoplague","floor":18},{"not_picked":["TheCursedMod:CursedAmulet+1","TheCursedMod:Evocation+1"],"picked":"TheCursedMod:SpitefulPlan","floor":19}],"player_experience":153916,"relics_obtained":[],"event_choices":[{"damage_healed":0,"gold_gain":75,"player_choice":"Gather Gold","damage_taken":11,"max_hp_gain":0,"max_hp_loss":0,"event_name":"World of Goop","floor":2,"gold_loss":0},{"cards_removed":["TheCursedMod:Strike_TheCursed"],"damage_healed":0,"gold_gain":0,"player_choice":"Purged","damage_taken":0,"max_hp_gain":0,"max_hp_loss":0,"event_name":"Purifier","floor":7,"gold_loss":0},{"cards_removed":["TheCursedMod:Defend_TheCursed"],"damage_healed":0,"gold_gain":0,"player_choice":"Card Removal","damage_taken":0,"max_hp_gain":0,"max_hp_loss":0,"event_name":"The Cleric","floor":13,"gold_loss":50}],"is_beta":false,"boss_relics":[{"not_picked":["Abe\u0027s Treasure","SacredBark"],"picked":"Astrolabe"}],"items_purged_floors":[10],"is_endless":false,"potions_floor_spawned":[4,16],"killed_by":"Cultist and Chosen","ascension_level":0}}