{"host":"xr8r2flpb2i2fv48","time":1608862154,"event":{"mods":["2.2 Compatiblity","Act Like it!","BaseMod","Better Note","Better Third Choice","Downfall","Gensokyo","Hallownest","Hermit","Lobotomy","LobotomyExtend","Marisa????????","Minty Spire (QoL Compilation)","Reimu??????","Replay The Spire","StSLib","The Bug Knight","The Cursed","The Gatherer","The Marked","The Runesmith","The Spell Scribe","TheSwordswoman","TheVacant","egg"],"gold_per_floor":[114,214,5,5,16,16,48,48,48,80,91,104,123,134,134,233,233,233,253,253,17,33,33,311,473,499,510,526,62,62,74,74,177,177,191,191,7,7,7,34,34,44,44,44,58,58,8,8,8,8,8,8,8,8,33,33,33],"floor_reached":56,"playtime":7100,"items_purged":["theMarked:Strike"],"score":805,"play_id":"cfd31eb0-d09d-46e0-9139-15e3276c623c","local_time":"20201225030914","is_ascension_mode":false,"campfire_choices":[{"data":"theMarked:EmpowerWeapon","floor":6,"key":"SMITH"},{"data":"theMarked:Reabsorb","floor":8,"key":"SMITH"},{"data":"theMarked:EternalStudent","floor":15,"key":"SMITH"},{"data":"theMarked:StartUp","floor":23,"key":"SMITH"},{"data":"expansioncontent:DefensiveStance","floor":30,"key":"SMITH"},{"floor":32,"key":"RECALL"},{"data":"theMarked:SummonStrength","floor":41,"key":"SMITH"},{"data":"theMarked:EmpowerWeapon","floor":44,"key":"SMITH"},{"data":"theMarked:TwofoldDefense","floor":46,"key":"SMITH"},{"data":"theMarked:TwofoldDefense","floor":49,"key":"SMITH"},{"data":"theMarked:RepellingDischarge","floor":53,"key":"SMITH"}],"circlet_count":0,"master_deck":["theMarked:Strike","theMarked:Strike","theMarked:Strike","theMarked:Strike","theMarked:Defend","theMarked:Defend","theMarked:Defend","theMarked:Defend","theMarked:SoldierOfQuellstein+1","theMarked:EmpowerWeapon+1","theMarked:SoldierOfQuellstein+1","theMarked:DispelDoubt+1","theMarked:Reabsorb+1","theMarked:RepellingDischarge+1","theMarked:EternalStudent+1","theMarked:SwordAndMagic","theMarked:TakeOffHeels+1","theMarked:RepellingDischarge","theMarked:StartUp+1","theMarked:EmpowerWeapon+1","theMarked:TwofoldDefense+1","expansioncontent:DefensiveStance+1","theMarked:TwofoldDefense+1","theMarked:SummonStrength+1","Gensokyo:Dawn","theMarked:TwofoldDefense+1"],"relics":["theMarked:ArtifactOfAir","LetterFromLob","DollysMirror","Boot","Darkstone Periapt","Durian","Replay:Bronze Core","HollowMod:JonisBlessing","Pet Ghost","Runesmith:AutoHammer","Mirror","Busted Crown","Gensokyo:EmptyGrave","Guide Book","theMarked:KettuFlask","Question Card","Simple Rune","ReplayFunnel","Replay:Mystery Machine"],"acts_visited":["Gensokyo:Gensokyo","Gensokyo:Gensokyoer","Gensokyo:Gensokyoest","TheEnding"],"potions_floor_usage":[16,16,16,24,24,33,38,50,55,55,56],"damage_taken":[{"damage":5,"enemies":"Gensokyo:2_Kodama","floor":1,"turns":3},{"damage":1,"enemies":"Gensokyo:Python","floor":5,"turns":4},{"damage":8,"enemies":"Gensokyo:Cirno","floor":7,"turns":7},{"damage":16,"enemies":"Gensokyo:Mamizou","floor":10,"turns":7},{"damage":2,"enemies":"Gensokyo:Gryphon","floor":11,"turns":3},{"damage":1,"enemies":"Gensokyo:Kitsune","floor":12,"turns":3},{"damage":0,"enemies":"Gensokyo:2_Rabbits","floor":13,"turns":5},{"damage":0,"enemies":"Gensokyo:LivingMonolith","floor":14,"turns":2},{"damage":19,"enemies":"Gensokyo:Kokoro","floor":16,"turns":7},{"damage":3,"enemies":"Gensokyo:Chomper","floor":19,"turns":5},{"damage":0,"enemies":"Gensokyo:2_Gloops","floor":22,"turns":4},{"damage":42,"enemies":"Gensokyo:Reisen","floor":24,"turns":9},{"damage":0,"enemies":"Gensokyo:Slime_Group","floor":25,"turns":5},{"damage":0,"enemies":"Gensokyo:Wraith","floor":27,"turns":5},{"damage":0,"enemies":"Gensokyo:Mirror_and_Dog","floor":28,"turns":4},{"damage":0,"enemies":"Gensokyo:3_Gloops","floor":31,"turns":6},{"damage":0,"enemies":"Gensokyo:Eiki","floor":33,"turns":12},{"damage":0,"enemies":"Gensokyo:AncientGuardian","floor":35,"turns":2},{"damage":33,"enemies":"Gensokyo:AncientGuardian","floor":38,"turns":10},{"damage":11,"enemies":"Gensokyo:Kasen","floor":40,"turns":9},{"damage":16,"enemies":"Gensokyo:3_Boulders","floor":42,"turns":7},{"damage":0,"enemies":"Gensokyo:Sharpion","floor":45,"turns":4},{"damage":0,"enemies":"Gensokyo:Yuyuko","floor":50,"turns":9},{"damage":11,"enemies":"Shield and Spear","floor":55,"turns":7},{"damage":58,"enemies":"The Heart","floor":56,"turns":9}],"seed_played":"-4500530749480413575","potions_obtained":[{"floor":1,"key":"FearPotion"},{"floor":11,"key":"AttackPotion"},{"floor":13,"key":"Energy Potion"},{"floor":16,"key":"GrandPatriotsElixir:ReiMu"},{"floor":19,"key":"AttackPotion"},{"floor":22,"key":"MagicPotion:ReiMu"},{"floor":25,"key":"Dexterity Potion"},{"floor":31,"key":"Strength Potion"},{"floor":35,"key":"Guardian:BlockOnCardUsePotion"},{"floor":55,"key":"SpeedPotion"}],"is_trial":false,"path_per_floor":["M","?","COS","?","M","R","E","R","T","E","M","M","M","M","R","B",null,"M","M","?","COS","M","R","E","M","T","M","M","$","R","M","R","B",null,"M","?","COS","?","?","E","R","M","T","R","M","R","$","?","R","B",null,null,"R","$","E","B"],"character_chosen":"THE_DEFAULT","items_purchased":["expansioncontent:DefensiveStance","Mirror","theMarked:TwofoldDefense","PowerPotion"],"campfire_rested":0,"item_purchase_floors":[29,29,29,47],"current_hp_per_floor":[65,65,65,65,64,64,56,56,56,45,43,42,42,42,42,23,75,75,72,72,72,72,72,30,30,30,30,30,30,30,30,30,30,75,75,69,69,69,69,58,58,42,42,42,42,42,42,42,42,42,42,69,69,69,58,0,0],"gold":33,"neow_bonus":"UPGRADE_CARD","is_daily":false,"chose_seed":false,"campfire_upgraded":10,"win_rate":0.0,"timestamp":1608862154,"path_taken":["M","?","COS","?","?","R","E","R","T","E","M","M","M","M","R","BOSS","M","M","?","COS","M","R","E","?","T","M","M","$","R","M","R","BOSS","M","?","COS","?","?","E","R","M","T","R","M","R","?","?","R","BOSS","R","$","E","BOSS"],"items_purchased_type":["Card","Relic","Card","Potion"],"build_version":"2020-12-22","purchased_purges":1,"victory":false,"max_hp_per_floor":[70,70,70,70,70,70,70,70,70,75,75,75,75,75,75,75,75,75,75,75,75,75,75,75,75,75,75,75,75,75,75,75,75,75,75,69,69,69,69,69,69,69,69,69,69,69,69,69,69,69,69,69,69,69,69,69,69],"card_choices":[{"not_picked":["theMarked:RogueSparks","theMarked:WardOff"],"picked":"theMarked:EmpowerWeapon","floor":1},{"not_picked":["theMarked:Parkour","theMarked:ShockingTouch","theMarked:WastefulAttack"],"picked":"SKIP","floor":5},{"not_picked":["theMarked:TurnInvisible","theMarked:MuscleMemory"],"picked":"theMarked:DispelDoubt","floor":7},{"not_picked":["theMarked:TwofoldDefense","theMarked:ChainLightning"],"picked":"theMarked:Reabsorb","floor":7},{"not_picked":["theMarked:ReduceFriction","theMarked:Frustration"],"picked":"theMarked:RepellingDischarge","floor":10},{"not_picked":["theMarked:Generate","theMarked:ResourceFulStrike"],"picked":"theMarked:EternalStudent","floor":11},{"not_picked":["theMarked:MagicAdept","theMarked:Frustration","theMarked:WardOff"],"picked":"SKIP","floor":12},{"not_picked":["theMarked:Improvise","theMarked:Indomitable"],"picked":"theMarked:SwordAndMagic","floor":13},{"not_picked":["theMarked:DispelDoubt","theMarked:Frustration","theMarked:ChainLightning"],"picked":"SKIP","floor":14},{"not_picked":["theMarked:Defy","theMarked:DispelDoubt"],"picked":"theMarked:TakeOffHeels","floor":16},{"not_picked":["theMarked:Static+1","theMarked:BanishingStrike+1"],"picked":"theMarked:RepellingDischarge","floor":19},{"not_picked":["theMarked:ReduceFriction","theMarked:TwofoldDefense"],"picked":"theMarked:StartUp","floor":22},{"not_picked":["theMarked:LightningStrikesTwice+1","theMarked:PowerFlow"],"picked":"theMarked:EmpowerWeapon","floor":24},{"not_picked":["theMarked:Seal","theMarked:DeterminationOfTheMarked+1","theMarked:CreepingChasm"],"picked":"SKIP","floor":25},{"not_picked":["theMarked:Static+1","theMarked:Seal","theMarked:UnarmedFury"],"picked":"SKIP","floor":27},{"not_picked":["theMarked:Static+1","theMarked:Seal","theMarked:UnarmedFury"],"picked":"SKIP","floor":27},{"not_picked":["theMarked:KeepCalmAndFightOn","theMarked:ElectricStrings"],"picked":"theMarked:TwofoldDefense","floor":28},{"not_picked":["theMarked:WastefulAttack","theMarked:Generate","theMarked:ChainLightning+1"],"picked":"SKIP","floor":31},{"not_picked":["theMarked:FavorableWinds","theMarked:Snap"],"picked":"theMarked:SummonStrength","floor":33},{"not_picked":["theMarked:BanishingWave+1"],"picked":"SKIP","floor":35},{"not_picked":["Gensokyo:UnlikelyAid","Gensokyo:DreamlikeParadise"],"picked":"Gensokyo:Dawn","floor":38},{"not_picked":["theMarked:BanishingStrike"],"picked":"SKIP","floor":40},{"not_picked":["theMarked:Parkour"],"picked":"SKIP","floor":42},{"not_picked":["theMarked:WastefulAttack","theMarked:BanishingStrike+1"],"picked":"SKIP","floor":45},{"not_picked":["theMarked:ShockingTouch+1"],"picked":"theMarked:TwofoldDefense+1","floor":55}],"player_experience":1781214,"relics_obtained":[{"floor":1,"key":"LetterFromLob"},{"floor":7,"key":"Boot"},{"floor":9,"key":"Darkstone Periapt"},{"floor":10,"key":"Durian"},{"floor":24,"key":"Pet Ghost"},{"floor":40,"key":"theMarked:KettuFlask"},{"floor":43,"key":"Question Card"},{"floor":55,"key":"Replay:Mystery Machine"}],"event_choices":[],"is_beta":false,"boss_relics":[{"not_picked":["theMarked:BronzeBlade","ChewingGum"],"picked":"Replay:Bronze Core"},{"not_picked":["Painkiller Herb","Ring of Chaos"],"picked":"Busted Crown"}],"items_purged_floors":[29],"is_endless":false,"potions_floor_spawned":[1,11,13,16,19,22,25,31,35,55],"killed_by":"The Heart","ascension_level":0}}