{"host":"lreod2rejfd0az5i","time":1608932581,"event":{"mods":["AchievementEnabler","Aspiration","BaseMod","Colored Powertips","Conspire","Downfall","Highlight Path","Hubris","Infinite Spire","Mad Scientist","Minty Spire (QoL Compilation)","Rare Cards Sparkle","Relic Stats","Replay The Spire","StSLib","The Bug Knight","The Jungle"],"gold_per_floor":[110,110,124,124,137,137,137,169,169,240,260,277,277,291,291,363,413,390,401,418,138,138,156,176,176,176],"floor_reached":25,"playtime":1090,"items_purged":[],"score":429,"play_id":"7bde5e4c-a438-451c-8f26-950d59ab7aca","local_time":"20201225144301","is_ascension_mode":true,"campfire_choices":[{"data":"Defragment","floor":6,"key":"SMITH"},{"floor":13,"key":"REST"},{"floor":15,"key":"REST"}],"circlet_count":0,"master_deck":["AscendersBane","Strike_B+1","Strike_B","Strike_B","Strike_B","Defend_B","Defend_B","Defend_B","Defend_B","Zap","Dualcast","Conserve Battery","Reboot","Defragment+1","Cold Snap","Glacier","Amplify","Sweeping Beam","hubris:PowerSurge","Melter","AscendersBane","Strike_B+1","Strike_B","Strike_B","Strike_B","Defend_B","Defend_B","Defend_B","Defend_B","Zap","Dualcast","Conserve Battery","Reboot","Defragment+1","Cold Snap","Glacier","Amplify","Sweeping Beam","hubris:PowerSurge","Melter"],"relics":["Cracked Core","NeowsBlessing","conspire:Flyswatter","HollowMod:LifeEnderRelic","Cables","Tiny House","Potion Belt"],"acts_visited":["Exordium","TheCity"],"potions_floor_usage":[14,16,23,24],"damage_taken":[{"damage":0,"enemies":"Small Slimes","floor":1,"turns":1},{"damage":0,"enemies":"infinitespire:Voidling","floor":3,"turns":1},{"damage":0,"enemies":"Jaw Worm","floor":5,"turns":1},{"damage":5,"enemies":"HollowMod:MossKnight","floor":8,"turns":11},{"damage":32,"enemies":"Gremlin Gang","floor":11,"turns":4},{"damage":5,"enemies":"Blue Slaver","floor":12,"turns":3},{"damage":14,"enemies":"Lots of Slimes","floor":14,"turns":5},{"damage":43,"enemies":"The Guardian","floor":16,"turns":21},{"damage":6,"enemies":"2 Thieves","floor":18,"turns":4},{"damage":6,"enemies":"Chosen","floor":19,"turns":6},{"damage":24,"enemies":"Snecko","floor":20,"turns":7},{"damage":0,"enemies":"Sentry and Sphere","floor":23,"turns":4},{"damage":10,"enemies":"Shelled Parasite and Fungi","floor":24,"turns":7},{"damage":21,"enemies":"Snake Plant","floor":25,"turns":2}],"seed_played":"-3052068605777449527","potions_obtained":[{"floor":1,"key":"Swift Potion"},{"floor":11,"key":"Languid Potion"},{"floor":16,"key":"Swift Potion"},{"floor":17,"key":"PotionOfCapacity"},{"floor":19,"key":"Block Potion"}],"is_trial":false,"path_per_floor":["M","?","M","$","M","R","$","E","T","T","M","M","R","M","R","B",null,"M","M","M","$","?","M","M","M"],"character_chosen":"DEFECT","items_purchased":["Potion Belt","Slimebound:ThreeZeroPotion"],"campfire_rested":2,"item_purchase_floors":[21,21],"current_hp_per_floor":[64,64,64,64,64,64,64,59,59,59,27,22,43,29,50,7,60,54,48,24,24,24,24,14,0,0],"gold":176,"neow_bonus":"THREE_ENEMY_KILL","is_daily":false,"chose_seed":false,"campfire_upgraded":1,"win_rate":0.0,"timestamp":1608932581,"path_taken":["M","?","M","$","?","R","$","E","T","?","M","M","R","?","R","BOSS","M","?","M","$","?","M","?","M"],"items_purchased_type":["Relic","Potion"],"build_version":"2020-12-22","purchased_purges":0,"victory":false,"max_hp_per_floor":[71,71,71,71,71,71,71,71,71,71,71,71,71,71,71,71,76,76,76,76,76,76,76,76,76,76],"relic_stats":{"counters":[14,77],"obtain_stats":[{"Potion Belt":21,"HollowMod:LifeEnderRelic":9,"Tiny House":17,"NeowsBlessing":0,"Cracked Core":0,"conspire:Flyswatter":8,"Cables":10},{"Potion Belt":11,"HollowMod:LifeEnderRelic":4,"Tiny House":8,"NeowsBlessing":0,"Cracked Core":0,"conspire:Flyswatter":4,"Cables":4},{"Potion Belt":64,"HollowMod:LifeEnderRelic":14,"Tiny House":47,"NeowsBlessing":0,"Cracked Core":0,"conspire:Flyswatter":14,"Cables":14}],"Cables":[57,24,33,0,0]},"card_choices":[{"not_picked":["Barrage","Compile Driver"],"picked":"Conserve Battery","floor":1},{"not_picked":["Hologram","Beam Cell"],"picked":"Defragment","floor":3},{"not_picked":["conspire:SharedLibrary","Panic Button"],"picked":"Cold Snap","floor":5},{"not_picked":["Rebound","Barrage","hubris:SpecializedCircuitry"],"picked":"SKIP","floor":8},{"not_picked":["Cold Snap","Rebound","Conserve Battery"],"picked":"SKIP","floor":11},{"not_picked":["Darkness","Turbo"],"picked":"Glacier","floor":12},{"not_picked":["BootSequence","Gash","Redo"],"picked":"SKIP","floor":14},{"not_picked":["Fission","Reboot"],"picked":"Amplify","floor":16},{"not_picked":["Go for the Eyes","Leap"],"picked":"Sweeping Beam","floor":17},{"not_picked":["Self Repair","BasicCrystalCard","Panic Button"],"picked":"SKIP","floor":18},{"not_picked":["Rebound","Sweeping Beam"],"picked":"hubris:PowerSurge","floor":19},{"not_picked":["Ball Lightning","Capacitor"],"picked":"Melter","floor":20},{"not_picked":["ReplaySolidLightProjector","ReplaySort","Sweeping Beam+1"],"picked":"SKIP","floor":23},{"not_picked":["BasicCrystalCard","Steam Power","Lockon"],"picked":"SKIP","floor":24}],"player_experience":869279,"relics_obtained":[{"floor":8,"key":"conspire:Flyswatter"},{"floor":9,"key":"HollowMod:LifeEnderRelic"},{"floor":10,"key":"Cables"}],"event_choices":[{"damage_healed":0,"gold_gain":0,"player_choice":"1 cards matched","damage_taken":0,"max_hp_gain":0,"max_hp_loss":0,"event_name":"Match and Keep!","floor":2,"gold_loss":0,"cards_obtained":["Reboot"]}],"is_beta":false,"boss_relics":[{"not_picked":["conspire:RunicOctahedron","Ectoplasm"],"picked":"Tiny House"}],"items_purged_floors":[],"is_endless":false,"potions_floor_spawned":[1,11,12,16,19,20],"killed_by":"Snake Plant","ascension_level":19}}