{"host":"fbnmuibw0uyiaf00","time":1608896959,"event":{"mods":["BaseMod","Colored Powertips","Lobotomy","LobotomyExtend","Marisa£®ÏF”Í°°ƒß¿Ì…≥£©","Minty Spire (QoL Compilation)","Remilia£®¿Ÿ√◊¿Ú—«£©","[IsaacMod]“‘»ˆº‚À˛"],"gold_per_floor":[112,187,187,211,229,229,268,268,268,289,289,318,318,269,269,390,390,390,413,451,451,126,126,166,45,68,81,102,126,150,165,165,286,286,307,323,347,366,380,380,380,380,380],"floor_reached":42,"playtime":2921,"items_purged":[],"score":620,"play_id":"80a381d3-e1ee-43d5-9ff9-f048c10c256f","local_time":"20201225194919","is_ascension_mode":false,"campfire_choices":[{"floor":6,"key":"REST"},{"data":"KillingBlow","floor":11,"key":"SMITH"},{"data":"BlasphemousPunishment","floor":15,"key":"SMITH"},{"floor":23,"key":"REST"},{"data":"ScarletCoffin","floor":32,"key":"SMITH"}],"circlet_count":0,"master_deck":["Apo_SoulSlash","Apo_Charge","Apo_Charge","Apo_Charge","Apo_Charge","Apo_Beam","Apo_Beam","Apo_Beam","Apo_Execute","Apo_Slash","Apo_Slash","Apo_SoulSlash","Violence","Magnetism"],"relics":["ScarletHat","HushsDoor","CogitoBucket","LetterFromLob","Golden Idol","YumHeart","Pen Nib","RedBat","Odd Mushroom","Calling Bell","ScarletDevilRocket","Gremlin Horn","PokeGo","GuppysHead","MagicBullet_r","Gaze_r","LuminousBracelet","Amita_r","Red Mask","Membership Card","Letter Opener","Bottled Lightning","Dream Catcher","AspirationHeart","Black Star","SatanicBible","AtMidnight","BackwardClock","TypeBBloodRedTea","ApostleMask"],"acts_visited":["Exordium","TheCity","TheBeyond"],"potions_floor_usage":[20,20,30,33],"damage_taken":[{"damage":7,"enemies":"2 Louse","floor":1,"turns":3},{"damage":11,"enemies":"Jaw Worm","floor":4,"turns":4},{"damage":15,"enemies":"Cultist","floor":5,"turns":3},{"damage":14,"enemies":"3 Sentries","floor":7,"turns":10},{"damage":6,"enemies":"3 Louse","floor":10,"turns":4},{"damage":9,"enemies":"The Mushroom Lair","floor":12,"turns":6},{"damage":0,"enemies":"Hexaghost","floor":16,"turns":2},{"damage":0,"enemies":"Shell Parasite","floor":18,"turns":1},{"damage":1,"enemies":"Shell Parasite","floor":19,"turns":2},{"damage":61,"enemies":"Masked Bandits","floor":20,"turns":8},{"damage":14,"enemies":"Book of Stabbing","floor":24,"turns":4},{"damage":0,"enemies":"Spheric Guardian","floor":27,"turns":1},{"damage":50,"enemies":"Shelled Parasite and Fungi","floor":28,"turns":5},{"damage":4,"enemies":"Sentry and Sphere","floor":29,"turns":6},{"damage":2,"enemies":"Centurion and Healer","floor":30,"turns":3},{"damage":0,"enemies":"Cultist and Chosen","floor":31,"turns":3},{"damage":32,"enemies":"Automaton","floor":33,"turns":3},{"damage":0,"enemies":"Orb Walker","floor":35,"turns":3},{"damage":0,"enemies":"3 Shapes","floor":36,"turns":2},{"damage":0,"enemies":"Jaw Worm Horde","floor":37,"turns":3},{"damage":25,"enemies":"4 Shapes","floor":38,"turns":3},{"damage":21,"enemies":"Sphere and 2 Shapes","floor":39,"turns":2},{"damage":138,"enemies":"Giant Head","floor":42,"turns":11}],"seed_played":"-5492025767726857716","potions_obtained":[{"floor":1,"key":"Energy Potion"},{"floor":4,"key":"SteroidPotion"},{"floor":12,"key":"GamblersBrew"},{"floor":20,"key":"SpeedPotion"},{"floor":29,"key":"LiquidMemories"},{"floor":33,"key":"SpeedPotion"},{"floor":35,"key":"Strength Potion"}],"is_trial":false,"path_per_floor":["M","?","?","M","M","R","E","?","T","M","R","?","?","$","R","B",null,"M","M","?","?","$","R","E","$","T","M","M","M","M","M","R","B",null,"M","M","M","M","M","E","?","E"],"character_chosen":"REMILIA","items_purchased":["BlasphemousPunishment","ScarletCoffin","GuppysHead","Membership Card","Letter Opener","BlasphemousPunishment","DuplicationPotion","Bottled Lightning","SatanicBible"],"campfire_rested":2,"item_purchase_floors":[14,17,17,22,22,22,22,25,34],"current_hp_per_floor":[68,57,39,57,44,66,61,75,75,69,69,67,67,67,67,4,61,61,75,50,44,44,66,58,58,58,58,48,83,85,87,87,64,78,79,83,86,90,84,88,86,0,0],"gold":380,"neow_bonus":"","is_daily":false,"chose_seed":false,"campfire_upgraded":3,"win_rate":0.0,"timestamp":1608896959,"path_taken":["M","?","?","?","M","R","E","?","T","M","R","?","?","$","R","BOSS","M","?","?","?","$","R","E","$","T","M","M","M","M","M","R","BOSS","M","M","M","M","M","E","?","E"],"items_purchased_type":["Card","Card","Relic","Relic","Relic","Card","Potion","Relic","Relic"],"build_version":"2020-12-22","purchased_purges":0,"victory":false,"max_hp_per_floor":[75,75,75,75,75,75,75,75,75,75,75,75,75,75,75,75,61,61,76,76,76,76,76,77,77,77,78,80,83,85,87,87,88,78,79,83,86,90,93,93,93,93,93],"card_choices":[{"not_picked":[],"picked":"ChaosCard","floor":0},{"not_picked":["SpiderBud","Murderer"],"picked":"BeautyBeast","floor":1},{"not_picked":["ScarletImprint","FavorOfDestiny"],"picked":"VampirishNight","floor":1},{"not_picked":["CrumblingArmor","Wellcheers","VoidDream"],"picked":"Singing Bowl","floor":4},{"not_picked":["FairyFestival","Scorched"],"picked":"CrumblingArmor","floor":4},{"not_picked":["UnderTheZenith","EndlessAdversity"],"picked":"KillingBlow","floor":4},{"not_picked":["MHz","SnowQueen"],"picked":"DespairKnight","floor":5},{"not_picked":["ScarletImprint","Stigmanizer"],"picked":"MillenniumVampire","floor":5},{"not_picked":["Bloodbath","ShyLook","FairyFestival"],"picked":"Singing Bowl","floor":7},{"not_picked":["OSAHOGD","WhitesApple"],"picked":"Yin","floor":7},{"not_picked":["BloodHunter","BloodRain"],"picked":"HeartBreak","floor":7},{"not_picked":["UnstableMagic","FitfulNightmare"],"picked":"AfternoonTea","floor":10},{"not_picked":["LaLuna","Murderer","ShyLook"],"picked":"Singing Bowl","floor":12},{"not_picked":["Scorched","MeatLantern"],"picked":"LongBird","floor":12},{"not_picked":["MastersStateliness","BloodyHallows"],"picked":"CharismaGuard","floor":12},{"not_picked":["ForecastOfChange","HellCatastrophe"],"picked":"CeilingFear","floor":16},{"not_picked":["HeroicMonk","OldLady","ShyLook"],"picked":"Singing Bowl","floor":16},{"not_picked":["BlackSwan","MeatLantern"],"picked":"CherryBlossoms","floor":16},{"not_picked":["OldLady","GreedKing","LittlePrince"],"picked":"Singing Bowl","floor":19},{"not_picked":["MHz","SpiderBud"],"picked":"Scorched","floor":19},{"not_picked":["AfternoonTea","BloodHunter"],"picked":"RedNightlessCastle","floor":19},{"not_picked":["Wellcheers","GreedKing","Laetitia"],"picked":"Singing Bowl","floor":20},{"not_picked":["BlueStar","Woodsman"],"picked":"PunishingBird","floor":20},{"not_picked":["DiffusionOfMisfortune+1","UnstableMagic+1"],"picked":"BloodyMagicSquare+1","floor":20},{"not_picked":["MeatLantern","SpiderBud","Bloodbath"],"picked":"Singing Bowl","floor":24},{"not_picked":["OSAHOGD","WallGazer"],"picked":"BlueStar","floor":24},{"not_picked":["NightDance+1","FavorOfDestiny"],"picked":"RedNightlessCastle","floor":24},{"not_picked":["DreamingCurrent","BigBird"],"picked":"Woodsman","floor":27},{"not_picked":["ScarletImprint+1","MastersStateliness"],"picked":"UnstableMagic+1","floor":27},{"not_picked":["Murderer","LittlePrince","HeroicMonk"],"picked":"Singing Bowl","floor":28},{"not_picked":["ShyLook","BlackSwan"],"picked":"Murderer","floor":28},{"not_picked":["CharismaGuard+1","ScarletSymphony"],"picked":"TricksterDevil","floor":28},{"not_picked":["LittlePrince","FairyFestival"],"picked":"QueenOfHatred","floor":29},{"not_picked":["StarOfDavid","ScarletDevil"],"picked":"RedRainbow","floor":29},{"not_picked":["Rudolta","Variant"],"picked":"UniverseFragment","floor":30},{"not_picked":["BombardNight","BloodHunter"],"picked":"VampireClaw","floor":30},{"not_picked":["CherryBlossoms","OldLady"],"picked":"GreedKing","floor":31},{"not_picked":["KillingBlow","FavorOfDestiny"],"picked":"BombardNight+1","floor":31},{"not_picked":["RedShoes","NakedNest","Bloodbath"],"picked":"Singing Bowl","floor":33},{"not_picked":["FairyFestival","GalaxyChild"],"picked":"OSAHOGD","floor":33},{"not_picked":["TricksterDevil","CeilingFear"],"picked":"EquivalentExchange","floor":33},{"not_picked":["WallGazer","DreamingCurrent"],"picked":"BodiesMountain","floor":35},{"not_picked":["VampireKiss","UnderTheZenith"],"picked":"RedNightlessCastle+1","floor":35},{"not_picked":["QueenBee","MeatLantern"],"picked":"PlagueDoctor","floor":36},{"not_picked":["VampireKiss+1","BlasphemousPunishment"],"picked":"DiffusionOfMisfortune","floor":36},{"not_picked":["DreamingCurrent","Rudolta","SpiderBud"],"picked":"Singing Bowl","floor":37},{"not_picked":["NakedNest","GalaxyChild"],"picked":"CENSORED","floor":37},{"not_picked":["StarOfDavid+1","DiffusionOfMisfortune"],"picked":"VampirishNight+1","floor":37},{"not_picked":["GalaxyChild","BlackSwan"],"picked":"Porccubus","floor":38},{"not_picked":["TwelveNightmare","ScarletImprint"],"picked":"SuperhumanBloodyKnife","floor":38},{"not_picked":["SingingMachine","Scarecrow"],"picked":"Freischutz","floor":39},{"not_picked":["BloodHunter+1","StarOfDavid"],"picked":"HunterOfTheNight+1","floor":39},{"not_picked":["Blind","Master of Strategy"],"picked":"Violence","floor":41},{"not_picked":["Dramatic Entrance","Thinking Ahead"],"picked":"Magnetism","floor":41}],"player_experience":4690,"relics_obtained":[{"floor":1,"key":"LetterFromLob"},{"floor":7,"key":"Pen Nib"},{"floor":9,"key":"RedBat"},{"floor":12,"key":"Odd Mushroom"},{"floor":17,"key":"ScarletDevilRocket"},{"floor":17,"key":"Gremlin Horn"},{"floor":17,"key":"PokeGo"},{"floor":20,"key":"Red Mask"},{"floor":26,"key":"Dream Catcher"},{"floor":36,"key":"AtMidnight"},{"floor":38,"key":"TypeBBloodRedTea"}],"event_choices":[{"damage_healed":0,"gold_gain":75,"player_choice":"Gather Gold","damage_taken":11,"max_hp_gain":0,"max_hp_loss":0,"event_name":"World of Goop","floor":2,"gold_loss":0},{"damage_healed":0,"gold_gain":0,"player_choice":"Take Damage","damage_taken":18,"relics_obtained":["Golden Idol"],"max_hp_gain":0,"max_hp_loss":0,"event_name":"Golden Idol","floor":3,"gold_loss":0},{"cards_removed":["MillenniumVampire"],"damage_healed":14,"gold_gain":0,"player_choice":"Offered Uncommon","damage_taken":0,"max_hp_gain":0,"max_hp_loss":0,"event_name":"Bonfire Elementals","floor":8,"gold_loss":0},{"damage_healed":0,"gold_gain":0,"player_choice":"Fought Mushrooms","damage_taken":0,"max_hp_gain":0,"max_hp_loss":0,"event_name":"Mushrooms","floor":12,"gold_loss":0},{"damage_healed":0,"gold_gain":0,"cards_transformed":["CharismaGuard"],"player_choice":"Change","damage_taken":0,"max_hp_gain":0,"max_hp_loss":0,"event_name":"Living Wall","floor":13,"gold_loss":0,"cards_obtained":["LeisurelyOfLord"]},{"damage_healed":0,"gold_gain":0,"player_choice":"Fought Bandits","damage_taken":0,"max_hp_gain":0,"max_hp_loss":0,"event_name":"Masked Bandits","floor":20,"gold_loss":0},{"damage_healed":0,"gold_gain":0,"player_choice":"Joined the Cult","damage_taken":6,"max_hp_gain":0,"max_hp_loss":0,"event_name":"Nest","floor":21,"gold_loss":0,"cards_obtained":["RitualDagger"]},{"damage_healed":0,"gold_gain":0,"player_choice":"Memory 2","damage_taken":5,"max_hp_gain":0,"max_hp_loss":0,"event_name":"SensoryStone","floor":41,"gold_loss":0}],"is_beta":false,"boss_relics":[{"not_picked":["Runic Dome","Astrolabe"],"picked":"Calling Bell"},{"not_picked":[]},{"not_picked":["Empty Cage","Coffee Dripper"],"picked":"Black Star"},{"not_picked":[]}],"items_purged_floors":[],"is_endless":false,"potions_floor_spawned":[1,4,12,20,24,28,29,33,35,37],"killed_by":"Giant Head","ascension_level":0}}