{"host":"17xjy7b7ubl548g2","time":1608867151,"event":{"mods":["2.2 Compatiblity","Act Like it!","Aspiration","Astrologer","Bard","BaseMod","Bestiary","Challenge The Spire","ChefMod","Colored Map","Conspire","Elementarium","Energized Spire","GifTheSpireLib","Halation","Hallownest","Hermit","Hubris","Infinite Spire","Jedi Mod","Jorbs\u0027s Wanderer Trilogy","Marisa（霧雨　魔理沙）","Marked Mod","Minty Spire (QoL Compilation)","Pale of the Ancients","Permanent Neow","Puzzle Mod","Replay The Spire","Robot Space Explorer","Spicy Shops","StSLib","Stuff the Spire","The Blue Laboratory","The Bug Knight","The Construct","The Disciple","The Hayseed","The Hierophant","The Runesmith","The Sage"],"gold_per_floor":[113,38,54,72,89,89,102,127,175,175,175,175,203,221,221,298,298,316,316,316,332,169,198,198,231,231,231,250,250,250,263,263,341,341,353,363,421,361,58,58,85,85,156,156,191,205,225,225,225,225,225,225,54,82,82],"floor_reached":56,"playtime":4709,"items_purged":["Strike_P","Strike_P","ReplayTheSpireMod:Doomed"],"score":2234,"play_id":"f1bdb993-7868-4f93-9a98-5ae1c6e2e738","local_time":"20201224223231","is_ascension_mode":true,"campfire_choices":[{"data":"Eruption","floor":6.0,"key":"SMITH"},{"data":"Wallop","floor":10.0,"key":"SMITH"},{"data":"EmptyFist","floor":12.0,"key":"SMITH"},{"data":"Devotion","floor":15.0,"key":"SMITH"},{"data":"Omniscience","floor":24.0,"key":"SMITH"},{"data":"OortCloud","floor":27.0,"key":"SMITH"},{"data":"Vigilance","floor":32.0,"key":"SMITH"},{"data":"BattleHymn","floor":40.0,"key":"SMITH"},{"data":"CollectingQuirk","floor":42.0,"key":"SMITH"},{"floor":44.0,"key":"REST"},{"floor":49.0,"key":"RECALL"},{"data":"OortCloud","floor":52.0,"key":"SMITH"}],"circlet_count":0,"master_deck":["AscendersBane","Strike_P","Defend_P","Defend_P","Defend_P","Defend_P","Eruption+1","Vigilance+1","Judgement","Wallop+1","Hallownest:skillGreenpathMap","EmptyFist+1","Halt","WindmillStrike+1","Replay:DivineShield","Devotion+1","Protect","Omniscience+1","Wireheading","FairyDestructionRay","OortCloud+1","DoubleSpark","Consecrate","SprinkleStarSeal","infinitespire:Collect","OneTimeOff","CollectingQuirk+1","ShootingEcho+1","MilkyWay","BattleHymn+1","MilkyWay","OortCloud+1","MilkyWay+1"],"relics":["PureWater","Bottled Flame","aspiration:HiddenCompartment","Replay:Rubber Ducky","Replay:Grab Bag","ReplayTheSpireMod:DimensionalGlitch","Velvet Choker","aspiration:MarisaSkillbook","conspire:SpecialSausage","halation:EternalFortune","halation:PinkSoulGem","Replay:Bottled Steam","Nunchaku","jedi:shrinkray","hubris:CuriousFeather","Cursed Key","Bag of Marbles","conspire:GlowingRock","Bird Faced Urn","Anchor","Replay:Baseball","Happy Flower","halation:BottledHappiness","OrangePellets","Garlic"],"acts_visited":["Exordium","Hallownest:Greenpath","Hallownest:CityofTears","TheEnding"],"potions_floor_usage":[55],"damage_taken":[{"damage":0.0,"enemies":"Hallownest:monsterHuskGuard","floor":1.0,"turns":3.0},{"damage":0.0,"enemies":"Hallownest:2_MossCreeps","floor":3.0,"turns":5.0},{"damage":0.0,"enemies":"Hallownest:2_Baldur","floor":4.0,"turns":2.0},{"damage":0.0,"enemies":"Hallownest:monsterFoolEater","floor":5.0,"turns":2.0},{"damage":1.0,"enemies":"Hallownest:Wandering_and_Horned","floor":7.0,"turns":3.0},{"damage":0.0,"enemies":"Hallownest:eliteVengeflyKing","floor":8.0,"turns":4.0},{"damage":0.0,"enemies":"Hallownest:eliteMossKnight","floor":13.0,"turns":5.0},{"damage":0.0,"enemies":"Hallownest:monsterMossCharger","floor":14.0,"turns":2.0},{"damage":4.0,"enemies":"Hallownest:BossFalseKnight","floor":16.0,"turns":6.0},{"damage":0.0,"enemies":"Hallownest:3_Youths","floor":18.0,"turns":5.0},{"damage":0.0,"enemies":"Hallownest:Guard_and_Sentry","floor":21.0,"turns":4.0},{"damage":0.0,"enemies":"Hallownest:Nosk","floor":23.0,"turns":4.0},{"damage":1.0,"enemies":"Hallownest:eliteWatcherKnight","floor":25.0,"turns":7.0},{"damage":0.0,"enemies":"Hallownest:Master_and_Novice","floor":28.0,"turns":2.0},{"damage":0.0,"enemies":"Hallownest:monsterShrumalOgre","floor":31.0,"turns":2.0},{"damage":38.0,"enemies":"Hallownest:BossMantisLord","floor":33.0,"turns":4.0},{"damage":0.0,"enemies":"Hallownest:2_Littles","floor":35.0,"turns":3.0},{"damage":0.0,"enemies":"Hallownest:Shield_Heavy","floor":36.0,"turns":4.0},{"damage":26.0,"enemies":"Hallownest:2_Primals","floor":37.0,"turns":3.0},{"damage":0.0,"enemies":"Hallownest:eliteCollector","floor":41.0,"turns":4.0},{"damage":1.0,"enemies":"Hallownest:eliteHiveKnight","floor":45.0,"turns":3.0},{"damage":3.0,"enemies":"Hallownest:Slobbering_and_Violent","floor":46.0,"turns":4.0},{"damage":0.0,"enemies":"Hallownest:2_Great","floor":47.0,"turns":3.0},{"damage":0.0,"enemies":"Hallownest:Radiance","floor":50.0,"turns":4.0},{"damage":0,"enemies":"Shield and Spear","floor":54,"turns":2},{"damage":37,"enemies":"The Heart","floor":55,"turns":6}],"seed_played":"7833730440921419597","potions_obtained":[{"floor":1.0,"key":"Swift Potion"},{"floor":4.0,"key":"blueLaboratory:HummingbirdPotion"},{"floor":5.0,"key":"Swift Potion"},{"floor":13.0,"key":"AttackPotion"},{"floor":14.0,"key":"blueLaboratory:RecallPotion"},{"floor":16.0,"key":"Fire Potion"},{"floor":28.0,"key":"LiquidBronze"},{"floor":35.0,"key":"blueLaboratory:MidnightOil"},{"floor":37.0,"key":"GamblersBrew"}],"is_trial":false,"path_per_floor":["M","?","M","M","M","R","M","E","T","R","?","R","E","M","R","B",null,"M","?","?","M","$","E","R","E","T","R","M","AVR","?","M","R","B",null,"M","M","?","?","$","R","E","R","T","R","E","M","M","AVR","R","B",null,"R","$","E","B",null],"character_chosen":"WATCHER","items_purchased":["OortCloud","Bird Faced Urn","Anchor","OrangePellets"],"campfire_rested":1,"item_purchase_floors":[22,39,39,53],"current_hp_per_floor":[61,61,61,61,61,61,60,60,60,60,60,60,60,60,60,56,65,65,68,68,68,68,68,68,67,67,67,67,67,67,67,67,29,61,61,61,35,42,42,42,45,45,45,68,70,69,71,71,71,74,77,77,77,78,41],"gold":82,"neow_bonus":"TRANSFORM_CARD","is_daily":false,"chose_seed":false,"campfire_upgraded":10,"win_rate":0.0,"timestamp":1608867151,"path_taken":["M","?","M","M","M","R","M","E","T","R","?","R","E","M","R","BOSS","M","?","?","M","$","E","R","E","T","R","M","AVR","?","M","R","BOSS","M","M","?","?","$","R","E","R","T","R","E","M","M","AVR","R","BOSS","R","$","E","BOSS"],"items_purchased_type":["Card","Relic","Relic","Relic"],"build_version":"2020-12-22","purchased_purges":3,"victory":true,"max_hp_per_floor":[68,68,68,68,68,68,68,68,68,68,68,68,68,68,68,68,68,68,71,71,71,71,71,71,71,71,71,71,71,71,71,71,71,71,71,71,71,78,78,78,78,78,78,78,78,78,78,78,78,78,78,78,78,78,78],"card_choices":[{"not_picked":["FlyingSleeves","Crescendo"],"picked":"Wallop","floor":1.0},{"not_picked":["PathToVictory","Replay:ManipulateFuture"],"picked":"EmptyFist","floor":3.0},{"not_picked":["Nirvana","DevaForm"],"picked":"Halt","floor":4.0},{"not_picked":["ClearTheMind","Halt","JustLucky"],"picked":"SKIP","floor":5.0},{"not_picked":["Halt","ThirdEye"],"picked":"WindmillStrike","floor":7.0},{"not_picked":["Worship","Replay:AtTheReady"],"picked":"Replay:DivineShield","floor":8.0},{"not_picked":["Replay:Hum","Replay:DivineShield"],"picked":"Devotion","floor":13.0},{"not_picked":["Fasting2","EmptyBody"],"picked":"Protect","floor":14.0},{"not_picked":["MarkedMod:SlowDance","jedi:nirvanicrebirth"],"picked":"Omniscience","floor":16.0},{"not_picked":["Replay:Hum","DC","EmptyMind"],"picked":"Wireheading","floor":18.0},{"not_picked":["FlyingSleeves","StarlightTyphoon","MarkedMod:GentlePulse"],"picked":"FairyDestructionRay","floor":21.0},{"not_picked":["AsteroidBelt","LikeWater","PathToVictory+1"],"picked":"DoubleSpark","floor":23.0},{"not_picked":["EventHorizon","Replay:BluntJabs","BinaryStars"],"picked":"Consecrate","floor":25.0},{"not_picked":["DoubleSpark","EnergyFlow","CutThroughFate"],"picked":"SprinkleStarSeal","floor":28.0},{"not_picked":["MysteriousBeam","GalacticHalo","Replay:ManipulateFuture"],"picked":"OneTimeOff","floor":31.0},{"not_picked":["ManaRampage","Blasphemy","MarkedMod:ChiBlock"],"picked":"CollectingQuirk","floor":33.0},{"not_picked":["MarkedMod:GentlePulse","CrushJoints","MarkedMod:Acupuncture"],"picked":"ShootingEcho+1","floor":35.0},{"not_picked":["DC","GravityBeat","GrandCross"],"picked":"MilkyWay","floor":36.0},{"not_picked":["GrandCross","MysteriousBeam","UnstableBomb"],"picked":"BattleHymn","floor":37.0},{"not_picked":["CrushJoints","StarDustReverie","GrandCross+1","UnstableBomb"],"picked":"SKIP","floor":41.0},{"not_picked":["WaveOfTheHand","CrushJoints","ShootTheMoon"],"picked":"MilkyWay","floor":45.0},{"not_picked":["GrandCross","MarkedMod:GracefulMovements","Orbital"],"picked":"OortCloud","floor":46.0},{"not_picked":["MagicAbsorber","FairyDestructionRay","MysteriousBeam"],"picked":"MilkyWay+1","floor":47.0},{"not_picked":["Weave","EmptyBody","CrushJoints","Sanctity"],"picked":"SKIP","floor":54}],"player_experience":1628888,"relics_obtained":[{"floor":8.0,"key":"Bottled Flame"},{"floor":9.0,"key":"aspiration:HiddenCompartment"},{"floor":13.0,"key":"Replay:Rubber Ducky"},{"floor":23.0,"key":"Replay:Bottled Steam"},{"floor":25.0,"key":"Nunchaku"},{"floor":26.0,"key":"jedi:shrinkray"},{"floor":37.0,"key":"conspire:GlowingRock"},{"floor":41.0,"key":"Replay:Baseball"},{"floor":45.0,"key":"Happy Flower"},{"floor":54,"key":"Garlic"}],"event_choices":[],"is_beta":false,"boss_relics":[{"not_picked":["aspiration:PoetsPen_weak","Empty Cage"],"picked":"Replay:Grab Bag"},{"not_picked":["energizedSpire:RedRose","halation:IncompleteEncyclopedia"],"picked":"ReplayTheSpireMod:DimensionalGlitch"},{"not_picked":["halation:CatFaceCupcake","Replay:Bronze Core"],"picked":"Velvet Choker"},{"not_picked":["aspiration:SecretTechniqueScroll","halation:PlatinumPhoenix"],"picked":"aspiration:MarisaSkillbook"},{"not_picked":["Kintsugi","halation:Prosthetics"],"picked":"conspire:SpecialSausage"},{"not_picked":["energizedSpire:SpiderWeb","jedi:hotpepper","Runesmith:UraniumAnvil"]}],"items_purged_floors":[22,29,48],"is_endless":false,"potions_floor_spawned":[1,4,5,13,14,16,18,28,35,37],"ascension_level":16}}