{"host":"93x13jgem5w43hjr","time":1608928423,"event":{"mods":["AchievementEnabler","BaseMod","Colored Map","Colored Powertips","Minty Spire (QoL Compilation)","StSLib","The Animator","The Bug Knight","Waifu the Spire"],"gold_per_floor":[99,99,99,99,99,99,99,99,99,99,99,99,99,99,99,99,99,99,99,99,99,99,99,99,99,99,99,99,99,99,99,99,99,99,99,99,49,49,49,49,49,49,49,49,49,49,49,49,49,49,49],"floor_reached":50,"playtime":3701,"items_purged":["animator:Strike+1"],"score":519,"play_id":"45b00a64-cded-4866-b17a-7a7168c4f301","local_time":"20201225133343","is_ascension_mode":false,"campfire_choices":[{"floor":6,"key":"REST"},{"floor":8,"key":"REST"},{"floor":15,"key":"RECALL"},{"data":"animator:CowGirl","floor":24,"key":"SMITH"},{"data":"animator:Tet","floor":32,"key":"SMITH"},{"floor":42,"key":"REST"},{"data":"animator:LeleiLaLalena","floor":49,"key":"SMITH"}],"circlet_count":0,"master_deck":["animator:Strike_GoblinSlayer+1","animator:Defend_GoblinSlayer+1","animator:Strike+1","animator:Defend+1","animator:Defend+1","animator:Defend+1","animator:LizardPriest+1","animator:DwarfShaman+1","animator:Bozes+1","animator:DwarfShaman+1","animator:RoryMercury+1","animator:DolaCouronne+1","animator:DolaCouronne+1","animator:IzunaHatsuse+1","animator:CowGirl+1","animator:Eve+1","animator:Bozes+1","RitualDagger+1","animator:Aisha+1","animator:Witch+1","animator:GazelDwargon+1","animator:Gillette+1","animator:Tet+1","animator:MamizouFutatsuiwa+1","animator:TukaLunaMarceau+1","animator:Fredrika+1","animator:LeleiLaLalena+1"],"relics":["animator:TheMissingPiece","Ectoplasm","animator:Hoodie","Eternal Feather","Orichalcum","animator:HolyGrailRelic","Smiling Mask","Whetstone","Darkstone Periapt","SacredBark","Mark of the Bloom","animator:OldCoffin","PreservedInsect"],"acts_visited":["Exordium","TheCity","TheBeyond"],"potions_floor_usage":[16,21,23,33,33,40,40,48,50],"damage_taken":[{"damage":0,"enemies":"2 Louse","floor":1,"turns":2},{"damage":1,"enemies":"Jaw Worm","floor":4,"turns":5},{"damage":23,"enemies":"Gremlin Nob","floor":7,"turns":5},{"damage":0,"enemies":"Cultist","floor":10,"turns":3},{"damage":0,"enemies":"Large Slime","floor":11,"turns":5},{"damage":0,"enemies":"2 Fungi Beasts","floor":13,"turns":4},{"damage":2,"enemies":"Exordium Thugs","floor":14,"turns":4},{"damage":15,"enemies":"The Guardian","floor":16,"turns":8},{"damage":0,"enemies":"Shell Parasite","floor":18,"turns":7},{"damage":6,"enemies":"Snake Plant","floor":21,"turns":4},{"damage":3,"enemies":"animator:HornedBat","floor":23,"turns":7},{"damage":0,"enemies":"Cultist and Chosen","floor":25,"turns":7},{"damage":0,"enemies":"3 Cultists","floor":27,"turns":5},{"damage":3,"enemies":"Snake Plant","floor":28,"turns":5},{"damage":12,"enemies":"Shelled Parasite and Fungi","floor":29,"turns":5},{"damage":10,"enemies":"Sentry and Sphere","floor":30,"turns":4},{"damage":96,"enemies":"Automaton","floor":33,"turns":15},{"damage":4,"enemies":"Orb Walker","floor":35,"turns":4},{"damage":31,"enemies":"Reptomancer","floor":40,"turns":14},{"damage":12,"enemies":"3 Shapes","floor":45,"turns":8},{"damage":22,"enemies":"Maw","floor":46,"turns":9},{"damage":6,"enemies":"3 Darklings","floor":48,"turns":6},{"damage":15,"enemies":"Awakened One","floor":50,"turns":2}],"seed_played":"-4605535255362509360","potions_obtained":[{"floor":7,"key":"BlessingOfTheForge"},{"floor":11,"key":"Fire Potion"},{"floor":16,"key":"animator:FalseLifePotion"},{"floor":18,"key":"FairyPotion"},{"floor":23,"key":"SteroidPotion"},{"floor":29,"key":"FearPotion"},{"floor":33,"key":"Regen Potion"},{"floor":45,"key":"Ancient Potion"},{"floor":46,"key":"Fire Potion"}],"is_trial":false,"path_per_floor":["M","?","?","M","?","R","E","R","T","M","M","?","M","M","R","B",null,"M","?","?","M","T","E","R","M","T","M","M","M","M","?","R","B",null,"M","?","$","?","?","E","$","R","T","?","M","M","?","M","R","B"],"character_chosen":"THE_ANIMATOR","items_purchased":[],"campfire_rested":3,"item_purchase_floors":[],"current_hp_per_floor":[66,33,33,32,32,51,29,55,55,58,61,61,64,62,71,56,84,89,83,83,77,77,76,88,88,88,89,83,71,61,61,76,11,83,79,79,79,79,79,48,48,48,48,48,36,14,14,8,8,0,0],"gold":49,"neow_bonus":"BOSS_RELIC","is_daily":false,"chose_seed":false,"campfire_upgraded":3,"win_rate":0.0,"timestamp":1608928423,"path_taken":["M","?","?","?","?","R","E","R","T","M","M","?","?","M","R","BOSS","M","?","?","M","?","E","R","M","T","M","M","?","M","?","R","BOSS","M","?","$","?","?","E","?","R","T","?","?","?","?","M","R","BOSS"],"items_purchased_type":[],"build_version":"2020-12-22","purchased_purges":1,"victory":false,"max_hp_per_floor":[66,66,66,66,66,66,67,67,67,70,73,73,76,76,76,76,84,89,89,89,86,86,88,88,88,88,89,86,86,86,86,86,83,83,83,83,83,83,83,80,80,80,80,80,82,79,79,77,77,74,74],"card_choices":[{"not_picked":["animator:Viivi","animator:Shion"],"picked":"animator:Bozes","floor":1},{"not_picked":["animator:DolaCouronne","animator:ChaikaTrabant"],"picked":"animator:DwarfShaman","floor":4},{"not_picked":["animator:Aisha","animator:Souei"],"picked":"animator:RoryMercury","floor":7},{"not_picked":["animator:HighElfArcher","animator:LizardPriest"],"picked":"animator:DwarfShaman","floor":10},{"not_picked":["animator:Shuna","animator:Fredrika"],"picked":"animator:DolaCouronne","floor":11},{"not_picked":["animator:Millim","animator:Viivi"],"picked":"animator:IzunaHatsuse","floor":13},{"not_picked":["animator:Tyuule","animator:Ainz"],"picked":"animator:CowGirl","floor":14},{"not_picked":["animator:Ainz","animator:PinaCoLada"],"picked":"animator:Eve","floor":16},{"not_picked":["animator:Tyuule","animator:YaoHaDucy"],"picked":"animator:Bozes","floor":18},{"not_picked":["animator:Benimaru","animator:Laby","animator:Tet+1"],"picked":"SKIP","floor":21},{"not_picked":["animator:DolaRiku","animator:Demiurge+1","animator:Laby"],"picked":"SKIP","floor":23},{"not_picked":["animator:ChaikaBohdan","animator:Sora"],"picked":"animator:Aisha","floor":25},{"not_picked":["animator:CowGirl","animator:LizardPriest"],"picked":"animator:Witch","floor":27},{"not_picked":["animator:YaoHaDucy","animator:DolaSchwi","animator:Kuribayashi"],"picked":"SKIP","floor":28},{"not_picked":["animator:CowGirl","animator:ItamiYouji"],"picked":"animator:GazelDwargon+1","floor":29},{"not_picked":["animator:Kuribayashi","animator:Ara"],"picked":"animator:Gillette","floor":30},{"not_picked":["animator:Canti","animator:Kagari"],"picked":"animator:MamizouFutatsuiwa","floor":38},{"not_picked":["animator:Shiro","animator:Eve"],"picked":"animator:TukaLunaMarceau+1","floor":40},{"not_picked":["animator:Hakurou","animator:Souei+1","animator:Entoma"],"picked":"SKIP","floor":45},{"not_picked":["animator:Add+1","animator:Millim"],"picked":"animator:Fredrika+1","floor":46},{"not_picked":["animator:TukaLunaMarceau","animator:Kuribayashi"],"picked":"animator:LeleiLaLalena","floor":48}],"player_experience":141920,"relics_obtained":[{"floor":7,"key":"Eternal Feather"},{"floor":9,"key":"Orichalcum"},{"floor":22,"key":"Smiling Mask"},{"floor":23,"key":"Whetstone"},{"floor":26,"key":"Darkstone Periapt"},{"floor":40,"key":"animator:OldCoffin"},{"floor":43,"key":"PreservedInsect"}],"event_choices":[{"damage_healed":0,"gold_gain":0,"player_choice":"Success","damage_taken":33,"relics_obtained":["animator:Hoodie"],"max_hp_gain":0,"max_hp_loss":0,"event_name":"Scrap Ooze","floor":2,"gold_loss":0},{"damage_healed":0,"gold_gain":0,"player_choice":"Upgraded","damage_taken":0,"max_hp_gain":0,"max_hp_loss":0,"event_name":"Upgrade Shrine","floor":3,"gold_loss":0,"cards_upgraded":["animator:Bozes"]},{"damage_healed":0,"gold_gain":0,"player_choice":"Ignored","damage_taken":0,"max_hp_gain":0,"max_hp_loss":0,"event_name":"Liars Game","floor":5,"gold_loss":0},{"damage_healed":0,"gold_gain":0,"cards_transformed":["animator:Strike"],"player_choice":"Transformed","damage_taken":0,"max_hp_gain":0,"max_hp_loss":0,"event_name":"Transmorgrifier","floor":12,"gold_loss":0,"cards_obtained":["animator:DolaCouronne"]},{"damage_healed":0,"gold_gain":0,"player_choice":"Joined the Cult","damage_taken":6,"max_hp_gain":0,"max_hp_loss":0,"event_name":"Nest","floor":19,"gold_loss":0,"cards_obtained":["RitualDagger"]},{"damage_healed":0,"gold_gain":0,"player_choice":"Simplicity","damage_taken":0,"max_hp_gain":0,"max_hp_loss":0,"event_name":"Back to Basics","floor":20,"gold_loss":0,"cards_upgraded":["animator:Strike_GoblinSlayer","animator:Defend_GoblinSlayer","animator:Strike","animator:Strike","animator:Defend","animator:Defend","animator:Defend"]},{"damage_healed":0,"gold_gain":0,"player_choice":"Read","damage_taken":0,"max_hp_gain":0,"max_hp_loss":0,"event_name":"The Library","floor":31,"gold_loss":0,"cards_obtained":["animator:Tet"]},{"damage_healed":0,"gold_gain":0,"player_choice":"Ignored","damage_taken":0,"max_hp_gain":0,"max_hp_loss":0,"event_name":"Mysterious Sphere","floor":36,"gold_loss":0},{"damage_healed":0,"gold_gain":0,"player_choice":"Memory 1","damage_taken":0,"max_hp_gain":0,"max_hp_loss":0,"event_name":"SensoryStone","floor":38,"gold_loss":0},{"damage_healed":0,"gold_gain":0,"player_choice":"Upgrade","damage_taken":0,"relics_obtained":["Mark of the Bloom"],"max_hp_gain":0,"max_hp_loss":0,"event_name":"MindBloom","floor":39,"gold_loss":0,"cards_upgraded":["animator:LizardPriest","animator:DwarfShaman","animator:RoryMercury","animator:DwarfShaman","animator:DolaCouronne","animator:DolaCouronne","animator:IzunaHatsuse","animator:Eve","RitualDagger","animator:Aisha","animator:Witch","animator:Gillette","animator:MamizouFutatsuiwa"]},{"cards_removed":["animator:DwarfShaman"],"damage_healed":0,"gold_gain":0,"player_choice":"Removed Attack","damage_taken":0,"max_hp_gain":0,"max_hp_loss":0,"event_name":"Falling","floor":44,"gold_loss":0},{"damage_healed":0,"gold_gain":300,"player_choice":"Gold","damage_taken":0,"max_hp_gain":0,"max_hp_loss":0,"event_name":"Wheel of Change","floor":47,"gold_loss":0}],"is_beta":false,"boss_relics":[{"not_picked":["Busted Crown","Velvet Choker"],"picked":"animator:HolyGrailRelic"},{"not_picked":["Tiny House","Runic Dome"],"picked":"SacredBark"}],"items_purged_floors":[37],"is_endless":false,"potions_floor_spawned":[7,11,16,18,23,29,33,45,46],"killed_by":"Awakened One","ascension_level":0}}