{"host":"sdl5b0uiznq00owb","time":1608926676,"event":{"mods":["BaseMod","Minty Spire (QoL Compilation)","Permanent Neow","Relic Stats"],"gold_per_floor":[111,128,26,45,60,60,94,125,164,176,215,227,268,293,305,421,433,457,80,80,80,13,48,48,65,65,65,99,99,110,140,140,241,241,254,254,266,266,2,2,32,32,32,61,74,74,128,155,155,155],"floor_reached":51,"playtime":4422,"items_purged":["Strike_P","Strike_P","Defend_P"],"score":1192,"play_id":"85619e37-f4ca-4c05-8979-9c62d733194f","local_time":"20201225140436","is_ascension_mode":true,"campfire_choices":[{"data":"Blasphemy","floor":6.0,"key":"SMITH"},{"floor":10.0,"key":"REST"},{"floor":12.0,"key":"REST"},{"data":"Meditate","floor":15.0,"key":"SMITH"},{"data":"Wallop","floor":24.0,"key":"SMITH"},{"data":"WheelKick","floor":27.0,"key":"SMITH"},{"data":"Conclude","floor":32.0,"key":"SMITH"},{"data":"Vault","floor":40.0,"key":"SMITH"},{"data":"LikeWater","floor":42.0,"key":"SMITH"},{"data":"ReachHeaven","floor":49,"key":"SMITH"}],"circlet_count":0,"master_deck":["Strike_P","Defend_P+1","Defend_P","Eruption","Vigilance","EmptyMind+1","ReachHeaven+1","CutThroughFate","Conclude+1","Blasphemy+1","Meditate+1","SandsOfTime+1","Wallop+1","Protect+1","WheelKick+1","TalkToTheHand","ThirdEye","Vault+1","Wallop+1","Establishment","MasterReality","Tantrum","FearNoEvil+1"],"relics":["Black Star","Akabeko","MawBank","Potion Belt","MealTicket","Toy Ornithopter","Letter Opener","PreservedInsect","Velvet Choker","Incense Burner","Boot","Blue Candle","Darkstone Periapt","Meat on the Bone","Matryoshka","Centennial Puzzle","Mummified Hand","Pear","Du-Vu Doll","Empty Cage","Oddly Smooth Stone","Gremlin Horn","Singing Bowl","Gambling Chip","Smiling Mask","Damaru","Bird Faced Urn","StrikeDummy","War Paint"],"acts_visited":["Exordium","TheCity","TheBeyond"],"potions_floor_usage":[50,50,50],"damage_taken":[{"damage":3.0,"enemies":"2 Louse","floor":1.0,"turns":4.0},{"damage":0.0,"enemies":"Small Slimes","floor":2.0,"turns":3.0},{"damage":6.0,"enemies":"Jaw Worm","floor":4.0,"turns":6.0},{"damage":22.0,"enemies":"Exordium Thugs","floor":5.0,"turns":4.0},{"damage":17.0,"enemies":"3 Sentries","floor":7.0,"turns":3.0},{"damage":0.0,"enemies":"Large Slime","floor":8.0,"turns":1.0},{"damage":12.0,"enemies":"Lagavulin","floor":11.0,"turns":3.0},{"damage":8.0,"enemies":"Gremlin Nob","floor":13.0,"turns":3.0},{"damage":7.0,"enemies":"2 Fungi Beasts","floor":14.0,"turns":2.0},{"damage":0.0,"enemies":"Slime Boss","floor":16.0,"turns":5.0},{"damage":0.0,"enemies":"Spheric Guardian","floor":18.0,"turns":2.0},{"damage":11.0,"enemies":"Book of Stabbing","floor":23.0,"turns":3.0},{"damage":11.0,"enemies":"3 Byrds","floor":25.0,"turns":4.0},{"damage":7.0,"enemies":"Gremlin Leader","floor":28.0,"turns":2.0},{"damage":4.0,"enemies":"Snake Plant","floor":30.0,"turns":2.0},{"damage":3.0,"enemies":"Slavers","floor":31.0,"turns":2.0},{"damage":50.0,"enemies":"Collector","floor":33.0,"turns":8.0},{"damage":0.0,"enemies":"Orb Walker","floor":35.0,"turns":4.0},{"damage":28.0,"enemies":"3 Shapes","floor":37.0,"turns":3.0},{"damage":10.0,"enemies":"Nemesis","floor":41.0,"turns":5.0},{"damage":18.0,"enemies":"Reptomancer","floor":44.0,"turns":3.0},{"damage":0.0,"enemies":"Sphere and 2 Shapes","floor":45.0,"turns":4.0},{"damage":1,"enemies":"2 Orb Walkers","floor":47,"turns":4},{"damage":0,"enemies":"Giant Head","floor":48,"turns":6},{"damage":54,"enemies":"Donu and Deca","floor":50,"turns":10}],"seed_played":"7943012466585498199","potions_obtained":[{"floor":5.0,"key":"BlessingOfTheForge"},{"floor":7.0,"key":"Dexterity Potion"},{"floor":11.0,"key":"SkillPotion"},{"floor":13.0,"key":"Ambrosia"},{"floor":14.0,"key":"Energy Potion"},{"floor":16.0,"key":"SteroidPotion"},{"floor":28.0,"key":"LiquidBronze"},{"floor":31.0,"key":"Dexterity Potion"},{"floor":35.0,"key":"Weak Potion"},{"floor":41.0,"key":"FairyPotion"},{"floor":48,"key":"FairyPotion"}],"is_trial":false,"path_per_floor":["M","M","$","M","M","R","E","M","T","R","E","R","E","M","R","B",null,"M","$","?","?","$","E","R","M","T","R","E","T","M","E","R","B",null,"M","?","M","?","$","R","E","R","T","E","M","?","?","E","R","B",null],"character_chosen":"WATCHER","items_purchased":["CutThroughFate","Incense Burner","LikeWater","MasterReality"],"campfire_rested":2,"item_purchase_floors":[3,19,22,39],"current_hp_per_floor":[62,62,62,56,34,34,17,17,17,38,26,47,39,32,32,32,62,62,72,72,59,74,68,68,57,57,57,55,55,51,58,58,35,74,74,74,46,46,61,61,51,51,51,47,49,49,50,54,54,31],"gold":155,"neow_bonus":"BOSS_RELIC","is_daily":false,"chose_seed":false,"campfire_upgraded":8,"win_rate":0.0,"timestamp":1608926676,"path_taken":["M","M","$","M","M","R","E","M","T","R","E","R","E","M","R","BOSS","M","$","?","?","$","E","R","M","T","R","E","?","?","E","R","BOSS","M","?","?","?","?","R","E","R","T","E","M","?","?","E","R","BOSS"],"items_purchased_type":["Card","Relic","Card","Card"],"build_version":"2020-12-22","purchased_purges":3,"victory":true,"max_hp_per_floor":[72,72,72,72,72,72,72,72,72,72,72,72,72,72,72,72,72,72,72,72,77,77,77,77,77,77,77,77,77,77,87,87,87,87,87,87,87,87,87,87,87,87,87,89,91,91,93,93,93,93],"relic_stats":{"Darkstone Periapt":0,"Gremlin Horn":[6,6],"Singing Bowl":6,"counters":[25,96],"Blue Candle":[0],"PreservedInsect":355,"Letter Opener":[32],"War Paint":["EmptyMind","Defend_P"],"MawBank":144,"Boot":[42],"Smiling Mask":0,"Centennial Puzzle":[24],"Mummified Hand":[26],"Gambling Chip":[8],"Bird Faced Urn":[8],"MealTicket":40,"Black Star":9,"obtain_stats":[{"Darkstone Periapt":26,"Gremlin Horn":41,"Singing Bowl":43,"Incense Burner":19,"Boot":23,"Empty Cage":34,"Smiling Mask":44,"Centennial Puzzle":29,"Matryoshka":28,"Mummified Hand":29,"Gambling Chip":43,"MealTicket":11,"Potion Belt":9,"Pear":31,"Blue Candle":23,"Velvet Choker":17,"Oddly Smooth Stone":41,"Damaru":44,"PreservedInsect":13,"Letter Opener":13,"War Paint":48,"MawBank":7,"Akabeko":7,"Du-Vu Doll":31,"Bird Faced Urn":47,"Black Star":0,"PureWater":0,"StrikeDummy":48,"Toy Ornithopter":11,"Meat on the Bone":28},{"Darkstone Periapt":13,"Gremlin Horn":20,"Singing Bowl":20,"Incense Burner":11,"Boot":12,"Empty Cage":17,"Smiling Mask":21,"Centennial Puzzle":14,"Matryoshka":14,"Mummified Hand":14,"Gambling Chip":20,"MealTicket":7,"Potion Belt":6,"Pear":16,"Blue Candle":12,"Velvet Choker":10,"Oddly Smooth Stone":20,"Damaru":21,"PreservedInsect":8,"Letter Opener":8,"War Paint":24,"MawBank":5,"Akabeko":5,"Du-Vu Doll":16,"Bird Faced Urn":23,"Black Star":0,"PureWater":0,"StrikeDummy":24,"Toy Ornithopter":7,"Meat on the Bone":14},{"Darkstone Periapt":43,"Gremlin Horn":69,"Singing Bowl":69,"Incense Burner":36,"Boot":39,"Empty Cage":57,"Smiling Mask":72,"Centennial Puzzle":45,"Matryoshka":45,"Mummified Hand":45,"Gambling Chip":69,"MealTicket":24,"Potion Belt":21,"Pear":49,"Blue Candle":39,"Velvet Choker":34,"Oddly Smooth Stone":69,"Damaru":72,"PreservedInsect":27,"Letter Opener":27,"War Paint":86,"MawBank":20,"Akabeko":20,"Du-Vu Doll":49,"Bird Faced Urn":80,"Black Star":0,"PureWater":0,"StrikeDummy":86,"Toy Ornithopter":24,"Meat on the Bone":45}],"Toy Ornithopter":40,"Meat on the Bone":36},"card_choices":[{"not_picked":["Protect","CrushJoints"],"picked":"EmptyMind","floor":1.0},{"not_picked":["ClearTheMind","Consecrate"],"picked":"ReachHeaven","floor":2.0},{"not_picked":["FollowUp","ThirdEye"],"picked":"Conclude","floor":4.0},{"not_picked":["SashWhip","BowlingBash"],"picked":"Blasphemy","floor":5.0},{"not_picked":["FlurryOfBlows","JustLucky"],"picked":"Meditate","floor":7.0},{"not_picked":["BowlingBash","PathToVictory","Crescendo"],"picked":"SKIP","floor":8.0},{"not_picked":["BattleHymn","Perseverance","Worship"],"picked":"SKIP","floor":11.0},{"not_picked":["Pray","Halt","BowlingBash"],"picked":"SKIP","floor":13.0},{"not_picked":["DeceiveReality","Consecrate","Halt"],"picked":"SKIP","floor":14.0},{"not_picked":["FlurryOfBlows","Prostrate"],"picked":"SandsOfTime+1","floor":18.0},{"not_picked":["Consecrate","ClearTheMind"],"picked":"Protect+1","floor":23.0},{"not_picked":["Consecrate+1","BattleHymn"],"picked":"WheelKick","floor":25.0},{"not_picked":["Crescendo","Study+1"],"picked":"TalkToTheHand","floor":28.0},{"not_picked":["Evaluate","BattleHymn"],"picked":"ThirdEye","floor":30.0},{"not_picked":["CutThroughFate","Prostrate","ClearTheMind+1"],"picked":"SKIP","floor":31.0},{"not_picked":["ConjureBlade","DevaForm"],"picked":"Vault","floor":33.0},{"not_picked":["SashWhip+1","Worship","WindmillStrike"],"picked":"SKIP","floor":35.0},{"not_picked":["Consecrate","Evaluate","Perseverance"],"picked":"SKIP","floor":37.0},{"not_picked":["Perseverance","WheelKick"],"picked":"Tantrum","floor":41.0},{"not_picked":["Sanctity+1","PathToVictory+1","Crescendo"],"picked":"Singing Bowl","floor":44.0},{"not_picked":["WreathOfFlame+1","PathToVictory","Vengeance"],"picked":"Singing Bowl","floor":45.0},{"not_picked":["Consecrate","Vengeance","Sanctity+1"],"picked":"Singing Bowl","floor":47},{"not_picked":["DeceiveReality+1","Swivel+1"],"picked":"FearNoEvil+1","floor":48}],"player_experience":699981,"relics_obtained":[{"floor":7.0,"key":"Akabeko"},{"floor":7.0,"key":"MawBank"},{"floor":9.0,"key":"Potion Belt"},{"floor":11.0,"key":"MealTicket"},{"floor":11.0,"key":"Toy Ornithopter"},{"floor":13.0,"key":"Letter Opener"},{"floor":13.0,"key":"PreservedInsect"},{"floor":23.0,"key":"Boot"},{"floor":23.0,"key":"Blue Candle"},{"floor":26.0,"key":"Darkstone Periapt"},{"floor":28.0,"key":"Meat on the Bone"},{"floor":28.0,"key":"Matryoshka"},{"floor":29.0,"key":"Centennial Puzzle"},{"floor":29.0,"key":"Mummified Hand"},{"floor":31.0,"key":"Pear"},{"floor":31.0,"key":"Du-Vu Doll"},{"floor":41.0,"key":"Oddly Smooth Stone"},{"floor":41.0,"key":"Gremlin Horn"},{"floor":43.0,"key":"Singing Bowl"},{"floor":43.0,"key":"Gambling Chip"},{"floor":44.0,"key":"Smiling Mask"},{"floor":44.0,"key":"Damaru"},{"floor":47,"key":"Bird Faced Urn"},{"floor":48,"key":"StrikeDummy"},{"floor":48,"key":"War Paint"}],"event_choices":[{"damage_healed":0.0,"max_hp_gain":0.0,"max_hp_loss":0.0,"gold_gain":0.0,"event_name":"The Library","player_choice":"Read","floor":20.0,"gold_loss":0.0,"damage_taken":0.0,"cards_obtained":["Wallop"]},{"damage_healed":0.0,"max_hp_gain":5.0,"max_hp_loss":0.0,"gold_gain":0.0,"event_name":"Forgotten Altar","player_choice":"Shed Blood","floor":21.0,"gold_loss":0.0,"damage_taken":18.0},{"damage_healed":0.0,"max_hp_gain":0.0,"max_hp_loss":0.0,"gold_gain":0.0,"event_name":"Duplicator","player_choice":"Copied","floor":36.0,"gold_loss":0.0,"damage_taken":0.0,"cards_obtained":["Wallop"]},{"damage_healed":0.0,"max_hp_gain":0.0,"max_hp_loss":0.0,"gold_gain":0.0,"event_name":"Match and Keep!","player_choice":"1 cards matched","floor":38.0,"gold_loss":0.0,"damage_taken":0.0,"cards_obtained":["Establishment"]},{"cards_removed":["LikeWater"],"damage_healed":0.0,"max_hp_gain":0.0,"max_hp_loss":0.0,"gold_gain":0.0,"event_name":"Falling","player_choice":"Removed Power","floor":46.0,"gold_loss":0.0,"damage_taken":0.0},{"damage_healed":0,"gold_gain":0,"player_choice":"Fight","damage_taken":0,"max_hp_gain":0,"max_hp_loss":0,"event_name":"Mysterious Sphere","floor":47,"gold_loss":0}],"is_beta":false,"boss_relics":[{"not_picked":["Runic Dome","Fusion Hammer"],"picked":"Velvet Choker"},{"not_picked":["Tiny House","Busted Crown"],"picked":"Empty Cage"}],"items_purged_floors":[3,19,39],"is_endless":false,"potions_floor_spawned":[5,7,11,13,14,16,18,28,31,35,41,48],"ascension_level":6}}