{"host":"zhypnm5xlgq8j242","time":1608895332,"event":{"mods":["AchievementEnabler","BaseMod","BetterRewards","Colored Powertips","Hermit","Keyboard Shortcuts","Minty Spire (QoL Compilation)","Quick Restart","Replay The Spire","Shop Mod","StSLib","The Cursed","The Hierophant","The Runesmith"],"gold_per_floor":[119,135,147,158,171,171,205,221,298,298,313,356,369,379,379,484,484,495,511,531,531,531,746,746,781,27,59,83,23,34,0,0,10,10,105,105,119,129,175,186,199,229,279,291,355,396,408,440,462,11,11,11],"floor_reached":53,"playtime":4284,"items_purged":[],"score":1282,"play_id":"6eef3d76-85ed-4de9-babe-175ec56a1f8a","local_time":"20201225202212","is_ascension_mode":true,"campfire_choices":[{"data":"Neutralize","floor":6.0,"key":"SMITH"},{"data":"ReplayTheSpireMod:Speed Training","floor":10.0,"key":"SMITH"},{"data":"Calculated Gamble","floor":15.0,"key":"SMITH"},{"floor":32.0,"key":"REST"},{"data":"Strike_G","floor":34.0,"key":"PURGE"},{"floor":44,"key":"REST"},{"data":"A Thousand Cuts","floor":51,"key":"SMITH"}],"circlet_count":0,"master_deck":["Survivor","Neutralize+1","All Out Attack","Dagger Spray","Slice","Infinite Blades","Pot Of Greed","Pot Of Greed","Choke","ReplayTheSpireMod:Speed Training+1","Cloak And Dagger","Cloak And Dagger","Footwork","Calculated Gamble+1","Phantasmal Killer+1","Cloak And Dagger","Distraction","Cloak And Dagger","Pot Of Greed","Well Laid Plans","Panache+1","Distraction","Slice","A Thousand Cuts+1","Envenom","Replay:Poison Smokescreen","Leg Sweep","Glass Knife","Endless Agony","ReplayTheSpireMod:From All Sides","ReplayTheSpireMod:From All Sides","Pot Of Greed","Footwork+1","Cloak And Dagger+1","Hidden Blade","After Image","Cloak And Dagger","Calculated Gamble+1","Delirium","Regret","Terror","Backflip+1"],"relics":["Replay:Drink Me","Grinning Jar","Replay:Bottled Snecko","Shuriken","WristBlade","Old Coin","Anchor","Iron Hammer","Blue Doll","Guide Book","Smiling Mask","Bag of Marbles","Pandora\u0027s Box","Vampiric Spirits","Quantum Egg","Ring of Panic","Ring of Greed","Golden Egg","MawBank","Juzu Bracelet","Singing Bowl","Happy Flower","CaptainsWheel"],"acts_visited":["Exordium","TheCity","TheBeyond"],"potions_floor_usage":[40,41,46,48,49,52,52],"damage_taken":[{"damage":1.0,"enemies":"Cultist","floor":1.0,"turns":5.0},{"damage":0.0,"enemies":"2 Louse","floor":2.0,"turns":2.0},{"damage":2.0,"enemies":"Jaw Worm","floor":3.0,"turns":5.0},{"damage":5.0,"enemies":"3 Louse","floor":4.0,"turns":2.0},{"damage":2.0,"enemies":"Large Slime","floor":5.0,"turns":6.0},{"damage":15.0,"enemies":"3 Sentries","floor":7.0,"turns":8.0},{"damage":2.0,"enemies":"2 Fungi Beasts","floor":8.0,"turns":3.0},{"damage":0.0,"enemies":"3 Louse","floor":11.0,"turns":2.0},{"damage":0.0,"enemies":"Exordium Wildlife","floor":13.0,"turns":3.0},{"damage":0.0,"enemies":"Blue Slaver","floor":14.0,"turns":5.0},{"damage":0.0,"enemies":"The Guardian","floor":16.0,"turns":9.0},{"damage":9.0,"enemies":"Spheric Guardian","floor":18.0,"turns":4.0},{"damage":0.0,"enemies":"Chosen","floor":19.0,"turns":4.0},{"damage":5.0,"enemies":"Snecko","floor":20.0,"turns":5.0},{"damage":10.0,"enemies":"Gremlin Leader","floor":25.0,"turns":6.0},{"damage":0.0,"enemies":"Book of Stabbing","floor":27.0,"turns":4.0},{"damage":0.0,"enemies":"Snake Plant","floor":30.0,"turns":2.0},{"damage":0.0,"enemies":"Centurion and Healer","floor":33.0,"turns":3.0},{"damage":15,"enemies":"Pondfish","floor":35,"turns":6},{"damage":0,"enemies":"3 Darklings","floor":37,"turns":3},{"damage":0,"enemies":"Orb Walker","floor":38,"turns":2},{"damage":1,"enemies":"2 Orb Walkers","floor":39,"turns":3},{"damage":0,"enemies":"3 Darklings","floor":40,"turns":3},{"damage":0,"enemies":"4 Shapes","floor":41,"turns":5},{"damage":38,"enemies":"Reptomancer","floor":42,"turns":6},{"damage":0,"enemies":"Giant Head","floor":46,"turns":6},{"damage":5,"enemies":"Writhing Mass","floor":48,"turns":4},{"damage":9,"enemies":"Transient","floor":49,"turns":5},{"damage":6,"enemies":"Replay:Hell Engine","floor":52,"turns":6}],"seed_played":"-8470421556817957051","potions_obtained":[{"floor":3.0,"key":"Venom Potion"},{"floor":4.0,"key":"LifebloodPotion"},{"floor":5.0,"key":"FearPotion"},{"floor":8.0,"key":"ColorlessPotion"},{"floor":27.0,"key":"ColorlessPotion"},{"floor":30.0,"key":"Swift Potion"},{"floor":33.0,"key":"SteroidPotion"},{"floor":35,"key":"FearPotion"},{"floor":37,"key":"Explosive Potion"},{"floor":41,"key":"Venom Potion"},{"floor":42,"key":"EntropicBrew"},{"floor":46,"key":"Languid Potion"}],"is_trial":false,"path_per_floor":["M","M","M","M","M","R","E","M","T","R","M","?","M","M","R","B",null,"M","M","M","PTL","PTL","?","?","E","$","E","T","?","M","?","R","M","R","B",null,"M","M","?","M","M","E","?","R","T","E","?","M","M","$","R","B",null],"character_chosen":"THE_SILENT","items_purchased":["Iron Hammer","Blue Doll","Panache","Guide Book","Happy Flower","Backflip+1","CaptainsWheel"],"campfire_rested":2,"item_purchase_floors":[26,26,26,26,50,50,50],"current_hp_per_floor":[52,52,50,45,43,43,28,26,26,26,26,26,26,26,26,26,46,37,37,32,32,32,32,32,22,22,22,22,22,22,22,37,37,37,22,45,45,45,44,53,53,15,15,30,30,51,50,47,45,45,45,43],"gold":11,"neow_bonus":"BOSS_RELIC","is_daily":false,"chose_seed":false,"campfire_upgraded":4,"win_rate":0.0,"timestamp":1608895332,"path_taken":["M","M","M","?","M","R","E","?","T","R","M","?","?","M","R","BOSS","M","M","M","PTL","PTL","?","?","E","$","E","T","?","M","?","R","M","R","BOSS","M","M","?","M","M","E","?","R","T","E","?","M","M","$","R","BOSS"],"items_purchased_type":["Relic","Relic","Card","Relic","Relic","Card","Relic"],"build_version":"2020-12-22","purchased_purges":0,"victory":true,"max_hp_per_floor":[53,53,53,53,53,53,53,53,53,53,53,53,53,53,53,53,53,53,53,53,53,53,53,53,53,53,53,53,53,53,53,53,53,53,53,53,53,53,53,53,53,53,53,53,53,53,50,52,54,54,54,54],"card_choices":[{"not_picked":["Deadly Poison","Quick Slash"],"picked":"All Out Attack","floor":1.0},{"not_picked":["Riddle With Holes","Draining Mist"],"picked":"Dagger Spray","floor":2.0},{"not_picked":["Fluid Movement","ReplayTheSpireMod:Shiv Toss"],"picked":"Slice","floor":3.0},{"not_picked":["Catalyst","Grand Finale","Crippling Poison"],"picked":"SKIP","floor":4.0},{"not_picked":["Underhanded Strike","Dagger Throw"],"picked":"Infinite Blades","floor":5.0},{"not_picked":["Bane","Crippling Poison"],"picked":"Choke","floor":7.0},{"not_picked":["Flechettes","Deflect"],"picked":"ReplayTheSpireMod:Speed Training","floor":8.0},{"not_picked":["Flying Knee","All Out Attack"],"picked":"Cloak And Dagger","floor":11.0},{"not_picked":["Sucker Punch","PiercingWail"],"picked":"Cloak And Dagger","floor":12.0},{"not_picked":["Corpse Explosion","Quick Slash"],"picked":"Footwork","floor":13.0},{"not_picked":["Choke","Replay:Poison Smokescreen"],"picked":"Calculated Gamble","floor":14.0},{"not_picked":["After Image","Bullet Time"],"picked":"Phantasmal Killer","floor":16.0},{"not_picked":["Flying Knee","Deadly Poison+1"],"picked":"Cloak And Dagger","floor":18.0},{"not_picked":["Underhanded Strike+1","Dagger Throw+1"],"picked":"Distraction","floor":19.0},{"not_picked":["ReplayTheSpireMod:Exploit Weakness","Dagger Spray+1"],"picked":"Cloak And Dagger","floor":20.0},{"not_picked":["Riddle With Holes+1","Dodge and Roll"],"picked":"Well Laid Plans","floor":25.0},{"not_picked":["Sucker Punch","Quick Slash+1"],"picked":"Distraction","floor":27.0},{"not_picked":["Sucker Punch+1","Underhanded Strike+1"],"picked":"Slice","floor":30.0},{"not_picked":["Acrobatics","Outmaneuver"],"picked":"A Thousand Cuts","floor":33.0},{"not_picked":["Doppelganger","Malaise"],"picked":"Envenom","floor":35},{"not_picked":["Slice","Poisoned Stab+1"],"picked":"Footwork+1","floor":37},{"not_picked":["Masterful Stab+1","Acrobatics+1"],"picked":"Cloak And Dagger+1","floor":38},{"not_picked":["Poisoned Stab+1","Deflect"],"picked":"Hidden Blade","floor":39},{"not_picked":["Well Laid Plans+1","Caltrops"],"picked":"After Image","floor":40},{"not_picked":["Bouncing Flask+1","Toxin Wave"],"picked":"Cloak And Dagger","floor":41},{"not_picked":["Hidden Blade","Prepared"],"picked":"Calculated Gamble+1","floor":42},{"not_picked":["Dagger Spray+1","All Out Attack"],"picked":"Terror","floor":46},{"not_picked":["Concentrate","Cloak And Dagger","Dash+1"],"picked":"Singing Bowl","floor":48},{"not_picked":["Dagger Spray+1","Poisoned Stab+1","Dagger Throw"],"picked":"Singing Bowl","floor":49}],"player_experience":612657,"relics_obtained":[{"floor":7.0,"key":"Grinning Jar"},{"floor":9.0,"key":"Replay:Bottled Snecko"},{"floor":12.0,"key":"Shuriken"},{"floor":25.0,"key":"Anchor"},{"floor":27.0,"key":"Smiling Mask"},{"floor":28.0,"key":"Bag of Marbles"},{"floor":39,"key":"Vampiric Spirits"},{"floor":42,"key":"Quantum Egg"},{"floor":43,"key":"Ring of Panic"},{"floor":43,"key":"Ring of Greed"},{"floor":43,"key":"Golden Egg"},{"floor":43,"key":"MawBank"},{"floor":45,"key":"Juzu Bracelet"},{"floor":46,"key":"Singing Bowl"}],"event_choices":[{"damage_healed":0.0,"max_hp_gain":0.0,"max_hp_loss":0.0,"gold_gain":0.0,"event_name":"Addict","player_choice":"Obtained Relic","floor":23.0,"gold_loss":85.0,"damage_taken":0.0,"relics_obtained":["Old Coin"]},{"cards_removed":["ReplayTheSpireMod:Splinters"],"damage_healed":0.0,"max_hp_gain":0.0,"max_hp_loss":0.0,"gold_gain":0.0,"event_name":"Back to Basics","player_choice":"Elegance","floor":24.0,"gold_loss":0.0,"damage_taken":0.0},{"damage_healed":0.0,"max_hp_gain":0.0,"max_hp_loss":0.0,"gold_gain":0.0,"event_name":"Masked Bandits","player_choice":"Paid Fearfully","floor":31.0,"gold_loss":34.0,"damage_taken":0.0},{"damage_healed":0,"gold_gain":0,"player_choice":"Fight","damage_taken":0,"max_hp_gain":0,"max_hp_loss":0,"event_name":"Mysterious Sphere","floor":39,"gold_loss":0},{"damage_healed":0,"gold_gain":0,"player_choice":"Max HP","damage_taken":0,"max_hp_gain":0,"max_hp_loss":3,"event_name":"Winding Halls","floor":47,"gold_loss":0}],"is_beta":false,"boss_relics":[{"not_picked":["ChewingGum","SlaversCollar"],"picked":"WristBlade"},{"not_picked":["ReplayTheSpireMod:DimensionalGlitch","Runic Dome"],"picked":"Pandora\u0027s Box"}],"items_purged_floors":[],"is_endless":false,"potions_floor_spawned":[3,4,5,8,13,14,27,30,33,35,37,41,42,46],"ascension_level":9}}