{"host":"ktoxvvst1mwxww91","time":1608917314,"event":{"mods":["BaseMod","Hermit","Minty Spire (QoL Compilation)","StSLib","The Hierophant","The Mystic","The Necromancer"],"gold_per_floor":[112,112,37,37,37,69,69,94,94,19,19,31,31,54,54,133,133,149,74,99,99,0,0],"floor_reached":22,"playtime":331,"items_purged":["Strike_B"],"score":437,"play_id":"f068ef5e-124d-4de7-8b21-260b053199c8","local_time":"20201225182834","is_ascension_mode":true,"campfire_choices":[{"data":"Scrape","floor":7,"key":"SMITH"},{"data":"Rebound","floor":11,"key":"SMITH"},{"data":"Streamline","floor":13,"key":"SMITH"},{"data":"Zap","floor":15,"key":"SMITH"}],"circlet_count":0,"master_deck":["AscendersBane","Defend_B","Defend_B","Defend_B","Defend_B","Zap+1","Dualcast","Compile Driver","Scrape+1","Rebound+1","Streamline+1","Thunder Strike","Defragment+1","Decay"],"relics":["Cracked Core","NeowsBlessing","Tiny Chest","Regal Pillow","Frozen Egg 2","Ancient Tea Set","Art of War","Inserter","Anchor"],"acts_visited":["Exordium","TheCity"],"potions_floor_usage":[16,22],"damage_taken":[{"damage":0,"enemies":"Small Slimes","floor":1,"turns":1},{"damage":0,"enemies":"Gremlin Nob","floor":6,"turns":1},{"damage":0,"enemies":"Lagavulin","floor":8,"turns":1},{"damage":2,"enemies":"Jaw Worm","floor":12,"turns":2},{"damage":54,"enemies":"Hexaghost","floor":16,"turns":9},{"damage":19,"enemies":"Chosen","floor":18,"turns":5},{"damage":36,"enemies":"2 Thieves","floor":22,"turns":3}],"seed_played":"7184136736806603333","potions_obtained":[{"floor":1,"key":"BlessingOfTheForge"},{"floor":18,"key":"FocusPotion"}],"is_trial":false,"path_per_floor":["M","?","?","$","T","E","R","E","T","$","R","M","R","T","R","B",null,"M","?","T","?","M"],"character_chosen":"DEFECT","items_purchased":[],"campfire_rested":0,"item_purchase_floors":[],"current_hp_per_floor":[64,57,57,57,57,57,57,57,57,57,57,55,55,55,55,1,54,35,35,35,35,0,0],"gold":0,"neow_bonus":"THREE_ENEMY_KILL","is_daily":false,"chose_seed":false,"campfire_upgraded":4,"win_rate":0.0,"timestamp":1608917314,"path_taken":["M","?","?","$","?","E","R","E","T","?","R","M","R","?","R","BOSS","M","?","?","?","M"],"items_purchased_type":[],"build_version":"2020-12-22","purchased_purges":1,"victory":false,"max_hp_per_floor":[71,71,71,71,71,71,71,71,71,71,71,71,71,71,71,71,71,71,71,71,71,71,71],"card_choices":[{"not_picked":["Steam","Hologram"],"picked":"Compile Driver","floor":1},{"not_picked":["Redo","BootSequence"],"picked":"Scrape","floor":6},{"not_picked":["Aggregate","Chaos"],"picked":"Rebound","floor":8},{"not_picked":["Compile Driver","Conserve Battery"],"picked":"Streamline","floor":12},{"not_picked":["Meteor Strike","Echo Form+1"],"picked":"Thunder Strike","floor":16},{"not_picked":["Rebound","Streamline"],"picked":"Defragment+1","floor":18}],"player_experience":926977,"relics_obtained":[{"floor":5,"key":"Tiny Chest"},{"floor":6,"key":"Regal Pillow"},{"floor":8,"key":"Frozen Egg 2"},{"floor":9,"key":"Ancient Tea Set"},{"floor":14,"key":"Art of War"},{"floor":20,"key":"Anchor"}],"event_choices":[{"cards_removed":["Strike_B"],"damage_healed":0,"gold_gain":0,"player_choice":"Card Removal","damage_taken":7,"max_hp_gain":0,"max_hp_loss":0,"event_name":"Golden Wing","floor":2,"gold_loss":0},{"cards_removed":["Strike_B"],"damage_healed":0,"gold_gain":0,"player_choice":"Card Removal","damage_taken":0,"max_hp_gain":0,"max_hp_loss":0,"event_name":"The Cleric","floor":3,"gold_loss":75},{"cards_removed":["Strike_B"],"damage_healed":0,"gold_gain":0,"player_choice":"Gave Gold","damage_taken":0,"max_hp_gain":0,"max_hp_loss":0,"event_name":"Beggar","floor":19,"gold_loss":75},{"damage_healed":0,"gold_gain":0,"player_choice":"Smashed Altar","damage_taken":0,"max_hp_gain":0,"max_hp_loss":0,"event_name":"Forgotten Altar","floor":21,"gold_loss":0,"cards_obtained":["Decay"]}],"is_beta":false,"boss_relics":[{"not_picked":["Nuclear Battery","Astrolabe"],"picked":"Inserter"}],"items_purged_floors":[10],"is_endless":false,"potions_floor_spawned":[1,18],"killed_by":"2 Thieves","ascension_level":17}}