{"host":"v9ordiuf4xzdpttp","time":1608925997,"event":{"mods":["AchievementEnabler","Act Like it!","AlwaysNeverKeys","Aspiration","BaseMod","Better Third Choice","Better Vampires","BetterRewards","Colored Map","Conspire","Dio Mod","Downfall","Energized Spire","Gold Saver","GungeonMod","Hubris","Infinite Spire","Marked Mod","Melee Mod","Minty Spire (QoL Compilation)","Pale of the Ancients","Remove Card Discount Mod","Replay The Spire","SOS???????","Shop Mod","Small Relic Pack","Spicy Shops","StSLib","The Bladedancer","The Bug Knight","The Construct","The Hayseed","The Runesmith","The Servant 0.9.4","The Wild Card","???Mod??????Boss","??????REMEMod"],"gold_per_floor":[661,88,88,88,88,146,191,242,242,278,278,320,349,343,343,452,452,332,1,1,38,38,80,80,80,150,150,174,102,151,151,151,164,164,181,81,181,61,53,55,55,112,112,145,194,220,278,278,278,282,326,60,60,85,85,120,120,120,120,135],"floor_reached":61,"playtime":4997,"items_purged":["Defend_Dante","Defend_Dante","Attack_b","Shoot","Shoot","Rebellion","LucifercomboC","LucifercomboC","Parasite","Purpleorb","Millionstab"],"score":1301,"play_id":"30a4b441-2e94-4797-89aa-1d4a8b0fe058","local_time":"20201225145317","is_ascension_mode":false,"campfire_choices":[{"floor":11,"key":"REST"},{"data":"Redorb","floor":15,"key":"SMITH"},{"data":"Swordmaster","floor":24,"key":"SMITH"},{"floor":32,"key":"REST"},{"floor":41,"key":"REST"},{"floor":49,"key":"REST"},{"floor":55,"key":"RECALL"}],"circlet_count":0,"master_deck":["Attack_a+1","Attack_a","Provocation","Defend_Dante","Redorb+1","Replay:BasicMightCard+1","Ecstasy+1","Dash2","Apotheosis+1","Dash2","LucifercomboA","VitalstarM","Lucifer","infinitespire:NeuralNetwork","Swordmaster+1","Royaldefend","Royaldefend","LucifercomboA+1","LucifercomboA","Hightime+1","Gunstinger+1","SSScard","Gilgamesh"],"relics":["SSS","Combocheck","REME_ComplimentaryCards","aspiration:Nostalgia","HollowMod:VesselMask","aspiration:SeaSaltIceCream","Lantern","Guide Book","Runesmith:AutoHammer","Chameleon Ring","Runesmith:Nanobots","hubris:ScarierMask","MerchantsRug","hubris:SphereOfDissonance","ReplayTheSpireMod:Shallot","Replay:WaspNest","Replay:Wax Seal","hubris:HollowSoul","relicPack:InfinityGauntlet","betterThird:NestCultRelic","Fusion Hammer","StoneCalendar","aspiration:TomeofQuesting","DemoMod:AgedBell","conspire:InfiniteJournal","aspiration:PoetsPen_weak","PreservedInsect","paleoftheancients:Timepiece","paleoftheancients:KeyRelic","Bronze Scales","paleoftheancients:SoulOfTheGuardian","Whetstone","Replay:Kaleidoscope"],"acts_visited":["Exordium","TheCity","TheBeyond","paleoftheancients:PaleOfTheAncients"],"potions_floor_usage":[23,23,33,33,42,42,44,50,50,60,60],"damage_taken":[{"damage":0,"enemies":"Small Slimes","floor":1,"turns":3},{"damage":33,"enemies":"3 Sentries","floor":6,"turns":6},{"damage":0,"enemies":"Jaw Worm","floor":7,"turns":1},{"damage":0,"enemies":"Cultist","floor":8,"turns":2},{"damage":0,"enemies":"Gremlin Nob","floor":10,"turns":2},{"damage":0,"enemies":"Lagavulin","floor":12,"turns":3},{"damage":0,"enemies":"Exordium Wildlife","floor":13,"turns":3},{"damage":0,"enemies":"3 Louse","floor":14,"turns":2},{"damage":32,"enemies":"The Guardian","floor":16,"turns":5},{"damage":0,"enemies":"3 Byrds","floor":18,"turns":3},{"damage":6,"enemies":"Shell Parasite","floor":21,"turns":3},{"damage":16,"enemies":"Slavers","floor":23,"turns":4},{"damage":0,"enemies":"Centurion and Healer","floor":28,"turns":3},{"damage":0,"enemies":"Snake Plant","floor":30,"turns":2},{"damage":0,"enemies":"Automaton","floor":33,"turns":4},{"damage":18,"enemies":"Orb Walker","floor":35,"turns":3},{"damage":7,"enemies":"3 Shapes","floor":36,"turns":3},{"damage":13,"enemies":"Writhing Mass","floor":38,"turns":3},{"damage":40,"enemies":"Reptomancer","floor":40,"turns":4},{"damage":21,"enemies":"Nightmare","floor":42,"turns":4},{"damage":3,"enemies":"Giant Head","floor":44,"turns":3},{"damage":8,"enemies":"4 Shapes","floor":45,"turns":3},{"damage":0,"enemies":"Spire Growth","floor":46,"turns":3},{"damage":15,"enemies":"Sphere and 2 Shapes","floor":47,"turns":2},{"damage":10,"enemies":"Replay:Hell Engine","floor":50,"turns":4},{"damage":46,"enemies":"Replay:Hell Engine","floor":51,"turns":5},{"damage":28,"enemies":"Replay:Hell Engine","floor":52,"turns":2},{"damage":0,"enemies":"Replay:Hell Engine","floor":56,"turns":3},{"damage":65,"enemies":"paleoftheancients:N","floor":60,"turns":5}],"seed_played":"3165013689593517798","potions_obtained":[{"floor":1,"key":"champ:CounterPotion"},{"floor":7,"key":"PowerPotion"},{"floor":8,"key":"SkillPotion"},{"floor":23,"key":"Swift Potion"},{"floor":30,"key":"ColorlessPotion"},{"floor":33,"key":"REME_GoldPotion"},{"floor":36,"key":"Regen Potion"},{"floor":40,"key":"DistilledChaos"},{"floor":46,"key":"Block Potion"},{"floor":47,"key":"BlessingOfTheForge"},{"floor":56,"key":"REME_GoldPotion"},{"floor":57,"key":"construct:ShiftPotion"},{"floor":57,"key":"Fire Potion"}],"is_trial":false,"path_per_floor":["M","$","?","?","?","E","M","M","T","E","R","E","M","M","R","B",null,"M","$","?","M","?","E","R","?","T","AVR","M","$","M","?","R","B",null,"M","M","?","M","$","E","R","NM","T","E","M","M","M","AVR","R","B","M","M","?","T","R","M","R","T","?","B",null],"character_chosen":"DANTE","items_purchased":["LucifercomboC","Ecstasy","Dash2","aspiration:SeaSaltIceCream","Guide Book","Lucifer","MerchantsRug","hubris:SphereOfDissonance","relicPack:InfinityGauntlet"],"campfire_rested":4,"item_purchase_floors":[2,2,2,2,2,19,19,19,29],"current_hp_per_floor":[80,80,80,80,80,47,47,47,47,47,71,71,71,80,80,58,80,80,80,60,54,54,48,48,48,48,48,58,58,58,58,80,80,80,62,55,55,52,52,22,45,34,34,41,33,43,28,28,51,77,59,60,60,60,60,70,70,70,70,47],"gold":135,"neow_bonus":"NOSTALGIA","is_daily":false,"chose_seed":false,"campfire_upgraded":2,"win_rate":0.0,"timestamp":1608925997,"path_taken":["M","$","?","?","?","E","M","M","T","E","R","E","?","M","R","BOSS","M","$","?","M","?","E","R","?","T","AVR","?","$","M","?","R","BOSS","M","M","?","?","$","E","R","NM","T","E","M","M","M","AVR","R","BOSS","M","M","?","T","R","M","R","T","?","BOSS"],"items_purchased_type":["Card","Card","Card","Relic","Relic","Card","Relic","Relic","Relic"],"build_version":"2020-12-22","purchased_purges":11,"victory":true,"max_hp_per_floor":[80,80,80,80,80,80,80,80,80,80,80,80,80,80,80,80,80,80,80,80,80,80,80,80,80,80,80,80,80,80,80,80,80,80,80,80,80,80,77,77,77,77,77,77,77,77,77,77,77,77,77,77,77,77,77,77,77,77,77,77],"card_choices":[{"not_picked":["DevilstarL","EbonyIvory","Holywater"],"picked":"SKIP","floor":1},{"not_picked":["Weaponupgrade","DT"],"picked":"LucifercomboC","floor":6},{"not_picked":["Gunstinger","Millionstab"],"picked":"Dash2","floor":7},{"not_picked":["Splesh","Hightime","Kick13"],"picked":"SKIP","floor":8},{"not_picked":["Hightime","Goldorb"],"picked":"LucifercomboA","floor":10},{"not_picked":["Airtrick","Chargeshoot2"],"picked":"Rebellion","floor":12},{"not_picked":["Doubleshoot","Rebellion"],"picked":"VitalstarM","floor":13},{"not_picked":["Weaponchange","Dash1"],"picked":"Millionstab","floor":14},{"not_picked":["Goldorb","Trickster"],"picked":"Purpleorb","floor":16},{"not_picked":["Gunslinger","Rebellion","Greenorb"],"picked":"SKIP","floor":18},{"not_picked":["infinitespire:FinalStrike","infinitespire:UltimateForm"],"picked":"infinitespire:NeuralNetwork","floor":20},{"not_picked":["Greenorb","Whiteorb","Gilgamesh"],"picked":"SKIP","floor":21},{"not_picked":["Stinger","Dash2"],"picked":"Royaldefend","floor":23},{"not_picked":["Ecstasy","Chargeshoot2+1"],"picked":"Royaldefend","floor":28},{"not_picked":["Airhike","Honeycombofire"],"picked":"LucifercomboA","floor":30},{"not_picked":["Straight+1","EbonyIvory"],"picked":"LucifercomboA","floor":35},{"not_picked":["LucifercomboC","Gunstinger"],"picked":"Hightime+1","floor":36},{"not_picked":["Weaponchange+1","Greenorb","Lucifer+1"],"picked":"SKIP","floor":38},{"not_picked":["DevilstarS+1","Goldorb","LucifercomboC+1"],"picked":"SKIP","floor":40},{"not_picked":["Airhike+1","Rebellion+1"],"picked":"Gunstinger+1","floor":42},{"not_picked":["Rebellion","Ecstasy+1"],"picked":"SSScard","floor":44},{"not_picked":["SSScard","EbonyIvory+1","Gunstinger"],"picked":"SKIP","floor":45},{"not_picked":["Doubleshoot","CoyoteA","VitalstarM"],"picked":"SKIP","floor":46},{"not_picked":["Millionstab","Honeycombofire","Rebellion+1"],"picked":"SKIP","floor":47},{"not_picked":["DevilstarS+1","Pandora","Honeycombofire"],"picked":"SKIP","floor":51},{"not_picked":["Greenorb","Millionkick+1"],"picked":"Gilgamesh","floor":52},{"not_picked":["Hightime","Kick13","Dash2"],"picked":"SKIP","floor":56}],"player_experience":225781,"relics_obtained":[{"floor":6,"key":"Runesmith:AutoHammer"},{"floor":10,"key":"Chameleon Ring"},{"floor":12,"key":"Runesmith:Nanobots"},{"floor":23,"key":"ReplayTheSpireMod:Shallot"},{"floor":26,"key":"Replay:WaspNest"},{"floor":40,"key":"StoneCalendar"},{"floor":42,"key":"aspiration:TomeofQuesting"},{"floor":43,"key":"DemoMod:AgedBell"},{"floor":44,"key":"conspire:InfiniteJournal"},{"floor":51,"key":"paleoftheancients:SoulOfTheGuardian"},{"floor":52,"key":"paleoftheancients:SoulOfTheIroncluck"},{"floor":54,"key":"Whetstone"},{"floor":58,"key":"Replay:Kaleidoscope"}],"event_choices":[{"damage_healed":80,"gold_gain":0,"player_choice":"Embrace","damage_taken":0,"max_hp_gain":0,"max_hp_loss":80,"event_name":"betterThird:BetterShining","floor":3,"gold_loss":0},{"damage_healed":0,"gold_gain":0,"player_choice":"Ignored","damage_taken":0,"max_hp_gain":0,"max_hp_loss":0,"event_name":"Golden Wing","floor":4,"gold_loss":0},{"cards_removed":["Defend_Dante"],"damage_healed":0,"gold_gain":0,"player_choice":"Purged","damage_taken":0,"max_hp_gain":0,"max_hp_loss":0,"event_name":"Purifier","floor":5,"gold_loss":0},{"damage_healed":0,"gold_gain":0,"player_choice":"Ignored","damage_taken":0,"max_hp_gain":0,"max_hp_loss":0,"event_name":"NoteForYourself","floor":25,"gold_loss":0},{"damage_healed":0,"gold_gain":0,"player_choice":"Madness","damage_taken":0,"relics_obtained":["betterThird:NestCultRelic"],"max_hp_gain":0,"max_hp_loss":0,"event_name":"betterThird:BetterNest","floor":31,"gold_loss":0},{"damage_healed":0,"gold_gain":100,"player_choice":"Pray","damage_taken":0,"max_hp_gain":0,"max_hp_loss":0,"event_name":"Golden Shrine","floor":37,"gold_loss":0}],"is_beta":false,"boss_relics":[{"not_picked":["Velvet Choker","ReplayTheSpireMod:Onyx Gauntlets"],"picked":"hubris:ScarierMask"},{"not_picked":["conspire:SpecialSausage","Painkiller Herb"],"picked":"Fusion Hammer"}],"items_purged_floors":[2,2,2,2,2,19,39,39,39,39,48],"is_endless":false,"potions_floor_spawned":[1,7,8,10,18,23,30,33,36,40,46,47,56],"ascension_level":0}}