{"host":"8g24zuco0epbjwbo","time":1608930404,"event":{"mods":["BaseMod","Downfall","Minty Spire (QoL Compilation)","Relic Stats","StSLib"],"gold_per_floor":[99,111,111,111,126,152,218,680,707,719,719,719],"floor_reached":10,"playtime":784,"items_purged":[],"score":71,"play_id":"6d317f85-971b-4224-b010-603c9361a268","local_time":"20201225160644","is_ascension_mode":true,"campfire_choices":[{"floor":1,"key":"RECALL"}],"circlet_count":0,"master_deck":["champ:Strike","champ:Strike","champ:Strike","champ:Defend","champ:Defend","champ:Defend","champ:Execute","champ:Taunt","champ:DancingMaster","champ:EndlessRage","champ:CrookedStrike","champ:BringItOn","Slimebound:Icky","Slimebound:Icky","Slimebound:Icky","champ:IronFortress"],"relics":["champ:ChampionCrown","MawBank","MealTicket"],"acts_visited":["Exordium"],"potions_floor_usage":[3],"damage_taken":[{"damage":11,"enemies":"Small Slimes","floor":2,"turns":5},{"damage":9,"enemies":"Cultist","floor":3,"turns":7},{"damage":10,"enemies":"2 Louse","floor":5,"turns":3},{"damage":54,"enemies":"3 Sentries","floor":6,"turns":10},{"damage":5,"enemies":"2 Fungi Beasts","floor":9,"turns":3},{"damage":48,"enemies":"Gremlin Nob","floor":10,"turns":6}],"seed_played":"-7913128645086392800","potions_obtained":[{"floor":2,"key":"SmokeBomb"}],"is_trial":false,"path_per_floor":["R","M","M","?","M","E","T","?","M","E"],"character_chosen":"THE_CHAMP","items_purchased":[],"campfire_rested":0,"item_purchase_floors":[],"current_hp_per_floor":[90,87,86,86,81,42,42,42,42,0,0,0],"gold":719,"neow_bonus":"TRANSFORM_CARD","is_daily":false,"chose_seed":false,"campfire_upgraded":0,"win_rate":0.0,"timestamp":1608930404,"path_taken":["R","M","M","?","?","E","T","?","M","E"],"items_purchased_type":[],"build_version":"2020-12-22","purchased_purges":0,"victory":false,"max_hp_per_floor":[90,90,90,90,90,90,90,90,90,90,90,90],"relic_stats":{"counters":[6,34],"MealTicket":0,"MawBank":48,"obtain_stats":[{"champ:ChampionCrown":0,"MealTicket":7,"MawBank":6},{"champ:ChampionCrown":0,"MealTicket":4,"MawBank":4},{"champ:ChampionCrown":0,"MealTicket":25,"MawBank":25}]},"card_choices":[{"not_picked":["champ:Haymaker","champ:GutPunch"],"picked":"champ:EndlessRage","floor":2},{"not_picked":["champ:FocusedGladiator","champ:SkillfulDodge"],"picked":"champ:BringItOn","floor":5},{"not_picked":["champ:ShieldSigil","champ:Haymaker","champ:EnGarde"],"picked":"SKIP","floor":6},{"not_picked":["champ:FocusedBerserking","champ:BerserkersShout"],"picked":"champ:IronFortress","floor":9}],"player_experience":435355,"relics_obtained":[{"floor":6,"key":"MawBank"},{"floor":7,"key":"MealTicket"}],"event_choices":[{"damage_healed":0,"gold_gain":0,"cards_transformed":["champ:Defend"],"player_choice":"Transformed","damage_taken":0,"max_hp_gain":0,"max_hp_loss":0,"event_name":"Transmorgrifier","floor":4,"gold_loss":0,"cards_obtained":["champ:CrookedStrike"]}],"is_beta":false,"boss_relics":[],"items_purged_floors":[],"is_endless":false,"potions_floor_spawned":[2,3],"killed_by":"Gremlin Nob","ascension_level":1}}