{"host":"agbyy69nq62afhwx","time":1608919525,"event":{"mods":["BaseMod","Colored Map","Highlight Path","Keyboard Shortcuts","Minty Spire (QoL Compilation)","Quick Restart","StSLib","SuperFastMode","everything is the same but u backflip on backflip"],"gold_per_floor":[117,42,42,42,62,62,92,92,92,92,112,63,81,139,139,236,236,251,251,11,29,29,29,63,89,89,115,115,134,145,60,60,159,159,176,398,409,464,339,373,406,406,432,457,489,489,50,50,50,50],"floor_reached":51,"playtime":2008,"items_purged":["Strike_P","Strike_P","Defend_P"],"score":1156,"play_id":"a55b34ae-cc56-4287-8c68-8e7128fb56ee","local_time":"20201226030525","is_ascension_mode":true,"campfire_choices":[{"data":"Eruption","floor":6.0,"key":"SMITH"},{"data":"MentalFortress","floor":8.0,"key":"SMITH"},{"data":"Scrawl","floor":15.0,"key":"SMITH"},{"data":"MasterReality","floor":23.0,"key":"SMITH"},{"data":"TalkToTheHand","floor":28.0,"key":"SMITH"},{"data":"Adaptation","floor":32.0,"key":"SMITH"},{"data":"Strike_P","floor":42,"key":"PURGE"},{"data":"Defend_P+1","floor":46,"key":"PURGE"},{"floor":49,"key":"RECALL"}],"circlet_count":0,"master_deck":["Eruption+1","Vigilance+1","Scrawl+1","CrushJoints","MentalFortress+1","ClearTheMind+1","FlurryOfBlows","ForeignInfluence+1","MasterReality+1","Evaluate+1","Adaptation+1","Alpha+1","Tantrum","Crescendo+1","TalkToTheHand+1","DevaForm","Study+1","TalkToTheHand+1"],"relics":["PureWater","TeardropLocket","Toxic Egg 2","Bird Faced Urn","SacredBark","Red Mask","Anchor","Singing Bowl","Meat on the Bone","Peace Pipe","Fusion Hammer","WingedGreaves","War Paint","Pear","Strawberry","Ancient Tea Set","Bag of Marbles","Ice Cream","DollysMirror"],"acts_visited":["Exordium","TheCity","TheBeyond"],"potions_floor_usage":[50],"damage_taken":[{"damage":7.0,"enemies":"Small Slimes","floor":1.0,"turns":3.0},{"damage":0.0,"enemies":"Jaw Worm","floor":5.0,"turns":4.0},{"damage":15.0,"enemies":"Lagavulin","floor":7.0,"turns":4.0},{"damage":0.0,"enemies":"Cultist","floor":11.0,"turns":2.0},{"damage":12.0,"enemies":"2 Fungi Beasts","floor":13.0,"turns":2.0},{"damage":4.0,"enemies":"Lagavulin Event","floor":14.0,"turns":3.0},{"damage":18.0,"enemies":"The Guardian","floor":16.0,"turns":9.0},{"damage":0.0,"enemies":"2 Thieves","floor":18.0,"turns":1.0},{"damage":9.0,"enemies":"Shell Parasite","floor":21.0,"turns":4.0},{"damage":2.0,"enemies":"Masked Bandits","floor":24.0,"turns":2.0},{"damage":0.0,"enemies":"Book of Stabbing","floor":25.0,"turns":3.0},{"damage":18.0,"enemies":"Gremlin Leader","floor":27.0,"turns":4.0},{"damage":0.0,"enemies":"Centurion and Healer","floor":29.0,"turns":3.0},{"damage":3.0,"enemies":"Chosen and Byrds","floor":30.0,"turns":6.0},{"damage":41.0,"enemies":"Automaton","floor":33.0,"turns":8.0},{"damage":0.0,"enemies":"3 Shapes","floor":35.0,"turns":2.0},{"damage":0,"enemies":"Orb Walker","floor":37,"turns":3},{"damage":5,"enemies":"2 Orb Walkers","floor":38,"turns":4},{"damage":10,"enemies":"Giant Head","floor":40,"turns":6},{"damage":0,"enemies":"Nemesis","floor":41,"turns":5},{"damage":0,"enemies":"Reptomancer","floor":44,"turns":3},{"damage":0,"enemies":"Giant Head","floor":45,"turns":5},{"damage":39,"enemies":"Time Eater","floor":50,"turns":7}],"seed_played":"-822884808685136565","potions_obtained":[{"floor":5.0,"key":"StancePotion"},{"floor":13.0,"key":"Energy Potion"},{"floor":16.0,"key":"Block Potion"},{"floor":18.0,"key":"Energy Potion"},{"floor":37,"key":"Ambrosia"}],"is_trial":false,"path_per_floor":["M","$","?","?","M","R","E","R","T","?","M","$","M","?","R","B",null,"M","?","$","M","?","R","?","E","T","E","R","M","M","?","R","B",null,"M","?","M","?","$","E","E","R","T","E","E","R","$","?","R","B",null],"character_chosen":"WATCHER","items_purchased":["FlurryOfBlows","Alpha+1","Ice Cream","DollysMirror"],"campfire_rested":0,"item_purchase_floors":[12,20,47,47],"current_hp_per_floor":[65,65,65,70,70,70,55,55,55,55,55,55,43,39,39,23,64,68,68,68,65,65,65,69,75,75,59,59,65,70,70,70,49,72,79,79,81,82,82,75,97,97,104,106,108,108,108,108,108,79],"gold":50,"neow_bonus":"ONE_RANDOM_RARE_CARD","is_daily":false,"chose_seed":false,"campfire_upgraded":6,"win_rate":0.0,"timestamp":1608919525,"path_taken":["M","$","?","?","M","R","E","R","T","?","?","$","M","?","R","BOSS","M","?","$","M","?","R","?","E","T","E","R","M","M","?","R","BOSS","M","?","M","?","$","E","E","R","T","E","E","R","$","?","R","BOSS"],"items_purchased_type":["Card","Card","Relic","Relic"],"build_version":"2020-12-22","purchased_purges":3,"victory":true,"max_hp_per_floor":[72,72,72,77,77,77,77,77,77,77,77,77,77,77,77,77,77,77,77,77,77,77,77,77,77,77,77,77,77,79,79,79,79,79,79,79,81,83,83,85,97,97,104,106,108,108,108,108,108,108],"card_choices":[{"not_picked":["SashWhip","Meditate","ClearTheMind"],"picked":"SKIP","floor":1.0},{"not_picked":["EmptyBody","Evaluate"],"picked":"CrushJoints","floor":5.0},{"not_picked":["Sanctity","TalkToTheHand"],"picked":"MentalFortress","floor":7.0},{"not_picked":["ThirdEye+1","BowlingBash"],"picked":"ClearTheMind+1","floor":11.0},{"not_picked":["ClearTheMind+1","Wallop","WaveOfTheHand+1"],"picked":"SKIP","floor":13.0},{"not_picked":["Scrawl+1","EmptyBody+1"],"picked":"ForeignInfluence+1","floor":14.0},{"not_picked":["SpiritShield+1","Establishment"],"picked":"MasterReality","floor":16.0},{"not_picked":["CrushJoints","BowlingBash"],"picked":"Evaluate+1","floor":18.0},{"not_picked":["Prostrate+1","FlurryOfBlows","FlyingSleeves"],"picked":"SKIP","floor":21.0},{"not_picked":["Meditate+1","Protect+1","WindmillStrike"],"picked":"SKIP","floor":25.0},{"not_picked":["FollowUp+1","Evaluate+1"],"picked":"TalkToTheHand","floor":27.0},{"not_picked":["BattleHymn","PathToVictory+1"],"picked":"FollowUp","floor":29.0},{"not_picked":["ReachHeaven","ThirdEye+1","ClearTheMind+1"],"picked":"Singing Bowl","floor":30.0},{"not_picked":["Establishment","Brilliance"],"picked":"DevaForm","floor":33.0},{"not_picked":["JustLucky+1","CrushJoints"],"picked":"Study+1","floor":35.0},{"not_picked":["Perseverance+1","ReachHeaven+1","FlurryOfBlows+1"],"picked":"Singing Bowl","floor":37},{"not_picked":["FollowUp+1","Consecrate","ClearTheMind+1"],"picked":"Singing Bowl","floor":38},{"not_picked":["JustLucky","Indignation+1","Protect+1"],"picked":"Singing Bowl","floor":40},{"not_picked":["Wireheading+1","FlyingSleeves+1","WaveOfTheHand+1"],"picked":"Singing Bowl","floor":41},{"not_picked":["ForeignInfluence+1","Brilliance","FlurryOfBlows+1"],"picked":"Singing Bowl","floor":44},{"not_picked":["CarveReality","Prostrate+1","InnerPeace+1"],"picked":"Singing Bowl","floor":45}],"player_experience":376394,"relics_obtained":[{"floor":7.0,"key":"TeardropLocket"},{"floor":9.0,"key":"Toxic Egg 2"},{"floor":14.0,"key":"Bird Faced Urn"},{"floor":24.0,"key":"Red Mask"},{"floor":25.0,"key":"Anchor"},{"floor":26.0,"key":"Singing Bowl"},{"floor":27.0,"key":"Meat on the Bone"},{"floor":38,"key":"WingedGreaves"},{"floor":40,"key":"War Paint"},{"floor":41,"key":"Pear"},{"floor":43,"key":"Strawberry"},{"floor":44,"key":"Ancient Tea Set"},{"floor":45,"key":"Bag of Marbles"}],"event_choices":[{"damage_healed":0.0,"max_hp_gain":0.0,"max_hp_loss":0.0,"gold_gain":0.0,"event_name":"Shining Light","player_choice":"Ignored","floor":3.0,"gold_loss":0.0,"damage_taken":0.0},{"damage_healed":0.0,"max_hp_gain":5.0,"max_hp_loss":0.0,"gold_gain":0.0,"event_name":"Big Fish","player_choice":"Donut","floor":4.0,"gold_loss":0.0,"damage_taken":0.0},{"cards_removed":["Defend_P"],"damage_healed":0.0,"max_hp_gain":0.0,"max_hp_loss":0.0,"gold_gain":0.0,"event_name":"Bonfire Elementals","player_choice":"Offered Basic","floor":10.0,"gold_loss":0.0,"damage_taken":0.0},{"damage_healed":0.0,"max_hp_gain":0.0,"max_hp_loss":0.0,"gold_gain":0.0,"event_name":"Dead Adventurer","player_choice":"Searched \u00271\u0027 times","floor":14.0,"gold_loss":0.0,"damage_taken":0.0},{"damage_healed":0.0,"max_hp_gain":0.0,"max_hp_loss":0.0,"gold_gain":0.0,"event_name":"The Library","player_choice":"Read","floor":19.0,"gold_loss":0.0,"damage_taken":0.0,"cards_obtained":["Adaptation"]},{"damage_healed":0.0,"max_hp_gain":0.0,"max_hp_loss":0.0,"gold_gain":0.0,"cards_transformed":["Defend_P","Strike_P"],"event_name":"Drug Dealer","player_choice":"Became Test Subject","floor":22.0,"gold_loss":0.0,"damage_taken":0.0,"cards_obtained":["Tantrum","Crescendo"]},{"damage_healed":0.0,"max_hp_gain":0.0,"max_hp_loss":0.0,"gold_gain":0.0,"event_name":"Masked Bandits","player_choice":"Fought Bandits","floor":24.0,"gold_loss":0.0,"damage_taken":0.0},{"damage_healed":0.0,"max_hp_gain":0.0,"max_hp_loss":0.0,"gold_gain":0.0,"event_name":"Addict","player_choice":"Obtained Relic","floor":31.0,"gold_loss":85.0,"damage_taken":0.0,"relics_obtained":["Peace Pipe"]},{"damage_healed":0.0,"max_hp_gain":0.0,"max_hp_loss":0.0,"gold_gain":222.0,"event_name":"Tomb of Lord Red Mask","player_choice":"Wore Mask","floor":36.0,"gold_loss":0.0,"damage_taken":0.0},{"damage_healed":0,"gold_gain":0,"player_choice":"Fight","damage_taken":0,"max_hp_gain":0,"max_hp_loss":0,"event_name":"Mysterious Sphere","floor":38,"gold_loss":0},{"cards_removed":["FollowUp"],"damage_healed":0,"gold_gain":0,"player_choice":"Removed Attack","damage_taken":0,"max_hp_gain":0,"max_hp_loss":0,"event_name":"Falling","floor":48,"gold_loss":0}],"is_beta":false,"boss_relics":[{"not_picked":["Calling Bell","Velvet Choker"],"picked":"SacredBark"},{"not_picked":["Tiny House","Runic Dome"],"picked":"Fusion Hammer"}],"items_purged_floors":[2,20,39],"is_endless":false,"potions_floor_spawned":[5,13,16,18,30,33,37,40,41],"ascension_level":5}}