{"host":"8xt6qtpg1rkermdd","time":1608896990,"event":{"mods":["AchievementEnabler","Astrologer","Bard","BaseMod","Colored Powertips","Downfall","Hermit","Highlight Path","Hubris","Infinite Spire","Jorbs\u0027s Wanderer Trilogy","Minty Spire (QoL Compilation)","Replay The Spire","Shade Mod","StSLib","The Blackbeard","The Bladedancer","The Bug Knight","The Construct","The Cursed","The Disciple","The Dragon Tamer","The Gatherer","The Hayseed","The Marked","The Runesmith","The Servant 0.9.4","TheArtist","TheBandit"],"gold_per_floor":[114,128,128,25,37,63,75,75,125,125,125,140,156,167,167,167,167],"floor_reached":16,"playtime":843,"items_purged":[],"score":104,"play_id":"473be7f0-beeb-497a-b6ce-8625ca96debb","local_time":"20201225054950","is_ascension_mode":false,"campfire_choices":[{"data":"astrologer:Confirmation","floor":11,"key":"SMITH"},{"floor":15,"key":"REST"}],"circlet_count":0,"master_deck":["astrologer:Strike","astrologer:Strike","astrologer:Strike","astrologer:Strike","astrologer:Defend","astrologer:Defend","astrologer:Defend","astrologer:NorthStar","astrologer:TheFool+1","astrologer:Opposition","astrologer:Novile","astrologer:Conjunction","astrologer:Confirmation+1","astrologer:Prestidigitation","astrologer:Conjunction","astrologer:FrozenStar","astrologer:Prismatic","astrologer:FrozenStar","astrologer:FrozenStar"],"relics":["astrologer:SkyMirror","Runesmith:AutoHammer","hubris:MobiusCoin"],"acts_visited":["Exordium"],"potions_floor_usage":[16],"damage_taken":[{"damage":0,"enemies":"2 Louse","floor":1,"turns":3},{"damage":2,"enemies":"Small Slimes","floor":2,"turns":3},{"damage":0,"enemies":"Cultist","floor":5,"turns":3},{"damage":42,"enemies":"Lagavulin","floor":6,"turns":8},{"damage":4,"enemies":"2 Fungi Beasts","floor":7,"turns":5},{"damage":11,"enemies":"Exordium Wildlife","floor":12,"turns":5},{"damage":7,"enemies":"Blue Slaver","floor":13,"turns":4},{"damage":1,"enemies":"3 Louse","floor":14,"turns":4},{"damage":44,"enemies":"Fading Forest","floor":16,"turns":7}],"seed_played":"3956464201034452992","potions_obtained":[{"floor":5,"key":"SneckoOil"},{"floor":7,"key":"Guardian:BlockOnCardUsePotion"},{"floor":14,"key":"Block Potion"}],"is_trial":false,"path_per_floor":["M","M","?","$","M","E","M","?","T","?","R","M","M","M","R","B"],"character_chosen":"ASTROLOGER","items_purchased":["astrologer:Conjunction","astrologer:Confirmation"],"campfire_rested":1,"item_purchase_floors":[4,4],"current_hp_per_floor":[77,75,75,75,75,33,29,29,29,29,29,18,11,10,33,0,0],"gold":167,"neow_bonus":"TEN_PERCENT_HP_BONUS","is_daily":false,"chose_seed":false,"campfire_upgraded":1,"win_rate":0.0,"timestamp":1608896990,"path_taken":["M","M","?","$","M","E","M","?","T","?","R","M","?","M","R","BOSS"],"items_purchased_type":["Card","Card"],"build_version":"2020-12-22","purchased_purges":0,"victory":false,"max_hp_per_floor":[77,77,77,77,77,77,77,77,77,77,77,77,77,77,77,77,77],"card_choices":[{"not_picked":["astrologer:ReadTheStars","astrologer:Moonlight"],"picked":"astrologer:Opposition","floor":1},{"not_picked":["astrologer:GlassStar","astrologer:StarOfChange"],"picked":"astrologer:Novile","floor":2},{"not_picked":["astrologer:Radiance","astrologer:Confirmation"],"picked":"astrologer:Prestidigitation","floor":5},{"not_picked":["astrologer:Alignment","astrologer:ReadTheStars"],"picked":"astrologer:Conjunction","floor":6},{"not_picked":["astrologer:SpaceDust","astrologer:TheLovers"],"picked":"astrologer:FrozenStar","floor":7},{"not_picked":["astrologer:ReadTheStars","astrologer:FrozenStar"],"picked":"astrologer:Prismatic","floor":12},{"not_picked":["astrologer:Moonlight","astrologer:Radiance"],"picked":"astrologer:FrozenStar","floor":13},{"not_picked":["astrologer:Conjunction","astrologer:Radiance"],"picked":"astrologer:FrozenStar","floor":14}],"player_experience":31418,"relics_obtained":[{"floor":6,"key":"Runesmith:AutoHammer"},{"floor":9,"key":"hubris:MobiusCoin"}],"event_choices":[{"cards_removed":["astrologer:Defend"],"damage_healed":0,"gold_gain":0,"player_choice":"Card Removal","damage_taken":0,"max_hp_gain":0,"max_hp_loss":0,"event_name":"Wheel of Change","floor":10,"gold_loss":0}],"is_beta":false,"boss_relics":[],"items_purged_floors":[],"is_endless":false,"potions_floor_spawned":[5,7,14],"killed_by":"Fading Forest","ascension_level":0}}