{"host":"1tkoe3l8wf0xx8if","time":1608916930,"event":{"mods":["AchievementEnabler","BaseMod","Colored Map","Minty Spire (QoL Compilation)","Quick Restart","StSLib","SuperFastMode"],"gold_per_floor":[119,119,119,119,139,170,170,210,210,210,241,241,315,338,338,434,434,459,48,48,72,88,88,129,129,156,195,210,210,245,263,263,353,353,366,390,146,161,494,527,527,546,546,28,42,42,53,67,67,67],"floor_reached":51,"playtime":1858,"items_purged":["Strike_R","Bash","Blood for Blood"],"score":1321,"play_id":"e83200df-f150-4f24-8ae5-63b3dc47107e","local_time":"20201226022210","is_ascension_mode":true,"campfire_choices":[{"data":"Uppercut","floor":7,"key":"SMITH"},{"data":"Inflame","floor":12,"key":"SMITH"},{"data":"Double Tap","floor":15,"key":"SMITH"},{"data":"Pommel Strike","floor":23,"key":"SMITH"},{"data":"Second Wind","floor":25,"key":"SMITH"},{"data":"Demon Form","floor":29,"key":"SMITH"},{"data":"Heavy Blade","floor":32,"key":"SMITH"},{"data":"Corruption","floor":41,"key":"SMITH"},{"data":"Offering","floor":46,"key":"SMITH"},{"data":"Battle Trance","floor":49,"key":"SMITH"}],"circlet_count":0,"master_deck":["AscendersBane","Defend_R+1","Defend_R+1","Defend_R+1","Flex+1","Double Tap+1","Evolve","Uppercut+1","Headbutt","Inflame+1","Pommel Strike+1","Pummel","Offering+1","Shockwave+1","Berserk+1","Immolate+1","Warcry+1","Master of Strategy","Dropkick","Second Wind+1","Demon Form+1","Battle Trance+1","Sentinel","Heavy Blade+1","Corruption+1","Feel No Pain","Reaper","Dropkick+1","Sentinel+1"],"relics":["Burning Blood","NeowsBlessing","TungstenRod","MealTicket","Pear","Matryoshka","Happy Flower","Astrolabe","War Paint","Ice Cream","Centennial Puzzle","Red Skull","Ornamental Fan","Blood Vial","Coffee Dripper","Art of War","Self Forming Clay","Incense Burner","Ancient Tea Set","White Beast Statue"],"acts_visited":["Exordium","TheCity","TheBeyond"],"potions_floor_usage":[11,13,16,36,40,45,50],"damage_taken":[{"damage":0,"enemies":"2 Louse","floor":1,"turns":1},{"damage":0,"enemies":"Jaw Worm","floor":5,"turns":1},{"damage":0,"enemies":"3 Sentries","floor":6,"turns":2},{"damage":18,"enemies":"Lagavulin","floor":8,"turns":6},{"damage":11,"enemies":"Gremlin Nob","floor":11,"turns":3},{"damage":26,"enemies":"Lagavulin Event","floor":13,"turns":4},{"damage":2,"enemies":"Small Slimes","floor":14,"turns":3},{"damage":22,"enemies":"The Guardian","floor":16,"turns":8},{"damage":5,"enemies":"Spheric Guardian","floor":18,"turns":1},{"damage":5,"enemies":"Shell Parasite","floor":21,"turns":2},{"damage":12,"enemies":"Centurion and Healer","floor":22,"turns":3},{"damage":22,"enemies":"Book of Stabbing","floor":24,"turns":3},{"damage":11,"enemies":"Slavers","floor":27,"turns":4},{"damage":0,"enemies":"Snake Plant","floor":28,"turns":2},{"damage":13,"enemies":"Book of Stabbing","floor":30,"turns":3},{"damage":23,"enemies":"Shelled Parasite and Fungi","floor":31,"turns":2},{"damage":30,"enemies":"Automaton","floor":33,"turns":6},{"damage":5,"enemies":"3 Darklings","floor":35,"turns":2},{"damage":0,"enemies":"Orb Walker","floor":36,"turns":2},{"damage":3,"enemies":"Jaw Worm Horde","floor":38,"turns":2},{"damage":39,"enemies":"Reptomancer","floor":40,"turns":3},{"damage":5,"enemies":"Sphere and 2 Shapes","floor":42,"turns":3},{"damage":19,"enemies":"Maw","floor":45,"turns":4},{"damage":12,"enemies":"Jaw Worm Horde","floor":47,"turns":2},{"damage":28,"enemies":"Transient","floor":48,"turns":5},{"damage":26,"enemies":"Time Eater","floor":50,"turns":5}],"seed_played":"-3694330296330079458","potions_obtained":[{"floor":6,"key":"Strength Potion"},{"floor":8,"key":"Ancient Potion"},{"floor":11,"key":"GamblersBrew"},{"floor":13,"key":"Strength Potion"},{"floor":22,"key":"SneckoOil"},{"floor":27,"key":"DistilledChaos"},{"floor":28,"key":"Energy Potion"},{"floor":30,"key":"BloodPotion"},{"floor":36,"key":"Regen Potion"},{"floor":42,"key":"FearPotion"},{"floor":45,"key":"SteroidPotion"},{"floor":47,"key":"Swift Potion"},{"floor":48,"key":"DuplicationPotion"}],"is_trial":false,"path_per_floor":["M","?","?","?","M","E","R","E","T","?","E","R","?","M","R","B",null,"M","$","?","M","M","R","E","R","T","E","M","R","E","M","R","B",null,"M","M","$","M","?","E","R","M","T","$","M","R","M","M","R","B",null],"character_chosen":"IRONCLAD","items_purchased":["War Paint","Master of Strategy","Reaper","Ancient Tea Set","White Beast Statue"],"campfire_rested":0,"item_purchase_floors":[19,19,37,44,44],"current_hp_per_floor":[78,78,78,58,64,70,70,58,68,51,46,46,26,30,30,14,71,72,87,87,88,82,82,66,66,66,61,67,67,60,45,45,23,73,76,90,90,90,90,66,66,72,72,87,83,83,79,59,59,41],"gold":67,"neow_bonus":"THREE_ENEMY_KILL","is_daily":false,"chose_seed":false,"campfire_upgraded":10,"win_rate":0.0,"timestamp":1608916930,"path_taken":["M","?","?","?","M","E","R","E","T","?","E","R","?","?","R","BOSS","M","$","?","M","?","R","E","R","T","E","M","R","E","M","R","BOSS","M","M","$","M","?","E","R","M","T","$","M","R","M","M","R","BOSS"],"items_purchased_type":["Relic","Card","Card","Relic","Relic"],"build_version":"2020-12-22","purchased_purges":3,"victory":true,"max_hp_per_floor":[80,80,80,80,80,80,80,80,90,90,90,90,90,90,90,90,90,90,90,90,90,90,90,90,90,90,90,90,90,90,90,90,90,90,90,90,90,90,90,90,90,90,90,90,90,90,90,90,90,90],"card_choices":[{"not_picked":["Heavy Blade","Entrench"],"picked":"Flex","floor":1},{"not_picked":["Sword Boomerang","Shrug It Off"],"picked":"Evolve","floor":5},{"not_picked":["Rupture","Heavy Blade"],"picked":"Uppercut","floor":6},{"not_picked":["Intimidate","Clothesline"],"picked":"Headbutt","floor":8},{"not_picked":["Fiend Fire","Infernal Blade"],"picked":"Inflame","floor":11},{"not_picked":["Perfected Strike","Clothesline"],"picked":"Pommel Strike","floor":13},{"not_picked":["Flame Barrier","Cleave"],"picked":"Pummel","floor":14},{"not_picked":["Feed","Demon Form"],"picked":"Offering","floor":16},{"not_picked":["Cleave","Headbutt+1"],"picked":"Warcry+1","floor":18},{"not_picked":["Armaments","Pommel Strike","Headbutt"],"picked":"SKIP","floor":21},{"not_picked":["Disarm","Iron Wave"],"picked":"Dropkick","floor":22},{"not_picked":["Dropkick","Shockwave"],"picked":"Second Wind","floor":24},{"not_picked":["Hemokinesis","Sword Boomerang"],"picked":"Demon Form","floor":27},{"not_picked":["Ghostly Armor","Shrug It Off"],"picked":"Battle Trance","floor":28},{"not_picked":["Barricade","Iron Wave"],"picked":"Sentinel","floor":30},{"not_picked":["Thunderclap","Iron Wave"],"picked":"Heavy Blade","floor":31},{"not_picked":["Impervious","Exhume"],"picked":"Corruption","floor":33},{"not_picked":["Sword Boomerang+1","Ghostly Armor+1"],"picked":"Feel No Pain","floor":35},{"not_picked":["Combust","Warcry+1","Twin Strike"],"picked":"SKIP","floor":36},{"not_picked":["Searing Blow","Wild Strike","Twin Strike"],"picked":"SKIP","floor":38},{"not_picked":["Flame Barrier","Dual Wield+1","Wild Strike"],"picked":"SKIP","floor":40},{"not_picked":["Perfected Strike","Headbutt"],"picked":"Dropkick+1","floor":42},{"not_picked":["Feel No Pain","Thunderclap+1","Clothesline"],"picked":"SKIP","floor":45},{"not_picked":["Rage","Feel No Pain+1"],"picked":"Sentinel+1","floor":47},{"not_picked":["Shrug It Off","Impervious","Dropkick"],"picked":"SKIP","floor":48}],"player_experience":317084,"relics_obtained":[{"floor":6,"key":"TungstenRod"},{"floor":8,"key":"MealTicket"},{"floor":9,"key":"Pear"},{"floor":11,"key":"Matryoshka"},{"floor":13,"key":"Happy Flower"},{"floor":24,"key":"Ice Cream"},{"floor":26,"key":"Centennial Puzzle"},{"floor":26,"key":"Red Skull"},{"floor":27,"key":"Ornamental Fan"},{"floor":30,"key":"Blood Vial"},{"floor":40,"key":"Art of War"},{"floor":43,"key":"Self Forming Clay"},{"floor":43,"key":"Incense Burner"}],"event_choices":[{"damage_healed":0,"gold_gain":0,"player_choice":"Ignored","damage_taken":0,"max_hp_gain":0,"max_hp_loss":0,"event_name":"Liars Game","floor":2,"gold_loss":0},{"damage_healed":0,"gold_gain":0,"cards_transformed":["Strike_R"],"player_choice":"Change","damage_taken":0,"max_hp_gain":0,"max_hp_loss":0,"event_name":"Living Wall","floor":3,"gold_loss":0,"cards_obtained":["Double Tap"]},{"damage_healed":0,"gold_gain":0,"player_choice":"Take Damage","damage_taken":20,"relics_obtained":["Golden Idol"],"max_hp_gain":0,"max_hp_loss":0,"event_name":"Golden Idol","floor":4,"gold_loss":0},{"damage_healed":0,"gold_gain":0,"player_choice":"Entered Light","damage_taken":18,"max_hp_gain":0,"max_hp_loss":0,"event_name":"Shining Light","floor":10,"gold_loss":0,"cards_upgraded":["Flex","Defend_R"]},{"damage_healed":0,"gold_gain":30,"player_choice":"Searched \u00273\u0027 times","damage_taken":0,"max_hp_gain":0,"max_hp_loss":0,"event_name":"Dead Adventurer","floor":13,"gold_loss":0},{"damage_healed":0,"gold_gain":0,"cards_transformed":["Defend_R"],"player_choice":"Transformed","damage_taken":0,"max_hp_gain":0,"max_hp_loss":0,"event_name":"Transmorgrifier","floor":20,"gold_loss":0,"cards_obtained":["Blood for Blood"]},{"damage_healed":0,"gold_gain":333,"player_choice":"Gave Idol","damage_taken":0,"max_hp_gain":0,"max_hp_loss":0,"event_name":"The Moai Head","floor":39,"relics_lost":["Golden Idol"],"gold_loss":0}],"is_beta":false,"boss_relics":[{"not_picked":["Runic Pyramid","Black Star"],"picked":"Astrolabe"},{"not_picked":["SacredBark","Sozu"],"picked":"Coffee Dripper"}],"items_purged_floors":[19,37,44],"is_endless":false,"potions_floor_spawned":[6,8,11,13,22,27,28,30,36,42,45,47,48],"ascension_level":13}}