{"host":"sav7uxregyirlf69","time":1608894638,"event":{"mods":["AchievementEnabler","BaseMod","Colored Map","DeckTracker","Keyboard Shortcuts","Minty Spire (QoL Compilation)","READ ME - Guardian Mod","StSLib","SuperFastMode"],"gold_per_floor":[119,138,138,138,138,138,152,152,224,240,240,44,62,80,80,173,173,187,187,208,208,208,208,258,258,258,258,274,274,290,7,7,100,100,121,145,145,145,168,168,199,214,214,238,238,238],"floor_reached":45,"playtime":896,"items_purged":["Strike_B"],"score":941,"play_id":"67687b57-104a-4e27-8380-6860f0b4518e","local_time":"20201225201038","is_ascension_mode":true,"campfire_choices":[{"floor":6.0,"key":"REST"},{"data":"Force Field","floor":8.0,"key":"SMITH"},{"data":"Reinforced Body","floor":15.0,"key":"SMITH"},{"data":"Echo Form","floor":23.0,"key":"SMITH"},{"data":"Glacier","floor":25.0,"key":"SMITH"},{"data":"Doom and Gloom","floor":27.0,"key":"SMITH"},{"data":"Sunder","floor":29.0,"key":"SMITH"},{"data":"Blizzard","floor":32.0,"key":"SMITH"},{"data":"The Bomb","floor":40,"key":"SMITH"}],"circlet_count":0,"master_deck":["AscendersBane","Strike_B","Defend_B","Defend_B","Defend_B","Defend_B","Zap","Dualcast","Force Field+1","Reinforced Body+1","Echo Form+1","Streamline","Doom and Gloom+1","Glacier+1","Thunder Strike","Sunder+1","Self Repair+1","Glacier+1","Blizzard+1","Echo Form+1","Streamline+1","The Bomb+1","The Bomb","Skim+1"],"relics":["Snecko Eye","Golden Idol","Letter Opener","Sozu","Frozen Egg 2","DollysMirror","Inserter","Smiling Mask","Mummified Hand"],"acts_visited":["Exordium","TheCity","TheBeyond"],"potions_floor_usage":[],"damage_taken":[{"damage":14.0,"enemies":"Jaw Worm","floor":1.0,"turns":5.0},{"damage":12.0,"enemies":"Small Slimes","floor":2.0,"turns":5.0},{"damage":6.0,"enemies":"2 Louse","floor":7.0,"turns":3.0},{"damage":33.0,"enemies":"Exordium Wildlife","floor":10.0,"turns":5.0},{"damage":1.0,"enemies":"2 Fungi Beasts","floor":13.0,"turns":5.0},{"damage":5.0,"enemies":"Looter","floor":14.0,"turns":3.0},{"damage":3.0,"enemies":"Hexaghost","floor":16.0,"turns":8.0},{"damage":0.0,"enemies":"Spheric Guardian","floor":18.0,"turns":3.0},{"damage":3.0,"enemies":"3 Byrds","floor":20.0,"turns":7.0},{"damage":14.0,"enemies":"Shelled Parasite and Fungi","floor":28.0,"turns":4.0},{"damage":0.0,"enemies":"Snecko","floor":30.0,"turns":4.0},{"damage":16.0,"enemies":"Champ","floor":33.0,"turns":10.0},{"damage":0,"enemies":"3 Shapes","floor":35,"turns":3},{"damage":7,"enemies":"Orb Walker","floor":39,"turns":4},{"damage":0,"enemies":"Nemesis","floor":41,"turns":7},{"damage":19,"enemies":"4 Shapes","floor":42,"turns":3},{"damage":46,"enemies":"3 Darklings","floor":44,"turns":5},{"damage":25,"enemies":"Spire Growth","floor":45,"turns":3}],"seed_played":"-2377762094432654996","potions_obtained":[{"floor":1.0,"key":"EssenceOfSteel"},{"floor":7.0,"key":"Block Potion"}],"is_trial":false,"path_per_floor":["M","M","?","?","?","R","M","R","T","M","?","$","M","M","R","B",null,"M","?","M","?","?","R","?","R","T","R","M","R","M","$","R","B",null,"M","T","?","?","M","R","E","M","T","M","M"],"character_chosen":"DEFECT","items_purchased":["Echo Form","Streamline","DollysMirror","Blizzard"],"campfire_rested":1,"item_purchase_floors":[12,12,31,31],"current_hp_per_floor":[50,38,38,31,36,56,50,50,50,17,17,17,16,11,11,8,54,54,54,51,51,51,51,51,51,51,51,37,37,37,37,37,31,60,69,69,69,59,69,69,69,50,50,24,0,0],"gold":238,"neow_bonus":"BOSS_RELIC","is_daily":false,"chose_seed":false,"campfire_upgraded":8,"win_rate":0.0,"timestamp":1608894638,"path_taken":["M","M","?","?","?","R","M","R","T","?","?","?","M","M","R","BOSS","M","?","M","?","?","R","?","R","T","R","?","R","M","$","R","BOSS","BOSS","M","?","?","?","M","R","E","M","T","?","M"],"items_purchased_type":["Card","Card","Relic","Card"],"build_version":"2020-12-22","purchased_purges":1,"victory":false,"max_hp_per_floor":[71,71,64,64,69,69,69,69,69,69,69,69,69,69,69,69,69,69,69,69,69,69,69,69,69,69,69,69,69,69,69,69,69,69,69,69,69,69,69,69,69,69,69,69,69,69],"card_choices":[{"not_picked":["Barrage","Stack","Steam Power"],"picked":"SKIP","floor":1.0},{"not_picked":["Leap","Loop","Turbo"],"picked":"SKIP","floor":2.0},{"not_picked":["Steam Power","Conserve Battery"],"picked":"Force Field","floor":7.0},{"not_picked":["Leap","Compile Driver"],"picked":"Reinforced Body","floor":10.0},{"not_picked":["Self Repair","Chill"],"picked":"Doom and Gloom","floor":13.0},{"not_picked":["Static Discharge","Conserve Battery"],"picked":"Glacier","floor":14.0},{"not_picked":["Buffer","Amplify"],"picked":"Thunder Strike","floor":16.0},{"not_picked":["Turbo+1","Redo","Rebound"],"picked":"SKIP","floor":18.0},{"not_picked":["Hologram","Turbo","Redo"],"picked":"SKIP","floor":20.0},{"not_picked":["Redo","Stack"],"picked":"Sunder","floor":28.0},{"not_picked":["Reinforced Body","Go for the Eyes"],"picked":"Self Repair+1","floor":30.0},{"not_picked":["Biased Cognition+1","Electrodynamics+1"],"picked":"Echo Form+1","floor":33},{"not_picked":["Turbo","Compile Driver+1"],"picked":"Streamline+1","floor":35},{"not_picked":["Trip","Swift Strike"],"picked":"The Bomb","floor":38},{"not_picked":["Impatience","Mind Blast"],"picked":"The Bomb","floor":38},{"not_picked":["Beam Cell+1","Leap","Cold Snap+1"],"picked":"SKIP","floor":39},{"not_picked":["Barrage+1","Gash","Go for the Eyes+1"],"picked":"SKIP","floor":41},{"not_picked":["Turbo","Ball Lightning","Go for the Eyes"],"picked":"SKIP","floor":42},{"not_picked":["Ball Lightning+1","Barrage"],"picked":"Skim+1","floor":44}],"player_experience":1010157,"relics_obtained":[{"floor":9.0,"key":"Letter Opener"},{"floor":26.0,"key":"Frozen Egg 2"},{"floor":41,"key":"Smiling Mask"},{"floor":43,"key":"Mummified Hand"}],"event_choices":[{"damage_healed":0.0,"max_hp_gain":0.0,"max_hp_loss":7.0,"gold_gain":0.0,"event_name":"Golden Idol","player_choice":"Lose Max HP","floor":3.0,"gold_loss":0.0,"damage_taken":0.0,"relics_obtained":["Golden Idol"]},{"cards_removed":["Strike_B"],"damage_healed":0.0,"max_hp_gain":0.0,"max_hp_loss":0.0,"gold_gain":0.0,"event_name":"Golden Wing","player_choice":"Card Removal","floor":4.0,"gold_loss":0.0,"damage_taken":7.0},{"damage_healed":0.0,"max_hp_gain":5.0,"max_hp_loss":0.0,"gold_gain":0.0,"event_name":"Big Fish","player_choice":"Donut","floor":5.0,"gold_loss":0.0,"damage_taken":0.0},{"damage_healed":0.0,"max_hp_gain":0.0,"max_hp_loss":0.0,"gold_gain":0.0,"event_name":"Liars Game","player_choice":"Ignored","floor":11.0,"gold_loss":0.0,"damage_taken":0.0},{"damage_healed":0.0,"max_hp_gain":0.0,"max_hp_loss":0.0,"gold_gain":0.0,"event_name":"Ghosts","player_choice":"Ignored","floor":19.0,"gold_loss":0.0,"damage_taken":0.0},{"cards_removed":["Strike_B"],"damage_healed":0.0,"max_hp_gain":0.0,"max_hp_loss":0.0,"gold_gain":0.0,"event_name":"Back to Basics","player_choice":"Elegance","floor":21.0,"gold_loss":0.0,"damage_taken":0.0},{"damage_healed":0.0,"max_hp_gain":0.0,"max_hp_loss":0.0,"gold_gain":0.0,"event_name":"Vampires","player_choice":"Ignored","floor":22.0,"gold_loss":0.0,"damage_taken":0.0},{"damage_healed":0.0,"max_hp_gain":0.0,"max_hp_loss":0.0,"gold_gain":100.0,"event_name":"The Joust","player_choice":"Bet on Murderer","floor":24.0,"gold_loss":50.0,"damage_taken":0.0},{"damage_healed":0,"gold_gain":0,"player_choice":"Ignored","damage_taken":0,"max_hp_gain":0,"max_hp_loss":0,"event_name":"Tomb of Lord Red Mask","floor":37,"gold_loss":0},{"damage_healed":0,"gold_gain":0,"player_choice":"Memory 3","damage_taken":10,"max_hp_gain":0,"max_hp_loss":0,"event_name":"SensoryStone","floor":38,"gold_loss":0}],"is_beta":false,"boss_relics":[{"not_picked":["Cursed Key","Coffee Dripper"],"picked":"Sozu"},{"not_picked":["Nuclear Battery","SacredBark"],"picked":"Inserter"}],"items_purged_floors":[31],"is_endless":false,"potions_floor_spawned":[1,7,10,14,28,33,42],"killed_by":"Spire Growth","ascension_level":20}}