{"host":"w3q5ijqu8eoknil3","time":1608933080,"event":{"mods":["BaseMod","Block Reminder","Colored Powertips","Minty Spire (QoL Compilation)","Quick Restart","Relic Stats","ojb\u0027s Better Paths Mod","ojb\u0027s Info Mod","slay the spire mod where everything is the same but ironclad has a cowboy hat"],"gold_per_floor":[116,116,116,116,96,129,129,156,227,242,256,256,282,24,24,24,24],"floor_reached":16,"playtime":364,"items_purged":[],"score":282,"play_id":"0b6afd1b-68ad-405d-bdf0-ecac653270ca","local_time":"20201225215120","is_ascension_mode":true,"campfire_choices":[{"data":"Havoc","floor":7,"key":"SMITH"},{"floor":12,"key":"REST"},{"floor":15,"key":"REST"}],"circlet_count":0,"master_deck":["AscendersBane","Strike_R","Strike_R","Strike_R","Strike_R","Defend_R","Defend_R","Defend_R","Bash","Flex","Havoc+1","Rampage","Carnage","Thunderclap","Cleave","Impervious","Reaper"],"relics":["Busted Crown","Shuriken","Tiny Chest","Blue Candle","FossilizedHelix"],"acts_visited":["Exordium"],"potions_floor_usage":[6,6,10,13,13],"damage_taken":[{"damage":14,"enemies":"Jaw Worm","floor":1,"turns":4},{"damage":19,"enemies":"Gremlin Nob","floor":6,"turns":4},{"damage":25,"enemies":"Lagavulin","floor":8,"turns":5},{"damage":0,"enemies":"Small Slimes","floor":10,"turns":1},{"damage":0,"enemies":"2 Louse","floor":11,"turns":2},{"damage":0,"enemies":"Gremlin Nob","floor":13,"turns":2},{"damage":60,"enemies":"The Guardian","floor":16,"turns":9}],"seed_played":"-2337540011951659905","potions_obtained":[{"floor":1,"key":"Block Potion"},{"floor":5,"key":"LiquidMemories"},{"floor":6,"key":"LiquidMemories"},{"floor":8,"key":"Explosive Potion"},{"floor":11,"key":"Swift Potion"}],"is_trial":false,"path_per_floor":["M","?","?","?","?","E","R","E","T","M","M","R","E","$","R","B"],"character_chosen":"IRONCLAD","items_purchased":["Impervious","Reaper"],"campfire_rested":2,"item_purchase_floors":[14,14],"current_hp_per_floor":[54,54,54,47,47,28,28,3,3,3,3,25,25,25,47,0,0],"gold":24,"neow_bonus":"BOSS_RELIC","is_daily":false,"chose_seed":false,"campfire_upgraded":1,"win_rate":0.0,"timestamp":1608933080,"path_taken":["M","?","?","?","?","E","R","E","T","?","M","R","E","?","R","BOSS"],"items_purchased_type":["Card","Card"],"build_version":"2020-12-22","purchased_purges":0,"victory":false,"max_hp_per_floor":[75,75,75,75,75,75,75,75,75,75,75,75,75,75,75,75,75],"relic_stats":{"Busted Crown":12,"counters":[7,27],"Shuriken":[7],"Blue Candle":[0],"Tiny Chest":0,"obtain_stats":[{"Busted Crown":0,"Shuriken":6,"Blue Candle":9,"Tiny Chest":8,"Burning Blood":0,"FossilizedHelix":13},{"Busted Crown":0,"Shuriken":2,"Blue Candle":3,"Tiny Chest":3,"Burning Blood":0,"FossilizedHelix":6},{"Busted Crown":0,"Shuriken":8,"Blue Candle":13,"Tiny Chest":13,"Burning Blood":0,"FossilizedHelix":18}]},"card_choices":[{"not_picked":["Rupture"],"picked":"SKIP","floor":1},{"not_picked":[],"picked":"Havoc","floor":6},{"not_picked":[],"picked":"Rampage","floor":8},{"not_picked":[],"picked":"Carnage","floor":10},{"not_picked":[],"picked":"Thunderclap","floor":11},{"not_picked":[],"picked":"Cleave","floor":13}],"player_experience":946162,"relics_obtained":[{"floor":6,"key":"Shuriken"},{"floor":8,"key":"Tiny Chest"},{"floor":9,"key":"Blue Candle"},{"floor":13,"key":"FossilizedHelix"}],"event_choices":[{"damage_healed":0,"gold_gain":0,"cards_transformed":["Strike_R"],"player_choice":"Change","damage_taken":0,"max_hp_gain":0,"max_hp_loss":0,"event_name":"Living Wall","floor":2,"gold_loss":0,"cards_obtained":["Flex"]},{"damage_healed":0,"gold_gain":0,"player_choice":"Leave","damage_taken":0,"max_hp_gain":0,"max_hp_loss":0,"event_name":"The Cleric","floor":3,"gold_loss":0},{"cards_removed":["Defend_R"],"damage_healed":0,"gold_gain":0,"player_choice":"Card Removal","damage_taken":7,"max_hp_gain":0,"max_hp_loss":0,"event_name":"Golden Wing","floor":4,"gold_loss":0},{"damage_healed":0,"gold_gain":0,"player_choice":"Bought 1 Potion","damage_taken":0,"max_hp_gain":0,"max_hp_loss":0,"event_name":"The Woman in Blue","floor":5,"gold_loss":0}],"is_beta":false,"boss_relics":[],"items_purged_floors":[],"is_endless":false,"potions_floor_spawned":[1,6,8,11],"killed_by":"The Guardian","ascension_level":20}}