{"host":"0rxdudjy6rylha1k","time":1608868172,"event":{"mods":["Aspiration","BaseMod","Colored Map","Colored Powertips","Downfall","Highlight Path","Hubris","Minty Spire (QoL Compilation)","StSLib"],"gold_per_floor":[99,111,135,155,174,274,274,186,336,352,4,4,15,35,60,60,60,60],"floor_reached":16,"playtime":6411,"items_purged":[],"score":125,"play_id":"3dd3b0b0-501c-4314-abea-641cee3b0af3","local_time":"20201224204932","is_ascension_mode":true,"campfire_choices":[{"floor":1.0,"key":"RECALL"},{"floor":12.0,"key":"REST"}],"circlet_count":0,"master_deck":["hexamod:Strike","hexamod:Strike","hexamod:Strike","hexamod:Strike","hexamod:Defend","hexamod:Defend","hexamod:Defend","hexamod:Defend","hexamod:Sear","hexamod:Float","hexamod:SecondSeal","hexamod:SpectralSpark","hexamod:GhostOfSpireFuture","Slimebound:Icky","hexamod:Firestarter","hexamod:ThirdSeal","hexamod:NecessarySacrifice","hexamod:ExtraCrispy","hexamod:AdvancingGuard","hexamod:TimeOfNeed"],"relics":["hexamod:SpiritBrand","Singing Bowl","Letter Opener"],"acts_visited":["Exordium"],"potions_floor_usage":[15,16],"damage_taken":[{"damage":0.0,"enemies":"Cultist","floor":2.0,"turns":3.0},{"damage":2.0,"enemies":"Jaw Worm","floor":3.0,"turns":4.0},{"damage":7.0,"enemies":"Small Slimes","floor":4.0,"turns":3.0},{"damage":4.0,"enemies":"Blue Slaver","floor":5.0,"turns":3.0},{"damage":0.0,"enemies":"downfall:FleeingMerchant","floor":8.0,"turns":4.0},{"damage":3.0,"enemies":"2 Fungi Beasts","floor":10.0,"turns":3.0},{"damage":4.0,"enemies":"downfall:FleeingMerchant","floor":11.0,"turns":4.0},{"damage":8.0,"enemies":"Red Slaver","floor":13.0,"turns":3.0},{"damage":8.0,"enemies":"Blue Slaver","floor":14.0,"turns":3.0},{"damage":0,"enemies":"Exordium Thugs","floor":15,"turns":4},{"damage":74,"enemies":"downfall:Ironclad","floor":16,"turns":9}],"seed_played":"-4754832850690790241","potions_obtained":[{"floor":0.0,"key":"ColorlessPotion"},{"floor":0.0,"key":"SteroidPotion"},{"floor":0.0,"key":"sneckomod:MuddlingPotion"},{"floor":3.0,"key":"EssenceOfSteel"},{"floor":13.0,"key":"Fire Potion"}],"is_trial":false,"path_per_floor":["R","M","M","M","M","?","T","$","?","M","$","R","M","M","M","B"],"character_chosen":"THE_SPIRIT","items_purchased":["hexamod:GhostOfSpireFuture","Letter Opener","hexamod:NecessarySacrifice"],"campfire_rested":1,"item_purchase_floors":[8,11,11],"current_hp_per_floor":[63,63,61,54,50,50,50,52,52,49,45,66,60,52,52,0,0,0],"gold":60,"neow_bonus":"THREE_SMALL_POTIONS","is_daily":false,"chose_seed":false,"campfire_upgraded":0,"win_rate":0.0,"timestamp":1608868172,"path_taken":["R","M","M","M","?","?","T","$","?","M","?","R","M","M","M","BOSS"],"items_purchased_type":["Card","Relic","Card"],"build_version":"2020-12-22","purchased_purges":0,"victory":false,"max_hp_per_floor":[70,70,70,70,70,70,70,72,72,72,72,72,74,74,74,74,74,74],"card_choices":[{"not_picked":["hexamod:Incineration","hexamod:FlamesFromBeyond"],"picked":"hexamod:SecondSeal","floor":2.0},{"not_picked":["hexamod:BacktrackSmack","hexamod:RainOfEmbers"],"picked":"hexamod:SpectralSpark","floor":3.0},{"not_picked":["hexamod:SwordOfDarkness","hexamod:GhostOfSpirePresent","hexamod:NightmareStrike"],"picked":"SKIP","floor":4.0},{"not_picked":["hexamod:RainOfEmbers","hexamod:HauntingEcho","hexamod:PowerFromBeyond"],"picked":"SKIP","floor":5.0},{"not_picked":["hexamod:BurningTouch","hexamod:TurnItUp","hexamod:GhostShield"],"picked":"Singing Bowl","floor":8.0},{"not_picked":["hexamod:InspiringFlames","hexamod:Hexaguard"],"picked":"hexamod:Firestarter","floor":10.0},{"not_picked":["hexamod:Hexaguard","hexamod:Firestarter"],"picked":"hexamod:ThirdSeal","floor":11.0},{"not_picked":["hexamod:PhantomFireball","hexamod:PowerFromBeyond"],"picked":"hexamod:ExtraCrispy","floor":13.0},{"not_picked":["hexamod:ThermalTransfer","hexamod:BurningTouch","hexamod:Again"],"picked":"Singing Bowl","floor":13.0},{"not_picked":["hexamod:SkipABeat","hexamod:BacktrackSmack"],"picked":"hexamod:AdvancingGuard","floor":14.0},{"not_picked":["hexamod:FlamesFromBeyond","hexamod:GhostOfSpireFuture"],"picked":"hexamod:TimeOfNeed","floor":15}],"player_experience":2351917,"relics_obtained":[{"floor":7.0,"key":"Singing Bowl"}],"event_choices":[],"is_beta":false,"boss_relics":[],"items_purged_floors":[],"is_endless":false,"potions_floor_spawned":[3,4,5,13],"killed_by":"downfall:Ironclad","ascension_level":6}}