{"host":"sabve5zmqufxyc5o","time":1608910599,"event":{"mods":["2.2 Compatiblity","AchievementEnabler","Act Like it!","Arknights The Spire","BaseMod","Block Reminder","Colored Map","Colored Powertips","DeckTracker","KOR Keyword Fix","Keyboard Shortcuts","Minty Spire (QoL Compilation)","Quick Restart","Rare Cards Sparkle","Relic Stats","StSLib","SuperFastMode"],"gold_per_floor":[117,127,127,52,66,66,83,109,109,109,123,152,152,171,171,267,267,283,113,128,128,143,143,143],"floor_reached":23,"playtime":413,"items_purged":["Defend_P","Defend_P"],"score":254,"play_id":"334bf871-ce5f-449d-89ae-ccae7f52c7fc","local_time":"20201226003639","is_ascension_mode":true,"campfire_choices":[{"data":"Vigilance","floor":6.0,"key":"SMITH"},{"floor":10.0,"key":"REST"},{"floor":13.0,"key":"REST"},{"data":"SandsOfTime","floor":15,"key":"SMITH"}],"circlet_count":0,"master_deck":["Strike_P","Strike_P","Strike_P","Strike_P+1","Defend_P","Eruption+1","Vigilance+1","EmptyFist+1","SandsOfTime+1","Collect+1","LessonLearned+1"],"relics":["PureWater","ats:Originium","Pocketwatch","Eternal Feather","ats:Originium","Meat on the Bone","Sozu"],"acts_visited":["Exordium","TheCity"],"potions_floor_usage":[18,23],"damage_taken":[{"damage":0.0,"enemies":"2 Louse","floor":1.0,"turns":2.0},{"damage":1.0,"enemies":"Small Slimes","floor":2.0,"turns":4.0},{"damage":0.0,"enemies":"Cultist","floor":5.0,"turns":2.0},{"damage":0.0,"enemies":"Exordium Wildlife","floor":7.0,"turns":3.0},{"damage":40.0,"enemies":"3 Sentries","floor":8.0,"turns":8.0},{"damage":4.0,"enemies":"Red Slaver","floor":11.0,"turns":2.0},{"damage":16.0,"enemies":"Gremlin Nob","floor":12.0,"turns":3.0},{"damage":0.0,"enemies":"Large Slime","floor":14.0,"turns":3.0},{"damage":12,"enemies":"Hexaghost","floor":16,"turns":7},{"damage":5,"enemies":"2 Thieves","floor":18,"turns":3},{"damage":0,"enemies":"Shell Parasite","floor":20,"turns":3},{"damage":49,"enemies":"Shelled Parasite and Fungi","floor":22,"turns":5},{"damage":21,"enemies":"Book of Stabbing","floor":23,"turns":3}],"seed_played":"2337462010903446034","potions_obtained":[{"floor":2.0,"key":"EssenceOfSteel"},{"floor":8.0,"key":"GamblersBrew"},{"floor":11.0,"key":"SpeedPotion"},{"floor":16,"key":"Dexterity Potion"}],"is_trial":false,"path_per_floor":["M","M","?","$","M","R","M","E","T","R","M","E","R","M","R","B",null,"M","$","M","?","M","E"],"character_chosen":"WATCHER","items_purchased":["LessonLearned"],"campfire_rested":2,"item_purchase_floors":[19],"current_hp_per_floor":[72,71,64,64,64,64,64,24,24,48,44,28,52,52,58,46,66,61,61,61,61,24,3,3],"gold":143,"neow_bonus":"UPGRADE_CARD","is_daily":false,"chose_seed":false,"campfire_upgraded":2,"win_rate":0.0,"timestamp":1608910599,"path_taken":["M","M","?","$","M","R","M","E","T","R","M","E","R","M","R","BOSS","M","$","M","?","M","E"],"items_purchased_type":["Card"],"build_version":"2020-12-22","purchased_purges":2,"victory":false,"max_hp_per_floor":[72,72,72,72,72,72,72,72,72,72,72,72,72,72,72,72,72,72,72,72,72,72,72,72],"relic_stats":{"Sozu":2,"counters":[13,48],"Eternal Feather":12,"obtain_stats":[{"Sozu":17,"ats:Originium":8,"Eternal Feather":9,"PureWater":0,"Pocketwatch":8,"Meat on the Bone":12},{"Sozu":9,"ats:Originium":5,"Eternal Feather":5,"PureWater":0,"Pocketwatch":5,"Meat on the Bone":7},{"Sozu":34,"ats:Originium":19,"Eternal Feather":19,"PureWater":0,"Pocketwatch":19,"Meat on the Bone":24}],"Pocketwatch":[26],"Meat on the Bone":12},"card_choices":[{"not_picked":["EmptyBody","BowlingBash","FlurryOfBlows"],"picked":"SKIP","floor":1.0},{"not_picked":["Wireheading","BowlingBash"],"picked":"EmptyFist","floor":2.0},{"not_picked":["MasterReality","CrushJoints","FlurryOfBlows"],"picked":"SKIP","floor":5.0},{"not_picked":["Halt","ClearTheMind","Brilliance"],"picked":"SKIP","floor":7.0},{"not_picked":["Tantrum","PathToVictory","Prostrate"],"picked":"SKIP","floor":8.0},{"not_picked":["Halt","Vengeance","PathToVictory"],"picked":"SKIP","floor":11.0},{"not_picked":["Wish","Protect","LikeWater"],"picked":"SKIP","floor":12.0},{"not_picked":["FlurryOfBlows","EmptyFist"],"picked":"SandsOfTime","floor":14},{"not_picked":["FlyingSleeves","Wallop"],"picked":"Collect+1","floor":18},{"not_picked":["Pray","SashWhip","EmptyBody"],"picked":"SKIP","floor":20},{"not_picked":["WheelKick","SandsOfTime+1","ForeignInfluence"],"picked":"SKIP","floor":22}],"player_experience":816467,"relics_obtained":[{"floor":8.0,"key":"ats:Originium"},{"floor":8.0,"key":"Pocketwatch"},{"floor":9.0,"key":"Eternal Feather"},{"floor":12.0,"key":"ats:Originium"},{"floor":12.0,"key":"Meat on the Bone"}],"event_choices":[{"cards_removed":["Defend_P"],"damage_healed":0.0,"max_hp_gain":0.0,"max_hp_loss":0.0,"gold_gain":0.0,"event_name":"Golden Wing","player_choice":"Card Removal","floor":3.0,"gold_loss":0.0,"damage_taken":7.0},{"damage_healed":0,"gold_gain":0,"player_choice":"Forge","damage_taken":0,"max_hp_gain":0,"max_hp_loss":0,"event_name":"Accursed Blacksmith","floor":21,"gold_loss":0,"cards_upgraded":["LessonLearned"]}],"is_beta":false,"boss_relics":[{"not_picked":["Pandora\u0027s Box","Philosopher\u0027s Stone"],"picked":"Sozu"}],"items_purged_floors":[4,19],"is_endless":false,"potions_floor_spawned":[2,8,11,12,16,18,20],"killed_by":"Book of Stabbing","ascension_level":5}}