{"host":"w3q5ijqu8eoknil3","time":1608939783,"event":{"mods":["BaseMod","Block Reminder","Colored Powertips","Minty Spire (QoL Compilation)","Quick Restart","Relic Stats","ojb\u0027s Better Paths Mod","ojb\u0027s Info Mod","slay the spire mod where everything is the same but ironclad has a cowboy hat"],"gold_per_floor":[114,114,129,139,139,171,171,198,253,280,280,280,280],"floor_reached":12,"playtime":348,"items_purged":[],"score":192,"play_id":"be18a5cd-785b-4c7a-bdce-d8d2296c508e","local_time":"20201225234303","is_ascension_mode":true,"campfire_choices":[{"floor":7,"key":"REST"}],"circlet_count":0,"master_deck":["AscendersBane","Strike_R","Strike_R","Strike_R","Strike_R","Defend_R","Defend_R","Defend_R","Defend_R","Bash","Spot Weakness","Fire Breathing","Clothesline","Juggernaut","Thunderclap","Flex"],"relics":["Runic Dome","Question Card","Bag of Preparation","Anchor","Nunchaku","Golden Idol"],"acts_visited":["Exordium"],"potions_floor_usage":[6,10],"damage_taken":[{"damage":11,"enemies":"2 Louse","floor":1,"turns":2},{"damage":1,"enemies":"Cultist","floor":3,"turns":3},{"damage":7,"enemies":"Small Slimes","floor":4,"turns":3},{"damage":29,"enemies":"Gremlin Nob","floor":6,"turns":5},{"damage":30,"enemies":"3 Sentries","floor":8,"turns":5},{"damage":11,"enemies":"Lagavulin","floor":10,"turns":7},{"damage":32,"enemies":"Gremlin Nob","floor":12,"turns":3}],"seed_played":"3149030534565241890","potions_obtained":[{"floor":1,"key":"SkillPotion"},{"floor":4,"key":"ColorlessPotion"}],"is_trial":false,"path_per_floor":["M","?","M","M","?","E","R","E","T","E","?","E"],"character_chosen":"IRONCLAD","items_purchased":[],"campfire_rested":1,"item_purchase_floors":[],"current_hp_per_floor":[57,57,56,49,49,20,42,12,12,1,1,0,0],"gold":280,"neow_bonus":"BOSS_RELIC","is_daily":false,"chose_seed":false,"campfire_upgraded":0,"win_rate":0.0,"timestamp":1608939783,"path_taken":["M","?","?","M","?","E","R","E","T","E","?","E"],"items_purchased_type":[],"build_version":"2020-12-22","purchased_purges":0,"victory":false,"max_hp_per_floor":[75,75,75,75,75,75,75,75,75,75,68,68,68],"relic_stats":{"Nunchaku":[0],"counters":[7,28],"Golden Idol":0,"Bag of Preparation":[4],"Question Card":2,"obtain_stats":[{"Runic Dome":0,"Anchor":9,"Nunchaku":10,"Golden Idol":11,"Bag of Preparation":8,"Question Card":6,"Burning Blood":0},{"Runic Dome":0,"Anchor":5,"Nunchaku":6,"Golden Idol":6,"Bag of Preparation":5,"Question Card":4,"Burning Blood":0},{"Runic Dome":0,"Anchor":18,"Nunchaku":25,"Golden Idol":25,"Bag of Preparation":18,"Question Card":13,"Burning Blood":0}]},"card_choices":[{"not_picked":["Flex","Disarm"],"picked":"Spot Weakness","floor":1},{"not_picked":["Entrench","Perfected Strike"],"picked":"Fire Breathing","floor":3},{"not_picked":["Combust","Anger"],"picked":"Clothesline","floor":4},{"not_picked":["Ghostly Armor","Disarm"],"picked":"Juggernaut","floor":6},{"not_picked":["Warcry","Dropkick","Clash"],"picked":"Thunderclap","floor":8},{"not_picked":["Combust","Clash","Bloodletting"],"picked":"Flex","floor":10}],"player_experience":948123,"relics_obtained":[{"floor":6,"key":"Question Card"},{"floor":8,"key":"Bag of Preparation"},{"floor":9,"key":"Anchor"},{"floor":10,"key":"Nunchaku"}],"event_choices":[{"cards_removed":["Strike_R"],"damage_healed":0,"gold_gain":0,"player_choice":"Offered Basic","damage_taken":0,"max_hp_gain":0,"max_hp_loss":0,"event_name":"Bonfire Elementals","floor":2,"gold_loss":0},{"damage_healed":0,"gold_gain":0,"player_choice":"Leave","damage_taken":0,"max_hp_gain":0,"max_hp_loss":0,"event_name":"The Cleric","floor":5,"gold_loss":0},{"damage_healed":0,"gold_gain":0,"player_choice":"Lose Max HP","damage_taken":0,"relics_obtained":["Golden Idol"],"max_hp_gain":0,"max_hp_loss":7,"event_name":"Golden Idol","floor":11,"gold_loss":0}],"is_beta":false,"boss_relics":[],"items_purged_floors":[],"is_endless":false,"potions_floor_spawned":[1,4],"killed_by":"Gremlin Nob","ascension_level":20}}