{"host":"jn2qdns2nxijvlnt","time":1608870516,"event":{"mods":["BaseMod","Minty Spire (QoL Compilation)","Quick Restart"],"gold_per_floor":[116,116,132,132,132,147,147,478,478,478,491,54,19,59,59,148,148,161,182,0,20,20,20,20,20],"floor_reached":24,"playtime":1532,"items_purged":[],"score":412,"play_id":"fd5ed63a-2b64-4d67-87d2-3c6fd61ca940","local_time":"20201224232836","is_ascension_mode":true,"campfire_choices":[{"floor":7.0,"key":"REST"},{"floor":10.0,"key":"REST"},{"data":"Barricade","floor":15.0,"key":"SMITH"},{"floor":23.0,"key":"REST"}],"circlet_count":0,"master_deck":["AscendersBane","Strike_R","Strike_R","Strike_R","Strike_R","Strike_R","Defend_R","Defend_R","Defend_R","Bash","Cleave","Injury","Perfected Strike","Feel No Pain","Barricade+1","Metallicize+1","Juggernaut","Pommel Strike","Battle Trance","Infernal Blade"],"relics":["Burning Blood","Lantern","Golden Idol","Old Coin","Matryoshka","Mummified Hand","TheAbacus","Shuriken","Black Star","Membership Card"],"acts_visited":["Exordium","TheCity"],"potions_floor_usage":[24],"damage_taken":[{"damage":14.0,"enemies":"Jaw Worm","floor":1.0,"turns":4.0},{"damage":7.0,"enemies":"2 Louse","floor":3.0,"turns":3.0},{"damage":9.0,"enemies":"Cultist","floor":5.0,"turns":4.0},{"damage":19.0,"enemies":"Large Slime","floor":6.0,"turns":5.0},{"damage":32.0,"enemies":"Gremlin Nob","floor":8.0,"turns":4.0},{"damage":17.0,"enemies":"Looter","floor":11.0,"turns":3.0},{"damage":6.0,"enemies":"3 Sentries","floor":14.0,"turns":8.0},{"damage":54.0,"enemies":"Slime Boss","floor":16.0,"turns":20.0},{"damage":24.0,"enemies":"Spheric Guardian","floor":18.0,"turns":4.0},{"damage":10.0,"enemies":"Chosen","floor":19.0,"turns":5.0},{"damage":38.0,"enemies":"Centurion and Healer","floor":21.0,"turns":4.0},{"damage":13,"enemies":"Shelled Parasite and Fungi","floor":24,"turns":2}],"seed_played":"-8536089487837217420","potions_obtained":[{"floor":3.0,"key":"GamblersBrew"},{"floor":8.0,"key":"BlessingOfTheForge"},{"floor":11.0,"key":"Swift Potion"},{"floor":16.0,"key":"Fire Potion"},{"floor":19.0,"key":"Energy Potion"},{"floor":21.0,"key":"PowerPotion"}],"is_trial":false,"path_per_floor":["M","?","M","?","M","M","R","E","T","R","M","$","?","E","R","B",null,"M","M","$","M","?","R","M"],"character_chosen":"IRONCLAD","items_purchased":["Mummified Hand","TheAbacus","Membership Card","Battle Trance"],"campfire_rested":3,"item_purchase_floors":[12,12,20,20],"current_hp_per_floor":[60,60,59,59,56,43,65,39,39,61,50,50,68,68,68,20,61,43,39,39,7,7,29,16,16],"gold":20,"neow_bonus":"RANDOM_COMMON_RELIC","is_daily":false,"chose_seed":false,"campfire_upgraded":1,"win_rate":0.0,"timestamp":1608870516,"path_taken":["M","?","M","?","?","M","R","E","T","R","M","$","?","E","R","BOSS","M","M","$","M","?","R","M"],"items_purchased_type":["Relic","Relic","Relic","Card"],"build_version":"2020-12-22","purchased_purges":0,"victory":false,"max_hp_per_floor":[75,75,75,75,75,75,75,75,75,75,75,75,75,75,75,75,75,75,75,75,75,75,75,75,75],"card_choices":[{"not_picked":["Wild Strike","Twin Strike"],"picked":"Cleave","floor":1.0},{"not_picked":["Heavy Blade","Feel No Pain"],"picked":"Perfected Strike","floor":3.0},{"not_picked":["Thunderclap","Havoc","Flex"],"picked":"SKIP","floor":5.0},{"not_picked":["Wild Strike","Warcry","Sever Soul"],"picked":"SKIP","floor":6.0},{"not_picked":["Evolve","Power Through"],"picked":"Barricade","floor":8.0},{"not_picked":["Evolve","Dual Wield"],"picked":"Metallicize","floor":11.0},{"not_picked":["Anger","Pummel","Rage"],"picked":"SKIP","floor":14.0},{"not_picked":["Exhume","Brutality"],"picked":"Juggernaut","floor":16.0},{"not_picked":["Intimidate","Uppercut"],"picked":"Pommel Strike","floor":18.0},{"not_picked":["True Grit","Heavy Blade","Evolve"],"picked":"SKIP","floor":19.0},{"not_picked":["Metallicize","Reckless Charge"],"picked":"Infernal Blade","floor":21.0}],"player_experience":435489,"relics_obtained":[{"floor":8.0,"key":"Old Coin"},{"floor":9.0,"key":"Matryoshka"},{"floor":14.0,"key":"Shuriken"}],"event_choices":[{"damage_healed":0.0,"max_hp_gain":0.0,"max_hp_loss":0.0,"gold_gain":0.0,"event_name":"Golden Idol","player_choice":"Take Wound","floor":2.0,"gold_loss":0.0,"damage_taken":0.0,"relics_obtained":["Golden Idol"],"cards_obtained":["Injury"]},{"damage_healed":0.0,"max_hp_gain":0.0,"max_hp_loss":0.0,"gold_gain":0.0,"cards_transformed":["Defend_R"],"event_name":"Transmorgrifier","player_choice":"Transformed","floor":4.0,"gold_loss":0.0,"damage_taken":0.0,"cards_obtained":["Feel No Pain"]},{"damage_healed":18.0,"max_hp_gain":0.0,"max_hp_loss":0.0,"gold_gain":0.0,"event_name":"The Cleric","player_choice":"Healed","floor":13.0,"gold_loss":35.0,"damage_taken":0.0},{"damage_healed":0.0,"max_hp_gain":0.0,"max_hp_loss":0.0,"gold_gain":0.0,"event_name":"Accursed Blacksmith","player_choice":"Forge","floor":22.0,"gold_loss":0.0,"damage_taken":0.0,"cards_upgraded":["Metallicize"]}],"is_beta":false,"boss_relics":[{"not_picked":["Tiny House","Runic Pyramid"],"picked":"Black Star"}],"items_purged_floors":[],"is_endless":false,"potions_floor_spawned":[3,8,11,16,19,21],"killed_by":"Shelled Parasite and Fungi","ascension_level":20}}