{"host":"uwh382mre4waz4ff","time":1608889427,"event":{"mods":["AchievementEnabler","BaseMod","Better Note","Better Third Choice","BetterRewards","Minty Spire (QoL Compilation)","StSLib"],"gold_per_floor":[110,121,140,140,153,153,163,163,163,163,163,175,175,32,32,136,136,149,49,65,65,76,76,76,88,88,88,88,101,111,129,129,129,129],"floor_reached":33,"playtime":2449,"items_purged":["Parasite","Decay"],"score":241,"play_id":"edae91b8-807d-4f28-bb18-8502ff484a7d","local_time":"20201225174347","is_ascension_mode":false,"campfire_choices":[{"data":"Hologram","floor":6.0,"key":"SMITH"},{"data":"Coolheaded","floor":8.0,"key":"SMITH"},{"data":"Coolheaded","floor":11.0,"key":"SMITH"},{"floor":15,"key":"REST"},{"data":"Zap","floor":23,"key":"SMITH"},{"data":"Dualcast","floor":27,"key":"SMITH"},{"floor":32,"key":"REST"}],"circlet_count":0,"master_deck":["Strike_B","Strike_B","Strike_B","Defend_B","Defend_B","Defend_B","Zap+1","Dualcast+1","Metamorphosis","Rebound","Coolheaded+1","Hologram+1","Coolheaded+1","Meteor Strike"],"relics":["Cracked Core","Tiny Chest","Thread and Needle","Vajra","White Beast Statue","WingedGreaves","Runic Dome","Sundial","Bottled Lightning","Pantograph"],"acts_visited":["Exordium","TheCity"],"potions_floor_usage":[16,16,22,30,31,31,33,33],"damage_taken":[{"damage":0.0,"enemies":"Cultist","floor":1.0,"turns":3.0},{"damage":5.0,"enemies":"Jaw Worm","floor":2.0,"turns":3.0},{"damage":0.0,"enemies":"Small Slimes","floor":3.0,"turns":3.0},{"damage":19.0,"enemies":"Exordium Thugs","floor":5.0,"turns":4.0},{"damage":0.0,"enemies":"3 Louse","floor":7.0,"turns":2.0},{"damage":4.0,"enemies":"Lots of Slimes","floor":12.0,"turns":3.0},{"damage":21,"enemies":"Slime Boss","floor":16,"turns":10},{"damage":27,"enemies":"2 Thieves","floor":18,"turns":3},{"damage":0,"enemies":"Chosen","floor":20,"turns":6},{"damage":0,"enemies":"Snecko","floor":22,"turns":4},{"damage":21,"enemies":"Snake Plant","floor":25,"turns":4},{"damage":0,"enemies":"Centurion and Healer","floor":29,"turns":4},{"damage":12,"enemies":"Shelled Parasite and Fungi","floor":30,"turns":4},{"damage":4,"enemies":"Snake Plant","floor":31,"turns":4},{"damage":59,"enemies":"Champ","floor":33,"turns":7}],"seed_played":"-3929209080514502469","potions_obtained":[{"floor":5.0,"key":"EssenceOfDarkness"},{"floor":7.0,"key":"CultistPotion"},{"floor":12.0,"key":"BlessingOfTheForge"},{"floor":16,"key":"LiquidMemories"},{"floor":18,"key":"SteroidPotion"},{"floor":20,"key":"SkillPotion"},{"floor":22,"key":"Energy Potion"},{"floor":25,"key":"BlessingOfTheForge"},{"floor":30,"key":"BlessingOfTheForge"},{"floor":31,"key":"AttackPotion"}],"is_trial":false,"path_per_floor":["M","M","M","?","M","R","M","R","T","T","R","M","?","$","R","B",null,"M","$","M","T","M","R","?","M","T","R","T","M","M","M","R","B"],"character_chosen":"DEFECT","items_purchased":["Membership Card","Vajra","Coolheaded","Meteor Strike"],"campfire_rested":2,"item_purchase_floors":[0,0,0,14],"current_hp_per_floor":[40,35,35,35,16,16,16,16,16,16,16,12,12,12,33,12,72,45,45,45,45,45,45,45,24,24,24,24,24,12,8,29,0,0],"gold":129,"neow_bonus":"","is_daily":false,"chose_seed":false,"campfire_upgraded":5,"win_rate":0.0,"timestamp":1608889427,"path_taken":["M","?","?","?","M","R","M","R","T","?","R","?","?","$","R","BOSS","M","?","M","?","?","R","?","?","T","R","?","M","M","M","R","BOSS"],"items_purchased_type":["Relic","Relic","Card","Card"],"build_version":"2020-12-22","purchased_purges":2,"victory":false,"max_hp_per_floor":[72,72,72,72,72,72,72,72,72,72,72,72,72,72,72,72,72,72,72,72,72,72,72,72,72,72,72,72,72,72,72,72,72,72],"card_choices":[{"not_picked":["Tempest","Turbo"],"picked":"Hologram","floor":1.0},{"not_picked":["Compile Driver","BootSequence"],"picked":"Coolheaded","floor":2.0},{"not_picked":["Buffer","Compile Driver","Barrage"],"picked":"SKIP","floor":3.0},{"not_picked":["Consume","Beam Cell","Melter"],"picked":"SKIP","floor":5.0},{"not_picked":["Ball Lightning","Cold Snap","Compile Driver"],"picked":"SKIP","floor":7.0},{"not_picked":["Cold Snap","Gash","Melter"],"picked":"SKIP","floor":12.0},{"not_picked":["FTL+1","Cold Snap","Compile Driver"],"picked":"SKIP","floor":18},{"not_picked":["Conserve Battery","Electrodynamics","Doom and Gloom"],"picked":"SKIP","floor":20},{"not_picked":["Coolheaded","Go for the Eyes+1","Ball Lightning"],"picked":"SKIP","floor":22},{"not_picked":["Melter+1","Conserve Battery","Sweeping Beam"],"picked":"SKIP","floor":25},{"not_picked":["Storm+1","Cold Snap","Turbo"],"picked":"SKIP","floor":29},{"not_picked":["Static Discharge","Electrodynamics","BootSequence"],"picked":"SKIP","floor":30},{"not_picked":["Gash","Barrage","Blizzard"],"picked":"SKIP","floor":31}],"player_experience":57756,"relics_obtained":[{"floor":9.0,"key":"White Beast Statue"},{"floor":10.0,"key":"WingedGreaves"},{"floor":21,"key":"Sundial"},{"floor":26,"key":"Bottled Lightning"},{"floor":28,"key":"Pantograph"}],"event_choices":[{"cards_removed":["Doubt"],"damage_healed":0.0,"max_hp_gain":0.0,"max_hp_loss":0.0,"gold_gain":0.0,"event_name":"Living Wall","player_choice":"Forget","floor":4.0,"gold_loss":0.0,"damage_taken":0.0},{"damage_healed":0.0,"max_hp_gain":0.0,"max_hp_loss":0.0,"gold_gain":0.0,"event_name":"Wheel of Change","player_choice":"Cursed","floor":13.0,"gold_loss":0.0,"damage_taken":0.0,"cards_obtained":["Decay"]},{"cards_removed":["Strike_B"],"damage_healed":0,"gold_gain":0,"player_choice":"Give","damage_taken":0,"max_hp_gain":0,"max_hp_loss":0,"event_name":"betterNote:BetterNote","floor":24,"gold_loss":0,"cards_obtained":["None"]}],"is_beta":false,"boss_relics":[{"not_picked":["Busted Crown","SlaversCollar"],"picked":"Runic Dome"}],"items_purged_floors":[0,19],"is_endless":false,"potions_floor_spawned":[5,7,12,16,18,20,22,25,29,30,31],"killed_by":"Champ","ascension_level":0}}