{"host":"rvgqag7mtxu5qaaz","time":1608922378,"event":{"mods":["AchievementEnabler","BaseMod","Downfall","Hermit","Hubris","Minty Spire (QoL Compilation)","Replay The Spire","StSLib","SuperFastMode","The Animator","The Construct","The Cursed","The Disciple","The Necromancer"],"gold_per_floor":[110,110,110,122,42,42,42,42,42,42,42,42,42,42,67,80,80,183,183,202,202,217,217,229,229,229,240,240,240,254,254,254,266,266,364,364,374,374,93,93,106,134,161,181,181,199,210,23,23,42,42,42,42,42,4,39,39],"floor_reached":58,"playtime":4895,"items_purged":[],"score":1560,"play_id":"4562856a-9182-4097-bdd5-40316d76ed73","local_time":"20201225135258","is_ascension_mode":false,"campfire_choices":[{"floor":6.0,"key":"RECALL"},{"data":"TheCursedMod:AbyssShockwave","floor":9.0,"key":"SMITH"},{"data":"TheCursedMod:HellsGateOpen","floor":12.0,"key":"SMITH"},{"data":"TheCursedMod:CircleOfBlood","floor":17.0,"key":"SMITH"},{"data":"TheCursedMod:CleanUpWorkshop","floor":25.0,"key":"SMITH"},{"data":"TheCursedMod:AntiAging","floor":32.0,"key":"SMITH"},{"data":"TheCursedMod:BlessingInDisguise","floor":34.0,"key":"SMITH"},{"data":"Secret Technique","floor":49,"key":"SMITH"},{"data":"TheCursedMod:HellfireBreathing","floor":51,"key":"SMITH"},{"data":"TheCursedMod:CircleOfAmplification","floor":54,"key":"SMITH"}],"circlet_count":0,"master_deck":["TheCursedMod:Strike_TheCursed","TheCursedMod:Strike_TheCursed","TheCursedMod:Strike_TheCursed","TheCursedMod:Defend_TheCursed+1","TheCursedMod:Defend_TheCursed+1","TheCursedMod:Defend_TheCursed","TheCursedMod:CursedWand","TheCursedMod:CleanUpWorkshop+1","TheCursedMod:Dregs","TheCursedMod:AbyssShockwave+1","Regret","TheCursedMod:HellsGateOpen+1","TheCursedMod:BlessingInDisguise+1","TheCursedMod:Stretching","TheCursedMod:CircleOfBlood+1","TheCursedMod:SurpriseAttack","TheCursedMod:AntiAging+1","TheCursedMod:SmokeScreen+1","TheCursedMod:SaltUponWound+1","TheCursedMod:Neurasthenia","TheCursedMod:Torture+1","TheCursedMod:CursedBlade+1","Languid","RitualDagger+1","TheCursedMod:SurpriseAttack+1","TheCursedMod:AbyssShockwave+1","TheCursedMod:UltimatePain","TheCursedMod:VitalStrike+1","Mind Blast+1","expansioncontent:DashGenerateEvil+1","Replay:SS_forest_5","TheCursedMod:Hemoplague","TheCursedMod:SpitefulStrike+1","Writhe","TheCursedMod:BlessingInDisguise+1","TheCursedMod:HellfireBreathing+1","hubris:Compulsion","TheCursedMod:WearCloak+1","TheCursedMod:CircleOfAmplification+1","TheCursedMod:Evocation+1","Secret Technique+1","TheCursedMod:ManaBullet+1","TheCursedMod:Wield+1"],"relics":["TheCursedMod:BlackMagic101","MealTicket","construct:FoamFinger","Cursed Key","Enchiridion","Molten Egg 2","ChewingGum","Lee\u0027s Waffle","Strawberry","Omamori","HornCleat","War Paint"],"acts_visited":["Exordium","TheCity","TheBeyond","TheEnding"],"potions_floor_usage":[52,52,52,52,52,52],"damage_taken":[{"damage":2.0,"enemies":"2 Louse","floor":1.0,"turns":4.0},{"damage":2.0,"enemies":"Small Slimes","floor":4.0,"turns":3.0},{"damage":19.0,"enemies":"3 Sentries","floor":15.0,"turns":5.0},{"damage":8.0,"enemies":"Cultist","floor":16.0,"turns":3.0},{"damage":24.0,"enemies":"Slime Boss","floor":18.0,"turns":11.0},{"damage":0.0,"enemies":"3 Byrds","floor":20.0,"turns":4.0},{"damage":1.0,"enemies":"Spheric Guardian","floor":22.0,"turns":5.0},{"damage":20.0,"enemies":"Centurion and Healer","floor":24.0,"turns":7.0},{"damage":19.0,"enemies":"Cultist and Chosen","floor":27.0,"turns":7.0},{"damage":17.0,"enemies":"Chosen and Byrds","floor":30.0,"turns":5.0},{"damage":11.0,"enemies":"Snake Plant","floor":33.0,"turns":4.0},{"damage":42.0,"enemies":"Pondfish","floor":35.0,"turns":13.0},{"damage":15,"enemies":"3 Shapes","floor":37,"turns":4},{"damage":15,"enemies":"Orb Walker","floor":41,"turns":3},{"damage":9,"enemies":"Reptomancer","floor":42,"turns":5},{"damage":0,"enemies":"Sphere and 2 Shapes","floor":44,"turns":3},{"damage":20,"enemies":"3 Darklings","floor":46,"turns":4},{"damage":22,"enemies":"Spire Growth","floor":47,"turns":4},{"damage":5,"enemies":"4 Shapes","floor":50,"turns":3},{"damage":87,"enemies":"Time Eater","floor":52,"turns":10},{"damage":59,"enemies":"Shield and Spear","floor":56,"turns":8},{"damage":56,"enemies":"The Heart","floor":57,"turns":12}],"seed_played":"-6335822358586430504","potions_obtained":[{"floor":15.0,"key":"EntropicBrew"},{"floor":20.0,"key":"TheCursedMod:DregsPotion"},{"floor":27.0,"key":"Regen Potion"},{"floor":41,"key":"Energy Potion"},{"floor":50,"key":"champ:CounterPotion"}],"is_trial":false,"path_per_floor":["M","?","?","M","$","R","PTL","PTL","R","?","T","R","?","$","E","M","R","B",null,"M","?","M","?","M","R","?","M","T","?","M","?","R","M","R","B",null,"M","?","$","?","M","E","T","M","T","M","M","$","R","M","R","B",null,"R","$","E","B",null],"character_chosen":"THE_CURSED","items_purchased":["TheCursedMod:HellsGateOpen","TheCursedMod:Hemoplague","TheCursedMod:SpitefulStrike+1","Lee\u0027s Waffle","Secret Technique","TheCursedMod:ManaBullet+1"],"campfire_rested":0,"item_purchase_floors":[5,39,39,39,48,55],"current_hp_per_floor":[80,80,80,78,82,82,82,82,82,82,82,82,82,82,63,59,59,43,82,82,66,71,71,57,57,40,29,29,23,12,93,93,82,82,59,96,81,71,103,103,102,105,105,112,112,96,89,104,104,110,110,32,119,119,119,65,13],"gold":39,"neow_bonus":"TEN_PERCENT_HP_BONUS","is_daily":false,"chose_seed":false,"campfire_upgraded":9,"win_rate":0.0,"timestamp":1608922378,"path_taken":["M","?","?","?","$","R","PTL","PTL","R","?","T","R","?","$","E","M","R","BOSS","M","?","M","?","?","R","?","M","T","?","M","?","R","?","R","BOSS","M","?","$","?","M","E","?","M","T","M","M","$","R","?","R","BOSS","R","$","E","BOSS"],"items_purchased_type":["Card","Card","Card","Relic","Card","Card"],"build_version":"2020-12-22","purchased_purges":0,"victory":true,"max_hp_per_floor":[82,82,82,82,82,82,82,82,82,82,82,82,82,82,82,82,82,82,82,82,82,84,84,86,86,91,91,91,91,93,93,93,93,93,96,96,96,96,103,103,103,110,110,113,113,113,116,116,116,119,119,119,119,119,119,119,119],"card_choices":[{"not_picked":["TheCursedMod:CursedBlade","TheCursedMod:Wield"],"picked":"TheCursedMod:AbyssShockwave","floor":1.0},{"not_picked":["TheCursedMod:TacticalStrike","TheCursedMod:WearCloak"],"picked":"TheCursedMod:ManaBullet","floor":4.0},{"not_picked":["TheCursedMod:SpitefulStrike","TheCursedMod:SmokeScreen"],"picked":"TheCursedMod:CircleOfBlood","floor":15.0},{"not_picked":["TheCursedMod:Evocation","TheCursedMod:FleshFromBone"],"picked":"TheCursedMod:SurpriseAttack","floor":16.0},{"not_picked":["TheCursedMod:UltimatePain","TheCursedMod:DarkBarrier"],"picked":"TheCursedMod:AntiAging","floor":18.0},{"not_picked":["TheCursedMod:CircleOfFocus","TheCursedMod:SoulCrush+1"],"picked":"TheCursedMod:SmokeScreen+1","floor":20.0},{"not_picked":["TheCursedMod:SmokeScreen","TheCursedMod:CursedBlade"],"picked":"TheCursedMod:SaltUponWound+1","floor":22.0},{"not_picked":["TheCursedMod:CircleOfCorruption","TheCursedMod:Evocation"],"picked":"TheCursedMod:Torture+1","floor":24.0},{"not_picked":["TheCursedMod:CursedShiv","TheCursedMod:SmokeScreen"],"picked":"TheCursedMod:CursedBlade+1","floor":27.0},{"not_picked":["TheCursedMod:VitalStrike+1","TheCursedMod:CircleOfAmplification+1"],"picked":"TheCursedMod:SurpriseAttack+1","floor":30.0},{"not_picked":["TheCursedMod:CursedArmor+1","TheCursedMod:Obscuration"],"picked":"TheCursedMod:AbyssShockwave+1","floor":33.0},{"not_picked":["TheCursedMod:StunningStrike+1","TheCursedMod:ShockAndAwe+1"],"picked":"TheCursedMod:UltimatePain","floor":35.0},{"not_picked":["TheCursedMod:CircleOfCorruption+1","TheCursedMod:CursedMace+1"],"picked":"TheCursedMod:VitalStrike+1","floor":37},{"not_picked":["Replay:SS_hec_4+1","Replay:SS_forest_5"],"picked":"Mind Blast+1","floor":38},{"not_picked":["Chrysalis","Good Instincts"],"picked":"expansioncontent:DashGenerateEvil+1","floor":38},{"not_picked":["expansioncontent:DecasProtection","hubris:EnhanceAbility"],"picked":"Replay:SS_forest_5","floor":38},{"not_picked":["TheCursedMod:CircleOfCorruption+1","TheCursedMod:SoulReap+1"],"picked":"TheCursedMod:BlessingInDisguise+1","floor":41},{"not_picked":["TheCursedMod:RapidMovement","TheCursedMod:Torture+1"],"picked":"TheCursedMod:HellfireBreathing","floor":42},{"not_picked":["TheCursedMod:ReleasedStrength","TheCursedMod:SpitefulStrike+1"],"picked":"TheCursedMod:WearCloak+1","floor":44},{"not_picked":["TheCursedMod:CircleOfFlame","TheCursedMod:SpitefulStrike+1"],"picked":"TheCursedMod:CircleOfAmplification","floor":46},{"not_picked":["TheCursedMod:Stretching+1","TheCursedMod:Obscuration+1"],"picked":"TheCursedMod:Evocation+1","floor":47},{"not_picked":["TheCursedMod:SoulCrush+1","TheCursedMod:CursedBlade+1","TheCursedMod:Torture+1"],"picked":"SKIP","floor":50},{"not_picked":["TheCursedMod:Grudge","TheCursedMod:SaltUponWound"],"picked":"TheCursedMod:Wield+1","floor":56}],"player_experience":290853,"relics_obtained":[{"floor":15.0,"key":"construct:FoamFinger"},{"floor":21.0,"key":"Enchiridion"},{"floor":28.0,"key":"Molten Egg 2"},{"floor":42,"key":"Strawberry"},{"floor":43,"key":"Omamori"},{"floor":45,"key":"HornCleat"},{"floor":56,"key":"War Paint"}],"event_choices":[{"damage_healed":0.0,"max_hp_gain":0.0,"max_hp_loss":0.0,"gold_gain":0.0,"event_name":"Big Fish","player_choice":"Box","floor":2.0,"gold_loss":0.0,"damage_taken":0.0,"relics_obtained":["MealTicket"],"cards_obtained":["Regret"]},{"damage_healed":0.0,"max_hp_gain":0.0,"max_hp_loss":0.0,"gold_gain":0.0,"event_name":"NoteForYourself","player_choice":"Ignored","floor":3.0,"gold_loss":0.0,"damage_taken":0.0},{"damage_healed":0.0,"max_hp_gain":0.0,"max_hp_loss":0.0,"gold_gain":0.0,"cards_transformed":["TheCursedMod:Defend_TheCursed"],"event_name":"Living Wall","player_choice":"Change","floor":13.0,"gold_loss":0.0,"damage_taken":0.0,"cards_obtained":["TheCursedMod:Stretching"]},{"damage_healed":0.0,"max_hp_gain":0.0,"max_hp_loss":0.0,"gold_gain":0.0,"event_name":"Cursed Tome","player_choice":"Obtained Book","floor":21.0,"gold_loss":0.0,"damage_taken":16.0},{"damage_healed":0.0,"max_hp_gain":0.0,"max_hp_loss":0.0,"gold_gain":0.0,"cards_transformed":["TheCursedMod:Strike_TheCursed"],"event_name":"Transmorgrifier","player_choice":"Transformed","floor":23.0,"gold_loss":0.0,"damage_taken":0.0,"cards_obtained":["TheCursedMod:Neurasthenia"]},{"damage_healed":0.0,"max_hp_gain":5.0,"max_hp_loss":0.0,"gold_gain":0.0,"event_name":"Forgotten Altar","player_choice":"Shed Blood","floor":26.0,"gold_loss":0.0,"damage_taken":22.0},{"damage_healed":0.0,"max_hp_gain":0.0,"max_hp_loss":0.0,"gold_gain":0.0,"event_name":"Nest","player_choice":"Joined the Cult","floor":29.0,"gold_loss":0.0,"damage_taken":6.0,"cards_obtained":["RitualDagger"]},{"cards_removed":["TheCursedMod:ManaBullet"],"damage_healed":81.0,"max_hp_gain":0.0,"max_hp_loss":0.0,"gold_gain":0.0,"event_name":"Bonfire Elementals","player_choice":"Offered Uncommon","floor":31.0,"gold_loss":0.0,"damage_taken":0.0},{"damage_healed":0,"gold_gain":0,"player_choice":"Memory 3","damage_taken":10,"max_hp_gain":0,"max_hp_loss":0,"event_name":"SensoryStone","floor":38,"gold_loss":0},{"damage_healed":26,"gold_gain":0,"player_choice":"Writhe","damage_taken":0,"max_hp_gain":0,"max_hp_loss":0,"event_name":"Winding Halls","floor":40,"gold_loss":0,"cards_obtained":["Writhe"]}],"is_beta":false,"boss_relics":[{"not_picked":["Runic Dome","hubris:BlackHole"],"picked":"Cursed Key"},{"not_picked":["Empty Cage","construct:ClawGrip"],"picked":"ChewingGum"}],"items_purged_floors":[],"is_endless":false,"potions_floor_spawned":[15,20,27,41,44,50],"ascension_level":0}}