{"host":"3i0tc1zs9k2bo7un","time":1608871142,"event":{"mods":["Act Like it!","Aspiration","BaseMod","Better Synergies","Communication Mod","Gensokyo","Minty Spire (QoL Compilation)","MostiFishMod","Quick Restart","Replay The Spire","StSLib","TestMod","[IsaacMod]ÒÔÈö¼âËþ","¡¾ÒÅÎï¿¨ÅÆ¡¿REMEMod"],"gold_per_floor":[114,514,595,230,230,263,293,293,293],"floor_reached":8,"playtime":375,"items_purged":["Leap"],"score":104,"play_id":"3709bbc0-1de6-404b-a035-34567c3d83ba","local_time":"20201225123902","daily_mods":["SealedDeck","Vintage","Heirloom","Flight","DeadlyEvents","Elite Swarm"],"is_ascension_mode":true,"campfire_choices":[],"circlet_count":0,"master_deck":["AscendersBane","MostiFishMod:Exploitation","Undo","Mirror Shield","Coolheaded","Hologram","Loop","Ball Lightning","MostiFishMod:LinkProtocol","Coolheaded","Turbo","Electrodynamics"],"relics":["Cracked Core","testmod-TestBox","HushsDoor","REME_ComplimentaryCards","SteamSale","testmod-IntensifyImprint","The Courier","Ice Cream","Chaos","SynthV:TestCard","Raider\u0027s Mask","testmod-EqualTreatment","Replay:Towering Pillar of Hats","Pear","Sling","Runic Dome","Prayer Wheel"],"acts_visited":["Gensokyo:Gensokyo"],"potions_floor_usage":[],"damage_taken":[{"damage":0,"enemies":"Gensokyo:Python","floor":1,"turns":2},{"damage":29,"enemies":"Gensokyo:Aya","floor":6,"turns":5},{"damage":9,"enemies":"Gensokyo:Cirno","floor":7,"turns":5},{"damage":0,"enemies":"Gensokyo:Aya","floor":8,"turns":2}],"seed_played":"-2588278189194794600","potions_obtained":[{"floor":6,"key":"Elixir"},{"floor":7,"key":"Ancient Potion"}],"is_trial":true,"path_per_floor":["M","?","?","$","?","E","E","E"],"character_chosen":"DEFECT","items_purchased":["Raider\u0027s Mask","testmod-EqualTreatment","Replay:Towering Pillar of Hats"],"campfire_rested":0,"item_purchase_floors":[4,4,4],"current_hp_per_floor":[64,64,49,49,39,10,1,1,1],"gold":293,"neow_bonus":"","is_daily":false,"chose_seed":false,"campfire_upgraded":0,"win_rate":0.0,"timestamp":1608871142,"path_taken":["M","?","?","$","?","E","E","E"],"items_purchased_type":["Relic","Relic","Relic"],"build_version":"2020-12-22","purchased_purges":1,"victory":false,"max_hp_per_floor":[71,71,71,71,81,81,81,81,81],"card_choices":[{"not_picked":["Core Surge","MostiFishMod:Distribution","REME_ForAll","MostiFishMod:ActiveDefenseSystem"],"picked":"Electrodynamics","floor":6},{"not_picked":["MostiFishMod:TalkingToTheRain","Amplify","Creative AI","MostiFishMod:Exploitation"],"picked":"ReplayTheSpireMod:Fabricate Wheel","floor":7}],"player_experience":650849,"relics_obtained":[{"floor":1,"key":"Chaos"},{"floor":1,"key":"SynthV:TestCard"},{"floor":6,"key":"Sling"},{"floor":7,"key":"Runic Dome"}],"event_choices":[{"damage_healed":0,"gold_gain":400,"player_choice":"Sell","damage_taken":0,"max_hp_gain":0,"max_hp_loss":0,"event_name":"¶÷ÂåË¹µÄÅÌ×Ó","floor":2,"relics_lost":["DaveBox"],"gold_loss":0}],"is_beta":false,"boss_relics":[],"items_purged_floors":[4],"is_endless":false,"potions_floor_spawned":[6,7],"killed_by":"Gensokyo:Aya","ascension_level":20}}