{"host":"ymw71f7rc9ndansy","time":1608901861,"event":{"mods":["ATMod(°¢èªMod)","Act Like it!","Aspiration","BaseMod","DeckTracker","Hubris","Library of Ruina","Library of Ruina Extra","Minty Spire (QoL Compilation)","MostiFishMod","Remove Card Discount Mod","Replay The Spire","StSLib","TestMod","¡¾ÒÅÎï¿¨ÅÆ¡¿REMEMod","²ÐÁôÖ®Îï"],"gold_per_floor":[116,135,215,234,234,269,269,269,346,114,629,1146,1146,219,219,795,795,1338,1852,835,1351,1351,1382,1382,1978,1978,2488,2488,2687,3219,1681,1681,1759,1759,2274,3273,3793,2898,2898,3438,2785,2785,2838,3348,3348,2848,3377,3377,3377,3923,3928,3928],"floor_reached":51,"playtime":1737,"items_purged":["LightDefense","LightDefense","LightDefense","LightDefense","Dodge","Delirium","Delirium","LightAttack","LightAttack","AT_FamilyPortrait","LightAttack","ChargeAndCover","FocusedStrikes","testmod-Superconductor+1","Multislash","REME_TwoStrings","REME_WheelOfFate+1"],"score":2207,"play_id":"34c94764-dcbc-46ad-8401-9238e66cf7b3","local_time":"20201225211101","is_ascension_mode":true,"campfire_choices":[{"data":"MostiFishMod:HellRitual","floor":8.0,"key":"SMITH"},{"data":"testmod-Superconductor","floor":15.0,"key":"SMITH"},{"data":"REME_WheelOfFate","floor":24.0,"key":"SMITH"},{"data":"ChargeUp","floor":28.0,"key":"SMITH"},{"data":"testmod-TaurusBlackCat","floor":32.0,"key":"SMITH"},{"data":"MostiFishMod:SephirahHod","floor":42.0,"key":"SMITH"},{"floor":49,"key":"RECALL"}],"circlet_count":0,"master_deck":["AscendersBane","MostiFishMod:HellRitual+1","TrashDisposal+1","TheRedNotes+1","Reload+1","WillOfThePrescript","FrontalAssault","ChargeUp+1","testmod-TaurusBlackCat+1","RulesOfTheBackstreets","EmotionalTurbulence","MostiFishMod:SephirahHod+1","UnforgettableMelody","UndertakePrescript","CleanUp+1","Commandeering+1"],"relics":["PageOfLibrarian","testmod-TestBox","DaveBox","REME_ComplimentaryCards","AT_ATBox","EGODaCapo","testmod-NegativeEmotionEnhancer","NeowsBlessing","SynthV:TestCard","MealTicket","ReplayTheSpireMod:Ring of Challenge","PageOfAlriune","Technique","PageOfScarecrow","Juzu Bracelet","PageOfTodaysShyLook","Omamori","hubris:Zylophone","ReplayTheSpireMod:Shallot","Boot","Ying","Smiling Mask","Anchor","AT_ArchangelStaff","Replay:Bottled Flurry","PageOfHappyTeddyBear","AT_BladeRuinedKing","Incense Burner","Gremlin Food","Bird Faced Urn","ReplayTheSpireMod:ShopPack","Replay:Rubber Ducky","Bag of Marbles","ReplayFunnel","Enchiridion","hubris:TinFlute","REME_PuzzleBoxRelic","hubris:CrystalStatue","testmod-BouquetWithThorns","REME_LimitBreaker","Letter Opener","Molten Egg 2","PreservedInsect","PageOfSingingMachine","MetatronsCube","Lizard Tail","hubris:MysteriousPyramids","MostiFishMod:Hod","AT_EbonyIvory","Bronze Scales","Pen Nib","CeramicFish","Blood Vial","Akabeko","aspiration:FetidBarrel","Mirror","Cauldron","testmod-Muramasa","Centennial Puzzle","hubris:ToyBattleship","Kunai","AT_LudenTempest","OrangePellets","Replay:Baseball","testmod-OneHitWonder","REME_CardOfGreed","Lantern","ReplayTheSpireMod:TigerMarble","testmod-AssaultLearning","testmod-TheFather","Replay:Bottled Eggs"],"acts_visited":["Exordium","TheCity","TheBeyond"],"potions_floor_usage":[],"damage_taken":[{"damage":0.0,"enemies":"Jaw Worm","floor":1.0,"turns":1.0},{"damage":0.0,"enemies":"Small Slimes","floor":2.0,"turns":2.0},{"damage":0.0,"enemies":"Cultist","floor":4.0,"turns":1.0},{"damage":9.0,"enemies":"3 Sentries","floor":6.0,"turns":5.0},{"damage":1.0,"enemies":"Exordium Wildlife","floor":11.0,"turns":3.0},{"damage":13.0,"enemies":"Looter","floor":12.0,"turns":3.0},{"damage":0.0,"enemies":"Hexaghost","floor":16.0,"turns":3.0},{"damage":0.0,"enemies":"2 Thieves","floor":18.0,"turns":1.0},{"damage":0.0,"enemies":"3 Byrds","floor":19.0,"turns":1.0},{"damage":0.0,"enemies":"Centurion and Healer","floor":21.0,"turns":1.0},{"damage":0.0,"enemies":"Book of Stabbing","floor":23.0,"turns":2.0},{"damage":0.0,"enemies":"Cultist and Chosen","floor":25.0,"turns":2.0},{"damage":0.0,"enemies":"Shelled Parasite and Fungi","floor":27.0,"turns":1.0},{"damage":0.0,"enemies":"Slavers","floor":30.0,"turns":1.0},{"damage":0.0,"enemies":"Collector","floor":33.0,"turns":1.0},{"damage":0.0,"enemies":"Orb Walker","floor":35.0,"turns":1.0},{"damage":0.0,"enemies":"3 Shapes","floor":37.0,"turns":1.0},{"damage":0.0,"enemies":"R_Hoarder","floor":40.0,"turns":1.0},{"damage":0.0,"enemies":"3 Darklings","floor":44.0,"turns":1.0},{"damage":0,"enemies":"Nemesis","floor":47,"turns":2},{"damage":0,"enemies":"Awakened One","floor":50,"turns":2},{"damage":0,"enemies":"Donu and Deca","floor":51,"turns":1}],"seed_played":"-3569823978741054006","potions_obtained":[{"floor":2.0,"key":"testmod-TimePotion"},{"floor":38.0,"key":"testmod-TestPotion"}],"is_trial":false,"path_per_floor":["M","M","?","M","?","E","?","R","T","$","M","M","?","$","R","B",null,"M","M","$","M","?","E","R","M","T","M","R","?","E","$","R","B",null,"M","?","M","$","?","E","$","R","T","M","?","$","E","?","R","B","B"],"character_chosen":"Librarian","items_purchased":["Technique","REME_GoldPotion","testmod-SpacePotion","WillOfThePrescript","testmod-Superconductor","ReplayTheSpireMod:Shallot","Boot","Ying","Gremlin Food","Bird Faced Urn","ChargeUp","FairyPotion","Weak Potion","BlessingOfTheForge","ReplayTheSpireMod:ShopPack","MetatronsCube","Lizard Tail","hubris:MysteriousPyramids","aspiration:FetidBarrel","CleanUp+1","Mirror","Cauldron","AT_LudenTempest","OrangePellets","Replay:Baseball","REME_CardOfGreed","Lantern","ReplayTheSpireMod:TigerMarble"],"campfire_rested":0,"item_purchase_floors":[10,10,14,14,14,14,14,14,20,20,20,20,20,20,20,31,31,31,38,38,38,38,41,41,41,46,46,46],"current_hp_per_floor":[56,59,59,64,68,80,80,80,80,80,81,80,80,82,82,83,83,84,85,85,86,65,87,87,88,88,89,89,89,90,98,98,99,99,100,100,101,101,101,102,102,102,102,103,103,103,104,104,104,105,105,105],"gold":3928,"neow_bonus":"THREE_ENEMY_KILL","is_daily":false,"chose_seed":false,"campfire_upgraded":6,"win_rate":0.0,"timestamp":1608901861,"path_taken":["M","M","?","M","?","E","?","R","T","$","M","M","?","$","R","BOSS","M","M","$","M","?","E","R","M","T","M","R","?","E","$","R","BOSS","M","?","M","$","?","E","$","R","T","M","?","$","E","?","R","BOSS","BOSS"],"items_purchased_type":["Relic","Potion","Potion","Card","Card","Relic","Relic","Relic","Relic","Relic","Card","Potion","Potion","Potion","Relic","Relic","Relic","Relic","Relic","Card","Relic","Relic","Relic","Relic","Relic","Relic","Relic","Relic"],"build_version":"2020-12-22","purchased_purges":17,"victory":false,"max_hp_per_floor":[61,78,78,79,79,80,80,80,80,80,81,82,82,82,82,83,83,84,85,85,86,86,87,87,88,88,89,89,89,98,98,98,99,99,100,100,101,101,101,102,102,102,102,103,103,103,104,104,104,105,105,105],"card_choices":[{"not_picked":["Pound","SinglePointStab","GoinFirst","WillOfThePrescript","EnergyCycle","FlowOfTheSword","DefenseOrder","StayCalm","FierceCharge"],"picked":"SKIP","floor":1.0},{"not_picked":["KeepItFresh","Rewind","NightInTheBackstreets","Wallop_lor","WillOfThePrescript","Commandeering","HiddenBlade","EndlessBattle","ClassAndRespect","DarkCloud"],"picked":"Multislash","floor":2.0},{"not_picked":["HiddenBlade","LossOfSenses","GuidanceOfTheGears","Quickness","IronWall","TheRedNotes","FierceCharge","MultiHit","SuppressingShot","PuppetBlockade"],"picked":"TrashDisposal","floor":4.0},{"not_picked":["EnergyCycle","Track","GuidanceOfTheGears","FrontalAssault","Pound","FleetEdge","PuppetBlockade","StrongStrike","BoundaryOfDeath","SunsetBlade"],"picked":"TheRedNotes","floor":6.0},{"not_picked":["FierceOnslaught","WillOfThePrescript","SunsetBlade","LawAndOrder","QuickAttack","MultiHit","UnavoidableGaze","FlowOfTheSword","SharpSwipe","AsThePrescriptOrders","SweepTheBackstreets"],"picked":"SKIP","floor":11.0},{"not_picked":["ForcefulGesture","Multislash","Pound","BackAttack","Eject","DefenseOrder","FervidEmotions","DesperateStruggle","Juggling","Leap_lor"],"picked":"Reload","floor":12.0},{"not_picked":["ExtractFuel","Wallop_lor","DriedUp+1","SpearedSweep","Overcharge","SuppressingShot","DeepDrag","SilentNight","ToWhereThePrescriptPoints+1","TraceOfFumes","EnergyShield"],"picked":"SKIP","floor":18.0},{"not_picked":["PreparedMind+1","FierceCharge","FeatherShield","EnergyCycle","IngredientHunt","Quickness","Marionette","Execute_lor+1","ReadyUp","Overpower"],"picked":"FrontalAssault","floor":19.0},{"not_picked":["testmod-Reverberation","testmod-Illusory","testmod-AssimilatedRune","testmod-Arrangement","testmod-PulseDistributor","REME_ProfessionalPlagiarism","Secret Technique","Crow Ritual","testmod-PowerStrike","REME_AllRoundStrike"],"picked":"REME_WheelOfFate","floor":20.0},{"not_picked":["testmod-BloodShelter","testmod-RepeatForm","testmod-DeathImprint","Mind Blast","testmod-Recap","MostiFishMod:SupremeArchaeology","hubris:EnhanceAbility","testmod-ConditionedReflex","Secret Technique","Secret Weapon"],"picked":"REME_TwoStrings","floor":20.0},{"not_picked":["testmod-ChaoticCore","Replay:Bootleg Shield Generator","testmod-RabbitOfFibonacci","Forethought","Crow Ritual","testmod-SelfRegulatingSystem","testmod-TemporaryDeletion","testmod-AutoReboundSystem","testmod-HeadAttack","REME_FirmDetermination"],"picked":"testmod-TaurusBlackCat","floor":20.0},{"not_picked":["DarkCloud","Quickness","TimeForALittleTest","FrontalAssault","DefenseOrder","Preparation","Guardian_lor","MultiBlock","Endure","SharpSwipe","GaleKick"],"picked":"SKIP","floor":21.0},{"not_picked":["DefenseOrder","SkyClearingCut","SearingSword+1","UnavoidableGaze","IronWall","Deflect_lor","MultiHit","LossOfSenses","Quickness","WildCard","ShrineToMusic"],"picked":"SKIP","floor":23.0},{"not_picked":["Pound","Reload","Parry","HandleRequest","PreemptiveStrike","UndertakePrescript","Slice_lor","BizarreAttack","UpbeatPerformance","EnergyCycle"],"picked":"RulesOfTheBackstreets","floor":25.0},{"not_picked":["Diversion","SunsetBlade","ToOvercomeCrisis","ExtremeEdge","GuidanceOfTheGears","SharpSwipe","TrashDisposal","MultiHit+1","UpbeatPerformance","StrongStrike","Guardian_lor"],"picked":"SKIP","floor":27.0},{"not_picked":["EnergyCycle","Rampage_lor","Marionette","DeepDrag+1","TendonChords","UnavoidableGaze","Fence","WrathOfTorment","ChopItOff","AlloutWar"],"picked":"EmotionalTurbulence","floor":29.0},{"not_picked":["FierceCharge","Fence","Cruelty+1","DefenseOrder","WillProduceFineSilk","FormingStorm+1","Outburst+1","Faith","EnergyShield","FleetFootsteps","PreemptiveStrike+1"],"picked":"SKIP","floor":30.0},{"not_picked":["FleetEdge+1","StrongStrike+1","ToWhereThePrescriptPoints","DesperateStruggle+1","QuickAttack+1","PreemptiveStrike+1","Outburst+1","StructuralAnalysis+1","WaitUp","DefenseOrder"],"picked":"UnforgettableMelody","floor":35.0},{"not_picked":["Eliminate+1","SunsetBlade","ShrineToMusic+1","StrongStrike+1","PreemptiveStrike+1","FierceCharge+1","SturdyDefense","EndlessBattle+1","BackAttack","FrontalAssault"],"picked":"UndertakePrescript","floor":37.0},{"not_picked":["Faith","HiddenBlade+1","Multislash+1","FeatherShield+1","DesperateStruggle+1","Diversion+1","SmokingPipe","SpearedSweep+1","GuardingStance","Outburst+1"],"picked":"Commandeering","floor":40.0},{"not_picked":["NonstopAssault+1","Diversion+1","BackAttack","Leap_lor+1","StrongStrike+1","Creak+1","HeavyPeaks+1","UpbeatPerformance+1","SharpSwipe+1","NightInTheBackstreets+1","UnavoidableGaze"],"picked":"SKIP","floor":44.0},{"not_picked":["BackAttack+1","ViolentFlame","NightInTheBackstreets+1","Retaliate+1","SmokingPipe+1","DestructiveImpact+1","SuppressingShot+1","Quickness","Preparation","Castigation+1","StrongStrike+1"],"picked":"SKIP","floor":47}],"player_experience":991239,"relics_obtained":[{"floor":1.0,"key":"SynthV:TestCard"},{"floor":6.0,"key":"MealTicket"},{"floor":7.0,"key":"ReplayTheSpireMod:Ring of Challenge"},{"floor":9.0,"key":"PageOfAlriune"},{"floor":11.0,"key":"PageOfScarecrow"},{"floor":11.0,"key":"Juzu Bracelet"},{"floor":12.0,"key":"PageOfTodaysShyLook"},{"floor":12.0,"key":"Omamori"},{"floor":12.0,"key":"hubris:Zylophone"},{"floor":16.0,"key":"Smiling Mask"},{"floor":16.0,"key":"Anchor"},{"floor":18.0,"key":"AT_ArchangelStaff"},{"floor":18.0,"key":"Replay:Bottled Flurry"},{"floor":18.0,"key":"PageOfHappyTeddyBear"},{"floor":19.0,"key":"AT_BladeRuinedKing"},{"floor":19.0,"key":"Incense Burner"},{"floor":21.0,"key":"Replay:Rubber Ducky"},{"floor":21.0,"key":"Bag of Marbles"},{"floor":21.0,"key":"ReplayFunnel"},{"floor":22.0,"key":"Enchiridion"},{"floor":23.0,"key":"hubris:TinFlute"},{"floor":25.0,"key":"REME_PuzzleBoxRelic"},{"floor":26.0,"key":"hubris:CrystalStatue"},{"floor":27.0,"key":"testmod-BouquetWithThorns"},{"floor":27.0,"key":"REME_LimitBreaker"},{"floor":27.0,"key":"Letter Opener"},{"floor":30.0,"key":"Molten Egg 2"},{"floor":30.0,"key":"PreservedInsect"},{"floor":30.0,"key":"PageOfSingingMachine"},{"floor":35.0,"key":"AT_EbonyIvory"},{"floor":35.0,"key":"Bronze Scales"},{"floor":35.0,"key":"Pen Nib"},{"floor":37.0,"key":"Blood Vial"},{"floor":37.0,"key":"Akabeko"},{"floor":40.0,"key":"testmod-Muramasa"},{"floor":40.0,"key":"Centennial Puzzle"},{"floor":40.0,"key":"hubris:ToyBattleship"},{"floor":40.0,"key":"Kunai"},{"floor":44.0,"key":"testmod-OneHitWonder"},{"floor":47,"key":"testmod-AssaultLearning"},{"floor":47,"key":"testmod-TheFather"},{"floor":47,"key":"Replay:Bottled Eggs"}],"event_choices":[{"damage_healed":0.0,"max_hp_gain":0.0,"max_hp_loss":0.0,"gold_gain":0.0,"event_name":"Upgrade Shrine","player_choice":"Upgraded","floor":13.0,"gold_loss":0.0,"damage_taken":0.0,"cards_upgraded":["Reload"]},{"damage_healed":0.0,"max_hp_gain":0.0,"max_hp_loss":0.0,"gold_gain":0.0,"event_name":"Cursed Tome","player_choice":"Obtained Book","floor":22.0,"gold_loss":0.0,"damage_taken":21.0},{"damage_healed":0.0,"max_hp_gain":0.0,"max_hp_loss":0.0,"gold_gain":999.0,"event_name":"¶÷ÂåË¹µÄÅÌ×Ó","player_choice":"Sell","floor":36.0,"relics_lost":["aspiration:PoetsPen"],"gold_loss":0.0,"damage_taken":0.0},{"damage_healed":0.0,"max_hp_gain":0.0,"max_hp_loss":0.0,"gold_gain":0.0,"event_name":"SecretPortal","player_choice":"Ignored","floor":39.0,"gold_loss":0.0,"damage_taken":0.0},{"damage_healed":0,"gold_gain":0,"player_choice":"Ignored","damage_taken":0,"max_hp_gain":0,"max_hp_loss":0,"event_name":"Duplicator","floor":45,"gold_loss":0}],"is_beta":false,"boss_relics":[{"not_picked":["REME_DemonsWealth","aspiration:SecretTechniqueScroll"],"picked":"aspiration:PoetsPen"},{"not_picked":["Painkiller Herb","ExusiaiGun"],"picked":"MostiFishMod:Hod"}],"items_purged_floors":[10,10,10,10,10,10,10,10,10,10,14,38,38,38,38,38,38],"is_endless":false,"potions_floor_spawned":[2,23,33],"killed_by":"Donu and Deca","ascension_level":20}}