{"host":"121m0oxswv9tg9hk","time":1608898459,"event":{"mods":["AchievementEnabler","BaseMod","Better Third Choice","Downfall","Hermit","Hubris","Infinite Spire","MarisaÅiñ∂âJÅ@ñÇóùçπÅj","Minty Spire (QoL Compilation)","Replay The Spire","Shade Mod","StSLib","The Construct","The Cursed","The Gatherer","The Hierophant","The Mystic"],"gold_per_floor":[99,115,390,404,404,404,404,237,237,250,261,277,202,228,247,247,247,247],"floor_reached":16,"playtime":933,"items_purged":["Regret"],"score":153,"play_id":"1af4d6cf-70bf-4b76-afa6-a490c0f755b5","local_time":"20201225131419","is_ascension_mode":true,"campfire_choices":[{"data":"Survey Options","floor":1,"key":"SMITH"},{"floor":9,"key":"RECALL"},{"data":"Slimebound:LeadByExample","floor":13,"key":"SMITH"}],"circlet_count":0,"master_deck":["AscendersBane","Slimebound:Strike_Slimebound","Slimebound:Strike_Slimebound","Slimebound:Strike_Slimebound","Slimebound:Tackle","Slimebound:Defend_Slimebound","Slimebound:Defend_Slimebound","Slimebound:Defend_Slimebound","Slimebound:Defend_Slimebound","Slimebound:Split+1","Survey Options+1","Slimebound:RainOfGoop","Slimebound:LivingWall","Slimebound:GrowthPunch","Slimebound:GrowthPunch","Slimebound:Grow","Slimebound:LeadByExample+1","Slimebound:FlameTackle","Slimebound:GoopSpray"],"relics":["Slimebound:AbsorbEndCombat","PreservedInsect","downfall:HeartBlessingRed","ReplayFunnel"],"acts_visited":["Exordium"],"potions_floor_usage":[14,16,16,16],"damage_taken":[{"damage":8,"enemies":"2 Louse","floor":2,"turns":3},{"damage":10,"enemies":"Cultist","floor":4,"turns":3},{"damage":12,"enemies":"downfall:FleeingMerchant","floor":8,"turns":4},{"damage":9,"enemies":"Small Slimes","floor":10,"turns":4},{"damage":15,"enemies":"Exordium Wildlife","floor":11,"turns":5},{"damage":10,"enemies":"2 Fungi Beasts","floor":12,"turns":4},{"damage":24,"enemies":"3 Sentries","floor":14,"turns":5},{"damage":40,"enemies":"Exordium Thugs","floor":15,"turns":4},{"damage":43,"enemies":"downfall:Silent","floor":16,"turns":4}],"seed_played":"-8519687808691124148","potions_obtained":[{"floor":2,"key":"BlessingOfTheForge"},{"floor":4,"key":"Explosive Potion"},{"floor":14,"key":"Swift Potion"},{"floor":15,"key":"DistilledChaos"}],"is_trial":false,"path_per_floor":["R","M","?","M","?","?","T","$","R","M","M","M","R","E","M","B"],"character_chosen":"SLIMEBOUND","items_purchased":["Slimebound:Grow"],"campfire_rested":0,"item_purchase_floors":[8],"current_hp_per_floor":[54,58,58,58,58,58,58,58,58,60,60,60,60,60,34,0,0,0],"gold":247,"neow_bonus":"RANDOM_COLORLESS","is_daily":false,"chose_seed":false,"campfire_upgraded":2,"win_rate":0.0,"timestamp":1608898459,"path_taken":["R","M","?","?","?","?","T","$","R","M","M","?","R","E","M","BOSS"],"items_purchased_type":["Card"],"build_version":"2020-12-22","purchased_purges":1,"victory":false,"max_hp_per_floor":[60,60,60,60,60,60,60,60,60,60,60,60,60,60,60,60,60,60],"card_choices":[{"not_picked":["Madness","expansioncontent:Collect"],"picked":"Survey Options","floor":0},{"not_picked":["Slimebound:MegaLick","Slimebound:SplitMire"],"picked":"Slimebound:RainOfGoop","floor":2},{"not_picked":["Slimebound:ForwardTackle","Slimebound:SlimeBrawl"],"picked":"Slimebound:LivingWall","floor":4},{"not_picked":["Slimebound:LeechingTouch","Slimebound:DisruptingSlam"],"picked":"Slimebound:GrowthPunch","floor":8},{"not_picked":["Slimebound:Schlurp","Slimebound:ComboTackle","Slimebound:Grow"],"picked":"SKIP","floor":10},{"not_picked":["Slimebound:Schlurp","Slimebound:ItLooksTasty"],"picked":"Slimebound:LeadByExample","floor":11},{"not_picked":["Slimebound:SplitBruiser","Slimebound:SplitMire","Slimebound:FinishingTackle"],"picked":"SKIP","floor":12},{"not_picked":["Slimebound:SplitAcid","Slimebound:SlimeSpikes"],"picked":"Slimebound:FlameTackle","floor":14},{"not_picked":["Slimebound:SplitLeeching","Slimebound:SplitMire"],"picked":"Slimebound:GoopSpray","floor":15}],"player_experience":2924658,"relics_obtained":[{"floor":7,"key":"PreservedInsect"},{"floor":14,"key":"ReplayFunnel"}],"event_choices":[{"damage_healed":0,"gold_gain":0,"cards_transformed":["Slimebound:CorrosiveSpit"],"player_choice":"Transformed","damage_taken":0,"max_hp_gain":0,"max_hp_loss":0,"event_name":"Transmorgrifier","floor":6,"gold_loss":0,"cards_obtained":["Slimebound:GrowthPunch"]}],"is_beta":false,"boss_relics":[],"items_purged_floors":[8],"is_endless":false,"potions_floor_spawned":[2,4,14,15],"killed_by":"downfall:Silent","ascension_level":10}}