{"host":"qe8kwmaaj944063g","time":1608859272,"event":{"mods":["BaseMod","Minty Spire (QoL Compilation)","Replay The Spire","StSLib"],"gold_per_floor":[118,118,118,173,23,23,23,57,112,112,122,17,46,61,61,158,158,172,472,193,210,227,262,262,275,275,275,294,324,9,9,9,9,9],"floor_reached":33,"playtime":1387,"items_purged":["Shame"],"score":338,"play_id":"795a7b97-5b0d-4d67-9b2c-caae7519c061","local_time":"20201225022112","is_ascension_mode":false,"campfire_choices":[{"data":"Zap","floor":6,"key":"SMITH"},{"data":"Doom and Gloom","floor":15,"key":"SMITH"},{"floor":24,"key":"REST"},{"floor":27,"key":"REST"}],"circlet_count":0,"master_deck":["Strike_B","Strike_B","Strike_B","Strike_B","Defend_B","Defend_B","Defend_B","Zap+1","Dualcast","Hyperbeam","Beam Cell","Steam+1","Coolheaded","Streamline+1","Doom and Gloom+1","Turbo","Ball Lightning","ReplayTheSpireMod:System Scan","Seek","Gash","Gash+1","Dark Shackles","Stack","Redo+1","White Noise+1","Go for the Eyes","Stack","Panic Button","Coolheaded","Rip and Tear","Auto Shields+1","Decay"],"relics":["Cracked Core","NeowsBlessing","Blue Doll","ReplayTheSpireMod:Lightbulb","Lantern","Odd Mushroom","Inserter","Old Coin","Toolbox","Onion Ring","Ornamental Fan","Prayer Wheel","Mercury Hourglass"],"acts_visited":["Exordium","TheCity"],"potions_floor_usage":[13,16,23,23,29],"damage_taken":[{"damage":0,"enemies":"Cultist","floor":1,"turns":1},{"damage":0,"enemies":"Lagavulin","floor":8,"turns":1},{"damage":0,"enemies":"Small Slimes","floor":11,"turns":1},{"damage":2,"enemies":"The Mushroom Lair","floor":13,"turns":2},{"damage":1,"enemies":"Jaw Worm","floor":14,"turns":2},{"damage":0,"enemies":"Slime Boss","floor":16,"turns":6},{"damage":10,"enemies":"2 Thieves","floor":18,"turns":2},{"damage":5,"enemies":"Spheric Guardian","floor":21,"turns":3},{"damage":9,"enemies":"3 Cultists","floor":22,"turns":5},{"damage":43,"enemies":"Slavers","floor":23,"turns":5},{"damage":14,"enemies":"Centurion and Healer","floor":25,"turns":5},{"damage":2,"enemies":"Snecko","floor":28,"turns":5},{"damage":33,"enemies":"Sentry and Sphere","floor":29,"turns":6},{"damage":8,"enemies":"Automaton","floor":33,"turns":4}],"seed_played":"2176833747902613473","potions_obtained":[{"floor":8,"key":"EntropicBrew"},{"floor":11,"key":"LiquidMemories"},{"floor":22,"key":"FocusPotion"},{"floor":25,"key":"Energy Potion"},{"floor":28,"key":"Strength Potion"}],"is_trial":false,"path_per_floor":["M","?","?","?","$","R","$","E","T","?","M","$","?","M","R","B",null,"M","?","$","M","M","E","R","M","T","R","M","M","$","?","R","B"],"character_chosen":"DEFECT","items_purchased":["Blue Doll","Streamline+1","Doom and Gloom","Turbo","Toolbox","Gash+1","Dark Shackles","Mercury Hourglass","Rip and Tear","Auto Shields+1"],"campfire_rested":2,"item_purchase_floors":[5,12,12,12,20,20,20,30,30,30],"current_hp_per_floor":[75,75,75,75,75,75,75,75,75,75,75,75,73,72,72,72,75,65,65,65,60,51,8,30,16,16,38,36,3,3,3,3,0,0],"gold":9,"neow_bonus":"THREE_ENEMY_KILL","is_daily":false,"chose_seed":false,"campfire_upgraded":2,"win_rate":0.0,"timestamp":1608859272,"path_taken":["M","?","?","?","?","R","$","E","T","?","M","$","?","M","R","BOSS","M","?","$","M","M","E","R","M","T","R","M","M","$","?","R","BOSS"],"items_purchased_type":["Relic","Card","Card","Card","Relic","Card","Card","Relic","Card","Card"],"build_version":"2020-12-22","purchased_purges":1,"victory":false,"max_hp_per_floor":[75,75,75,75,75,75,75,75,75,75,75,75,75,75,75,75,75,75,75,75,75,75,75,75,75,75,75,75,75,75,75,75,75,75],"card_choices":[{"not_picked":["Compile Driver","Stack"],"picked":"Ball Lightning","floor":1},{"not_picked":["Coolheaded","Electrodynamics"],"picked":"Beam Cell","floor":8},{"not_picked":["Rip and Tear","Leap"],"picked":"Coolheaded","floor":11},{"not_picked":["Doom and Gloom","ReplayTheSpireMod:Reroute Power"],"picked":"Ball Lightning","floor":13},{"not_picked":["Recycle","ReplaySolidLightProjector"],"picked":"ReplayTheSpireMod:System Scan","floor":14},{"not_picked":["Buffer","Amplify"],"picked":"Seek","floor":16},{"not_picked":["Hologram","Beam Cell"],"picked":"Gash","floor":18},{"not_picked":["ReplayTheSpireMod:Repulse","Compile Driver"],"picked":"Stack","floor":21},{"not_picked":["Hologram","Crystallizer"],"picked":"Redo+1","floor":22},{"not_picked":["Gash+1","Go for the Eyes"],"picked":"White Noise+1","floor":23},{"not_picked":["Hello World","Auto Shields+1"],"picked":"Go for the Eyes","floor":25},{"not_picked":["Redo","Compile Driver+1"],"picked":"Stack","floor":28},{"not_picked":["Hologram+1","Heatsinks"],"picked":"Panic Button","floor":29},{"not_picked":["Lockon","Redo"],"picked":"Coolheaded","floor":29}],"player_experience":16616,"relics_obtained":[{"floor":8,"key":"ReplayTheSpireMod:Lightbulb"},{"floor":9,"key":"Lantern"},{"floor":13,"key":"Odd Mushroom"},{"floor":23,"key":"Onion Ring"},{"floor":26,"key":"Ornamental Fan"}],"event_choices":[{"damage_healed":0,"gold_gain":0,"cards_transformed":["Defend_B"],"player_choice":"Change","damage_taken":0,"max_hp_gain":0,"max_hp_loss":0,"event_name":"Living Wall","floor":2,"gold_loss":0,"cards_obtained":["Hyperbeam"]},{"damage_healed":0,"gold_gain":0,"player_choice":"Ignored","damage_taken":0,"max_hp_gain":0,"max_hp_loss":0,"event_name":"Liars Game","floor":3,"gold_loss":0},{"damage_healed":0,"gold_gain":55,"player_choice":"Gained Gold","damage_taken":0,"max_hp_gain":0,"max_hp_loss":0,"event_name":"Golden Wing","floor":4,"gold_loss":0},{"damage_healed":0,"gold_gain":0,"player_choice":"Fought Mushrooms","damage_taken":0,"max_hp_gain":0,"max_hp_loss":0,"event_name":"Mushrooms","floor":13,"gold_loss":0},{"damage_healed":0,"gold_gain":0,"player_choice":"Stole Relic","damage_taken":0,"relics_obtained":["Old Coin"],"max_hp_gain":0,"max_hp_loss":0,"event_name":"Addict","floor":19,"gold_loss":0,"cards_obtained":["Shame"]},{"damage_healed":0,"gold_gain":0,"player_choice":"Smashed Altar","damage_taken":0,"max_hp_gain":0,"max_hp_loss":0,"event_name":"Forgotten Altar","floor":32,"gold_loss":0,"cards_obtained":["Decay"]}],"is_beta":false,"boss_relics":[{"not_picked":["Coffee Dripper","Runic Pyramid"],"picked":"Inserter"}],"items_purged_floors":[20],"is_endless":false,"potions_floor_spawned":[8,11,13,22,25,28],"killed_by":"Automaton","ascension_level":0}}