{"host":"anox4050deqdcqoh","time":1608921268,"event":{"mods":["BaseMod","Colored Map","Minty Spire (QoL Compilation)","Quick Restart"],"gold_per_floor":[362,376,387,4,16,16,16,36,36,48,48,48,48,74,74,171,171,156,174,174,189,104,104,29,29,29,43,43,143,143,159,159,159,159],"floor_reached":33,"playtime":1115,"items_purged":[],"score":259,"play_id":"3d96e268-a0a0-4f4d-81af-d2b83bc98c6f","local_time":"20201225133428","is_ascension_mode":true,"campfire_choices":[{"data":"1","floor":6,"key":"LIFT"},{"floor":11,"key":"REST"},{"floor":15,"key":"REST"},{"data":"2","floor":23,"key":"LIFT"},{"floor":25,"key":"REST"},{"floor":32,"key":"REST"}],"circlet_count":0,"master_deck":["Strike_R+1","Strike_R+1","Strike_R+1","Strike_R+1","Strike_R+1","Defend_R+1","Defend_R+1","Defend_R+1","Defend_R+1","Bash","Uppercut+1","Flex","Whirlwind","Inflame","Shrug It Off","Demon Form","Inflame+1","Writhe","Heavy Blade","Ghostly Armor"],"relics":["Burning Blood","Membership Card","Bronze Scales","Girya","Ice Cream","Blue Candle","Tiny Chest","Turnip","Akabeko","Ginger","CaptainsWheel","Singing Bowl","Self Forming Clay"],"acts_visited":["Exordium","TheCity"],"potions_floor_usage":[14,14,16,29,29,29],"damage_taken":[{"damage":10,"enemies":"2 Louse","floor":1,"turns":3},{"damage":1,"enemies":"Jaw Worm","floor":2,"turns":4},{"damage":4,"enemies":"Small Slimes","floor":3,"turns":4},{"damage":15,"enemies":"Exordium Wildlife","floor":5,"turns":4},{"damage":9,"enemies":"Blue Slaver","floor":8,"turns":2},{"damage":0,"enemies":"3 Louse","floor":10,"turns":1},{"damage":25,"enemies":"3 Sentries","floor":14,"turns":4},{"damage":22,"enemies":"Slime Boss","floor":16,"turns":7},{"damage":22,"enemies":"2 Thieves","floor":18,"turns":4},{"damage":19,"enemies":"Spheric Guardian","floor":19,"turns":4},{"damage":23,"enemies":"Snake Plant","floor":21,"turns":3},{"damage":27,"enemies":"Centurion and Healer","floor":27,"turns":6},{"damage":18,"enemies":"Colosseum Slavers","floor":29,"turns":5},{"damage":21,"enemies":"Colosseum Nobs","floor":29,"turns":4},{"damage":10,"enemies":"Sentry and Sphere","floor":31,"turns":4},{"damage":64,"enemies":"Collector","floor":33,"turns":5}],"seed_played":"-473355378165690342","potions_obtained":[{"floor":1,"key":"LiquidBronze"},{"floor":5,"key":"ColorlessPotion"},{"floor":10,"key":"BloodPotion"},{"floor":14,"key":"SkillPotion"},{"floor":19,"key":"SteroidPotion"},{"floor":27,"key":"PowerPotion"},{"floor":31,"key":"FairyPotion"}],"is_trial":false,"path_per_floor":["M","M","M","$","M","R","?","M","T","M","R","?","?","E","R","B",null,"M","M","?","M","?","R","$","R","T","M","?","?","T","M","R","B"],"character_chosen":"IRONCLAD","items_purchased":["Membership Card","Bronze Scales","Girya","Akabeko"],"campfire_rested":4,"item_purchase_floors":[4,4,4,24],"current_hp_per_floor":[52,57,59,59,50,50,34,31,31,37,61,49,49,46,70,54,80,64,51,51,34,34,34,34,58,58,37,37,12,12,10,35,0,0],"gold":159,"neow_bonus":"TWO_FIFTY_GOLD","is_daily":false,"chose_seed":false,"campfire_upgraded":0,"win_rate":0.0,"timestamp":1608921268,"path_taken":["M","M","M","$","M","R","?","M","T","M","R","?","?","E","R","BOSS","M","M","?","M","?","R","$","R","T","M","?","?","?","M","R","BOSS"],"items_purchased_type":["Relic","Relic","Relic","Relic"],"build_version":"2020-12-22","purchased_purges":0,"victory":false,"max_hp_per_floor":[80,80,80,80,80,80,80,80,80,80,80,80,80,80,80,80,80,80,80,80,80,80,80,80,80,80,80,80,82,82,84,84,84,84],"card_choices":[{"not_picked":["True Grit","Sword Boomerang"],"picked":"Uppercut","floor":1},{"not_picked":["Perfected Strike","Clash"],"picked":"Flex","floor":2},{"not_picked":["Dual Wield","Headbutt"],"picked":"Whirlwind","floor":3},{"not_picked":["Clothesline","Warcry","Clash"],"picked":"SKIP","floor":5},{"not_picked":["Reckless Charge","Cleave","Uppercut"],"picked":"SKIP","floor":8},{"not_picked":["Shrug It Off","Ghostly Armor"],"picked":"Inflame","floor":10},{"not_picked":["Uppercut","Burning Pact"],"picked":"Shrug It Off","floor":14},{"not_picked":["Feed","Berserk"],"picked":"Demon Form","floor":16},{"not_picked":["Havoc","Clothesline","Wild Strike"],"picked":"SKIP","floor":18},{"not_picked":["Heavy Blade","Cleave+1"],"picked":"Inflame+1","floor":19},{"not_picked":["Pommel Strike","Infernal Blade"],"picked":"Heavy Blade","floor":21},{"not_picked":["Hemokinesis","Battle Trance"],"picked":"Ghostly Armor","floor":27},{"not_picked":["Pummel","Searing Blow","Shrug It Off+1"],"picked":"Singing Bowl","floor":29},{"not_picked":["Hemokinesis","Entrench+1","Battle Trance+1"],"picked":"Singing Bowl","floor":31}],"player_experience":202424,"relics_obtained":[{"floor":14,"key":"Blue Candle"},{"floor":26,"key":"Ginger"},{"floor":29,"key":"CaptainsWheel"},{"floor":29,"key":"Singing Bowl"},{"floor":30,"key":"Self Forming Clay"}],"event_choices":[{"damage_healed":0,"gold_gain":0,"player_choice":"Entered Light","damage_taken":16,"max_hp_gain":0,"max_hp_loss":0,"event_name":"Shining Light","floor":7,"gold_loss":0,"cards_upgraded":["Strike_R","Uppercut"]},{"damage_healed":0,"gold_gain":0,"player_choice":"Success","damage_taken":12,"relics_obtained":["Ice Cream"],"max_hp_gain":0,"max_hp_loss":0,"event_name":"Scrap Ooze","floor":12,"gold_loss":0},{"damage_healed":0,"gold_gain":0,"player_choice":"Ignored","damage_taken":0,"max_hp_gain":0,"max_hp_loss":0,"event_name":"Liars Game","floor":13,"gold_loss":0},{"damage_healed":0,"gold_gain":0,"player_choice":"Opened","damage_taken":0,"relics_obtained":["Tiny Chest"],"max_hp_gain":0,"max_hp_loss":0,"event_name":"The Mausoleum","floor":20,"gold_loss":0,"cards_obtained":["Writhe"]},{"damage_healed":0,"gold_gain":0,"player_choice":"Obtained Relic","damage_taken":0,"relics_obtained":["Turnip"],"max_hp_gain":0,"max_hp_loss":0,"event_name":"Addict","floor":22,"gold_loss":85},{"damage_healed":0,"gold_gain":0,"player_choice":"Simplicity","damage_taken":0,"max_hp_gain":0,"max_hp_loss":0,"event_name":"Back to Basics","floor":28,"gold_loss":0,"cards_upgraded":["Strike_R","Strike_R","Strike_R","Strike_R","Defend_R","Defend_R","Defend_R","Defend_R"]},{"damage_healed":0,"gold_gain":0,"player_choice":"Fight","damage_taken":0,"max_hp_gain":0,"max_hp_loss":0,"event_name":"Colosseum","floor":29,"gold_loss":0},{"damage_healed":0,"gold_gain":0,"player_choice":"Fought Nobs","damage_taken":0,"max_hp_gain":0,"max_hp_loss":0,"event_name":"Colosseum","floor":29,"gold_loss":0}],"is_beta":false,"boss_relics":[{"not_picked":["Runic Dome","Snecko Eye","Velvet Choker"]}],"items_purged_floors":[],"is_endless":false,"potions_floor_spawned":[1,5,10,14,19,27,29,31],"killed_by":"Collector","ascension_level":1}}