{"host":"vfg9szunmpjwj08o","time":1608923899,"event":{"mods":["Act Like it!","BaseMod","Challenge The Spire","Colored Map","Colored Powertips","Minty Spire (QoL Compilation)","StSLib","Waifu the Spire"],"gold_per_floor":[110,124,124,143,143,143,143],"floor_reached":6,"playtime":218,"items_purged":[],"score":70,"play_id":"914c42ce-f837-4ffb-b7b7-6b85f177ce35","local_time":"20201225201819","is_ascension_mode":true,"campfire_choices":[],"circlet_count":0,"master_deck":["AscendersBane","Strike_B","Strike_B","Strike_B","Defend_B","Defend_B","Defend_B","Defend_B","Zap","Dualcast","Rainbow","Chaos","Multi-Cast"],"relics":["Cracked Core"],"acts_visited":["Exordium"],"potions_floor_usage":[6],"damage_taken":[{"damage":15.0,"enemies":"Small Slimes","floor":1.0,"turns":4.0},{"damage":0.0,"enemies":"Cultist","floor":2.0,"turns":4.0},{"damage":5,"enemies":"Jaw Worm","floor":4,"turns":4},{"damage":9,"enemies":"Gremlin Nob","floor":6,"turns":3}],"seed_played":"5553876405531992536","potions_obtained":[{"floor":2,"key":"EssenceOfSteel"},{"floor":4,"key":"Dexterity Potion"},{"floor":5,"key":"CultistPotion"}],"is_trial":false,"path_per_floor":["M","M","?","M","?","E"],"character_chosen":"DEFECT","items_purchased":[],"campfire_rested":0,"item_purchase_floors":[],"current_hp_per_floor":[49,49,42,37,37,28,28],"gold":143,"neow_bonus":"THREE_RARE_CARDS","is_daily":false,"chose_seed":false,"campfire_upgraded":0,"win_rate":0.0,"timestamp":1608923899,"path_taken":["M","M","?","M","?","E"],"items_purchased_type":[],"build_version":"2020-12-22","purchased_purges":0,"victory":false,"max_hp_per_floor":[64,64,64,64,64,64,64],"card_choices":[{"not_picked":["Multi-Cast","Biased Cognition"],"picked":"Rainbow","floor":0.0},{"not_picked":["Hologram","Coolheaded"],"picked":"Chaos","floor":1.0},{"not_picked":["Storm","Conserve Battery"],"picked":"Multi-Cast","floor":2},{"not_picked":["Rebound","Sweeping Beam","Tempest"],"picked":"SKIP","floor":4}],"player_experience":1011902,"relics_obtained":[],"event_choices":[{"cards_removed":["Strike_B"],"damage_healed":0,"gold_gain":0,"player_choice":"Card Removal","damage_taken":7,"max_hp_gain":0,"max_hp_loss":0,"event_name":"Golden Wing","floor":3,"gold_loss":0},{"damage_healed":0,"gold_gain":0,"player_choice":"Got Potions","damage_taken":0,"max_hp_gain":0,"max_hp_loss":0,"event_name":"Lab","floor":5,"gold_loss":0}],"is_beta":false,"boss_relics":[],"items_purged_floors":[],"is_endless":false,"potions_floor_spawned":[2,4],"killed_by":"Gremlin Nob","ascension_level":19}}