{"host":"t7mx8yfj1no5p62f","time":1608870926,"event":{"mods":["BaseMod","Colored Map","Colored Powertips","Minty Spire (QoL Compilation)","Relic Stats","StSLib"],"gold_per_floor":[112,37,48,63,82,107,107,107,107,138,138,138,171,181,181,181,181],"floor_reached":16,"playtime":567,"items_purged":["Strike_P"],"score":290,"play_id":"e4ea0b1a-dec1-47ae-9319-abc3236072ce","local_time":"20201224233526","is_ascension_mode":true,"campfire_choices":[{"data":"ThirdEye","floor":7.0,"key":"SMITH"},{"data":"Crescendo","floor":12.0,"key":"SMITH"},{"data":"CrushJoints","floor":15,"key":"SMITH"}],"circlet_count":0,"master_deck":["AscendersBane","Strike_P","Strike_P","Strike_P","Defend_P","Defend_P","Defend_P","Defend_P","Eruption","Vigilance","SignatureMove","Prostrate","PathToVictory","JustLucky","ThirdEye+1","Crescendo+1","CrushJoints+1","Protect"],"relics":["PureWater","TungstenRod","Bird Faced Urn","Turnip","Lantern"],"acts_visited":["Exordium"],"potions_floor_usage":[16],"damage_taken":[{"damage":2.0,"enemies":"Cultist","floor":1.0,"turns":3.0},{"damage":0.0,"enemies":"Small Slimes","floor":3.0,"turns":1.0},{"damage":0.0,"enemies":"2 Louse","floor":4.0,"turns":3.0},{"damage":19.0,"enemies":"2 Fungi Beasts","floor":5.0,"turns":3.0},{"damage":14.0,"enemies":"Gremlin Nob","floor":6.0,"turns":3.0},{"damage":9.0,"enemies":"3 Sentries","floor":10.0,"turns":9.0},{"damage":0.0,"enemies":"Gremlin Nob","floor":13.0,"turns":2.0},{"damage":0,"enemies":"Exordium Wildlife","floor":14,"turns":3},{"damage":29,"enemies":"Hexaghost","floor":16,"turns":9}],"seed_played":"-5357973012036190328","potions_obtained":[{"floor":1.0,"key":"GamblersBrew"},{"floor":3.0,"key":"BottledMiracle"},{"floor":6.0,"key":"PowerPotion"},{"floor":14,"key":"AttackPotion"}],"is_trial":false,"path_per_floor":["M","$","M","M","M","E","R","?","T","E","?","R","E","M","R","B"],"character_chosen":"WATCHER","items_purchased":[],"campfire_rested":0,"item_purchase_floors":[],"current_hp_per_floor":[65,65,65,65,46,32,32,32,32,25,25,25,25,25,25,0,0],"gold":181,"neow_bonus":"TEN_PERCENT_HP_BONUS","is_daily":false,"chose_seed":false,"campfire_upgraded":3,"win_rate":0.0,"timestamp":1608870926,"path_taken":["M","$","?","M","M","E","R","?","T","E","?","R","E","M","R","BOSS"],"items_purchased_type":[],"build_version":"2020-12-22","purchased_purges":1,"victory":false,"max_hp_per_floor":[74,74,74,74,74,74,74,74,74,74,74,74,74,74,74,74,74],"relic_stats":{"counters":[9,36],"Bird Faced Urn":[2],"Turnip":[0],"obtain_stats":[{"Lantern":13,"Bird Faced Urn":9,"Turnip":10,"PureWater":0,"TungstenRod":6},{"Lantern":7,"Bird Faced Urn":5,"Turnip":6,"PureWater":0,"TungstenRod":5},{"Lantern":24,"Bird Faced Urn":13,"Turnip":22,"PureWater":0,"TungstenRod":13}],"TungstenRod":13},"card_choices":[{"not_picked":["FlyingSleeves","Halt"],"picked":"SignatureMove","floor":1.0},{"not_picked":["CrushJoints","BattleHymn"],"picked":"Prostrate","floor":3.0},{"not_picked":["Protect","Crescendo"],"picked":"PathToVictory","floor":4.0},{"not_picked":["CrushJoints","WreathOfFlame"],"picked":"JustLucky","floor":5.0},{"not_picked":["SpiritShield","Pray"],"picked":"ThirdEye","floor":6.0},{"not_picked":["Nirvana","ClearTheMind"],"picked":"Crescendo","floor":10.0},{"not_picked":["Tantrum","Perseverance"],"picked":"CrushJoints","floor":13.0},{"not_picked":["CrushJoints","FlyingSleeves"],"picked":"Protect","floor":14}],"player_experience":1587992,"relics_obtained":[{"floor":6.0,"key":"TungstenRod"},{"floor":9.0,"key":"Bird Faced Urn"},{"floor":10.0,"key":"Turnip"},{"floor":13.0,"key":"Lantern"}],"event_choices":[{"damage_healed":0.0,"max_hp_gain":0.0,"max_hp_loss":0.0,"gold_gain":0.0,"event_name":"Scrap Ooze","player_choice":"Fled","floor":8.0,"gold_loss":0.0,"damage_taken":0.0},{"damage_healed":0.0,"max_hp_gain":0.0,"max_hp_loss":0.0,"gold_gain":0.0,"event_name":"Shining Light","player_choice":"Ignored","floor":11.0,"gold_loss":0.0,"damage_taken":0.0}],"is_beta":false,"boss_relics":[],"items_purged_floors":[2],"is_endless":false,"potions_floor_spawned":[1,3,6,14],"killed_by":"Hexaghost","ascension_level":20}}