{"host":"kw4o7b3ro2ktmmbe","time":1608932375,"event":{"mods":["BaseMod","Evolution","Minty Spire (QoL Compilation)","Robot Space Explorer","StSLib","Treasure Hunter"],"gold_per_floor":[112,122,122,122,143,143,158,158,158,179,179,223,223,242,242,368,368,382,408,426,127,127,127,127,127],"floor_reached":24,"playtime":1718,"items_purged":[],"score":248,"play_id":"3a6b7635-3f7d-4252-8a81-181f55d87c7b","local_time":"20201226103935","is_ascension_mode":true,"campfire_choices":[{"data":"RobotSpaceExplorer:StarLightning","floor":6.0,"key":"SMITH"},{"data":"RobotSpaceExplorer:MiniBoosters","floor":8.0,"key":"SMITH"},{"data":"RobotSpaceExplorer:Comet","floor":13.0,"key":"SMITH"},{"floor":15.0,"key":"REST"},{"data":"RobotSpaceExplorer:PowerCollector","floor":23.0,"key":"SMITH"}],"circlet_count":0,"master_deck":["RobotSpaceExplorer:MetalStrike","RobotSpaceExplorer:Strike","RobotSpaceExplorer:Strike","RobotSpaceExplorer:Strike","RobotSpaceExplorer:Defend","RobotSpaceExplorer:Defend","RobotSpaceExplorer:Defend","RobotSpaceExplorer:Scan","RobotSpaceExplorer:MiniLasers","RobotSpaceExplorer:DualCore","RobotSpaceExplorer:MiniBoosters+1","RobotSpaceExplorer:StarLightning+1","TH:ArmorSpikes","RobotSpaceExplorer:Comet+1","TH:CopperCoins","RobotSpaceExplorer:ShovelStrike","TH:CopperCoins","RobotSpaceExplorer:TrailblazerForm","RobotSpaceExplorer:ScrapMissile+1","RobotSpaceExplorer:PowerCollector+1"],"relics":["RobotSpaceExplorer:RoboCore","EVO:Axolotl","Golden Idol","RobotSpaceExplorer:ToughPlating","Bottled Tornado","Runic Dome","Bird Faced Urn","Centennial Puzzle"],"acts_visited":["Exordium","TheCity"],"potions_floor_usage":[],"damage_taken":[{"damage":0.0,"enemies":"Jaw Worm","floor":1.0,"turns":5.0},{"damage":9.0,"enemies":"Small Slimes","floor":2.0,"turns":5.0},{"damage":4.0,"enemies":"Cultist","floor":5.0,"turns":5.0},{"damage":0.0,"enemies":"Exordium Wildlife","floor":7.0,"turns":3.0},{"damage":3.0,"enemies":"Looter","floor":10.0,"turns":3.0},{"damage":19.0,"enemies":"3 Sentries","floor":12.0,"turns":7.0},{"damage":0.0,"enemies":"Exordium Thugs","floor":14.0,"turns":3.0},{"damage":30.0,"enemies":"The Guardian","floor":16.0,"turns":9.0},{"damage":13.0,"enemies":"Chosen","floor":18.0,"turns":6.0},{"damage":14.0,"enemies":"3 Byrds","floor":19.0,"turns":5.0},{"damage":16.0,"enemies":"Cultist and Chosen","floor":20.0,"turns":5.0},{"damage":36,"enemies":"Slavers","floor":24,"turns":2}],"seed_played":"5531741736818218082","potions_obtained":[{"floor":7.0,"key":"RobotSpaceExplorer:PlasmaFlask"},{"floor":12.0,"key":"SteroidPotion"},{"floor":14.0,"key":"FearPotion"},{"floor":16.0,"key":"PowerPotion"},{"floor":18.0,"key":"SteroidPotion"},{"floor":19.0,"key":"Fruit Juice"}],"is_trial":false,"path_per_floor":["M","M","?","?","M","R","M","R","T","M","?","E","R","M","R","B",null,"M","M","M","$","?","R","E"],"character_chosen":"RobotSpaceExplorer","items_purchased":["Bird Faced Urn"],"campfire_rested":1,"item_purchase_floors":[21],"current_hp_per_floor":[82,73,53,53,49,49,49,49,49,46,46,27,27,27,51,21,67,54,45,29,29,29,29,0,0],"gold":127,"neow_bonus":"TEN_PERCENT_HP_BONUS","is_daily":false,"chose_seed":false,"campfire_upgraded":4,"win_rate":0.0,"timestamp":1608932375,"path_taken":["M","M","?","?","M","R","?","R","T","M","?","E","R","M","R","BOSS","M","M","M","$","?","R","E"],"items_purchased_type":["Relic"],"build_version":"2020-12-22","purchased_purges":0,"victory":false,"max_hp_per_floor":[82,82,82,82,82,82,82,82,82,82,82,82,82,82,82,82,82,82,87,87,87,87,87,87,87],"card_choices":[{"not_picked":["RobotSpaceExplorer:ScrapMissile","RobotSpaceExplorer:StunGrenade"],"picked":"RobotSpaceExplorer:DualCore","floor":1.0},{"not_picked":["RobotSpaceExplorer:ImprovisedAttack","RobotSpaceExplorer:SlimeMissile"],"picked":"RobotSpaceExplorer:MiniBoosters","floor":2.0},{"not_picked":["RobotSpaceExplorer:SelfCleaning","RobotSpaceExplorer:SlimeMissile"],"picked":"RobotSpaceExplorer:StarLightning","floor":5.0},{"not_picked":["RobotSpaceExplorer:ImprovisedAttack","RobotSpaceExplorer:SurgingShield","RobotSpaceExplorer:Counterblock"],"picked":"SKIP","floor":7.0},{"not_picked":["TH:EnergyPotion"],"picked":"TH:ArmorSpikes","floor":9.0},{"not_picked":["RobotSpaceExplorer:ScrapShield","RobotSpaceExplorer:PowerGlove"],"picked":"RobotSpaceExplorer:Comet","floor":10.0},{"not_picked":["TH:ArmorSpikes"],"picked":"TH:CopperCoins","floor":12.0},{"not_picked":["RobotSpaceExplorer:Ammunition","RobotSpaceExplorer:Smokescreen","RobotSpaceExplorer:FranticSearch"],"picked":"SKIP","floor":12.0},{"not_picked":["RobotSpaceExplorer:StunGrenade","RobotSpaceExplorer:Electropulse"],"picked":"RobotSpaceExplorer:ShovelStrike","floor":14.0},{"not_picked":["TH:EnergyPotion"],"picked":"TH:CopperCoins","floor":16.0},{"not_picked":["RobotSpaceExplorer:Asteroid","RobotSpaceExplorer:Explosion"],"picked":"RobotSpaceExplorer:TrailblazerForm","floor":16.0},{"not_picked":["RobotSpaceExplorer:SurgingStrike","RobotSpaceExplorer:ScrapMissile","RobotSpaceExplorer:GlueShot"],"picked":"SKIP","floor":18.0},{"not_picked":["RobotSpaceExplorer:ShockKick","RobotSpaceExplorer:SwiftStep"],"picked":"RobotSpaceExplorer:ScrapMissile+1","floor":19.0},{"not_picked":["RobotSpaceExplorer:ShockKick+1","RobotSpaceExplorer:LuckyStrike"],"picked":"RobotSpaceExplorer:PowerCollector","floor":20.0}],"player_experience":1794616,"relics_obtained":[{"floor":9.0,"key":"RobotSpaceExplorer:ToughPlating"},{"floor":12.0,"key":"Bottled Tornado"}],"event_choices":[{"damage_healed":0.0,"max_hp_gain":0.0,"max_hp_loss":0.0,"gold_gain":0.0,"event_name":"Golden Idol","player_choice":"Take Damage","floor":3.0,"gold_loss":0.0,"damage_taken":20.0,"relics_obtained":["Golden Idol"]},{"damage_healed":0.0,"max_hp_gain":0.0,"max_hp_loss":0.0,"gold_gain":0.0,"event_name":"Liars Game","player_choice":"Ignored","floor":4.0,"gold_loss":0.0,"damage_taken":0.0},{"cards_removed":["RobotSpaceExplorer:Defend"],"damage_healed":0.0,"max_hp_gain":0.0,"max_hp_loss":0.0,"gold_gain":0.0,"event_name":"Purifier","player_choice":"Purged","floor":11.0,"gold_loss":0.0,"damage_taken":0.0},{"damage_healed":0.0,"max_hp_gain":0.0,"max_hp_loss":0.0,"gold_gain":0.0,"event_name":"The Mausoleum","player_choice":"Opened","floor":22.0,"gold_loss":0.0,"damage_taken":0.0,"relics_obtained":["Centennial Puzzle"]}],"is_beta":false,"boss_relics":[{"not_picked":["Snecko Eye","Pandora\u0027s Box"],"picked":"Runic Dome"}],"items_purged_floors":[],"is_endless":false,"potions_floor_spawned":[7,12,14,16,18,19],"killed_by":"Slavers","ascension_level":5}}