{"host":"rwzz6mk6bpmb57ql","time":1608858359,"event":{"mods":["AchievementEnabler","BaseMod","BetterRewards","Colored Map","Highlight Path","Hubris","Minty Spire (QoL Compilation)","Replay The Spire","StSLib"],"gold_per_floor":[6512,6524,5904,5920,5484,5519,5519,5594,5618,5643,5643,5676,5689,5717,5717,5817,5817,5834,5157,5177,5177,5197,5231,5231,5266,5266,5283,5309,5325,5425,5425,5425,5528,5528,5541,4762,4762,3918,3932,3959,3959,3985,3985,4018,4018,4018,4038,4038,4038,4038,4038,4038,1404,1432,1432],"floor_reached":56,"playtime":3760,"items_purged":["Strike_G","Strike_G","Defend_G","Defend_G"],"score":2193,"play_id":"780fc458-0ed4-408b-9d85-c10fae702e2f","local_time":"20201224190559","is_ascension_mode":true,"campfire_choices":[{"floor":7,"key":"RECALL"},{"data":"Accuracy","floor":11,"key":"SMITH"},{"data":"Terror","floor":15,"key":"SMITH"},{"data":"ReplayTheSpireMod:Scrap Shanks","floor":24,"key":"SMITH"},{"data":"Blade Dance","floor":32,"key":"SMITH"},{"data":"Cloak And Dagger","floor":41,"key":"SMITH"},{"data":"Neutralize","floor":45,"key":"SMITH"},{"data":"Blade Dance","floor":49,"key":"SMITH"},{"data":"Survivor","floor":52,"key":"SMITH"}],"circlet_count":0,"master_deck":["Storm of Steel+1","Strike_G+1","Strike_G+1","Defend_G","Defend_G","Survivor+1","Neutralize+1","Terror+1","Cloak And Dagger+1","hubris:EnhanceAbility+1","Prepared","Accuracy+1","Blade Dance+1","Cloak And Dagger+1","Backflip+1","ReplayTheSpireMod:Scrap Shanks+1","Jack Of All Trades+1","Blade Dance+1","Adrenaline+1","Berserk+1","Feel No Pain"],"relics":["Ring of the Snake","Letter Opener","Simple Rune","ClockworkSouvenir","Orichalcum","Anchor","Pear","hubris:MysteriousPyramids","Black Star","Oddly Smooth Stone","Omamori","Toolbox","Darkstone Periapt","Replay:Baseball","ReplayTheSpireMod:Ninjato","Iron Hammer","Tiny Chest","Replay:Accelerometer","Golden Egg","hubris:FunFungus","Mirror","MutagenicStrength","Busted Crown","Guide Book","hubris:TinFlute","Singing Bowl","hubris:EmptyBottle","hubris:DisguiseKit","Paper Crane","Toxic Egg 2","Shuriken","Blue Candle","Bottled Lightning","The Courier","Mummified Hand","Unceasing Top","Eternal Feather","Frozen Eye","Lantern","Pen Nib","Snake Skull","Art of War","TungstenRod","Boot","Gremlin Horn","Happy Flower","Onion Ring","Strawberry","Mercury Hourglass","Gremlin Food","Centennial Puzzle","ReplayTheSpireMod:TigerMarble","Replay:Wax Seal","Nunchaku","hubris:AncientText","Bag of Preparation"],"acts_visited":[],"potions_floor_usage":[4,10,10,12,14,22,25,29,33,33,39,39,40,40,44,44,50,50,50,50,50,50,55,55,55,55],"damage_taken":[{"damage":0,"enemies":"Small Slimes","floor":1,"turns":3},{"damage":6,"enemies":"2 Louse","floor":2,"turns":3},{"damage":0,"enemies":"Cultist","floor":4,"turns":3},{"damage":14,"enemies":"Gremlin Nob","floor":6,"turns":4},{"damage":8,"enemies":"3 Sentries","floor":10,"turns":4},{"damage":18,"enemies":"Lagavulin","floor":12,"turns":4},{"damage":3,"enemies":"Exordium Wildlife","floor":13,"turns":3},{"damage":8,"enemies":"Gremlin Nob","floor":14,"turns":3},{"damage":6,"enemies":"Slime Boss","floor":16,"turns":6},{"damage":2,"enemies":"3 Byrds","floor":18,"turns":3},{"damage":0,"enemies":"Spheric Guardian","floor":20,"turns":1},{"damage":0,"enemies":"Chosen and Byrds","floor":22,"turns":4},{"damage":16,"enemies":"Slavers","floor":23,"turns":4},{"damage":0,"enemies":"Gremlin Leader","floor":25,"turns":3},{"damage":0,"enemies":"Snake Plant","floor":27,"turns":1},{"damage":0,"enemies":"Slavers","floor":28,"turns":3},{"damage":0,"enemies":"Sentry and Sphere","floor":29,"turns":2},{"damage":0,"enemies":"Colosseum Slavers","floor":30,"turns":1},{"damage":0,"enemies":"Colosseum Nobs","floor":30,"turns":2},{"damage":0,"enemies":"Collector","floor":33,"turns":2},{"damage":0,"enemies":"3 Shapes","floor":35,"turns":1},{"damage":0,"enemies":"3 Darklings","floor":39,"turns":1},{"damage":0,"enemies":"R_Hoarder","floor":40,"turns":6},{"damage":0,"enemies":"Giant Head","floor":42,"turns":1},{"damage":0,"enemies":"Reptomancer","floor":44,"turns":1},{"damage":0,"enemies":"Sphere and 2 Shapes","floor":47,"turns":1},{"damage":16,"enemies":"Time Eater","floor":50,"turns":3},{"damage":0,"enemies":"Shield and Spear","floor":54,"turns":1},{"damage":2,"enemies":"The Heart","floor":55,"turns":4}],"seed_played":"1877402765249626520","potions_obtained":[{"floor":2,"key":"Elixir"},{"floor":6,"key":"LiquidBronze"},{"floor":10,"key":"GamblersBrew"},{"floor":12,"key":"CultistPotion"},{"floor":16,"key":"Dexterity Potion"},{"floor":21,"key":"FearPotion"},{"floor":21,"key":"Dexterity Potion"},{"floor":25,"key":"SpeedPotion"},{"floor":28,"key":"Dexterity Potion"},{"floor":29,"key":"EssenceOfSteel"},{"floor":30,"key":"Toxic Potion"},{"floor":33,"key":"PowerPotion"},{"floor":40,"key":"LiquidBronze"},{"floor":42,"key":"Toxic Potion"},{"floor":47,"key":"Regen Potion"}],"is_trial":false,"path_per_floor":["M","M","$","M","$","E","R","?","T","E","R","E","M","E","R","B",null,"M","$","M","?","M","E","R","E","T","M","E","M","?","?","R","B",null,"M","$","T","$","M","E","R","E","T","E","R","?","M","T","R","B",null,"R","$","E","B",null],"character_chosen":"THE_SILENT","items_purchased":["Letter Opener","Cloak And Dagger","hubris:EnhanceAbility","FairyPotion","Strength Potion","Accuracy","Simple Rune","ClockworkSouvenir","Oddly Smooth Stone","Omamori","Toolbox","ReplayTheSpireMod:Scrap Shanks","Jack Of All Trades","Guide Book","hubris:TinFlute","Singing Bowl","hubris:EmptyBottle","Poison Potion","hubris:DisguiseKit","Paper Crane","PowerPotion","Frozen Eye","Lantern","Pen Nib","Snake Skull","Art of War","TungstenRod","Boot","Gremlin Horn","Happy Flower","Onion Ring","Strawberry","Mercury Hourglass","Gremlin Food","Centennial Puzzle","ReplayTheSpireMod:TigerMarble","Replay:Wax Seal","Nunchaku","hubris:AncientText","Bag of Preparation"],"campfire_rested":0,"item_purchase_floors":[3,3,3,3,3,5,5,5,19,19,19,19,19,36,36,36,38,38,38,38,53,53,53,53,53,53,53,53,53,53,53,53,53,53,53,53,53,53,53,53],"current_hp_per_floor":[133,127,127,127,127,113,113,102,102,94,94,86,83,75,75,69,130,128,128,128,128,128,112,112,112,112,112,112,112,112,112,112,112,141,141,141,141,141,143,150,150,152,152,152,152,152,154,154,158,146,155,158,165,165,165],"gold":1432,"neow_bonus":"REMOVE_TWO","is_daily":false,"chose_seed":false,"campfire_upgraded":8,"win_rate":0.0,"timestamp":1608858359,"path_taken":["M","M","$","M","$","E","R","?","T","E","R","E","M","E","R","BOSS","M","$","M","?","M","E","R","E","T","?","E","M","?","?","R","BOSS","M","$","?","?","M","E","R","E","T","E","R","?","?","?","R","BOSS","R","$","E","BOSS"],"items_purchased_type":["Relic","Card","Card","Potion","Potion","Card","Relic","Relic","Relic","Relic","Relic","Card","Card","Relic","Relic","Relic","Relic","Potion","Relic","Relic","Potion","Relic","Relic","Relic","Relic","Relic","Relic","Relic","Relic","Relic","Relic","Relic","Relic","Relic","Relic","Relic","Relic","Relic","Relic","Relic"],"build_version":"2020-12-22","purchased_purges":4,"victory":true,"max_hp_per_floor":[140,140,140,140,140,140,140,140,140,140,140,150,150,150,150,150,150,150,150,150,150,150,150,150,150,150,150,150,150,150,150,150,150,150,150,150,150,150,152,154,154,156,156,156,156,156,158,158,158,158,158,158,165,165,165],"card_choices":[{"not_picked":["Dodge and Roll","Dash"],"picked":"Terror","floor":1},{"not_picked":["Slice","Quick Slash","Dodge and Roll"],"picked":"SKIP","floor":2},{"not_picked":["Cloak And Dagger","Poison Darts"],"picked":"Prepared","floor":4},{"not_picked":["Dagger Throw","hubris:TrickCloak","Caltrops"],"picked":"SKIP","floor":6},{"not_picked":["Quick Slash","PiercingWail","Backflip"],"picked":"SKIP","floor":10},{"not_picked":["Draining Mist","Acrobatics"],"picked":"Blade Dance","floor":12},{"not_picked":["Predator","Bane","Acrobatics"],"picked":"SKIP","floor":13},{"not_picked":["Dagger Throw","Draining Mist"],"picked":"Cloak And Dagger","floor":14},{"not_picked":["Outmaneuver","Dagger Throw"],"picked":"Backflip+1","floor":18},{"not_picked":["Tactician+1","Deadly Poison","PiercingWail"],"picked":"SKIP","floor":20},{"not_picked":["Deadly Poison","Poisoned Stab","Eviscerate"],"picked":"SKIP","floor":22},{"not_picked":["Calculated Gamble","Deadly Poison"],"picked":"Blade Dance","floor":23},{"not_picked":["Venomology","Heel Hook","Replay:Poison Smokescreen"],"picked":"SKIP","floor":25},{"not_picked":["Poisoned Stab+1","hubris:SlightOfHand+1","Flechettes"],"picked":"SKIP","floor":27},{"not_picked":["Poisoned Stab","Toxin Wave","Underhanded Strike+1"],"picked":"SKIP","floor":28},{"not_picked":["All Out Attack","Leg Sweep","PiercingWail"],"picked":"SKIP","floor":29},{"not_picked":["Unload","Glass Knife"],"picked":"Adrenaline","floor":33},{"not_picked":["Slice+1"],"picked":"SKIP","floor":35},{"not_picked":["Slice+1","Clothesline"],"picked":"Singing Bowl","floor":39},{"not_picked":["Prepared+1","ReplayTheSpireMod:Strike From Hell"],"picked":"Singing Bowl","floor":40},{"not_picked":["Dodge and Roll+1","Clothesline"],"picked":"Singing Bowl","floor":42},{"not_picked":["Finisher"],"picked":"Berserk","floor":44},{"not_picked":["Dagger Throw+1","Demonic Infusion"],"picked":"Singing Bowl","floor":47},{"not_picked":["Deflect+1"],"picked":"Feel No Pain","floor":54}],"player_experience":143386,"relics_obtained":[{"floor":6,"key":"Orichalcum"},{"floor":10,"key":"Anchor"},{"floor":12,"key":"Pear"},{"floor":14,"key":"hubris:MysteriousPyramids"},{"floor":23,"key":"Darkstone Periapt"},{"floor":23,"key":"Replay:Baseball"},{"floor":25,"key":"ReplayTheSpireMod:Ninjato"},{"floor":25,"key":"Iron Hammer"},{"floor":26,"key":"Tiny Chest"},{"floor":28,"key":"Replay:Accelerometer"},{"floor":28,"key":"Golden Egg"},{"floor":30,"key":"hubris:FunFungus"},{"floor":30,"key":"Mirror"},{"floor":40,"key":"Toxic Egg 2"},{"floor":40,"key":"Shuriken"},{"floor":42,"key":"Blue Candle"},{"floor":42,"key":"Bottled Lightning"},{"floor":43,"key":"The Courier"},{"floor":44,"key":"Mummified Hand"},{"floor":44,"key":"Unceasing Top"},{"floor":48,"key":"Eternal Feather"}],"event_choices":[{"damage_healed":0,"gold_gain":75,"player_choice":"Gather Gold","damage_taken":11,"max_hp_gain":0,"max_hp_loss":0,"event_name":"World of Goop","floor":8,"gold_loss":0},{"damage_healed":0,"gold_gain":0,"player_choice":"Got Potions","damage_taken":0,"max_hp_gain":0,"max_hp_loss":0,"event_name":"Lab","floor":21,"gold_loss":0},{"damage_healed":0,"gold_gain":0,"player_choice":"Fight","damage_taken":0,"max_hp_gain":0,"max_hp_loss":0,"event_name":"Colosseum","floor":30,"gold_loss":0},{"damage_healed":0,"gold_gain":0,"player_choice":"Fought Nobs","damage_taken":0,"max_hp_gain":0,"max_hp_loss":0,"event_name":"Colosseum","floor":30,"gold_loss":0},{"damage_healed":0,"gold_gain":0,"player_choice":"Inject Mutagens","damage_taken":0,"relics_obtained":["MutagenicStrength"],"max_hp_gain":0,"max_hp_loss":0,"event_name":"Drug Dealer","floor":31,"gold_loss":0},{"damage_healed":0,"gold_gain":0,"player_choice":"Forge","damage_taken":0,"max_hp_gain":0,"max_hp_loss":0,"event_name":"Accursed Blacksmith","floor":46,"gold_loss":0,"cards_upgraded":["Cloak And Dagger"]}],"is_beta":false,"boss_relics":[{"not_picked":["hubris:BlackHole","Snecko Eye"],"picked":"Black Star"},{"not_picked":["hubris:HollowSoul","Snecko Heart"],"picked":"Busted Crown"}],"items_purged_floors":[5,19,36,38],"is_endless":false,"potions_floor_spawned":[2,6,10,12,16,25,28,29,30,30,33,40,42,47],"ascension_level":9}}