{"host":"2461dio7vetlq1z3","time":1608903696,"event":{"mods":["2.2 Compatiblity","AchievementEnabler","Aspiration","BaseMod","Better Third Choice","Hermit","Minty Spire (QoL Compilation)","Relic Stats","Spicy Shops","StSLib","The Runesmith","Waifu the Spire"],"gold_per_floor":[109,109,24,38,48,78,78,108,120,132,185,197,235,247,259,373,466,503,174,174,174,183,221,221,252,275,315,315,345,373,397,397,480,480,499,56,82,91,104,143,143,184,184,184,204,204,19,38,38,38,38,38,38,38,82,82,82],"floor_reached":56,"playtime":2503,"items_purged":["All Out Attack","Endless Agony","Shame"],"score":2098,"play_id":"a3a409fa-cc4f-4793-88a1-462f3624fe98","local_time":"20201225144136","is_ascension_mode":true,"campfire_choices":[{"data":"Skewer","floor":7,"key":"SMITH"},{"data":"Corpse Explosion","floor":10,"key":"SMITH"},{"floor":12,"key":"REST"},{"data":"Footwork","floor":15,"key":"SMITH"},{"data":"A Thousand Cuts","floor":24,"key":"SMITH"},{"data":"Cloak And Dagger","floor":28,"key":"SMITH"},{"data":"Cloak And Dagger","floor":32,"key":"SMITH"},{"data":"Neutralize","floor":44,"key":"SMITH"},{"floor":46,"key":"REST"},{"floor":49,"key":"RECALL"},{"data":"Accuracy","floor":53,"key":"SMITH"}],"circlet_count":0,"master_deck":["AscendersBane","Survivor","Neutralize+1","Blade Dance","Corpse Explosion+1","Flying Knee","Skewer+1","Blade Dance","Bane","Footwork+1","Die Die Die","Bullet Time","Flying Knee","A Thousand Cuts+1","Dodge and Roll","Caltrops","Tools of the Trade","Deadly Poison","Backstab","Dodge and Roll","Dash","Cloak And Dagger+1","Cloak And Dagger+1","Dodge and Roll","Phantasmal Killer","Escape Plan","Accuracy+1","Slice","Calculated Gamble","Outmaneuver","Leg Sweep+1","Sucker Punch","Bullet Time","Well Laid Plans","Terror","Sucker Punch"],"relics":["Ring of the Snake","aspiration:Nostalgia","Runesmith:BrokenRuby","WingedGreaves","MawBank","MealTicket","CeramicFish","Bloody Idol","Pandora\u0027s Box","Centennial Puzzle","aspiration:Stabinomicon","Akabeko","Bag of Marbles","Anchor","Pantograph","Tiny Chest","WristBlade","Bag of Preparation","OrangePellets","aspiration:HatOfInfinitePower","Paper Crane","Thread and Needle","Kunai"],"acts_visited":["Exordium","TheCity","TheBeyond","TheEnding"],"potions_floor_usage":[16,23,27,30,40,55],"damage_taken":[{"damage":0,"enemies":"Small Slimes","floor":1,"turns":4},{"damage":0,"enemies":"Cultist","floor":4,"turns":3},{"damage":2,"enemies":"Jaw Worm","floor":5,"turns":4},{"damage":35,"enemies":"Lagavulin","floor":6,"turns":7},{"damage":15,"enemies":"3 Sentries","floor":8,"turns":3},{"damage":23,"enemies":"Lagavulin","floor":11,"turns":5},{"damage":4,"enemies":"Large Slime","floor":13,"turns":5},{"damage":2,"enemies":"The Guardian","floor":16,"turns":8},{"damage":0,"enemies":"Chosen","floor":18,"turns":3},{"damage":10,"enemies":"Book of Stabbing","floor":23,"turns":3},{"damage":26,"enemies":"Gremlin Leader","floor":25,"turns":4},{"damage":0,"enemies":"Slavers","floor":27,"turns":2},{"damage":23,"enemies":"Gremlin Leader","floor":29,"turns":4},{"damage":11,"enemies":"Spheric Guardian","floor":30,"turns":3},{"damage":4,"enemies":"Snake Plant","floor":31,"turns":2},{"damage":20,"enemies":"Automaton","floor":33,"turns":6},{"damage":0,"enemies":"Orb Walker","floor":35,"turns":1},{"damage":0,"enemies":"3 Shapes","floor":37,"turns":1},{"damage":11,"enemies":"Spire Growth","floor":39,"turns":3},{"damage":33,"enemies":"Reptomancer","floor":40,"turns":7},{"damage":23,"enemies":"Giant Head","floor":42,"turns":5},{"damage":11,"enemies":"Sphere and 2 Shapes","floor":45,"turns":4},{"damage":0,"enemies":"4 Shapes","floor":48,"turns":5},{"damage":29,"enemies":"Donu and Deca","floor":50,"turns":8},{"damage":51,"enemies":"Awakened One","floor":51,"turns":11},{"damage":37,"enemies":"Shield and Spear","floor":55,"turns":3},{"damage":92,"enemies":"The Heart","floor":56,"turns":3}],"seed_played":"-4851361716065799269","potions_obtained":[{"floor":5,"key":"FairyPotion"},{"floor":8,"key":"GamblersBrew"},{"floor":11,"key":"PowerPotion"},{"floor":18,"key":"SpeedPotion"},{"floor":25,"key":"Poison Potion"},{"floor":27,"key":"Energy Potion"},{"floor":29,"key":"ColorlessPotion"},{"floor":35,"key":"LiquidMemories"},{"floor":37,"key":"Fruit Juice"},{"floor":40,"key":"Energy Potion"}],"is_trial":false,"path_per_floor":["M","?","$","M","M","E","R","E","T","R","E","R","M","?","R","B",null,"M","$","?","?","?","E","R","E","T","E","R","E","M","M","R","B",null,"M","$","M","?","M","E","T","E","T","R","M","R","$","M","R","B","B",null,"R","$","E","B"],"character_chosen":"THE_SILENT","items_purchased":["Corpse Explosion","Centennial Puzzle","Accuracy","Bag of Preparation","Slice","OrangePellets","Well Laid Plans","FairyPotion"],"campfire_rested":2,"item_purchase_floors":[3,19,36,36,36,36,47,47],"current_hp_per_floor":[59,59,59,59,57,22,22,7,7,7,19,38,34,11,11,9,52,52,66,45,45,50,50,50,29,34,44,44,26,25,31,31,46,61,66,66,66,66,60,42,42,29,29,29,28,49,69,71,71,42,16,57,57,71,44,0,0],"gold":82,"neow_bonus":"NOSTALGIA","is_daily":false,"chose_seed":false,"campfire_upgraded":8,"win_rate":0.0,"timestamp":1608903696,"path_taken":["M","?","$","M","M","E","R","E","T","R","E","R","?","?","R","BOSS","M","$","?","?","?","E","R","E","T","E","R","E","?","M","R","BOSS","M","$","M","?","?","E","?","E","T","R","M","R","$","M","R","BOSS","BOSS","R","$","E","BOSS"],"items_purchased_type":["Card","Relic","Card","Relic","Card","Relic","Card","Potion"],"build_version":"2020-12-22","purchased_purges":3,"victory":false,"max_hp_per_floor":[66,66,66,66,66,66,66,66,66,66,66,66,66,66,66,66,66,66,66,66,66,66,66,66,66,66,66,66,66,66,66,66,66,66,66,66,66,66,66,71,71,71,71,71,71,71,71,71,71,71,71,71,71,71,71,71,71],"relic_stats":{"counters":[27,117],"CeramicFish":279,"Bag of Preparation":[20],"MawBank":132,"OrangePellets":[16],"Centennial Puzzle":[39],"Bloody Idol":127,"Pantograph":75,"MealTicket":43,"Pandora\u0027s Box":["Bullet Time","Flying Knee","A Thousand Cuts","Dodge and Roll","All Out Attack","Caltrops","Tools of the Trade","Deadly Poison","Endless Agony"],"Tiny Chest":1,"Kunai":[2],"obtain_stats":[{"Runesmith:BrokenRuby":0,"aspiration:Nostalgia":0,"Golden Idol":14,"CeramicFish":11,"Thread and Needle":42,"aspiration:Stabinomicon":20,"Bag of Preparation":36,"Paper Crane":41,"MawBank":8,"Akabeko":23,"OrangePellets":36,"Centennial Puzzle":19,"Anchor":26,"WristBlade":34,"Bloody Idol":21,"Pantograph":27,"MealTicket":9,"Pandora\u0027s Box":17,"Tiny Chest":29,"WingedGreaves":6,"Bag of Marbles":25,"Kunai":55,"aspiration:HatOfInfinitePower":40,"Ring of the Snake":0},{"Runesmith:BrokenRuby":0,"aspiration:Nostalgia":0,"Golden Idol":7,"CeramicFish":6,"Thread and Needle":21,"aspiration:Stabinomicon":9,"Bag of Preparation":17,"Paper Crane":20,"MawBank":5,"Akabeko":10,"OrangePellets":17,"Centennial Puzzle":9,"Anchor":11,"WristBlade":16,"Bloody Idol":9,"Pantograph":12,"MealTicket":5,"Pandora\u0027s Box":8,"Tiny Chest":13,"WingedGreaves":4,"Bag of Marbles":11,"Kunai":26,"aspiration:HatOfInfinitePower":20,"Ring of the Snake":0},{"Runesmith:BrokenRuby":0,"aspiration:Nostalgia":0,"Golden Idol":31,"CeramicFish":26,"Thread and Needle":83,"aspiration:Stabinomicon":42,"Bag of Preparation":67,"Paper Crane":78,"MawBank":21,"Akabeko":45,"OrangePellets":67,"Centennial Puzzle":42,"Anchor":49,"WristBlade":66,"Bloody Idol":42,"Pantograph":51,"MealTicket":21,"Pandora\u0027s Box":39,"Tiny Chest":55,"WingedGreaves":18,"Bag of Marbles":49,"Kunai":114,"aspiration:HatOfInfinitePower":78,"Ring of the Snake":0}],"Ring of the Snake":[54]},"card_choices":[{"not_picked":["Underhanded Strike","Escape Plan"],"picked":"Blade Dance","floor":1},{"not_picked":["Underhanded Strike","Cloak And Dagger"],"picked":"Flying Knee","floor":4},{"not_picked":["Flying Knee","Tactician"],"picked":"Skewer","floor":5},{"not_picked":["Terror","Backflip"],"picked":"Blade Dance","floor":6},{"not_picked":["Flying Knee","Dagger Spray"],"picked":"Bane","floor":8},{"not_picked":["A Thousand Cuts","Acrobatics"],"picked":"Footwork","floor":11},{"not_picked":["Sucker Punch","Poisoned Stab"],"picked":"Bouncing Flask","floor":13},{"not_picked":["Phantasmal Killer","Glass Knife"],"picked":"Die Die Die","floor":16},{"not_picked":["Tactician","Slice"],"picked":"Backstab","floor":18},{"not_picked":["Bane","Masterful Stab"],"picked":"Dash","floor":23},{"not_picked":["Poisoned Stab","Quick Slash","Bouncing Flask"],"picked":"SKIP","floor":25},{"not_picked":["Acrobatics","Blade Dance"],"picked":"Cloak And Dagger","floor":27},{"not_picked":["Prepared","Deadly Poison","Doppelganger"],"picked":"SKIP","floor":29},{"not_picked":["Catalyst","Dagger Spray"],"picked":"Cloak And Dagger","floor":30},{"not_picked":["Dagger Throw","Backstab"],"picked":"Dodge and Roll","floor":31},{"not_picked":["Tools of the Trade","Venomology"],"picked":"Phantasmal Killer","floor":33},{"not_picked":["Underhanded Strike+1","Concentrate+1"],"picked":"Escape Plan","floor":35},{"not_picked":["Dagger Throw","Crippling Poison"],"picked":"Calculated Gamble","floor":37},{"not_picked":["Underhanded Strike+1","Deflect","Dagger Throw"],"picked":"SKIP","floor":39},{"not_picked":["Skewer","Backflip+1"],"picked":"Leg Sweep+1","floor":40},{"not_picked":["All Out Attack","Concentrate"],"picked":"Sucker Punch","floor":42},{"not_picked":["Masterful Stab","Flechettes"],"picked":"Bullet Time","floor":45},{"not_picked":["Slice","Underhanded Strike"],"picked":"Terror","floor":48},{"not_picked":["Cloak And Dagger","Backstab"],"picked":"Sucker Punch","floor":55}],"player_experience":931633,"relics_obtained":[{"floor":6,"key":"WingedGreaves"},{"floor":8,"key":"MawBank"},{"floor":9,"key":"MealTicket"},{"floor":11,"key":"CeramicFish"},{"floor":20,"key":"aspiration:Stabinomicon"},{"floor":23,"key":"Akabeko"},{"floor":25,"key":"Bag of Marbles"},{"floor":26,"key":"Anchor"},{"floor":27,"key":"Pantograph"},{"floor":29,"key":"Tiny Chest"},{"floor":40,"key":"aspiration:HatOfInfinitePower"},{"floor":41,"key":"Paper Crane"},{"floor":42,"key":"Thread and Needle"},{"floor":55,"key":"Kunai"}],"event_choices":[{"cards_removed":["Strike_G"],"damage_healed":0,"gold_gain":0,"player_choice":"Offered Basic","damage_taken":0,"max_hp_gain":0,"max_hp_loss":0,"event_name":"Bonfire Elementals","floor":2,"gold_loss":0},{"damage_healed":0,"gold_gain":0,"player_choice":"Take Damage","damage_taken":23,"relics_obtained":["Golden Idol"],"max_hp_gain":0,"max_hp_loss":0,"event_name":"Golden Idol","floor":14,"gold_loss":0},{"damage_healed":0,"gold_gain":0,"player_choice":"Obtained Book","damage_taken":21,"max_hp_gain":0,"max_hp_loss":0,"event_name":"Cursed Tome","floor":20,"gold_loss":0},{"damage_healed":0,"gold_gain":0,"player_choice":"Gave Idol","damage_taken":0,"relics_obtained":["Bloody Idol"],"max_hp_gain":0,"max_hp_loss":0,"event_name":"Forgotten Altar","floor":21,"relics_lost":["Golden Idol"],"gold_loss":0},{"damage_healed":0,"gold_gain":0,"player_choice":"Read","damage_taken":0,"max_hp_gain":0,"max_hp_loss":0,"event_name":"The Library","floor":22,"gold_loss":0,"cards_obtained":["Dodge and Roll"]},{"damage_healed":0,"gold_gain":0,"cards_transformed":["Bouncing Flask"],"player_choice":"Transformed","damage_taken":0,"max_hp_gain":0,"max_hp_loss":0,"event_name":"Transmorgrifier","floor":38,"gold_loss":0,"cards_obtained":["Outmaneuver"]}],"is_beta":false,"boss_relics":[{"not_picked":["aspiration:RunicSpoon","aspiration:RunesmithSkillbook"],"picked":"Pandora\u0027s Box"},{"not_picked":["aspiration:DefectSkillbook","Astrolabe"],"picked":"WristBlade"}],"items_purged_floors":[19,19,36],"is_endless":false,"potions_floor_spawned":[5,8,11,13,18,25,27,29,35,37,40],"killed_by":"The Heart","ascension_level":20}}