{"host":"a5lz0e76zb3fcwkm","time":1608907399,"event":{"mods":["AchievementEnabler","BaseMod","Colored Map","Colored Powertips","Minty Spire (QoL Compilation)","StSLib","SuperFastMode"],"gold_per_floor":[18,18,18,18,29,48,83,83,83,101,136,51,51,71,71,145,145,164,214,225,241,201,235,160,160,160],"floor_reached":25,"playtime":628,"items_purged":["Strike_G"],"score":462,"play_id":"deabd4b0-9af3-42de-b51d-2dc00ba738d2","local_time":"20201225234319","is_ascension_mode":true,"campfire_choices":[{"data":"Terror","floor":13,"key":"SMITH"},{"data":"Footwork","floor":15,"key":"SMITH"}],"circlet_count":0,"master_deck":["AscendersBane","Strike_G+1","Defend_G","Defend_G","Defend_G","Defend_G","Survivor","Neutralize+1","Blade Dance","Blade Dance","PiercingWail","Escape Plan","Footwork+1","Terror+1","Infinite Blades","Blade Dance","Malaise","Well Laid Plans","Backflip+1","Accuracy"],"relics":["Ring of the Snake","Peace Pipe","Prayer Wheel","Mercury Hourglass","Black Star","Snake Skull","White Beast Statue"],"acts_visited":["Exordium","TheCity"],"potions_floor_usage":[7,7,11,21,23,25],"damage_taken":[{"damage":0.0,"enemies":"2 Louse","floor":1.0,"turns":4.0},{"damage":0,"enemies":"Jaw Worm","floor":5,"turns":3},{"damage":0,"enemies":"Small Slimes","floor":6,"turns":3},{"damage":12,"enemies":"3 Sentries","floor":7,"turns":8},{"damage":3,"enemies":"Looter","floor":10,"turns":3},{"damage":6,"enemies":"Lagavulin","floor":11,"turns":9},{"damage":0,"enemies":"3 Louse","floor":14,"turns":2},{"damage":2,"enemies":"The Guardian","floor":16,"turns":11},{"damage":7,"enemies":"2 Thieves","floor":18,"turns":5},{"damage":19,"enemies":"Shell Parasite","floor":20,"turns":4},{"damage":13,"enemies":"3 Cultists","floor":21,"turns":7},{"damage":18,"enemies":"Book of Stabbing","floor":23,"turns":5},{"damage":23,"enemies":"Gremlin Leader","floor":25,"turns":1}],"seed_played":"-6155286763538856760","potions_obtained":[{"floor":1.0,"key":"Regen Potion"},{"floor":5,"key":"CunningPotion"},{"floor":7,"key":"Regen Potion"},{"floor":10,"key":"Strength Potion"},{"floor":21,"key":"Swift Potion"},{"floor":22,"key":"CultistPotion"},{"floor":22,"key":"Explosive Potion"}],"is_trial":false,"path_per_floor":["M","?","?","?","M","M","E","?","T","M","E","$","R","M","R","B",null,"M","?","M","M","?","E","$","E"],"character_chosen":"THE_SILENT","items_purchased":["Terror"],"campfire_rested":0,"item_purchase_floors":[12],"current_hp_per_floor":[59,59,39,32,32,32,35,57,57,54,48,48,48,48,48,46,61,54,54,35,37,37,19,19,0,0],"gold":160,"neow_bonus":"REMOVE_TWO","is_daily":false,"chose_seed":false,"campfire_upgraded":2,"win_rate":0.0,"timestamp":1608907399,"path_taken":["M","?","?","?","M","M","E","?","T","M","E","?","R","?","R","BOSS","M","?","M","M","?","E","$","E"],"items_purchased_type":["Card"],"build_version":"2020-12-22","purchased_purges":1,"victory":false,"max_hp_per_floor":[66,66,66,66,66,66,66,66,66,66,66,66,66,66,66,66,66,66,66,66,66,66,66,66,66,66],"card_choices":[{"not_picked":["Acrobatics","Bane"],"picked":"Blade Dance","floor":1.0},{"not_picked":["Skewer","Backflip"],"picked":"Blade Dance","floor":5},{"not_picked":["Prepared","Leg Sweep"],"picked":"PiercingWail","floor":6},{"not_picked":["Distraction","Catalyst","Slice"],"picked":"SKIP","floor":7},{"not_picked":["Dagger Spray","Acrobatics"],"picked":"Escape Plan","floor":10},{"not_picked":["Prepared","Setup"],"picked":"Footwork","floor":10},{"not_picked":["Underhanded Strike","Caltrops","PiercingWail"],"picked":"SKIP","floor":11},{"not_picked":["Dagger Throw","Setup"],"picked":"Infinite Blades","floor":14},{"not_picked":["Bane","Flying Knee"],"picked":"Blade Dance","floor":14},{"not_picked":["Storm of Steel","Die Die Die"],"picked":"Malaise","floor":16},{"not_picked":["Blur","Caltrops"],"picked":"Well Laid Plans","floor":18},{"not_picked":["Dagger Spray","Blade Dance","Cloak And Dagger"],"picked":"SKIP","floor":18},{"not_picked":["Quick Slash","Dagger Throw"],"picked":"Backflip+1","floor":20},{"not_picked":["Slice","Expertise","Acrobatics"],"picked":"SKIP","floor":20},{"not_picked":["Poisoned Stab","Heel Hook"],"picked":"Accuracy","floor":21},{"not_picked":["Slice","Deadly Poison","Acrobatics"],"picked":"SKIP","floor":21},{"not_picked":["Noxious Fumes","Unload","Poisoned Stab"],"picked":"SKIP","floor":23}],"player_experience":1645606,"relics_obtained":[{"floor":7,"key":"Peace Pipe"},{"floor":9,"key":"Prayer Wheel"},{"floor":11,"key":"Mercury Hourglass"},{"floor":23,"key":"Snake Skull"},{"floor":23,"key":"White Beast Statue"}],"event_choices":[{"cards_removed":["Strike_G"],"damage_healed":0,"gold_gain":0,"player_choice":"Forget","damage_taken":0,"max_hp_gain":0,"max_hp_loss":0,"event_name":"Living Wall","floor":2,"gold_loss":0},{"damage_healed":0,"gold_gain":0,"player_choice":"Entered Light","damage_taken":20,"max_hp_gain":0,"max_hp_loss":0,"event_name":"Shining Light","floor":3,"gold_loss":0,"cards_upgraded":["Strike_G","Neutralize"]},{"cards_removed":["Strike_G"],"damage_healed":0,"gold_gain":0,"player_choice":"Card Removal","damage_taken":7,"max_hp_gain":0,"max_hp_loss":0,"event_name":"Golden Wing","floor":4,"gold_loss":0},{"damage_healed":22,"gold_gain":0,"player_choice":"Banana","damage_taken":0,"max_hp_gain":0,"max_hp_loss":0,"event_name":"Big Fish","floor":8,"gold_loss":0},{"damage_healed":0,"gold_gain":50,"player_choice":"Stole From Cult","damage_taken":0,"max_hp_gain":0,"max_hp_loss":0,"event_name":"Nest","floor":19,"gold_loss":0},{"damage_healed":0,"gold_gain":0,"player_choice":"Bought 3 Potions","damage_taken":0,"max_hp_gain":0,"max_hp_loss":0,"event_name":"The Woman in Blue","floor":22,"gold_loss":0}],"is_beta":false,"boss_relics":[{"not_picked":["Tiny House","Snecko Eye"],"picked":"Black Star"}],"items_purged_floors":[24],"is_endless":false,"potions_floor_spawned":[1,5,7,10,21],"killed_by":"Gremlin Leader","ascension_level":20}}