{"host":"tzyzz5n7hg2ni9q2","time":1608886321,"event":{"mods":["BaseMod","Minty Spire (QoL Compilation)","Quick Restart"],"gold_per_floor":[114,67,67,87,50,79,79,79,79,79,89,89,114,126,126,126,126],"floor_reached":16,"playtime":547,"items_purged":[],"score":124,"play_id":"857c1d92-8767-4fb1-8684-814fadc2365e","local_time":"20201225095201","is_ascension_mode":true,"campfire_choices":[{"data":"Body Slam","floor":7,"key":"SMITH"},{"data":"True Grit","floor":10,"key":"SMITH"},{"floor":12,"key":"REST"},{"floor":15,"key":"REST"}],"circlet_count":0,"master_deck":["Strike_R","Strike_R","Strike_R","Strike_R","Strike_R","Defend_R","Defend_R+1","Defend_R","Defend_R+1","Bash","True Grit+1","Shrug It Off","Body Slam+1","Disarm","Decay","Entrench"],"relics":["Burning Blood","Happy Flower","NlothsMask","War Paint","Art of War"],"acts_visited":[],"potions_floor_usage":[13],"damage_taken":[{"damage":6,"enemies":"Jaw Worm","floor":1,"turns":4},{"damage":6,"enemies":"Cultist","floor":4,"turns":4},{"damage":56,"enemies":"Gremlin Nob","floor":6,"turns":5},{"damage":0,"enemies":"2 Louse","floor":11,"turns":5},{"damage":27,"enemies":"Lagavulin","floor":13,"turns":7},{"damage":3,"enemies":"Exordium Thugs","floor":14,"turns":5},{"damage":66,"enemies":"Hexaghost","floor":16,"turns":16}],"seed_played":"50622576234334002","potions_obtained":[{"floor":6,"key":"AttackPotion"},{"floor":14,"key":"GamblersBrew"}],"is_trial":false,"path_per_floor":["M","$","?","M","$","E","R","?","T","R","M","R","E","M","R","B"],"character_chosen":"IRONCLAD","items_purchased":["Shrug It Off","Disarm"],"campfire_rested":2,"item_purchase_floors":[2,5],"current_hp_per_floor":[80,80,80,80,80,30,30,30,30,30,36,60,39,42,66,0,0],"gold":126,"neow_bonus":"RANDOM_COMMON_RELIC","is_daily":false,"chose_seed":false,"campfire_upgraded":2,"win_rate":0.0,"timestamp":1608886321,"path_taken":["M","$","?","M","?","E","R","?","T","R","M","R","E","M","R","BOSS"],"items_purchased_type":["Card","Card"],"build_version":"2020-12-22","purchased_purges":0,"victory":false,"max_hp_per_floor":[80,80,80,80,80,80,80,80,80,80,80,80,80,80,80,80,80],"card_choices":[{"not_picked":["Headbutt","Anger"],"picked":"True Grit","floor":1},{"not_picked":["Warcry","Pommel Strike"],"picked":"Body Slam","floor":4},{"not_picked":["Pummel","Wild Strike","Fire Breathing"],"picked":"SKIP","floor":6},{"not_picked":["Perfected Strike","Thunderclap","Blood for Blood"],"picked":"SKIP","floor":11},{"not_picked":["Fiend Fire","Anger","Body Slam"],"picked":"SKIP","floor":13},{"not_picked":["Burning Pact","Perfected Strike"],"picked":"Entrench","floor":14}],"player_experience":184580,"relics_obtained":[{"floor":6,"key":"War Paint"},{"floor":13,"key":"Art of War"}],"event_choices":[{"damage_healed":0,"gold_gain":0,"player_choice":"Trade","damage_taken":0,"relics_obtained":["NlothsMask"],"max_hp_gain":0,"max_hp_loss":0,"event_name":"FaceTrader","floor":3,"gold_loss":0},{"damage_healed":0,"gold_gain":0,"player_choice":"Cursed","damage_taken":0,"max_hp_gain":0,"max_hp_loss":0,"event_name":"Wheel of Change","floor":8,"gold_loss":0,"cards_obtained":["Decay"]}],"is_beta":false,"boss_relics":[],"items_purged_floors":[],"is_endless":false,"potions_floor_spawned":[6,14],"killed_by":"Hexaghost","ascension_level":3}}