{"host":"vyt5ne9ydo1z9gg1","time":1608863645,"event":{"mods":["BaseMod","Curses Come First","GifTheSpireLib","Minty Spire (QoL Compilation)","StSLib"],"gold_per_floor":[110,128,144,144,156,156,172,201,226,226,239,239,270,283,283,283,283],"floor_reached":16,"playtime":1059,"items_purged":[],"score":148,"play_id":"e00eff39-e389-46ae-8185-fb223fc827a1","local_time":"20201225133405","is_ascension_mode":true,"campfire_choices":[{"data":"Bash","floor":6,"key":"SMITH"},{"data":"Wild Strike","floor":10,"key":"SMITH"},{"data":"Dark Embrace","floor":12,"key":"SMITH"},{"floor":15,"key":"REST"}],"circlet_count":0,"master_deck":["Strike_R","Strike_R","Strike_R","Strike_R","Strike_R","Defend_R","Defend_R","Defend_R","Defend_R","Bash+1","Dark Shackles","Shockwave","Headbutt","Warcry","Wild Strike+1","Dark Embrace+1","Warcry","Havoc","Cleave"],"relics":["Burning Blood","Eternal Feather","Bottled Flame","Omamori","Gremlin Horn"],"acts_visited":["Exordium"],"potions_floor_usage":[16],"damage_taken":[{"damage":0,"enemies":"Cultist","floor":1,"turns":3},{"damage":4,"enemies":"2 Louse","floor":2,"turns":3},{"damage":0,"enemies":"Small Slimes","floor":3,"turns":3},{"damage":19,"enemies":"Blue Slaver","floor":5,"turns":5},{"damage":12,"enemies":"3 Louse","floor":7,"turns":4},{"damage":25,"enemies":"Lagavulin","floor":8,"turns":6},{"damage":18,"enemies":"Exordium Thugs","floor":11,"turns":4},{"damage":25,"enemies":"3 Sentries","floor":13,"turns":6},{"damage":11,"enemies":"Looter","floor":14,"turns":2},{"damage":69,"enemies":"The Guardian","floor":16,"turns":11}],"seed_played":"-186979078355008540","potions_obtained":[{"floor":2,"key":"ColorlessPotion"},{"floor":3,"key":"PowerPotion"},{"floor":8,"key":"CultistPotion"}],"is_trial":false,"path_per_floor":["M","M","M","T","M","R","M","E","T","R","M","R","E","M","R","B"],"character_chosen":"IRONCLAD","items_purchased":[],"campfire_rested":1,"item_purchase_floors":[],"current_hp_per_floor":[78,80,80,80,67,73,67,48,48,57,45,54,35,30,63,0,0],"gold":283,"neow_bonus":"RANDOM_COLORLESS","is_daily":false,"chose_seed":false,"campfire_upgraded":3,"win_rate":0.0,"timestamp":1608863645,"path_taken":["M","M","M","?","M","R","M","E","T","R","M","R","E","M","R","BOSS"],"items_purchased_type":[],"build_version":"2020-12-22","purchased_purges":0,"victory":false,"max_hp_per_floor":[80,80,80,80,80,80,80,80,80,80,80,80,80,80,80,80,80],"card_choices":[{"not_picked":["Forethought","PanicButton"],"picked":"Dark Shackles","floor":0},{"not_picked":["Perfected Strike","True Grit"],"picked":"Shockwave","floor":1},{"not_picked":["Flex","Feel No Pain"],"picked":"Headbutt","floor":2},{"not_picked":["Entrench","Whirlwind"],"picked":"Warcry","floor":3},{"not_picked":["Fire Breathing","Perfected Strike","Reckless Charge"],"picked":"SKIP","floor":5},{"not_picked":["Heavy Blade","Headbutt"],"picked":"Wild Strike","floor":7},{"not_picked":["Anger","Hemokinesis"],"picked":"Dark Embrace","floor":8},{"not_picked":["Pommel Strike","Perfected Strike"],"picked":"Warcry","floor":11},{"not_picked":["Pommel Strike","Dropkick"],"picked":"Havoc","floor":13},{"not_picked":["Pommel Strike","Barricade"],"picked":"Cleave","floor":14}],"player_experience":167206,"relics_obtained":[{"floor":4,"key":"Eternal Feather"},{"floor":8,"key":"Bottled Flame"},{"floor":9,"key":"Omamori"},{"floor":13,"key":"Gremlin Horn"}],"event_choices":[],"is_beta":false,"boss_relics":[],"items_purged_floors":[],"is_endless":false,"potions_floor_spawned":[2,3,8,11],"killed_by":"The Guardian","ascension_level":6}}