{"host":"4ag909k4xupnj24b","time":1608900598,"event":{"mods":["BaseMod","Minty Spire (QoL Compilation)","StSLib"],"gold_per_floor":[113,113,124,124,124,151,151,181,181,181,193,203,216,242,242,242,242],"floor_reached":16,"playtime":708,"items_purged":[],"score":255,"play_id":"7ef921ce-e876-4495-9316-e26e5baeff73","local_time":"20201225044958","is_ascension_mode":true,"campfire_choices":[{"data":"FollowUp","floor":7.0,"key":"SMITH"},{"data":"Eruption","floor":10.0,"key":"SMITH"},{"data":"Nirvana","floor":15,"key":"SMITH"}],"circlet_count":0,"master_deck":["AscendersBane","Strike_P","Strike_P","Strike_P","Defend_P","Defend_P","Defend_P","Defend_P","Eruption+1","Vigilance","Protect","FollowUp+1","JustLucky","CutThroughFate","FlurryOfBlows","WreathOfFlame","Nirvana+1","BowlingBash","WaveOfTheHand"],"relics":["PureWater","NeowsBlessing","Gremlin Horn","Blood Vial","Bottled Lightning","Bag of Marbles","Mercury Hourglass"],"acts_visited":["Exordium"],"potions_floor_usage":[14],"damage_taken":[{"damage":0.0,"enemies":"Jaw Worm","floor":1.0,"turns":1.0},{"damage":0.0,"enemies":"2 Louse","floor":3.0,"turns":1.0},{"damage":0.0,"enemies":"Gremlin Nob","floor":6.0,"turns":1.0},{"damage":25.0,"enemies":"Lagavulin","floor":8.0,"turns":6.0},{"damage":0.0,"enemies":"Small Slimes","floor":11.0,"turns":3.0},{"damage":1.0,"enemies":"Red Slaver","floor":12.0,"turns":2.0},{"damage":1.0,"enemies":"Large Slime","floor":13.0,"turns":4.0},{"damage":0,"enemies":"Gremlin Nob","floor":14,"turns":2},{"damage":57,"enemies":"Hexaghost","floor":16,"turns":11}],"seed_played":"3404043926432117407","potions_obtained":[{"floor":3.0,"key":"Ancient Potion"},{"floor":8.0,"key":"DistilledChaos"}],"is_trial":false,"path_per_floor":["M","?","M","?","?","E","R","E","T","R","M","M","M","E","R","B"],"character_chosen":"WATCHER","items_purchased":[],"campfire_rested":0,"item_purchase_floors":[],"current_hp_per_floor":[65,70,70,67,67,67,67,44,44,44,46,47,48,50,50,0,0],"gold":242,"neow_bonus":"THREE_ENEMY_KILL","is_daily":false,"chose_seed":false,"campfire_upgraded":3,"win_rate":0.0,"timestamp":1608900598,"path_taken":["M","?","M","?","?","E","R","E","T","R","M","M","M","E","R","BOSS"],"items_purchased_type":[],"build_version":"2020-12-22","purchased_purges":0,"victory":false,"max_hp_per_floor":[72,77,77,77,77,77,77,77,77,77,77,77,77,77,77,77,77],"card_choices":[{"not_picked":["ClearTheMind","Indignation"],"picked":"Protect","floor":1.0},{"not_picked":["Halt","ClearTheMind"],"picked":"FollowUp","floor":3.0},{"not_picked":["FollowUp","CrushJoints"],"picked":"CutThroughFate","floor":6.0},{"not_picked":["CutThroughFate","ClearTheMind"],"picked":"FlurryOfBlows","floor":8.0},{"not_picked":["ConjureBlade","LikeWater"],"picked":"WreathOfFlame","floor":11.0},{"not_picked":["JustLucky","Crescendo"],"picked":"Nirvana","floor":12.0},{"not_picked":["Protect","CrushJoints"],"picked":"BowlingBash","floor":13.0},{"not_picked":["Worship","Prostrate"],"picked":"WaveOfTheHand","floor":14}],"player_experience":805673,"relics_obtained":[{"floor":6.0,"key":"Blood Vial"},{"floor":8.0,"key":"Bottled Lightning"},{"floor":9.0,"key":"Bag of Marbles"},{"floor":14,"key":"Mercury Hourglass"}],"event_choices":[{"damage_healed":0.0,"max_hp_gain":5.0,"max_hp_loss":0.0,"gold_gain":0.0,"event_name":"Big Fish","player_choice":"Donut","floor":2.0,"gold_loss":0.0,"damage_taken":0.0},{"damage_healed":0.0,"max_hp_gain":0.0,"max_hp_loss":0.0,"gold_gain":0.0,"event_name":"Scrap Ooze","player_choice":"Success","floor":4.0,"gold_loss":0.0,"damage_taken":3.0,"relics_obtained":["Gremlin Horn"]},{"damage_healed":0.0,"max_hp_gain":0.0,"max_hp_loss":0.0,"gold_gain":0.0,"cards_transformed":["Strike_P"],"event_name":"Transmorgrifier","player_choice":"Transformed","floor":5.0,"gold_loss":0.0,"damage_taken":0.0,"cards_obtained":["JustLucky"]}],"is_beta":false,"boss_relics":[],"items_purged_floors":[],"is_endless":false,"potions_floor_spawned":[3,8],"killed_by":"Hexaghost","ascension_level":10}}