{"host":"ryuep8ewa00k39z9","time":1608914843,"event":{"mods":["AchievementEnabler","BaseMod","Best Route Mod","Colored Map","Colored Powertips","Displayed Cursed Tome","Highlight Path","Minty Spire (QoL Compilation)","Quick Restart","SuperFastMode"],"gold_per_floor":[111,130,130,142,153,182,38,57,57,57,77,77,27,46,46,147,147,147,147,147,147,147,147,147],"floor_reached":23,"playtime":916,"items_purged":[],"score":270,"play_id":"f8a48b84-e679-47aa-96c6-c6fb38dd6672","local_time":"20201225104723","is_ascension_mode":true,"campfire_choices":[{"data":"Lockon","floor":10.0,"key":"SMITH"},{"data":"Barrage","floor":12.0,"key":"SMITH"},{"data":"Capacitor","floor":15.0,"key":"SMITH"}],"circlet_count":0,"master_deck":["Strike_B","Strike_B","Defend_B","Defend_B","Defend_B","Defend_B","Zap","Dualcast","Cold Snap","Ball Lightning","Double Energy","Barrage+1","Melter","Lockon+1","Defragment","Capacitor+1","Hyperbeam","Redo+1"],"relics":["Nuclear Battery","Strawberry","Singing Bowl","Ectoplasm","Kunai"],"acts_visited":["Exordium","TheCity"],"potions_floor_usage":[],"damage_taken":[{"damage":5.0,"enemies":"Cultist","floor":1.0,"turns":5.0},{"damage":0.0,"enemies":"2 Louse","floor":2.0,"turns":2.0},{"damage":0.0,"enemies":"Jaw Worm","floor":4.0,"turns":3.0},{"damage":1.0,"enemies":"Blue Slaver","floor":5.0,"turns":3.0},{"damage":29.0,"enemies":"Lagavulin","floor":6.0,"turns":6.0},{"damage":2.0,"enemies":"3 Louse","floor":8.0,"turns":2.0},{"damage":0.0,"enemies":"Exordium Wildlife","floor":11.0,"turns":2.0},{"damage":6.0,"enemies":"2 Fungi Beasts","floor":14.0,"turns":2.0},{"damage":0.0,"enemies":"Slime Boss","floor":16.0,"turns":6.0},{"damage":14.0,"enemies":"3 Byrds","floor":18.0,"turns":4.0},{"damage":0.0,"enemies":"Spheric Guardian","floor":20.0,"turns":2.0},{"damage":32.0,"enemies":"Snake Plant","floor":21.0,"turns":4.0},{"damage":29,"enemies":"Slavers","floor":23,"turns":2}],"seed_played":"-379070725653217940","potions_obtained":[{"floor":4.0,"key":"LiquidBronze"},{"floor":6.0,"key":"BlessingOfTheForge"},{"floor":11.0,"key":"Regen Potion"},{"floor":14.0,"key":"Explosive Potion"},{"floor":20.0,"key":"GamblersBrew"}],"is_trial":false,"path_per_floor":["M","M","$","M","M","E","$","M","T","R","M","R","?","M","R","B",null,"M","?","M","M","?","E"],"character_chosen":"DEFECT","items_purchased":["Melter","Lockon"],"campfire_rested":0,"item_purchase_floors":[7,7],"current_hp_per_floor":[70,70,70,70,69,47,47,45,45,45,47,47,47,46,46,46,84,72,72,74,42,42,13,13],"gold":147,"neow_bonus":"BOSS_RELIC","is_daily":false,"chose_seed":false,"campfire_upgraded":3,"win_rate":0.0,"timestamp":1608914843,"path_taken":["M","M","$","M","M","E","$","?","T","R","M","R","?","M","R","BOSS","M","?","M","M","?","E"],"items_purchased_type":["Card","Card"],"build_version":"2020-12-22","purchased_purges":0,"victory":false,"max_hp_per_floor":[75,75,75,75,75,82,82,82,82,82,84,84,84,84,84,84,84,86,86,88,88,88,88,88],"card_choices":[{"not_picked":["Redo","Scrape"],"picked":"Cold Snap","floor":1.0},{"not_picked":["Steam Power","Redo","Go for the Eyes"],"picked":"SKIP","floor":2.0},{"not_picked":["Steam","Coolheaded"],"picked":"Ball Lightning","floor":4.0},{"not_picked":["Conserve Battery","Recycle"],"picked":"Double Energy","floor":5.0},{"not_picked":["Streamline","FTL"],"picked":"Barrage","floor":6.0},{"not_picked":["FTL","Hologram"],"picked":"Defragment","floor":8.0},{"not_picked":["Steam","Redo","Ball Lightning"],"picked":"Singing Bowl","floor":11.0},{"not_picked":["Sweeping Beam","Cold Snap"],"picked":"Capacitor","floor":14.0},{"not_picked":["Amplify","Multi-Cast"],"picked":"Hyperbeam","floor":16.0},{"not_picked":["Rip and Tear","Go for the Eyes","Force Field"],"picked":"Singing Bowl","floor":18.0},{"not_picked":["Coolheaded+1","Sweeping Beam","Streamline"],"picked":"Singing Bowl","floor":20.0},{"not_picked":["Glacier","Barrage+1"],"picked":"Redo+1","floor":21.0}],"player_experience":3536963,"relics_obtained":[{"floor":6.0,"key":"Strawberry"},{"floor":9.0,"key":"Singing Bowl"}],"event_choices":[{"cards_removed":["Strike_B"],"damage_healed":0.0,"max_hp_gain":0.0,"max_hp_loss":0.0,"gold_gain":0.0,"event_name":"The Cleric","player_choice":"Card Removal","floor":13.0,"gold_loss":50.0,"damage_taken":0.0},{"cards_removed":["Strike_B"],"damage_healed":0.0,"max_hp_gain":0.0,"max_hp_loss":0.0,"gold_gain":0.0,"event_name":"Back to Basics","player_choice":"Elegance","floor":19.0,"gold_loss":0.0,"damage_taken":0.0},{"damage_healed":0.0,"max_hp_gain":0.0,"max_hp_loss":0.0,"gold_gain":0.0,"event_name":"The Mausoleum","player_choice":"Opened","floor":22.0,"gold_loss":0.0,"damage_taken":0.0,"relics_obtained":["Kunai"]}],"is_beta":false,"boss_relics":[{"not_picked":["Sozu","Calling Bell"],"picked":"Ectoplasm"}],"items_purged_floors":[],"is_endless":false,"potions_floor_spawned":[4,6,11,14,20],"killed_by":"Slavers","ascension_level":2}}