{"host":"rwzz6mk6bpmb57ql","time":1608864773,"event":{"mods":["AchievementEnabler","BaseMod","BetterRewards","Colored Map","Highlight Path","Hubris","Minty Spire (QoL Compilation)","Replay The Spire","StSLib"],"gold_per_floor":[6610,5853,5853,5953,5971,5997,5997,5997,5630,5615,5615,5640,5658,5689,5689,5702,5702,5801,5901,5920,5920,5116,5116,5116,5116,5131,5230,5230,4637,4671,4685,4685,4805,4805,4901,4901,5013,4305,4324,4343,4363,4492,3836,3852,3897,3897,3914,3943,3960,3532,3532,3532,3532,3532,2816,2843,2843],"floor_reached":58,"playtime":3397,"items_purged":["Strike_G","Strike_G","Strike_G","hubris:Lust","Parasite","Parasite","Noxious Fumes"],"score":1998,"play_id":"d19f3492-8ef0-4a90-96de-188e23ddd019","local_time":"20201224205253","is_ascension_mode":true,"campfire_choices":[{"floor":15,"key":"RECALL"},{"data":"Leg Sweep","floor":17,"key":"SMITH"},{"data":"Fluid Movement","floor":25,"key":"SMITH"},{"data":"Defend_G+1","floor":34,"key":"PURGE"},{"data":"Night Terror","floor":51,"key":"SMITH"},{"data":"Catalyst","floor":54,"key":"SMITH"}],"circlet_count":0,"master_deck":["AscendersBane","Strike_G+3","Defend_G+1","Defend_G+2","Defend_G+1","Survivor+1","Neutralize+1","Outmaneuver","Deadly Poison","Noxious Fumes","hubris:EnhanceAbility+1","Deflect","Prepared","Dark Shackles","Escape Plan","Leg Sweep+1","Escape Plan","Dodge and Roll","Fluid Movement+1","Leg Sweep+1","Noxious Fumes","Deadly Poison","Night Terror+1","Deadly Poison+1","Fluid Movement","Outmaneuver+1","Outmaneuver+1","After Image","Bane","Replay:Poison Smokescreen","Catalyst+1","Bane","Crippling Poison","ReplayTheSpireMod:Brewmster","Fluid Movement","Bouncing Flask"],"relics":["Ring of the Snake","Potion Belt","War Paint","Bronze Scales","hubris:Icosahedron","Replay:WaspNest","Turnip","Replay:Multitool","Smiling Mask","Replay:Wanted Poster","Enchiridion","hubris:BundleOfHerbs","Pantograph","DollysMirror","Snake Skull","Tingsha","TheAbacus","Juzu Bracelet","Ancient Tea Set","Pen Nib","Honey Jar","Bag of Preparation","Centennial Puzzle","Frozen Eye","Simple Rune","Whetstone","Pear","ReplayTheSpireMod:TigerMarble","hubris:Metronome","TwistedFunnel","Bottled Tornado","Sundial","Lizard Tail"],"acts_visited":["Exordium","TheCity","TheBeyond","TheEnding"],"potions_floor_usage":[6,6,10,12,14,26,30,35,38,41,41,41,46,47,47,47,47,47,47,47,48,48,48,49,52,56,57,57,57,57,57,57,57,57,57,57,57,57,57],"damage_taken":[{"damage":0,"enemies":"2 Louse","floor":1,"turns":4},{"damage":0,"enemies":"Cultist","floor":5,"turns":4},{"damage":20,"enemies":"3 Sentries","floor":6,"turns":8},{"damage":14,"enemies":"Lagavulin","floor":10,"turns":8},{"damage":8,"enemies":"Gremlin Nob","floor":12,"turns":3},{"damage":0,"enemies":"Jaw Worm","floor":13,"turns":4},{"damage":20,"enemies":"3 Sentries","floor":14,"turns":10},{"damage":0,"enemies":"3 Louse","floor":16,"turns":3},{"damage":13,"enemies":"Slime Boss","floor":18,"turns":4},{"damage":0,"enemies":"2 Thieves","floor":20,"turns":1},{"damage":0,"enemies":"Chosen","floor":26,"turns":1},{"damage":17,"enemies":"Gremlin Leader","floor":30,"turns":7},{"damage":4,"enemies":"Snecko","floor":31,"turns":4},{"damage":3,"enemies":"Cultist and Chosen","floor":33,"turns":7},{"damage":27,"enemies":"hubris:MusketHawk","floor":35,"turns":9},{"damage":4,"enemies":"Orb Walker","floor":37,"turns":4},{"damage":0,"enemies":"3 Shapes","floor":39,"turns":4},{"damage":10,"enemies":"Writhing Mass","floor":40,"turns":6},{"damage":8,"enemies":"Jaw Worm Horde","floor":41,"turns":6},{"damage":31,"enemies":"R_Hoarder","floor":42,"turns":8},{"damage":10,"enemies":"Maw","floor":44,"turns":7},{"damage":0,"enemies":"Writhing Mass","floor":47,"turns":5},{"damage":1,"enemies":"Giant Head","floor":48,"turns":4},{"damage":14,"enemies":"Sphere and 2 Shapes","floor":49,"turns":4},{"damage":11,"enemies":"hubris:GrandSnecko","floor":52,"turns":4},{"damage":13,"enemies":"Shield and Spear","floor":56,"turns":7},{"damage":86,"enemies":"The Heart","floor":57,"turns":7}],"seed_played":"2948062649730048558","potions_obtained":[{"floor":6,"key":"Energy Potion"},{"floor":13,"key":"ColorlessPotion"},{"floor":14,"key":"SteroidPotion"},{"floor":18,"key":"EssenceOfSteel"},{"floor":20,"key":"Adrenaline Potion"},{"floor":30,"key":"Elixir"},{"floor":37,"key":"Reflective Coating"},{"floor":44,"key":"Explosive Potion"},{"floor":46,"key":"Fruit Juice"},{"floor":46,"key":"Block Potion"},{"floor":46,"key":"EntropicBrew"},{"floor":47,"key":"Toxic Potion"},{"floor":48,"key":"Adrenaline Potion"},{"floor":49,"key":"Dexterity Potion"}],"is_trial":false,"path_per_floor":["M","$","?","?","M","E","PTL","PTL","$","E","T","E","M","E","R","M","R","B",null,"M","?","$","?","?","R","M","?","T","$","E","M","R","M","R","B",null,"M","$","M","M","M","E","$","M","T","?","M","E","M","$","R","B",null,"R","$","E","B",null],"character_chosen":"THE_SILENT","items_purchased":["Deadly Poison","Noxious Fumes","hubris:EnhanceAbility","War Paint","Bronze Scales","Explosive Potion","Block Potion","Prepared","Dark Shackles","EssenceOfSteel","SpeedPotion","Fluid Movement","hubris:BundleOfHerbs","Pantograph","DollysMirror","Noxious Fumes","TheAbacus","Juzu Bracelet","Ancient Tea Set","Bag of Preparation","Fluid Movement","Centennial Puzzle","Frozen Eye","Fruit Juice","LifebloodPotion","Whetstone","Pear","Noxious Fumes","Toxic Potion","Adrenaline Potion","TwistedFunnel","Energy Potion","ReplayTheSpireMod:Brewmster","Bottled Tornado","Sundial","Block Potion","Adrenaline Potion","Fluid Movement"],"campfire_rested":0,"item_purchase_floors":[2,2,2,2,2,2,2,9,9,9,9,22,22,22,22,29,29,29,29,38,38,38,38,38,38,43,43,43,43,43,50,50,50,55,55,55,55,55],"current_hp_per_floor":[133,133,133,133,133,113,113,113,113,99,99,91,91,71,71,71,71,58,114,114,98,98,98,98,98,98,98,98,98,81,77,116,133,133,106,126,122,127,127,117,109,83,93,83,83,88,88,87,73,73,73,87,132,132,132,119,58],"gold":2843,"neow_bonus":"REMOVE_TWO","is_daily":false,"chose_seed":false,"campfire_upgraded":4,"win_rate":0.0,"timestamp":1608864773,"path_taken":["M","$","?","?","?","E","PTL","PTL","?","E","T","E","M","E","R","M","R","BOSS","M","?","$","?","?","R","M","?","T","$","E","M","R","M","R","BOSS","M","$","M","M","M","E","$","M","T","?","M","E","M","$","R","BOSS","R","$","E","BOSS"],"items_purchased_type":["Card","Card","Card","Relic","Relic","Potion","Potion","Card","Card","Potion","Potion","Card","Relic","Relic","Relic","Card","Relic","Relic","Relic","Relic","Card","Relic","Relic","Potion","Potion","Relic","Relic","Card","Potion","Potion","Relic","Potion","Card","Relic","Relic","Potion","Potion","Card"],"build_version":"2020-12-22","purchased_purges":7,"victory":true,"max_hp_per_floor":[133,133,133,133,133,133,133,133,133,133,133,133,133,133,133,133,133,133,133,133,133,133,133,133,133,133,133,133,133,133,133,133,133,133,133,133,133,138,138,138,138,138,145,145,145,150,150,150,150,147,147,147,147,147,147,147,147],"card_choices":[{"not_picked":["Backflip","Acrobatics"],"picked":"Outmaneuver","floor":1},{"not_picked":["Hidden Blade","Cloak And Dagger"],"picked":"Deflect","floor":5},{"not_picked":["Wraith Form v2","Accuracy","Underhanded Strike"],"picked":"SKIP","floor":6},{"not_picked":["Sucker Punch","Expertise"],"picked":"Escape Plan","floor":10},{"not_picked":["Predator","Quick Slash"],"picked":"Leg Sweep","floor":12},{"not_picked":["ReplayTheSpireMod:Scrap Shanks","All Out Attack","Deflect"],"picked":"SKIP","floor":13},{"not_picked":["Storm of Steel","Flying Knee"],"picked":"Escape Plan","floor":14},{"not_picked":["Dagger Throw","Deflect","Prepared"],"picked":"SKIP","floor":16},{"not_picked":["Heel Hook","Masterful Stab"],"picked":"Dodge and Roll","floor":20},{"not_picked":["Slice","Poisoned Stab","hubris:SlightOfHand+1"],"picked":"SKIP","floor":26},{"not_picked":["hubris:Counter","Choke+1","Skewer"],"picked":"SKIP","floor":30},{"not_picked":["Quick Slash+1","All Out Attack"],"picked":"Deadly Poison","floor":31},{"not_picked":["Deflect","Quick Slash+1","Sucker Punch"],"picked":"SKIP","floor":33},{"not_picked":["ReplayTheSpireMod:From All Sides","Bullet Time"],"picked":"Night Terror","floor":35},{"not_picked":["Dagger Spray","hubris:SlightOfHand+1","Deflect+1"],"picked":"Deadly Poison+1","floor":37},{"not_picked":["Acrobatics+1","Bane+1","Blade Dance+1"],"picked":"Outmaneuver+1","floor":39},{"not_picked":["Heel Hook","Sucker Punch","Dagger Throw+1"],"picked":"Outmaneuver+1","floor":40},{"not_picked":["hubris:SlightOfHand+1","Dagger Throw","PiercingWail"],"picked":"After Image","floor":41},{"not_picked":["Wraith Form v2","Acrobatics+1","Expertise+1"],"picked":"Bane","floor":42},{"not_picked":["Dagger Throw","Bane","PiercingWail+1"],"picked":"Replay:Poison Smokescreen","floor":44},{"not_picked":["hubris:Counter","Underhanded Strike","Blade Dance"],"picked":"Catalyst","floor":47},{"not_picked":["Blade Dance","Unload","Dagger Spray"],"picked":"Bane","floor":48},{"not_picked":["Sucker Punch+1","Quick Slash","Phantasmal Killer"],"picked":"Crippling Poison","floor":49},{"not_picked":["Hidden Blade","Toxin Wave","hubris:SlightOfHand"],"picked":"Bouncing Flask","floor":56}],"player_experience":153832,"relics_obtained":[{"floor":6,"key":"Replay:WaspNest"},{"floor":10,"key":"Turnip"},{"floor":12,"key":"Replay:Multitool"},{"floor":14,"key":"Smiling Mask"},{"floor":21,"key":"Enchiridion"},{"floor":28,"key":"Tingsha"},{"floor":30,"key":"Pen Nib"},{"floor":42,"key":"Simple Rune"},{"floor":45,"key":"ReplayTheSpireMod:TigerMarble"},{"floor":48,"key":"hubris:Metronome"},{"floor":56,"key":"Lizard Tail"}],"event_choices":[{"damage_healed":0,"gold_gain":100,"player_choice":"Pray","damage_taken":0,"max_hp_gain":0,"max_hp_loss":0,"event_name":"Golden Shrine","floor":4,"gold_loss":0},{"damage_healed":0,"gold_gain":0,"player_choice":"Obtained Book","damage_taken":16,"max_hp_gain":0,"max_hp_loss":0,"event_name":"Cursed Tome","floor":21,"gold_loss":0},{"damage_healed":0,"gold_gain":0,"player_choice":"Simplicity","damage_taken":0,"max_hp_gain":0,"max_hp_loss":0,"event_name":"Back to Basics","floor":23,"gold_loss":0,"cards_upgraded":["Strike_G","Defend_G","Defend_G","Defend_G"]},{"damage_healed":0,"gold_gain":99,"player_choice":"Stole From Cult","damage_taken":0,"max_hp_gain":0,"max_hp_loss":0,"event_name":"Nest","floor":27,"gold_loss":0},{"damage_healed":0,"gold_gain":0,"player_choice":"Got Potions","damage_taken":0,"max_hp_gain":0,"max_hp_loss":0,"event_name":"Lab","floor":46,"gold_loss":0}],"is_beta":false,"boss_relics":[{"not_picked":["Velvet Choker","Cursed Key"],"picked":"Replay:Wanted Poster"},{"not_picked":["Philosopher\u0027s Stone","Painkiller Herb"],"picked":"Honey Jar"}],"items_purged_floors":[2,9,22,29,43,50,55],"is_endless":false,"potions_floor_spawned":[6,13,14,18,20,30,37,44,47,48,49],"ascension_level":10}}