{"host":"2461dio7vetlq1z3","time":1608907834,"event":{"mods":["2.2 Compatiblity","AchievementEnabler","Aspiration","BaseMod","Better Third Choice","Hermit","Minty Spire (QoL Compilation)","Relic Stats","Spicy Shops","StSLib","The Runesmith","Waifu the Spire"],"gold_per_floor":[115,127,127,137,157,157,182,182,182,182,216,234,251,262,262,336,336,351,266,66,66,66,66,92,17,17,28,28,28,59,59,59],"floor_reached":31,"playtime":1038,"items_purged":["Strike_R"],"score":616,"play_id":"5645d726-9259-4a61-ab63-5a9b4395e88d","local_time":"20201225155034","is_ascension_mode":true,"campfire_choices":[{"data":"Bash","floor":6,"key":"SMITH"},{"data":"Anger","floor":10,"key":"SMITH"},{"data":"Rupture","floor":15,"key":"SMITH"},{"floor":23,"key":"REST"},{"floor":28,"key":"REST"}],"circlet_count":0,"master_deck":["AscendersBane","Strike_R","Strike_R","Defend_R","Defend_R","Defend_R","Defend_R","Bash+1","Anger+1","Dropkick","Clothesline","Offering","Exhume","Intimidate","Rupture+1","Cleave","Metallicize","Combust","Feed","Hemokinesis","Immolate","RitualDagger","Rupture","Corruption","Rage","Uppercut"],"relics":["Burning Blood","Ginger","StrikeDummy","Blue Candle","Bottled Lightning","Runic Pyramid","Charon\u0027s Ashes","Bag of Marbles","Self Forming Clay","aspiration:RitualStick","Gambling Chip"],"acts_visited":["Exordium","TheCity"],"potions_floor_usage":[12,16,18,18,31],"damage_taken":[{"damage":5,"enemies":"2 Louse","floor":1,"turns":4},{"damage":7,"enemies":"Cultist","floor":2,"turns":4},{"damage":9,"enemies":"Small Slimes","floor":4,"turns":3},{"damage":11,"enemies":"3 Louse","floor":5,"turns":4},{"damage":16,"enemies":"Lagavulin","floor":7,"turns":5},{"damage":40,"enemies":"3 Sentries","floor":11,"turns":10},{"damage":6,"enemies":"2 Fungi Beasts","floor":12,"turns":2},{"damage":6,"enemies":"Large Slime","floor":13,"turns":3},{"damage":7,"enemies":"3 Louse","floor":14,"turns":3},{"damage":20,"enemies":"Hexaghost","floor":16,"turns":5},{"damage":25,"enemies":"2 Thieves","floor":18,"turns":4},{"damage":45,"enemies":"Slavers","floor":24,"turns":3},{"damage":10,"enemies":"3 Byrds","floor":27,"turns":3},{"damage":16,"enemies":"Gremlin Leader","floor":30,"turns":3},{"damage":9,"enemies":"Centurion and Healer","floor":31,"turns":1}],"seed_played":"-3283800114259025574","potions_obtained":[{"floor":2,"key":"BloodPotion"},{"floor":7,"key":"Fire Potion"},{"floor":12,"key":"LiquidBronze"},{"floor":16,"key":"ColorlessPotion"},{"floor":27,"key":"SkillPotion"}],"is_trial":false,"path_per_floor":["M","M","?","M","M","R","E","?","T","R","E","M","M","M","R","B",null,"M","?","$","?","?","R","E","?","T","M","R","?","E","M"],"character_chosen":"IRONCLAD","items_purchased":["Immolate"],"campfire_rested":2,"item_purchase_floors":[20],"current_hp_per_floor":[68,67,72,69,64,64,54,54,54,54,20,34,34,33,33,19,60,44,44,44,38,26,48,12,12,12,14,39,18,8,0,0],"gold":59,"neow_bonus":"ONE_RARE_RELIC","is_daily":false,"chose_seed":false,"campfire_upgraded":3,"win_rate":0.0,"timestamp":1608907834,"path_taken":["M","M","?","M","M","R","E","?","T","R","E","M","?","M","R","BOSS","M","?","$","?","?","R","E","?","T","M","R","?","E","M"],"items_purchased_type":["Card"],"build_version":"2020-12-22","purchased_purges":1,"victory":false,"max_hp_per_floor":[68,68,73,73,73,73,73,73,73,73,73,73,73,73,73,73,73,76,76,76,76,76,76,79,79,79,85,85,85,85,85,85],"relic_stats":{"counters":[15,57],"Self Forming Clay":[27],"Blue Candle":[1],"Gambling Chip":[2],"Charon\u0027s Ashes":[136],"Ginger":[10],"obtain_stats":[{"Self Forming Clay":26,"Blue Candle":9,"Gambling Chip":30,"Charon\u0027s Ashes":19,"Bag of Marbles":24,"Ginger":0,"Bottled Lightning":11,"StrikeDummy":7,"Burning Blood":0,"aspiration:RitualStick":29,"Runic Pyramid":17},{"Self Forming Clay":12,"Blue Candle":5,"Gambling Chip":14,"Charon\u0027s Ashes":11,"Bag of Marbles":12,"Ginger":0,"Bottled Lightning":6,"StrikeDummy":5,"Burning Blood":0,"aspiration:RitualStick":13,"Runic Pyramid":10},{"Self Forming Clay":50,"Blue Candle":20,"Gambling Chip":56,"Charon\u0027s Ashes":47,"Bag of Marbles":50,"Ginger":0,"Bottled Lightning":30,"StrikeDummy":20,"Burning Blood":0,"aspiration:RitualStick":53,"Runic Pyramid":43}],"Burning Blood":83,"aspiration:RitualStick":[0]},"card_choices":[{"not_picked":["Sword Boomerang","Warcry"],"picked":"Anger","floor":1},{"not_picked":["Clash","Heavy Blade"],"picked":"Dropkick","floor":2},{"not_picked":["Rampage","Pommel Strike"],"picked":"Clothesline","floor":4},{"not_picked":["Power Through","Havoc"],"picked":"Offering","floor":5},{"not_picked":["Burning Pact","Sword Boomerang"],"picked":"Exhume","floor":7},{"not_picked":["Heavy Blade","Warcry"],"picked":"Rupture","floor":11},{"not_picked":["Armaments","Havoc"],"picked":"Cleave","floor":12},{"not_picked":["Reckless Charge","Clash"],"picked":"Metallicize","floor":13},{"not_picked":["Anger","Flex"],"picked":"Combust","floor":14},{"not_picked":["Corruption","Berserk"],"picked":"Feed","floor":16},{"not_picked":["Sword Boomerang","True Grit"],"picked":"Hemokinesis","floor":18},{"not_picked":["Anger","Seeing Red"],"picked":"Rupture","floor":22},{"not_picked":["Iron Wave","Dark Embrace+1"],"picked":"Corruption","floor":24},{"not_picked":["Pommel Strike+1","Havoc"],"picked":"Rage","floor":27},{"not_picked":["Evolve","Clothesline"],"picked":"Uppercut","floor":30}],"player_experience":937094,"relics_obtained":[{"floor":7,"key":"StrikeDummy"},{"floor":9,"key":"Blue Candle"},{"floor":11,"key":"Bottled Lightning"},{"floor":24,"key":"Bag of Marbles"},{"floor":26,"key":"Self Forming Clay"},{"floor":30,"key":"Gambling Chip"}],"event_choices":[{"damage_healed":0,"gold_gain":0,"player_choice":"Donut","damage_taken":0,"max_hp_gain":5,"max_hp_loss":0,"event_name":"Big Fish","floor":3,"gold_loss":0},{"damage_healed":0,"gold_gain":0,"cards_transformed":["Strike_R"],"player_choice":"Transformed","damage_taken":0,"max_hp_gain":0,"max_hp_loss":0,"event_name":"Transmorgrifier","floor":8,"gold_loss":0,"cards_obtained":["Intimidate"]},{"damage_healed":0,"gold_gain":0,"player_choice":"Obtained Relic","damage_taken":0,"relics_obtained":["Charon\u0027s Ashes"],"max_hp_gain":0,"max_hp_loss":0,"event_name":"Addict","floor":19,"gold_loss":85},{"damage_healed":0,"gold_gain":0,"player_choice":"Dagger","damage_taken":6,"max_hp_gain":0,"max_hp_loss":0,"event_name":"betterThird:BetterNest","floor":21,"gold_loss":0,"cards_obtained":["RitualDagger"]},{"cards_removed":["Strike_R"],"damage_healed":0,"gold_gain":0,"player_choice":"Gave Gold","damage_taken":0,"max_hp_gain":0,"max_hp_loss":0,"event_name":"Beggar","floor":25,"gold_loss":75}],"is_beta":false,"boss_relics":[{"not_picked":["Runic Cube","Runic Dome"],"picked":"Runic Pyramid"}],"items_purged_floors":[20],"is_endless":false,"potions_floor_spawned":[2,7,12,14,16,27],"killed_by":"Centurion and Healer","ascension_level":20}}