{"host":"vm8b3ptwl81uq21f","time":1608862772,"event":{"mods":["BaseMod","BetterRewards","Colored Powertips","Downfall","GifTheSpireLib","Googly Eyes","GungeonMod","Halation","Hubris","Minty Spire (QoL Compilation)","Quick Restart","Rare Cards Sparkle","Replay The Spire","Shop Mod","StSLib","Stuff the Spire","The Bug Knight","The IronCluck","[IsaacMod]????"],"gold_per_floor":[119,132,147,161,180,197,1,16,16,49,66,80,14,26,26,124,124,139,184,184,194,450,481,481,481,481,498,498,518,518,545,545,640,640,657,657,657,657,657,657,657,657,711,711,711,722,739,768,768,768],"floor_reached":51,"playtime":2389,"items_purged":["Strike_B","Strike_B","Strike_B","Strike_B","Defend_B","Zap","Defend_B","Defend_B"],"score":1219,"play_id":"41fd6bda-10b0-44ac-a579-6280032fb9f5","local_time":"20201224211932","is_ascension_mode":false,"campfire_choices":[{"data":"Recycle","floor":15,"key":"SMITH"},{"data":"Hologram","floor":25,"key":"SMITH"},{"data":"Replay:SS_forest_5","floor":28,"key":"SMITH"},{"data":"Beam Cell","floor":30,"key":"SMITH"},{"data":"Steam Power","floor":32,"key":"SMITH"},{"data":"Reboot","floor":40,"key":"SMITH"},{"data":"hubris:DoWhile","floor":42,"key":"SMITH"},{"data":"Steam Power","floor":45,"key":"SMITH"},{"data":"Scrape","floor":49,"key":"SMITH"}],"circlet_count":0,"master_deck":["Defend_B+1","Dualcast","BettingIsNotGood+1","Scrape+1","Dramatic Entrance","Gash","Turbo+1","Compile Driver","Hologram+1","Turbo","Self Repair","Steam+1","Beam Cell+1","BootSequence+1","Go for the Eyes","Recycle+1","Coolheaded+1","Gash","Gash+1","Reboot+1","Beam Cell+1","hubris:DoWhile+1","Steam Power+1","Compile Driver+1","Coolheaded+1","hubris:PowerSurge+1","expansioncontent:DonusPower+1","Steam Power+1","Glacier+1","Gash+1","Gash+1","Sadistic Nature+1","Replay:SS_forest_5+1","Sunder+1","hubris:DoWhile+1","Scrape+1","Recycle+1","Specialist","Thinking Ahead+1","Amnesia","ReplayTheSpireMod:Reroute Power","expansioncontent:Hexaburn","Compile Driver","Go for the Eyes","Secret Weapon","Steam","White Noise+1","Skim+1","ReplayTheSpireMod:Reroute Power+1"],"relics":["Cracked Core","HushsDoor","Medical Kit","Vajra","Membership Card","TheBean","hubris:DisguiseKit","SteamSale","DeadEye","Anchor","BFFS","MerchantsRug","Tiny Chest","halation:Sosunser","hubris:MysteriousPyramids","Boot","BookOfRevelations","hubris:Teleporter","hubris:CuriousFeather","TheAbacus","Matryoshka","halation:HeavySnake","halation:Komachan","Potion Belt","ReplayTheSpireMod:TigerMarble","ReplayTheSpireMod:Ring of Collecting","Ring of Shattering","Bronze Scales","Ring of Peace","hubris:Metronome","hubris:Towel","Ring of Hypnosis","Sundial","Pen Nib","hubris:HerbalPaste","StuffTheSpire:Experiment12","Counterbalance","Happy Flower"],"acts_visited":["Exordium","TheCity","TheBeyond"],"potions_floor_usage":[16,16,23,23],"damage_taken":[{"damage":1,"enemies":"2 Louse","floor":1,"turns":2},{"damage":0,"enemies":"Jaw Worm","floor":2,"turns":2},{"damage":0,"enemies":"Cultist","floor":3,"turns":2},{"damage":0,"enemies":"Large Slime","floor":4,"turns":4},{"damage":0,"enemies":"Looter","floor":5,"turns":2},{"damage":0,"enemies":"2 Fungi Beasts","floor":6,"turns":1},{"damage":19,"enemies":"Exordium Thugs","floor":8,"turns":4},{"damage":0,"enemies":"Gremlin Nob","floor":10,"turns":2},{"damage":6,"enemies":"Blue Slaver","floor":11,"turns":3},{"damage":2,"enemies":"2 Fungi Beasts","floor":12,"turns":3},{"damage":0,"enemies":"Large Slime","floor":14,"turns":4},{"damage":11,"enemies":"Fading Forest","floor":16,"turns":11},{"damage":0,"enemies":"Spheric Guardian","floor":18,"turns":1},{"damage":4,"enemies":"Shell Parasite","floor":19,"turns":4},{"damage":25,"enemies":"Snake Plant","floor":21,"turns":4},{"damage":8,"enemies":"Gremlin Leader","floor":23,"turns":5},{"damage":0,"enemies":"Sentry and Sphere","floor":29,"turns":2},{"damage":0,"enemies":"Book of Stabbing","floor":31,"turns":2},{"damage":0,"enemies":"Collector","floor":33,"turns":6},{"damage":0,"enemies":"Orb Walker","floor":35,"turns":1},{"damage":0,"enemies":"3 Shapes","floor":46,"turns":3},{"damage":5,"enemies":"Sphere and 2 Shapes","floor":47,"turns":3},{"damage":0,"enemies":"HollowMod:StalkingDevout","floor":48,"turns":3},{"damage":0,"enemies":"hubris:GrandSnecko","floor":50,"turns":2}],"seed_played":"7720181062444875746","potions_obtained":[{"floor":5,"key":"Strength Potion"},{"floor":6,"key":"Weak Potion"},{"floor":10,"key":"Adrenaline Potion"},{"floor":16,"key":"Venom Potion"},{"floor":21,"key":"Explosive Potion"}],"is_trial":false,"path_per_floor":["M","M","M","M","M","M","$","M","T","E","M","M","$","M","R","B",null,"M","M","?","M","$","E","$","R","T","$","R","M","R","E","R","B",null,"M","$","?","?","T","R","?","R","T","$","R","M","M","E","R","B",null],"character_chosen":"DEFECT","items_purchased":["Medical Kit","Vajra","Scrape","Dramatic Entrance","Membership Card","Gash","TheBean","Turbo","Guide Book","Beam Cell","BootSequence+1","Gash","Reboot","DeadEye","Anchor","BFFS","EssenceOfSteel","hubris:PowerSurge+1","expansioncontent:DonusPower","Steam Power","Swift Potion","MerchantsRug","halation:Sosunser","hubris:MysteriousPyramids","Boot","Gash","Block Potion","FocusPotion","hubris:Teleporter","hubris:CuriousFeather","TheAbacus","Sadistic Nature","Replay:SS_forest_5","Adrenaline Potion","Sunder+1","Scrape","halation:Komachan","Potion Belt","ReplayTheSpireMod:TigerMarble","Specialist","Thinking Ahead","DuplicationPotion","DistilledChaos","hubris:HerbalPaste","StuffTheSpire:Experiment12","Counterbalance","Compile Driver","Go for the Eyes","Secret Weapon","Steam"],"campfire_rested":0,"item_purchase_floors":[0,0,0,0,0,0,0,0,7,7,7,13,13,22,22,22,22,22,22,22,22,22,24,24,24,24,24,24,27,27,27,27,27,27,27,34,36,36,36,36,36,36,36,44,44,44,44,44,44,44],"current_hp_per_floor":[39,44,49,54,54,54,54,52,52,52,53,68,68,75,75,75,75,75,75,75,50,50,49,49,49,49,49,49,56,56,56,56,56,72,72,72,72,72,72,72,72,72,72,72,72,72,67,72,72,72],"gold":768,"neow_bonus":"","is_daily":false,"chose_seed":false,"campfire_upgraded":9,"win_rate":0.0,"timestamp":1608862772,"path_taken":["M","M","M","M","M","M","$","M","T","E","M","M","$","M","R","BOSS","M","M","?","M","$","E","$","R","T","$","R","?","R","E","R","BOSS","M","$","?","?","?","R","?","R","T","$","R","M","?","E","R","BOSS"],"items_purchased_type":["Relic","Relic","Card","Card","Relic","Card","Relic","Card","Relic","Card","Card","Card","Card","Relic","Relic","Relic","Potion","Card","Card","Card","Potion","Relic","Relic","Relic","Relic","Card","Potion","Potion","Relic","Relic","Relic","Card","Card","Potion","Card","Card","Relic","Relic","Relic","Card","Card","Potion","Potion","Relic","Relic","Relic","Card","Card","Card","Card"],"build_version":"2020-12-22","purchased_purges":8,"victory":true,"max_hp_per_floor":[75,75,75,75,75,75,75,75,75,75,75,75,75,75,75,75,75,75,75,75,75,75,75,75,75,75,75,75,75,75,75,75,75,72,72,72,72,72,72,72,72,72,72,72,72,72,72,72,72,72],"card_choices":[{"not_picked":[],"picked":"BettingIsNotGood","floor":0},{"not_picked":["Barrage","StuffTheSpire:ForEach"],"picked":"Bomb","floor":1},{"not_picked":["hubris:Ukulele","StuffTheSpire:Plugnplay"],"picked":"Compile Driver","floor":2},{"not_picked":["hubris:Ukulele","StuffTheSpire:Rend"],"picked":"Hologram","floor":3},{"not_picked":["Redo","StuffTheSpire:Plugnplay"],"picked":"Turbo","floor":4},{"not_picked":["StuffTheSpire:Plugnplay","StuffTheSpire:Coldhearted"],"picked":"Self Repair","floor":5},{"not_picked":["Skim","Compile Driver"],"picked":"Steam","floor":6},{"not_picked":["Multi-Cast","StuffTheSpire:NuclearReactor"],"picked":"Go for the Eyes","floor":8},{"not_picked":["Tempest","StuffTheSpire:SnapShoot","Slimebound:ComboTackle"],"picked":"Recycle","floor":10},{"not_picked":["Turbo","Rebound","Slimebound:ProtectTheBoss"],"picked":"Coolheaded","floor":11},{"not_picked":["Coolheaded","Stack","Slimebound:Equalize"],"picked":"Gash","floor":12},{"not_picked":["StuffTheSpire:Plugnplay","StuffTheSpire:GlassShard","Slimebound:Nibble"],"picked":"Beam Cell","floor":14},{"not_picked":["hubris:SpecializedCircuitry","Multi-Cast","Slimebound:Teamwork"],"picked":"hubris:DoWhile","floor":16},{"not_picked":["Panic Button","Cold Snap","Slimebound:GoopSpray"],"picked":"Steam Power","floor":18},{"not_picked":["Stack","Panic Button","Slimebound:Equalize"],"picked":"Compile Driver+1","floor":19},{"not_picked":["StuffTheSpire:Coldhearted","Streamline","Slimebound:SplitAcid"],"picked":"Coolheaded+1","floor":21},{"not_picked":["StuffTheSpire:Plugnplay","Cold Snap","Slimebound:Schlurp"],"picked":"Glacier+1","floor":23},{"not_picked":["Sunder","Streamline","Storm","Slimebound:SplitAcid"],"picked":"SKIP","floor":29},{"not_picked":["StuffTheSpire:Coldhearted","FIFO Queue+1","BasicCrystalCard","Slimebound:CheckThePlaybook"],"picked":"SKIP","floor":31},{"not_picked":["StuffTheSpire:ForEach","Fission","Slimebound:OneTwoCombo"],"picked":"hubris:DoWhile","floor":33},{"not_picked":["Cancel+1","ReplayTheSpireMod:Calculation Training+1","Slimebound:Chomp"],"picked":"Recycle+1","floor":35},{"not_picked":["Barrage+1","Rip and Tear","Slimebound:RollThrough"],"picked":"White Noise+1","floor":46},{"not_picked":["Turbo","Ball Lightning","Slimebound:SlimeSlap"],"picked":"Skim","floor":47},{"not_picked":["Hologram","BasicCrystalCard+1","Slimebound:FinishingTackle"],"picked":"ReplayTheSpireMod:Reroute Power+1","floor":48}],"player_experience":303708,"relics_obtained":[{"floor":9,"key":"hubris:DisguiseKit"},{"floor":10,"key":"Replay:Wax Seal"},{"floor":23,"key":"Tiny Chest"},{"floor":26,"key":"BookOfRevelations"},{"floor":31,"key":"Matryoshka"},{"floor":37,"key":"ReplayTheSpireMod:Ring of Collecting"},{"floor":37,"key":"Ring of Shattering"},{"floor":39,"key":"Bronze Scales"},{"floor":39,"key":"Ring of Peace"},{"floor":39,"key":"hubris:Metronome"},{"floor":43,"key":"Ring of Hypnosis"},{"floor":43,"key":"Sundial"},{"floor":43,"key":"Pen Nib"},{"floor":48,"key":"Happy Flower"}],"event_choices":[{"damage_healed":0,"gold_gain":0,"player_choice":"2 cards matched","damage_taken":0,"max_hp_gain":0,"max_hp_loss":0,"event_name":"Match and Keep!","floor":38,"gold_loss":0,"cards_obtained":["ReplayTheSpireMod:Reroute Power","expansioncontent:Hexaburn"]}],"is_beta":false,"boss_relics":[{"not_picked":["halation:MonkeysPaw","hubris:TerracottaHorce"],"picked":"hubris:Backtick"},{"not_picked":[]},{"not_picked":["ChewingGum","Astrolabe"],"picked":"halation:HeavySnake"},{"not_picked":[]}],"items_purged_floors":[0,0,7,22,24,27,36,44],"is_endless":false,"potions_floor_spawned":[5,6,10,14,16,21,29,33,47],"ascension_level":0}}