{"host":"mytek2nu1hrzdnew","time":1608912256,"event":{"mods":["Aspiration","BaseMod","Conspire","GifTheSpireLib","Gold Saver","Hubris","Minty Spire (QoL Compilation)","Quarter Circle Forward PUNCH!","Replay The Spire","StSLib","Stuff the Spire"],"gold_per_floor":[2567,2609,2609,1991,1623,1733,1733,1798,1798,1883,1966,1966,1706,1810,1810,2119,2219,2260,1917,1995,1995,1668,1771,1858,1937,1937,1937,1986,1986],"floor_reached":28,"playtime":2334,"items_purged":["Deadly Poison","TalkToTheHand","Catalyst","Cold Snap+1","Bandage Up+1"],"score":675,"play_id":"60066b27-b131-4f3e-8e04-8dddc5f07ba5","local_time":"20201225110416","daily_mods":["SealedDeck","Vintage","Diverse","Heirloom","Time Dilation","Flight","Midas","Binary"],"is_ascension_mode":false,"campfire_choices":[{"floor":12,"key":"REST"},{"floor":27,"key":"REST"}],"circlet_count":0,"master_deck":["Demon Form+1","Echo Form+1","DevaForm+1","FlurryOfBlows+1","Gash+1","Beam Cell+1","Clash+1","Consecrate+1","Panacea+1","Fire Breathing+1","Mayhem+1","StuffTheSpire:FreeRealEstate+1","Panache+1","Echo Form+1","Prostrate+1","Panache+1","Sadistic Nature+1","FIFO Queue+1"],"relics":["Cracked Core","qcfpunch:Duffel_Bag","qcfpunch:Fighting_Gloves","qcfpunch:Red_Headband","qcfpunch:Spiky_Bracers","qcfpunch:White_Boots","qcfpunch:Handcuffs","qcfpunch:Army_Boots","qcfpunch:Chain_With_Nametags","qcfpunch:Combat_Fatigues","qcfpunch:Black_Training_Shirt","qcfpunch:Red_Gi","qcfpunch:Unceasing_Flame","qcfpunch:Wrestler\u0027s_Cloak","qcfpunch:Wild_Herbs_Ointment","qcfpunch:Red_Cyclone_Teachings","qcfpunch:Broken_Tusk","qcfpunch:Necklace_of_Skulls","qcfpunch:Lotus_Statue","qcfpunch:Red_Beret","qcfpunch:Green_Leotard","qcfpunch:Special_Ops_Insignia","qcfpunch:Rainbow_Brush","Busted Crown","conspire:Boomerang","Sundial","Meat on the Bone","Membership Card","Replay:WaspNest","Counterbalance","Whetstone","Dream Catcher","DollysMirror","Blue Doll","StuffTheSpire:Rhapsscallions","Bag of Preparation","hubris:DisguiseKit","aspiration:FrozenJewel","Centennial Puzzle","conspire:TopHat","Omamori","qcfpunch:School_Backpack","PreservedInsect","Replay:Wanted Poster","StuffTheSpire:Mouthbags","StuffTheSpire:Gunfinga","Replay:Bottled Steam","ReplayTheSpireMod:ShopPack","Red Mask","TheAbacus","StuffTheSpire:HeavyRock","StuffTheSpire:Barrel","Vajra","StuffTheSpire:PointBlank","aspiration:ChemicalBlood","Mummified Hand","Replay:PocketPolymizer"],"acts_visited":["Exordium","TheCity"],"potions_floor_usage":[],"damage_taken":[{"damage":6,"enemies":"conspire:RoseBush","floor":1,"turns":1},{"damage":0,"enemies":"Jaw Worm","floor":2,"turns":2},{"damage":0,"enemies":"3 Sentries","floor":6,"turns":3},{"damage":0,"enemies":"2 Louse","floor":8,"turns":2},{"damage":0,"enemies":"Lagavulin","floor":10,"turns":3},{"damage":0,"enemies":"Replay:BlueRogue","floor":11,"turns":3},{"damage":0,"enemies":"Lagavulin","floor":14,"turns":3},{"damage":0,"enemies":"Slime Boss","floor":16,"turns":2},{"damage":0,"enemies":"Chosen","floor":18,"turns":2},{"damage":0,"enemies":"Masked Bandits","floor":20,"turns":1},{"damage":0,"enemies":"conspire:Head Lice","floor":23,"turns":2},{"damage":0,"enemies":"Slavers","floor":24,"turns":1},{"damage":3,"enemies":"Book of Stabbing","floor":25,"turns":3},{"damage":0,"enemies":"2 Thieves","floor":28,"turns":2}],"seed_played":"-6526844721964050120","potions_obtained":[{"floor":8,"key":"GamblersBrew"},{"floor":10,"key":"Energy Potion"},{"floor":18,"key":"CultistPotion"},{"floor":23,"key":"Strength Potion"},{"floor":24,"key":"FocusPotion"}],"is_trial":true,"path_per_floor":["M","M","?","$","$","E","?","M","T","E","E","R","$","E","R","B",null,"M","$","?","?","$","E","E","E","T","R","M"],"character_chosen":"DEFECT","items_purchased":["Membership Card","Fire Breathing","Mayhem","Replay:WaspNest","Counterbalance","StuffTheSpire:FreeRealEstate","Panache","Whetstone","Dream Catcher","DollysMirror","Omamori","qcfpunch:School_Backpack","StuffTheSpire:Gunfinga","Replay:Bottled Steam","ReplayTheSpireMod:ShopPack","TheAbacus","StuffTheSpire:HeavyRock","StuffTheSpire:Barrel","FIFO Queue"],"campfire_rested":2,"item_purchase_floors":[4,4,4,4,4,4,5,5,5,5,13,13,19,19,19,22,22,22,22],"current_hp_per_floor":[87,87,68,68,68,71,71,71,71,75,75,96,96,96,96,96,96,96,96,96,96,96,96,96,93,93,96,96,96],"gold":1986,"neow_bonus":"","is_daily":false,"chose_seed":false,"campfire_upgraded":0,"win_rate":0.0,"timestamp":1608912256,"path_taken":["M","M","?","$","$","E","?","M","T","E","E","R","$","E","R","BOSS","M","$","?","?","$","E","E","E","T","R","?"],"items_purchased_type":["Relic","Card","Card","Relic","Relic","Card","Card","Relic","Relic","Relic","Relic","Relic","Relic","Relic","Relic","Relic","Relic","Relic","Card"],"build_version":"2020-12-22","purchased_purges":5,"victory":false,"max_hp_per_floor":[93,93,93,93,93,96,96,96,96,96,96,96,96,96,96,96,96,96,96,96,96,96,96,96,96,96,96,96,96],"card_choices":[{"not_picked":[],"picked":"Bandage Up","floor":1},{"not_picked":[],"picked":"Panacea","floor":2},{"not_picked":["Poisoned Stab"],"picked":"SKIP","floor":10},{"not_picked":["Doppelganger"],"picked":"SKIP","floor":11},{"not_picked":["Storm of Steel"],"picked":"SKIP","floor":14},{"not_picked":[],"picked":"Panache","floor":19},{"not_picked":[],"picked":"Sadistic Nature","floor":19},{"not_picked":["Blade Dance"],"picked":"SKIP","floor":23},{"not_picked":["StuffTheSpire:ClusterCrunch"],"picked":"SKIP","floor":24},{"not_picked":["Prepared"],"picked":"SKIP","floor":25}],"player_experience":942776,"relics_obtained":[{"floor":1,"key":"Sundial"},{"floor":2,"key":"Meat on the Bone"},{"floor":6,"key":"Blue Doll"},{"floor":6,"key":"StuffTheSpire:Rhapsscallions"},{"floor":8,"key":"Bag of Preparation"},{"floor":8,"key":"hubris:DisguiseKit"},{"floor":9,"key":"aspiration:FrozenJewel"},{"floor":10,"key":"Centennial Puzzle"},{"floor":11,"key":"conspire:TopHat"},{"floor":14,"key":"PreservedInsect"},{"floor":18,"key":"StuffTheSpire:Mouthbags"},{"floor":20,"key":"Red Mask"},{"floor":23,"key":"Vajra"},{"floor":24,"key":"StuffTheSpire:PointBlank"},{"floor":25,"key":"aspiration:ChemicalBlood"},{"floor":26,"key":"Mummified Hand"},{"floor":28,"key":"Replay:PocketPolymizer"}],"event_choices":[{"damage_healed":0,"gold_gain":0,"player_choice":"Entered Light","damage_taken":19,"max_hp_gain":0,"max_hp_loss":0,"event_name":"Shining Light","floor":3,"gold_loss":0,"cards_upgraded":["Echo Form","Clash"]},{"damage_healed":0,"gold_gain":0,"cards_transformed":["Dagger Spray"],"player_choice":"Transformed","damage_taken":0,"max_hp_gain":0,"max_hp_loss":0,"event_name":"Transmorgrifier","floor":7,"gold_loss":0,"cards_obtained":["Catalyst"]},{"damage_healed":0,"gold_gain":0,"player_choice":"Fought Bandits","damage_taken":0,"max_hp_gain":0,"max_hp_loss":0,"event_name":"Masked Bandits","floor":20,"gold_loss":0},{"damage_healed":0,"gold_gain":0,"player_choice":"Bought 0 Potions","damage_taken":0,"max_hp_gain":0,"max_hp_loss":0,"event_name":"The Woman in Blue","floor":21,"gold_loss":0}],"is_beta":false,"boss_relics":[{"not_picked":["Replay:Bronze Core","StuffTheSpire:RunicHypercube"],"picked":"Replay:Wanted Poster"}],"items_purged_floors":[4,5,13,19,22],"is_endless":true,"potions_floor_spawned":[8,10,18,23,24,25,28],"killed_by":"2 Thieves","ascension_level":0}}