{"host":"2n2g1vowfllvjtvi","time":1608912088,"event":{"mods":["AchievementEnabler","BaseMod","Custom Start","GifTheSpireLib","Keyboard Shortcuts","Minty Spire (QoL Compilation)","Quick Restart","Rare Cards Sparkle","StSLib","SuperFastMode"],"gold_per_floor":[110,35,45,45,45,72,87,11,11,46,46,63,73,58,58,132,132,147,47,47,82,82,111,111,1,1,17,50,50,83,111,111,111,111],"floor_reached":33,"playtime":884,"items_purged":["Strike_R","Decay"],"score":714,"play_id":"8d5d025d-cc07-4321-b4cf-30e6d31ebeda","local_time":"20201226010128","is_ascension_mode":true,"campfire_choices":[{"data":"Armaments","floor":15.0,"key":"SMITH"},{"data":"Double Tap","floor":24.0,"key":"SMITH"},{"floor":32,"key":"RECALL"}],"circlet_count":0,"master_deck":["AscendersBane","Strike_R+1","Strike_R","Strike_R","Defend_R","Defend_R","Defend_R","Defend_R","Bash","Armaments+1","Carnage","Flame Barrier","Seeing Red","Bludgeon","Double Tap+1","Shrug It Off"],"relics":["Burning Blood","NeowsBlessing","Centennial Puzzle","InkBottle","Gremlin Horn","HornCleat","Snecko Eye","Red Mask","Tiny Chest","WingedGreaves","Singing Bowl","Ancient Tea Set","Bronze Scales"],"acts_visited":["Exordium","TheCity"],"potions_floor_usage":[29,33,33],"damage_taken":[{"damage":0.0,"enemies":"Cultist","floor":1.0,"turns":1.0},{"damage":0.0,"enemies":"Jaw Worm","floor":3.0,"turns":1.0},{"damage":0.0,"enemies":"3 Sentries","floor":6.0,"turns":2.0},{"damage":5.0,"enemies":"Small Slimes","floor":7.0,"turns":4.0},{"damage":40.0,"enemies":"Lagavulin","floor":10.0,"turns":7.0},{"damage":4.0,"enemies":"Exordium Wildlife","floor":12.0,"turns":3.0},{"damage":1.0,"enemies":"Lots of Slimes","floor":13.0,"turns":2.0},{"damage":5.0,"enemies":"Exordium Thugs","floor":14.0,"turns":4.0},{"damage":30.0,"enemies":"The Guardian","floor":16.0,"turns":13.0},{"damage":3.0,"enemies":"Shell Parasite","floor":18.0,"turns":4.0},{"damage":0.0,"enemies":"Masked Bandits","floor":21.0,"turns":3.0},{"damage":0.0,"enemies":"Gremlin Leader","floor":23.0,"turns":6.0},{"damage":0.0,"enemies":"2 Thieves","floor":27.0,"turns":2.0},{"damage":9.0,"enemies":"Slavers","floor":28.0,"turns":4.0},{"damage":0,"enemies":"Chosen and Byrds","floor":29,"turns":1},{"damage":19,"enemies":"Book of Stabbing","floor":30,"turns":4},{"damage":0,"enemies":"Gremlin Leader","floor":31,"turns":4},{"damage":69,"enemies":"Automaton","floor":33,"turns":10}],"seed_played":"-6272154896042407155","potions_obtained":[{"floor":6.0,"key":"Dexterity Potion"},{"floor":7.0,"key":"PowerPotion"},{"floor":12.0,"key":"SkillPotion"},{"floor":13.0,"key":"GamblersBrew"},{"floor":14.0,"key":"Energy Potion"},{"floor":16.0,"key":"HeartOfIron"},{"floor":27.0,"key":"Fruit Juice"},{"floor":28.0,"key":"SmokeBomb"},{"floor":31,"key":"Weak Potion"}],"is_trial":false,"path_per_floor":["M","$","M","$","?","E","M","$","T","E","?","M","M","M","R","B",null,"M","$","?","?","?","E","R","?","T","M","E","M","E","E","R","B"],"character_chosen":"IRONCLAD","items_purchased":["Bludgeon"],"campfire_rested":0,"item_purchase_floors":[8],"current_hp_per_floor":[74,74,75,75,75,75,75,75,75,41,30,32,37,38,38,14,60,63,63,63,69,48,54,54,54,54,60,59,65,54,62,62,0,0],"gold":111,"neow_bonus":"THREE_ENEMY_KILL","is_daily":false,"chose_seed":false,"campfire_upgraded":2,"win_rate":0.0,"timestamp":1608912088,"path_taken":["M","?","M","$","?","E","?","$","T","E","?","?","M","M","R","BOSS","M","?","?","?","?","E","R","?","T","M","E","M","E","E","R","BOSS"],"items_purchased_type":["Card"],"build_version":"2020-12-22","purchased_purges":2,"victory":false,"max_hp_per_floor":[75,75,75,75,75,75,75,75,75,75,75,75,75,75,75,75,75,75,75,75,75,80,80,80,80,80,80,82,82,84,86,86,91,91],"card_choices":[{"not_picked":["Perfected Strike","Thunderclap"],"picked":"Armaments","floor":1.0},{"not_picked":["Clash","Shrug It Off"],"picked":"Carnage","floor":3.0},{"not_picked":["Thunderclap","Clothesline"],"picked":"Flame Barrier","floor":6.0},{"not_picked":["Juggernaut","Thunderclap"],"picked":"Seeing Red","floor":7.0},{"not_picked":["Infernal Blade","Feed","Perfected Strike"],"picked":"SKIP","floor":10.0},{"not_picked":["Intimidate","Armaments","Whirlwind"],"picked":"SKIP","floor":12.0},{"not_picked":["Sword Boomerang","Searing Blow","Perfected Strike"],"picked":"SKIP","floor":13.0},{"not_picked":["Inflame","Spot Weakness","Sword Boomerang"],"picked":"SKIP","floor":14.0},{"not_picked":["Bludgeon","Feed"],"picked":"Double Tap","floor":16.0},{"not_picked":["Intimidate","Rupture","Battle Trance"],"picked":"SKIP","floor":18.0},{"not_picked":["Pommel Strike","Twin Strike","Rupture"],"picked":"SKIP","floor":23.0},{"not_picked":["Pommel Strike","Twin Strike","Rupture"],"picked":"SKIP","floor":23.0},{"not_picked":["Clash","Thunderclap"],"picked":"Shrug It Off","floor":27.0},{"not_picked":["Metallicize","Power Through","Hemokinesis"],"picked":"Singing Bowl","floor":28.0},{"not_picked":["Twin Strike+1","Seeing Red","Entrench"],"picked":"Singing Bowl","floor":30},{"not_picked":["Body Slam","Reckless Charge+1","Clash"],"picked":"Singing Bowl","floor":31}],"player_experience":447932,"relics_obtained":[{"floor":6.0,"key":"Centennial Puzzle"},{"floor":9.0,"key":"InkBottle"},{"floor":10.0,"key":"Gremlin Horn"},{"floor":21.0,"key":"Red Mask"},{"floor":23.0,"key":"Tiny Chest"},{"floor":26.0,"key":"WingedGreaves"},{"floor":28.0,"key":"Singing Bowl"},{"floor":30,"key":"Ancient Tea Set"},{"floor":31,"key":"Bronze Scales"}],"event_choices":[{"damage_healed":0.0,"max_hp_gain":0.0,"max_hp_loss":0.0,"gold_gain":0.0,"event_name":"Wheel of Change","player_choice":"Cursed","floor":5.0,"gold_loss":0.0,"damage_taken":0.0,"cards_obtained":["Decay"]},{"damage_healed":0.0,"max_hp_gain":0.0,"max_hp_loss":0.0,"gold_gain":0.0,"event_name":"Scrap Ooze","player_choice":"Success","floor":11.0,"gold_loss":0.0,"damage_taken":11.0,"relics_obtained":["HornCleat"]},{"damage_healed":0.0,"max_hp_gain":0.0,"max_hp_loss":0.0,"gold_gain":0.0,"event_name":"Masked Bandits","player_choice":"Fought Bandits","floor":21.0,"gold_loss":0.0,"damage_taken":0.0},{"damage_healed":0.0,"max_hp_gain":5.0,"max_hp_loss":0.0,"gold_gain":0.0,"event_name":"Forgotten Altar","player_choice":"Shed Blood","floor":22.0,"gold_loss":0.0,"damage_taken":26.0},{"cards_removed":["Strike_R"],"damage_healed":0.0,"max_hp_gain":0.0,"max_hp_loss":0.0,"gold_gain":0.0,"event_name":"Designer","player_choice":"Upgrade and Remove","floor":25.0,"gold_loss":110.0,"damage_taken":0.0,"cards_upgraded":["Strike_R"]}],"is_beta":false,"boss_relics":[{"not_picked":["Coffee Dripper","Runic Pyramid"],"picked":"Snecko Eye"}],"items_purged_floors":[2,19],"is_endless":false,"potions_floor_spawned":[6,7,12,13,14,16,18,27,28,31],"killed_by":"Automaton","ascension_level":15}}