{"host":"otf1z5955ddlv5pq","time":1608923850,"event":{"mods":["BaseMod","Beaked The Cultist","Better Altar","Better Match","Better Note","Better Sensory Stone","Better Skull","Better Third Choice","Colored Map","Colored Powertips","Downfall","Minty Spire (QoL Compilation)","Rare Cards Sparkle","Replay The Spire","StSLib"],"gold_per_floor":[18,18,30,105,117,117,149,149,225,225,1,1,1,14,14,14,14],"floor_reached":16,"playtime":881,"items_purged":["Strike_G"],"score":132,"play_id":"f7a2af14-8f37-412b-bf23-a5c811b293de","local_time":"20201225111730","is_ascension_mode":true,"campfire_choices":[{"data":"Neutralize","floor":6.0,"key":"SMITH"},{"floor":10,"key":"REST"},{"floor":15,"key":"REST"}],"circlet_count":0,"master_deck":["Strike_G","Strike_G","Defend_G","Defend_G","Defend_G","Defend_G","Survivor","Blade Dance","Escape Plan","Escape Plan+1"],"relics":["Ring of the Snake","Gremlin Horn","Letter Opener","Golden Egg","Regal Pillow"],"acts_visited":["Exordium"],"potions_floor_usage":[],"damage_taken":[{"damage":0.0,"enemies":"2 Louse","floor":1.0,"turns":3.0},{"damage":0.0,"enemies":"Cultist","floor":3.0,"turns":4.0},{"damage":0.0,"enemies":"Jaw Worm","floor":5.0,"turns":4.0},{"damage":23.0,"enemies":"Lagavulin","floor":7.0,"turns":12.0},{"damage":0,"enemies":"Blue Slaver","floor":14,"turns":3},{"damage":77,"enemies":"Slime Boss","floor":16,"turns":13}],"seed_played":"8941898249867478941","potions_obtained":[{"floor":1.0,"key":"DistilledChaos"}],"is_trial":false,"path_per_floor":["M","?","M","?","M","R","E","T","T","R","$","?","$","M","R","B"],"character_chosen":"THE_SILENT","items_purchased":["Regal Pillow"],"campfire_rested":2,"item_purchase_floors":[11],"current_hp_per_floor":[63,63,63,52,52,52,29,29,29,50,50,50,50,50,70,0,0],"gold":14,"neow_bonus":"REMOVE_TWO","is_daily":false,"chose_seed":false,"campfire_upgraded":1,"win_rate":0.0,"timestamp":1608923850,"path_taken":["M","?","?","?","M","R","E","?","T","R","$","?","?","M","R","BOSS"],"items_purchased_type":["Relic"],"build_version":"2020-12-22","purchased_purges":1,"victory":false,"max_hp_per_floor":[70,70,70,70,70,70,70,70,70,70,70,70,70,70,70,70,70],"card_choices":[{"not_picked":["Predator","ReplayTheSpireMod:The Works"],"picked":"Blade Dance","floor":1.0},{"not_picked":["Fluid Movement","Hidden Blade"],"picked":"Escape Plan","floor":3.0},{"not_picked":["Deflect","Skewer","Deadly Poison"],"picked":"SKIP","floor":5.0},{"not_picked":["ReplayTheSpireMod:The Works","Replay:Poison Smokescreen","ReplayTheSpireMod:Tripwire"],"picked":"SKIP","floor":7.0},{"not_picked":["Endless Agony","Acrobatics","Backflip"],"picked":"SKIP","floor":14}],"player_experience":1129285,"relics_obtained":[{"floor":7.0,"key":"Gremlin Horn"},{"floor":8.0,"key":"Letter Opener"},{"floor":9.0,"key":"Golden Egg"}],"event_choices":[{"cards_removed":["Strike_G"],"damage_healed":0.0,"max_hp_gain":0.0,"max_hp_loss":0.0,"gold_gain":0.0,"event_name":"Purifier","player_choice":"Purged","floor":2.0,"gold_loss":0.0,"damage_taken":0.0},{"damage_healed":0.0,"max_hp_gain":0.0,"max_hp_loss":0.0,"gold_gain":75.0,"event_name":"betterThird:BetterGoop","player_choice":"Gold","floor":4.0,"gold_loss":0.0,"damage_taken":11.0}],"is_beta":false,"boss_relics":[],"items_purged_floors":[11],"is_endless":false,"potions_floor_spawned":[1],"killed_by":"Slime Boss","ascension_level":7}}