{"host":"5jn3rki867005t18","time":1608889298,"event":{"mods":["AchievementEnabler","BaseMod","Colored Map","DeckTracker","Highlight Path","Minty Spire (QoL Compilation)","Permanent Neow","Quick Restart","StSLib","SuperFastMode"],"gold_per_floor":[119,130,150,168,268,268,282,282,308,56,66,76,76,251,251,380,380,405,330,76,76,175,208,208,208,234,32,52,52,52],"floor_reached":29,"playtime":909,"items_purged":["Strike_P","Strike_P","Shame"],"score":233,"play_id":"773f6b99-afd9-474a-80d0-f6fea442602e","local_time":"20201225184138","is_ascension_mode":false,"campfire_choices":[{"floor":6.0,"key":"REST"},{"data":"Eruption","floor":8.0,"key":"SMITH"},{"floor":15.0,"key":"REST"},{"floor":24,"key":"REST"}],"circlet_count":0,"master_deck":["Strike_P","Strike_P","Defend_P","Defend_P+1","Defend_P","Defend_P","Eruption+1","Vigilance+1","SashWhip","Halt","DeceiveReality","Tantrum","Injury","Scrawl","SashWhip","Ragnarok","Writhe","Adaptation"],"relics":["PureWater","Bag of Preparation","Boot","Toolbox","Golden Idol","Black Star","War Paint","Dream Catcher","Kunai","Torii","Damaru"],"acts_visited":["Exordium","TheCity"],"potions_floor_usage":[29],"damage_taken":[{"damage":7.0,"enemies":"Cultist","floor":1.0,"turns":3.0},{"damage":17.0,"enemies":"Small Slimes","floor":2.0,"turns":3.0},{"damage":11.0,"enemies":"2 Louse","floor":3.0,"turns":4.0},{"damage":0.0,"enemies":"Looter","floor":4.0,"turns":1.0},{"damage":21.0,"enemies":"Exordium Wildlife","floor":7.0,"turns":2.0},{"damage":0.0,"enemies":"3 Louse","floor":11.0,"turns":2.0},{"damage":0.0,"enemies":"2 Fungi Beasts","floor":12.0,"turns":1.0},{"damage":48.0,"enemies":"Hexaghost","floor":16.0,"turns":8.0},{"damage":20.0,"enemies":"Chosen","floor":18.0,"turns":6.0},{"damage":49.0,"enemies":"Gremlin Leader","floor":23.0,"turns":4.0},{"damage":12,"enemies":"3 Byrds","floor":28,"turns":4},{"damage":21,"enemies":"Cultist and Chosen","floor":29,"turns":4}],"seed_played":"6488425037121378346","potions_obtained":[{"floor":1.0,"key":"EntropicBrew"},{"floor":4.0,"key":"Swift Potion"},{"floor":7.0,"key":"LiquidMemories"},{"floor":28,"key":"StancePotion"}],"is_trial":false,"path_per_floor":["M","M","M","M","?","R","M","R","T","$","M","M","?","?","R","B",null,"M","?","$","?","?","E","R","?","T","$","M","M"],"character_chosen":"WATCHER","items_purchased":["Halt","Toolbox","Ragnarok","Adaptation"],"campfire_rested":3,"item_purchase_floors":[10,10,20,27],"current_hp_per_floor":[65,48,37,37,37,58,37,37,37,37,37,37,37,37,58,10,72,52,52,52,52,52,3,24,24,24,24,12,0,0],"gold":52,"neow_bonus":"RANDOM_COMMON_RELIC","is_daily":false,"chose_seed":false,"campfire_upgraded":1,"win_rate":0.0,"timestamp":1608889298,"path_taken":["M","M","M","?","?","R","?","R","T","$","M","M","?","?","R","BOSS","M","?","$","?","?","E","R","?","T","?","M","M"],"items_purchased_type":["Card","Relic","Card","Card"],"build_version":"2020-12-22","purchased_purges":3,"victory":false,"max_hp_per_floor":[72,72,72,72,72,72,72,72,72,72,72,72,72,72,72,72,72,72,72,72,72,72,72,72,72,72,72,72,72,72],"card_choices":[{"not_picked":["Indignation","Fasting2","Wallop"],"picked":"SKIP","floor":1.0},{"not_picked":["Prostrate","Vengeance"],"picked":"SashWhip","floor":2.0},{"not_picked":["Fasting2","ReachHeaven","Study"],"picked":"SKIP","floor":3.0},{"not_picked":["BattleHymn","Vengeance","ThirdEye"],"picked":"SKIP","floor":4.0},{"not_picked":["ThirdEye","WindmillStrike","Vengeance"],"picked":"SKIP","floor":7.0},{"not_picked":["BowlingBash","ReachHeaven"],"picked":"DeceiveReality","floor":11.0},{"not_picked":["Prostrate","Crescendo"],"picked":"Tantrum","floor":12.0},{"not_picked":["ConjureBlade","SpiritShield"],"picked":"Scrawl","floor":16.0},{"not_picked":["EmptyFist","BowlingBash"],"picked":"SashWhip","floor":18.0},{"not_picked":["Crescendo","Wireheading+1","BattleHymn"],"picked":"SKIP","floor":23},{"not_picked":["ThirdEye","Consecrate","Evaluate"],"picked":"SKIP","floor":28}],"player_experience":132630,"relics_obtained":[{"floor":9.0,"key":"Boot"},{"floor":23,"key":"Dream Catcher"},{"floor":23,"key":"Kunai"},{"floor":26,"key":"Damaru"}],"event_choices":[{"damage_healed":0.0,"max_hp_gain":0.0,"max_hp_loss":0.0,"gold_gain":100.0,"event_name":"Golden Shrine","player_choice":"Pray","floor":5.0,"gold_loss":0.0,"damage_taken":0.0},{"damage_healed":0.0,"max_hp_gain":0.0,"max_hp_loss":0.0,"gold_gain":0.0,"event_name":"Golden Idol","player_choice":"Take Wound","floor":13.0,"gold_loss":0.0,"damage_taken":0.0,"relics_obtained":["Golden Idol"],"cards_obtained":["Injury"]},{"damage_healed":0.0,"max_hp_gain":0.0,"max_hp_loss":0.0,"gold_gain":175.0,"event_name":"Liars Game","player_choice":"AGREE","floor":14.0,"gold_loss":0.0,"damage_taken":0.0,"cards_obtained":["Doubt"]},{"cards_removed":["Doubt"],"damage_healed":0.0,"max_hp_gain":0.0,"max_hp_loss":0.0,"gold_gain":0.0,"event_name":"Beggar","player_choice":"Gave Gold","floor":19.0,"gold_loss":75.0,"damage_taken":0.0},{"damage_healed":0.0,"max_hp_gain":0.0,"max_hp_loss":0.0,"gold_gain":0.0,"event_name":"Addict","player_choice":"Stole Relic","floor":21.0,"gold_loss":0.0,"damage_taken":0.0,"relics_obtained":["War Paint"],"cards_obtained":["Shame"]},{"damage_healed":0.0,"max_hp_gain":0.0,"max_hp_loss":0.0,"gold_gain":99.0,"event_name":"Nest","player_choice":"Stole From Cult","floor":22.0,"gold_loss":0.0,"damage_taken":0.0},{"damage_healed":0,"gold_gain":0,"player_choice":"Opened","damage_taken":0,"relics_obtained":["Torii"],"max_hp_gain":0,"max_hp_loss":0,"event_name":"The Mausoleum","floor":25,"gold_loss":0,"cards_obtained":["Writhe"]}],"is_beta":false,"boss_relics":[{"not_picked":["Calling Bell","Astrolabe"],"picked":"Black Star"}],"items_purged_floors":[10,20,27],"is_endless":false,"potions_floor_spawned":[1,4,7,28],"killed_by":"Cultist and Chosen","ascension_level":0}}