{"host":"32dedufnxebqtmo3","time":1608934089,"event":{"mods":["AchievementEnabler","BaseMod","Better Third Choice","Card Filter","Colored Powertips","Defuse TimeMaze Blight","GifTheSpireLib","Minty Spire (QoL Compilation)","Permanent Neow","Relic Filter","Relic Stats","Remove Card Discount Mod","Shop Mod","StSLib","The Cursed","The Senshi","Unceasing Turn Reminder"],"gold_per_floor":[215,229,73,88,106,121,121,80,106,116,116,142,154,154,154,249,249,268,278,278,298,298,298,328,342,391,391,403,403,144,144,144,243,243,258,274,291,39,53,78,78,92,92,102,102,25,25,54,54,54],"floor_reached":51,"playtime":6064,"items_purged":["Writhe","theSenshi:SailorBlock","theSenshi:SailorKick","theSenshi:SailorBlock","theSenshi:SailorKick","theSenshi:SailorMercuryAssists"],"score":881,"play_id":"3355f0a5-9476-4ac6-b0e4-958579d2cb14","local_time":"20201225140809","is_ascension_mode":false,"campfire_choices":[{"data":"theSenshi:MoonHealingEscalation","floor":7,"key":"SMITH"},{"data":"theSenshi:MoonCrisisMakeUp","floor":11,"key":"SMITH"},{"data":"theSenshi:MoonPrincessHalation","floor":15,"key":"SMITH"},{"data":"theSenshi:StudyParty","floor":23,"key":"SMITH"},{"data":"theSenshi:RainbowMoonHeartAche","floor":29,"key":"SMITH"},{"data":"theSenshi:MoonPrismPowerMakeUp","floor":32,"key":"SMITH"},{"data":"theSenshi:MoonPrincessHalation","floor":41,"key":"SMITH"},{"data":"theSenshi:MoonCrisisMakeUp","floor":45,"key":"SMITH"},{"data":"theSenshi:MoonGorgeousMeditation","floor":49,"key":"SMITH"}],"circlet_count":0,"master_deck":["theSenshi:SailorBlock+1","theSenshi:SailorBlock","theSenshi:RoseThrow","theSenshi:MoonPrismPowerMakeUp+1","theSenshi:VenusGlamour","theSenshi:TallSilhouette+1","theSenshi:MoonHealingEscalation+1","theSenshi:MoonCrisisMakeUp+1","theSenshi:MoonPunch","theSenshi:MoonPrincessHalation+1","theSenshi:StudyParty+1","theSenshi:MoonKick+1","theSenshi:RainbowMoonHeartAche+1","theSenshi:MoonHealingEscalation+1","theSenshi:MoonKick+1","theSenshi:StudyParty","theSenshi:MoonKick+1","theSenshi:MoonPrincessHalation+1","theSenshi:TallSilhouette+1","theSenshi:MoonCrisisMakeUp+1","theSenshi:MoonCosmicPowerMakeUp","theSenshi:MoonGorgeousMeditation+1","Master of Strategy"],"relics":["theSenshi:TransformationBroochRelic","Strawberry","betterThird:SlimedRelic","Orichalcum","Shuriken","Empty Cage","HornCleat","White Beast Statue","theSenshi:CrisisMoonCompactRelic","Thread and Needle","SlaversCollar","Pear","Pantograph","theSenshi:SpiralHeartMoonRodRelic","Toxic Egg 2"],"acts_visited":["Exordium","TheCity","TheBeyond"],"potions_floor_usage":[10,21,35,48,50,50],"damage_taken":[{"damage":0,"enemies":"Small Slimes","floor":1,"turns":5},{"damage":0,"enemies":"2 Louse","floor":2,"turns":2},{"damage":0,"enemies":"Jaw Worm","floor":4,"turns":3},{"damage":2,"enemies":"Exordium Wildlife","floor":5,"turns":4},{"damage":0,"enemies":"Blue Slaver","floor":6,"turns":6},{"damage":6,"enemies":"Exordium Thugs","floor":10,"turns":4},{"damage":19,"enemies":"Lagavulin","floor":12,"turns":12},{"damage":2,"enemies":"Looter","floor":13,"turns":4},{"damage":1,"enemies":"Hexaghost","floor":16,"turns":8},{"damage":0,"enemies":"Chosen","floor":18,"turns":4},{"damage":7,"enemies":"Shell Parasite","floor":19,"turns":5},{"damage":4,"enemies":"Cultist and Chosen","floor":21,"turns":7},{"damage":8,"enemies":"Gremlin Leader","floor":24,"turns":9},{"damage":4,"enemies":"Snecko","floor":25,"turns":6},{"damage":7,"enemies":"Shelled Parasite and Fungi","floor":28,"turns":6},{"damage":0,"enemies":"Collector","floor":33,"turns":10},{"damage":0,"enemies":"3 Shapes","floor":35,"turns":6},{"damage":0,"enemies":"Orb Walker","floor":36,"turns":3},{"damage":0,"enemies":"4 Shapes","floor":37,"turns":6},{"damage":7,"enemies":"Spire Growth","floor":39,"turns":6},{"damage":0,"enemies":"Giant Head","floor":40,"turns":8},{"damage":2,"enemies":"3 Darklings","floor":42,"turns":7},{"damage":0,"enemies":"Maw","floor":44,"turns":6},{"damage":0,"enemies":"Reptomancer","floor":48,"turns":5},{"damage":0,"enemies":"Donu and Deca","floor":50,"turns":7}],"seed_played":"-9032674362579148380","potions_obtained":[{"floor":1,"key":"Explosive Potion"},{"floor":2,"key":"Dexterity Potion"},{"floor":6,"key":"FairyPotion"},{"floor":16,"key":"Fire Potion"},{"floor":24,"key":"Block Potion"},{"floor":36,"key":"FearPotion"},{"floor":48,"key":"Dexterity Potion"}],"is_trial":false,"path_per_floor":["M","M","$","M","M","M","R","?","T","M","R","E","M","?","R","B",null,"M","M","?","M","?","R","E","M","T","?","M","R","$","T","R","B",null,"M","M","M","$","M","E","R","M","T","M","R","$","?","E","R","B",null],"character_chosen":"THE_SENSHI","items_purchased":["Strawberry","theSenshi:CrisisMoonCompactRelic","Pear","theSenshi:MoonGorgeousMeditation"],"campfire_rested":0,"item_purchase_floors":[3,30,38,46],"current_hp_per_floor":[75,75,82,82,82,82,82,71,71,65,65,73,71,55,55,64,82,82,82,82,82,82,82,82,78,78,78,82,82,82,82,82,82,82,82,82,82,92,92,92,92,92,92,92,92,92,92,92,92,92],"gold":54,"neow_bonus":"HUNDRED_GOLD","is_daily":false,"chose_seed":false,"campfire_upgraded":9,"win_rate":0.0,"timestamp":1608934089,"path_taken":["M","M","$","M","M","M","R","?","T","M","R","E","M","?","R","BOSS","M","M","?","M","?","R","E","?","T","?","M","R","$","?","R","BOSS","M","M","M","$","M","E","R","M","T","M","R","$","?","E","R","BOSS"],"items_purchased_type":["Relic","Relic","Relic","Card"],"build_version":"2020-12-22","purchased_purges":6,"victory":true,"max_hp_per_floor":[75,75,82,82,82,82,82,82,82,82,82,82,82,82,82,82,82,82,82,82,82,82,82,82,82,82,82,82,82,82,82,82,82,82,82,82,82,92,92,92,92,92,92,92,92,92,92,92,92,92],"relic_stats":{"counters":[25,149],"Shuriken":[16],"Pantograph":0,"Orichalcum":[252],"obtain_stats":[{"theSenshi:CrisisMoonCompactRelic":30,"Pear":38,"Thread and Needle":31,"Orichalcum":9,"theSenshi:SpiralHeartMoonRodRelic":43,"Empty Cage":17,"White Beast Statue":24,"SlaversCollar":34,"theSenshi:TransformationBroochRelic":0,"HornCleat":22,"Shuriken":12,"Strawberry":3,"betterThird:SlimedRelic":8,"Pantograph":40,"Toxic Egg 2":48},{"theSenshi:CrisisMoonCompactRelic":15,"Pear":19,"Thread and Needle":15,"Orichalcum":5,"theSenshi:SpiralHeartMoonRodRelic":22,"Empty Cage":9,"White Beast Statue":13,"SlaversCollar":16,"theSenshi:TransformationBroochRelic":0,"HornCleat":12,"Shuriken":7,"Strawberry":2,"betterThird:SlimedRelic":5,"Pantograph":21,"Toxic Egg 2":24},{"theSenshi:CrisisMoonCompactRelic":85,"Pear":110,"Thread and Needle":85,"Orichalcum":20,"theSenshi:SpiralHeartMoonRodRelic":131,"Empty Cage":48,"White Beast Statue":73,"SlaversCollar":95,"theSenshi:TransformationBroochRelic":0,"HornCleat":64,"Shuriken":36,"Strawberry":7,"betterThird:SlimedRelic":20,"Pantograph":124,"Toxic Egg 2":142}]},"card_choices":[{"not_picked":["theSenshi:PlutosSolemnity","theSenshi:LunasBite"],"picked":"theSenshi:VenusGlamour","floor":1},{"not_picked":["theSenshi:MoonTiaraMagic","theSenshi:MoonKick"],"picked":"theSenshi:TallSilhouette","floor":2},{"not_picked":["theSenshi:StarlightHoneymoonTherapyKiss","theSenshi:LateForSchool"],"picked":"theSenshi:MoonHealingEscalation","floor":4},{"not_picked":["theSenshi:GatheringStrength","theSenshi:MoonPunch"],"picked":"theSenshi:SailorMercuryAssists","floor":5},{"not_picked":["theSenshi:TuxedoMaskAssists","theSenshi:FatedKiss","theSenshi:SailorNeptuneAssists"],"picked":"SKIP","floor":6},{"not_picked":["theSenshi:Sidestep","theSenshi:HesSoDreamy"],"picked":"theSenshi:MoonCrisisMakeUp","floor":10},{"not_picked":["theSenshi:MoonsReflection","theSenshi:SailorJupiterAssists"],"picked":"theSenshi:MoonPunch","floor":12},{"not_picked":["theSenshi:TuxedoSmokingBomber","theSenshi:MoonsReflection"],"picked":"theSenshi:MoonPrincessHalation","floor":13},{"not_picked":["theSenshi:JupitersPower","theSenshi:FatedKiss"],"picked":"theSenshi:StudyParty","floor":16},{"not_picked":["theSenshi:TuxedoSmokingBomber+1","theSenshi:SailorPlanetAttack","theSenshi:SailorMercuryAssists"],"picked":"SKIP","floor":18},{"not_picked":["theSenshi:MoonTiaraMagic+1","theSenshi:SchoolBag"],"picked":"theSenshi:MoonKick+1","floor":19},{"not_picked":["theSenshi:TallSilhouette","theSenshi:Sidestep"],"picked":"theSenshi:MoonHealingEscalation+1","floor":21},{"not_picked":["theSenshi:ChibiMoonsLove","theSenshi:SailorMarsAssists","theSenshi:MercurysCunning"],"picked":"SKIP","floor":24},{"not_picked":["theSenshi:GatheringStrength","theSenshi:MoonTiaraMagic+1","theSenshi:LateForSchool"],"picked":"SKIP","floor":25},{"not_picked":["theSenshi:OdangoHead","theSenshi:MoonHealingEscalation"],"picked":"theSenshi:MoonKick+1","floor":28},{"not_picked":["theSenshi:InTheNameOfTheMoon","theSenshi:SilverMoonCrystalPowerKiss"],"picked":"theSenshi:StudyParty","floor":33},{"not_picked":["theSenshi:SailorVenusAssists","theSenshi:TuxedoSmokingBomber"],"picked":"theSenshi:MoonKick+1","floor":35},{"not_picked":["theSenshi:MoonTwilightFlash","theSenshi:MoonKick"],"picked":"theSenshi:MoonPrincessHalation","floor":36},{"not_picked":["theSenshi:SailorChibiMoonAssists","theSenshi:SailorVenusAssists+1"],"picked":"theSenshi:TallSilhouette+1","floor":37},{"not_picked":["theSenshi:MoonPunch","theSenshi:TallSilhouette","theSenshi:MercurysCunning"],"picked":"SKIP","floor":39},{"not_picked":["theSenshi:PlutosSolemnity","theSenshi:SailorStarMakerAssists"],"picked":"theSenshi:MoonCrisisMakeUp","floor":40},{"not_picked":["theSenshi:MoonTiaraMagic","theSenshi:TuxedoSmokingBomber+1"],"picked":"theSenshi:MoonCosmicPowerMakeUp","floor":42},{"not_picked":["theSenshi:SailorMercuryAssists+1","theSenshi:DramaticEntrance","theSenshi:HesSoDreamy"],"picked":"SKIP","floor":44},{"not_picked":["PanicButton","Panache"],"picked":"Master of Strategy","floor":47},{"not_picked":["theSenshi:NeptunesGrace+1","theSenshi:SailorStarMakerAssists+1","theSenshi:MoonHealingEscalation+1"],"picked":"SKIP","floor":48}],"player_experience":713713,"relics_obtained":[{"floor":9,"key":"Orichalcum"},{"floor":12,"key":"Shuriken"},{"floor":24,"key":"White Beast Statue"},{"floor":31,"key":"Thread and Needle"},{"floor":40,"key":"Pantograph"},{"floor":43,"key":"theSenshi:SpiralHeartMoonRodRelic"},{"floor":48,"key":"Toxic Egg 2"}],"event_choices":[{"damage_healed":0,"gold_gain":0,"player_choice":"Slimed","damage_taken":11,"max_hp_gain":0,"max_hp_loss":0,"event_name":"betterThird:BetterGoop","floor":8,"gold_loss":41},{"damage_healed":71,"gold_gain":0,"player_choice":"Upgrade","damage_taken":16,"max_hp_gain":0,"max_hp_loss":82,"event_name":"betterThird:BetterShining","floor":14,"gold_loss":0,"cards_upgraded":["theSenshi:TallSilhouette","theSenshi:SailorBlock"]},{"damage_healed":0,"gold_gain":0,"player_choice":"Read","damage_taken":0,"max_hp_gain":0,"max_hp_loss":0,"event_name":"The Library","floor":20,"gold_loss":0,"cards_obtained":["theSenshi:RainbowMoonHeartAche"]},{"damage_healed":0,"gold_gain":0,"player_choice":"Opened","damage_taken":0,"relics_obtained":["HornCleat"],"max_hp_gain":0,"max_hp_loss":0,"event_name":"The Mausoleum","floor":22,"gold_loss":0,"cards_obtained":["Writhe"]},{"damage_healed":0,"gold_gain":0,"player_choice":"Ignored","damage_taken":0,"max_hp_gain":0,"max_hp_loss":0,"event_name":"Vampires","floor":27,"gold_loss":0},{"damage_healed":0,"gold_gain":0,"player_choice":"Memory 1","damage_taken":0,"max_hp_gain":0,"max_hp_loss":0,"event_name":"SensoryStone","floor":47,"gold_loss":0}],"is_beta":false,"boss_relics":[{"not_picked":["Snecko Eye","Fusion Hammer"],"picked":"Empty Cage"},{"not_picked":["theSenshi:MoonKaleidoScopeRelic","Black Star"],"picked":"SlaversCollar"}],"items_purged_floors":[30,38,38,38,38,46],"is_endless":false,"potions_floor_spawned":[1,2,6,16,19,24,25,28,33,35,36,37,39,40,42,44,48],"ascension_level":0}}