{"host":"fjaupvxe7fzqrf4j","time":1608892185,"event":{"mods":["ATMod(°¢èªMod)","BaseMod","Minty Spire (QoL Compilation)","StSLib"],"gold_per_floor":[118,118,134,158,170,200,214,214,264,339,339,356,389,411,411,488,488,507,447,223,243,243,277,277,293,293,325,338,358,392,191,191,263,263,274,274,274,287,312,346,346,156,156,167,184,184,195,223,223,223,223,223,0,26,26],"floor_reached":56,"playtime":1496,"items_purged":["Strike_P","Strike_P","Strike_P","Strike_P+1"],"score":2331,"play_id":"f3d8bdbb-e32d-4c7d-ae3c-a2163760f104","local_time":"20201225182945","is_ascension_mode":true,"campfire_choices":[{"data":"AT_OneInchPunch","floor":8.0,"key":"SMITH"},{"floor":11.0,"key":"REST"},{"data":"AT_KingSlayer","floor":15.0,"key":"SMITH"},{"data":"Brilliance","floor":32.0,"key":"SMITH"},{"floor":41.0,"key":"RECALL"},{"floor":46.0,"key":"REST"},{"floor":49.0,"key":"REST"},{"floor":52.0,"key":"REST"}],"circlet_count":0,"master_deck":["AscendersBane","Defend_P+1","Eruption+1","Vigilance+1","AT_KingSlayer+1","AT_OneInchPunch+1","FollowUp+1","Brilliance+1","LessonLearned+1","Prostrate+1","Indignation+1","Tantrum+1","FearNoEvil+1","AT_IrregularMenstruation+1","Adaptation+1"],"relics":["AT_ATBox","Runic Pyramid","Strawberry","AT_EbonyIvory","Damaru","AT_DeathDance","Odd Mushroom","AT_MortalBlade","Membership Card","Singing Bowl","Kunai","Meat on the Bone","Vajra","Dead Branch","FossilizedHelix","AT_TrinityForce","Turnip","Pear","AT_ImmortalShieldbow","GoldenEye","Melange","Blood Vial","Ice Cream"],"acts_visited":["Exordium","TheCity","TheBeyond","TheEnding"],"potions_floor_usage":[55],"damage_taken":[{"damage":5.0,"enemies":"2 Louse","floor":1.0,"turns":2.0},{"damage":0.0,"enemies":"Cultist","floor":3.0,"turns":3.0},{"damage":19.0,"enemies":"Jaw Worm","floor":5.0,"turns":2.0},{"damage":7.0,"enemies":"3 Sentries","floor":6.0,"turns":5.0},{"damage":0.0,"enemies":"Looter","floor":7.0,"turns":1.0},{"damage":8.0,"enemies":"Blue Slaver","floor":12.0,"turns":2.0},{"damage":0.0,"enemies":"Gremlin Nob","floor":13.0,"turns":2.0},{"damage":1.0,"enemies":"The Mushroom Lair","floor":14.0,"turns":2.0},{"damage":12.0,"enemies":"The Guardian","floor":16.0,"turns":4.0},{"damage":3.0,"enemies":"2 Thieves","floor":18.0,"turns":2.0},{"damage":2.0,"enemies":"Chosen","floor":21.0,"turns":3.0},{"damage":0.0,"enemies":"Gremlin Leader","floor":23.0,"turns":3.0},{"damage":16.0,"enemies":"Centurion and Healer","floor":25.0,"turns":3.0},{"damage":18.0,"enemies":"Book of Stabbing","floor":27.0,"turns":3.0},{"damage":0.0,"enemies":"Snake Plant","floor":28.0,"turns":2.0},{"damage":10.0,"enemies":"Chosen and Byrds","floor":29.0,"turns":3.0},{"damage":20.0,"enemies":"Slavers","floor":30.0,"turns":3.0},{"damage":0.0,"enemies":"Champ","floor":33.0,"turns":1.0},{"damage":0.0,"enemies":"3 Darklings","floor":35.0,"turns":2.0},{"damage":0.0,"enemies":"3 Shapes","floor":38.0,"turns":2.0},{"damage":0.0,"enemies":"Mind Bloom Boss Battle","floor":39.0,"turns":3.0},{"damage":13.0,"enemies":"Nemesis","floor":40.0,"turns":3.0},{"damage":0.0,"enemies":"3 Darklings","floor":44.0,"turns":2.0},{"damage":0.0,"enemies":"Jaw Worm Horde","floor":45.0,"turns":2.0},{"damage":0.0,"enemies":"Transient","floor":47.0,"turns":2.0},{"damage":0.0,"enemies":"Giant Head","floor":48.0,"turns":2.0},{"damage":19.0,"enemies":"Awakened One","floor":50.0,"turns":4.0},{"damage":0.0,"enemies":"Shield and Spear","floor":54.0,"turns":3.0},{"damage":7,"enemies":"The Heart","floor":55,"turns":4}],"seed_played":"3695867177983005109","potions_obtained":[{"floor":1.0,"key":"DuplicationPotion"},{"floor":3.0,"key":"Ancient Potion"},{"floor":16.0,"key":"Block Potion"},{"floor":38.0,"key":"PowerPotion"},{"floor":44.0,"key":"Fruit Juice"}],"is_trial":false,"path_per_floor":["M","?","M","T","M","E","M","R","T","?","R","M","E","?","R","B",null,"M","?","$","M","?","E","?","M","T","E","M","M","E","$","R","B",null,"M","?","?","M","?","E","R","$","T","M","M","R","M","E","R","B",null,"R","$","E","B",null],"character_chosen":"WATCHER","items_purchased":["Membership Card","Tantrum","FossilizedHelix","AT_ImmortalShieldbow","Melange","Blood Vial"],"campfire_rested":4,"item_purchase_floors":[20,20,31,42,53,53],"current_hp_per_floor":[60,60,60,67,48,41,41,41,41,30,53,45,45,44,44,32,67,64,64,64,62,62,64,64,50,50,46,48,52,44,44,44,56,81,81,81,83,85,87,86,86,86,86,93,95,116,118,120,120,101,115,120,120,122,115],"gold":26,"neow_bonus":"BOSS_RELIC","is_daily":false,"chose_seed":false,"campfire_upgraded":3,"win_rate":0.0,"timestamp":1608892185,"path_taken":["M","?","?","?","?","E","M","R","T","?","R","M","E","?","R","BOSS","M","?","?","?","?","E","?","?","T","E","M","M","E","$","R","BOSS","M","?","?","M","?","E","R","$","T","M","M","R","M","E","R","BOSS","R","$","E","BOSS"],"items_purchased_type":["Relic","Card","Relic","Relic","Relic","Relic"],"build_version":"2020-12-22","purchased_purges":4,"victory":true,"max_hp_per_floor":[72,72,72,79,79,79,79,79,79,79,79,79,79,79,79,79,79,79,79,79,79,79,81,81,83,83,85,87,89,89,89,89,89,89,89,89,91,93,95,107,107,107,107,114,116,116,118,120,120,120,120,120,120,122,122],"card_choices":[{"not_picked":["WindmillStrike","ClearTheMind"],"picked":"AT_OneInchPunch","floor":1.0},{"not_picked":["Swivel","ClearTheMind"],"picked":"FollowUp","floor":3.0},{"not_picked":["Protect","Study","ReachHeaven"],"picked":"SKIP","floor":5.0},{"not_picked":["EmptyBody","Evaluate","Protect"],"picked":"SKIP","floor":6.0},{"not_picked":["ThirdEye","PathToVictory"],"picked":"Brilliance","floor":7.0},{"not_picked":["FollowUp","SashWhip","Consecrate"],"picked":"SKIP","floor":12.0},{"not_picked":["Consecrate","Evaluate","AT_ChampionKick"],"picked":"SKIP","floor":13.0},{"not_picked":["Alpha","AT_RealColorLess"],"picked":"LessonLearned","floor":16.0},{"not_picked":["Evaluate","JustLucky","Prostrate+1"],"picked":"SKIP","floor":18.0},{"not_picked":["Evaluate","JustLucky"],"picked":"Prostrate+1","floor":18.0},{"not_picked":["DeceiveReality","FollowUp","Blasphemy"],"picked":"SKIP","floor":21.0},{"not_picked":["CutThroughFate","MentalFortress","EmptyMind"],"picked":"Singing Bowl","floor":23.0},{"not_picked":["SashWhip","Evaluate+1","BattleHymn"],"picked":"Singing Bowl","floor":25.0},{"not_picked":["Wish","Meditate+1","WindmillStrike"],"picked":"Singing Bowl","floor":27.0},{"not_picked":["EmptyBody","BowlingBash+1","FlyingSleeves"],"picked":"Singing Bowl","floor":28.0},{"not_picked":["CutThroughFate","CrushJoints","Consecrate"],"picked":"Singing Bowl","floor":29.0},{"not_picked":["Consecrate","Evaluate"],"picked":"FearNoEvil","floor":30.0},{"not_picked":["Brilliance","SpiritShield"],"picked":"AT_IrregularMenstruation","floor":33.0},{"not_picked":["BowlingBash","Swivel"],"picked":"Adaptation+1","floor":35.0},{"not_picked":["Dark Shackles","AT_LightSaberMaster","AT_CelerityRune"],"picked":"Singing Bowl","floor":37.0},{"not_picked":["Perseverance","PathToVictory","CrushJoints+1"],"picked":"Singing Bowl","floor":38.0},{"not_picked":["CrushJoints","MentalFortress","BowlingBash"],"picked":"Singing Bowl","floor":39.0},{"not_picked":["BowlingBash+1","AT_RealFormLess+1","Collect"],"picked":"Singing Bowl","floor":40.0},{"not_picked":["ThirdEye+1","AT_IrregularMenstruation","Evaluate"],"picked":"Singing Bowl","floor":44.0},{"not_picked":["JustLucky","CarveReality","Evaluate"],"picked":"Singing Bowl","floor":45.0},{"not_picked":["Collect","Indignation","Nirvana"],"picked":"Singing Bowl","floor":47.0},{"not_picked":["Fasting2+1","LikeWater+1","Omniscience"],"picked":"Singing Bowl","floor":48.0},{"not_picked":["BattleHymn","WheelKick","Crescendo+1"],"picked":"Singing Bowl","floor":54.0}],"player_experience":279733,"relics_obtained":[{"floor":4.0,"key":"Strawberry"},{"floor":6.0,"key":"AT_EbonyIvory"},{"floor":9.0,"key":"Damaru"},{"floor":13.0,"key":"AT_DeathDance"},{"floor":14.0,"key":"Odd Mushroom"},{"floor":23.0,"key":"Singing Bowl"},{"floor":26.0,"key":"Meat on the Bone"},{"floor":27.0,"key":"Vajra"},{"floor":30.0,"key":"Dead Branch"},{"floor":39.0,"key":"Turnip"},{"floor":40.0,"key":"Pear"},{"floor":48.0,"key":"GoldenEye"},{"floor":54.0,"key":"Ice Cream"}],"event_choices":[{"damage_healed":0.0,"max_hp_gain":0.0,"max_hp_loss":0.0,"gold_gain":0.0,"event_name":"Accursed Blacksmith","player_choice":"Forge","floor":2.0,"gold_loss":0.0,"damage_taken":0.0,"cards_upgraded":["Eruption"]},{"damage_healed":0.0,"max_hp_gain":0.0,"max_hp_loss":0.0,"gold_gain":75.0,"event_name":"World of Goop","player_choice":"Gather Gold","floor":10.0,"gold_loss":0.0,"damage_taken":11.0},{"damage_healed":0.0,"max_hp_gain":0.0,"max_hp_loss":0.0,"gold_gain":0.0,"event_name":"Mushrooms","player_choice":"Fought Mushrooms","floor":14.0,"gold_loss":0.0,"damage_taken":0.0},{"damage_healed":0.0,"max_hp_gain":0.0,"max_hp_loss":0.0,"gold_gain":0.0,"cards_transformed":["Defend_P","Defend_P"],"event_name":"Designer","player_choice":"Transformed Cards","floor":19.0,"gold_loss":60.0,"damage_taken":0.0,"cards_obtained":["Indignation","PathToVictory"]},{"cards_removed":["Defend_P"],"damage_healed":0.0,"max_hp_gain":0.0,"max_hp_loss":0.0,"gold_gain":0.0,"event_name":"Back to Basics","player_choice":"Elegance","floor":22.0,"gold_loss":0.0,"damage_taken":0.0},{"cards_removed":["AT_EmpoweredMortalDraw"],"damage_healed":0.0,"max_hp_gain":0.0,"max_hp_loss":0.0,"gold_gain":0.0,"event_name":"WeMeetAgain","player_choice":"Gave Card","floor":24.0,"gold_loss":0.0,"damage_taken":0.0,"relics_obtained":["Kunai"]},{"cards_removed":["PathToVictory"],"damage_healed":0.0,"max_hp_gain":0.0,"max_hp_loss":0.0,"gold_gain":0.0,"event_name":"Falling","player_choice":"Removed Skill","floor":36.0,"gold_loss":0.0,"damage_taken":0.0},{"damage_healed":0.0,"max_hp_gain":0.0,"max_hp_loss":0.0,"gold_gain":0.0,"event_name":"SensoryStone","player_choice":"Memory 1","floor":37.0,"gold_loss":0.0,"damage_taken":0.0},{"damage_healed":0.0,"max_hp_gain":0.0,"max_hp_loss":0.0,"gold_gain":0.0,"event_name":"MindBloom","player_choice":"Fight","floor":39.0,"gold_loss":0.0,"damage_taken":0.0}],"is_beta":false,"boss_relics":[{"not_picked":["Black Star","Runic Dome"],"picked":"AT_MortalBlade"},{"not_picked":["SacredBark","Busted Crown"],"picked":"AT_TrinityForce"}],"items_purged_floors":[20,31,42,53],"is_endless":false,"potions_floor_spawned":[1,3,14,16,25,28,29,30,38,40,44,54],"ascension_level":13}}