{"host":"gttmsi54247zpcme","time":1608859781,"event":{"mods":["BaseMod","Colored Map","Downfall","Minty Spire (QoL Compilation)","Replay The Spire","Shop Mod","StSLib"],"gold_per_floor":[115,115,115,133,133,133,3172,3192,3192,3267,3281,3306,3406,155,155,295,295,320,320,320,341,383,383,383,308,330,330,330,356,406,406,427,470,470,612,612,640,640,640,5146,5146,5191,5207,5229,5307,5349,5377,5428,5461,5486,5486,5500],"floor_reached":53,"playtime":5833,"items_purged":["Strike_R","Regret"],"score":1596,"play_id":"2372d9d5-1a5c-4de0-8e1d-84806cab5009","local_time":"20201224202941","is_ascension_mode":false,"campfire_choices":[{"data":"Replay:Undeath\u0027s Touch","floor":6,"key":"SMITH"},{"data":"Bash","floor":6,"key":"SMITH"},{"floor":15,"key":"REST"},{"data":"1","floor":27,"key":"LIFT"},{"data":"2","floor":34,"key":"LIFT"},{"data":"3","floor":51,"key":"LIFT"}],"circlet_count":6,"master_deck":["Strike_R+1","Strike_R+1","Defend_R+3","Defend_R+3","Defend_R+2","Bash+1","Searing Blow+40","Barricade+1","Apotheosis+1","Replay:Undeath\u0027s Touch+1","Feed+1","Demon Form+1","Limit Break+1","Limit Break+1","Limit Break+1","Limit Break+1","Inflame+1","Inflame+1","Inflame+1","Inflame+1","Berserk+1","Berserk+1","Berserk+1","Berserk+1","Thunderclap","Pommel Strike+1","Reaper+1","Reaper+1","Reaper+1","Reaper+1","ReplayTheSpireMod:Limb From Limb+1","Sword Boomerang+1","Dual Wield","Metallicize","Feel No Pain","Life Link","expansioncontent:DecasProtection","Reaper","Shrug It Off+1","Flame Barrier+1","Pot Of Greed","Pot Of Greed","Pot Of Greed+1","Pot Of Greed","Fire Breathing+1","Berserk+1","Replay:Undeath\u0027s Touch","Body Slam","Burning Pact+1","Pot Of Greed+1","Burning Pact+1","Dark Embrace+1","Inflame+1","Juggernaut+1","Replay:Undeath\u0027s Touch+1","Flame Barrier+1","Replay:SS_forest_6+1","Magnetism+1","Whirlwind+1","Whirlwind+1","Demonic Infusion+1","ReplayTheSpireMod:LeadingStrike+1","Pot Of Greed+1","Cleave+1","Cleave+1"],"relics":["Burning Blood","Replay:Arrowhead","Bottled Tornado","Bottled Lightning","Golden Idol","ReplayTheSpireMod:Shallot","Vajra","Girya","Shuriken","Peace Pipe","StoneCalendar","Pear","MerchantsRug","ReplayFunnel","The Courier","Champion Belt","Bag of Preparation","ReplayTheSpireMod:Lightbulb","Question Card","Bag of Marbles","Whetstone","Gremlin Food","Replay:Ringing Soul","Garlic","Blue Doll","Shuriken","Pen Nib","Matryoshka","Replay:Bandana","White Beast Statue","InkBottle","Replay:Multitool","Grinning Jar","Regal Pillow","Toy Ornithopter","Kunai","Bronze Scales","War Paint","ReplayTheSpireMod:TigerMarble","Magic Flower","Darkstone Periapt","PreservedInsect","Vajra","Lantern","Replay:Bottled Steam","Golden Egg","Replay:WaspNest","Juzu Bracelet","Iron Hammer","ReplayTheSpireMod:Ninjato","Strawberry","Dream Catcher","Replay:Wax Seal","Ginger","Bird Faced Urn","Replay:Rubber Ducky","Oddly Smooth Stone","Red Skull","HornCleat","Frozen Egg 2","Toxic Egg 2","Ornamental Fan","Nunchaku","Chameleon Ring","ReplayTheSpireMod:Spearhead","Anchor","Unceasing Top","SacredBark","Replay:Mystery Machine","Meat on the Bone","MealTicket","Painkiller Herb","Mango","Blood Vial","Happy Flower","Another Sword","Torii","Replay:Baseball","Bottled Lightning","Simple Rune","Ancient Tea Set","Orichalcum","Pantograph","Potion Belt","King of Hearts","Boot","Centennial Puzzle","Ice Cream","Molten Egg 2","Pet Ghost","Thread and Needle","Incense Burner","Replay:Arrowhead","Replay:Bottled Snecko","Medical Kit","FossilizedHelix","Paper Frog","Bottled Tornado","Replay:PocketPolymizer","Pocketwatch","Snack Pack","Sundial","Self Forming Clay","Letter Opener","Onion Ring","Mirror","Divine Protection","Gremlin Horn","Mercury Hourglass","Mummified Hand","WingedGreaves","Eternal Feather","Replay:Bottled Eggs","Replay:Accelerometer","Quantum Egg","Bottled Flame","CaptainsWheel","Replay:Bottled Flurry","Gambling Chip","Unceasing Top","Lizard Tail","Replay:Kaleidoscope","Counterbalance","Replay:Towering Pillar of Hats","Durian","Circlet","TungstenRod","Calipers","ReplayTheSpireMod:Ring of Challenge","Ring of Panic"],"acts_visited":["Exordium","TheCity","TheBeyond"],"potions_floor_usage":[16,35],"damage_taken":[{"damage":6,"enemies":"2 Louse","floor":1,"turns":4},{"damage":0,"enemies":"Small Slimes","floor":4,"turns":3},{"damage":38,"enemies":"3 Sentries","floor":7,"turns":5},{"damage":5,"enemies":"Cultist","floor":8,"turns":4},{"damage":22,"enemies":"2 Fungi Beasts","floor":11,"turns":4},{"damage":39,"enemies":"Gremlin Gang","floor":12,"turns":5},{"damage":1,"enemies":"Hexaghost","floor":16,"turns":4},{"damage":0,"enemies":"Chosen","floor":18,"turns":4},{"damage":0,"enemies":"Spheric Guardian","floor":21,"turns":2},{"damage":2,"enemies":"3 Cultists","floor":22,"turns":4},{"damage":0,"enemies":"Cultist and Chosen","floor":26,"turns":4},{"damage":0,"enemies":"Snake Plant","floor":29,"turns":3},{"damage":0,"enemies":"Slavers","floor":30,"turns":2},{"damage":0,"enemies":"Snecko","floor":32,"turns":1},{"damage":0,"enemies":"Shelled Parasite and Fungi","floor":33,"turns":2},{"damage":0,"enemies":"Pondfish","floor":35,"turns":5},{"damage":0,"enemies":"3 Shapes","floor":37,"turns":1},{"damage":0,"enemies":"R_Hoarder","floor":42,"turns":1},{"damage":0,"enemies":"Orb Walker","floor":43,"turns":1},{"damage":0,"enemies":"Transient","floor":44,"turns":1},{"damage":0,"enemies":"Nemesis","floor":46,"turns":1},{"damage":0,"enemies":"Jaw Worm Horde","floor":47,"turns":1},{"damage":0,"enemies":"R_Hoarder","floor":48,"turns":1},{"damage":0,"enemies":"Maw","floor":49,"turns":2},{"damage":0,"enemies":"4 Shapes","floor":50,"turns":1},{"damage":0,"enemies":"Awakened One","floor":52,"turns":2}],"seed_played":"278947309507491098","potions_obtained":[{"floor":12,"key":"Languid Potion"},{"floor":16,"key":"Energy Potion"},{"floor":18,"key":"HeartOfIron"},{"floor":21,"key":"Strength Potion"},{"floor":22,"key":"Ancient Potion"},{"floor":32,"key":"Reflective Coating"},{"floor":37,"key":"Adrenaline Potion"},{"floor":42,"key":"ColorlessPotion"},{"floor":43,"key":"HeartOfIron"},{"floor":49,"key":"Cursed Concoction"}],"is_trial":false,"path_per_floor":["M","?","?","M","?","R","E","M","T","?","M","M","?","$","R","B",null,"M","?","?","M","M","PTL","PTL","?","M","R","T","M","E","?","M","M","R","B",null,"?","?","?","T","?","E","?","?","T","E","?","E","?","?","T","B",null],"character_chosen":"IRONCLAD","items_purchased":["MerchantsRug","ReplayFunnel","Champion Belt","Bag of Preparation","ReplayTheSpireMod:Lightbulb","Question Card","Bag of Marbles","Dual Wield","Metallicize","Feel No Pain","Life Link","expansioncontent:DecasProtection","Reaper","Shrug It Off+1","Flame Barrier","Whetstone","Gremlin Food","Replay:Ringing Soul","Garlic","Blue Doll","Shuriken","Pen Nib","Matryoshka","Replay:Bandana","White Beast Statue","InkBottle","Replay:Multitool","Grinning Jar","Regal Pillow","Toy Ornithopter","Kunai","Bronze Scales","War Paint","ReplayTheSpireMod:TigerMarble","Magic Flower","Darkstone Periapt","PreservedInsect","Vajra","Lantern","Replay:Bottled Steam","Golden Egg","Replay:WaspNest","Juzu Bracelet","Iron Hammer","ReplayTheSpireMod:Ninjato","Strawberry","Dream Catcher","Replay:Wax Seal","Ginger","Bird Faced Urn","Replay:Rubber Ducky","Oddly Smooth Stone","Red Skull","HornCleat","Frozen Egg 2","Toxic Egg 2","Ornamental Fan","Nunchaku","Chameleon Ring","ReplayTheSpireMod:Spearhead","Anchor","Mango","Blood Vial","Happy Flower","Another Sword","Torii","Replay:Baseball","Bottled Lightning","Simple Rune","Ancient Tea Set","Orichalcum","Pantograph","Potion Belt","King of Hearts","Boot","Centennial Puzzle","Ice Cream","Molten Egg 2","Pet Ghost","Thread and Needle","Incense Burner","Replay:Arrowhead","Replay:Bottled Snecko","Medical Kit","FossilizedHelix","Paper Frog","Bottled Tornado","Replay:PocketPolymizer","Pocketwatch","Snack Pack","Sundial","Self Forming Clay","Letter Opener","Onion Ring","Mirror","Divine Protection","Gremlin Horn","Mercury Hourglass","Mummified Hand","WingedGreaves","Eternal Feather","Replay:Bottled Eggs","Replay:Accelerometer","Quantum Egg","Bottled Flame","CaptainsWheel","Magnetism+1","Replay:Bottled Flurry","Gambling Chip","Unceasing Top","Lizard Tail","Replay:Kaleidoscope","Counterbalance","Replay:Towering Pillar of Hats","Durian","Circlet","TungstenRod","Calipers"],"campfire_rested":1,"item_purchase_floors":[14,14,14,14,14,14,14,14,14,14,14,14,14,14,14,14,14,14,14,14,14,14,14,14,14,14,14,14,14,14,14,14,14,14,14,14,14,14,14,14,14,14,14,14,14,14,14,14,14,14,14,14,14,14,14,14,14,14,14,14,14,40,40,40,40,40,40,40,40,40,40,40,40,40,40,40,40,40,40,40,40,40,40,40,40,40,40,40,40,40,40,40,40,40,40,40,40,40,40,40,40,40,40,40,40,40,40,40,40,40,40,40,40,40,40,40,40,40],"current_hp_per_floor":[80,60,44,50,50,50,88,89,99,88,76,57,57,67,137,180,180,183,183,183,183,190,190,190,190,193,193,193,196,207,207,207,210,210,213,213,216,216,219,241,241,241,244,247,247,250,257,257,260,260,263,263],"gold":5500,"neow_bonus":"RANDOM_EVENT","is_daily":false,"chose_seed":false,"campfire_upgraded":2,"win_rate":0.0,"timestamp":1608859781,"path_taken":["M","?","?","M","?","R","E","M","T","?","M","M","?","$","R","BOSS","M","?","?","M","M","PTL","PTL","?","M","R","T","M","E","?","M","M","R","BOSS","?","?","?","T","?","E","?","?","T","E","?","E","?","?","T","BOSS"],"items_purchased_type":["Relic","Relic","Relic","Relic","Relic","Relic","Relic","Card","Card","Card","Card","Card","Card","Card","Card","Relic","Relic","Relic","Relic","Relic","Relic","Relic","Relic","Relic","Relic","Relic","Relic","Relic","Relic","Relic","Relic","Relic","Relic","Relic","Relic","Relic","Relic","Relic","Relic","Relic","Relic","Relic","Relic","Relic","Relic","Relic","Relic","Relic","Relic","Relic","Relic","Relic","Relic","Relic","Relic","Relic","Relic","Relic","Relic","Relic","Relic","Relic","Relic","Relic","Relic","Relic","Relic","Relic","Relic","Relic","Relic","Relic","Relic","Relic","Relic","Relic","Relic","Relic","Relic","Relic","Relic","Relic","Relic","Relic","Relic","Relic","Relic","Relic","Relic","Relic","Relic","Relic","Relic","Relic","Relic","Relic","Relic","Relic","Relic","Relic","Relic","Relic","Relic","Relic","Relic","Relic","Card","Relic","Relic","Relic","Relic","Relic","Relic","Relic","Relic","Undefined","Relic","Relic"],"build_version":"2020-12-22","purchased_purges":2,"victory":true,"max_hp_per_floor":[80,80,80,80,80,80,150,150,160,160,164,164,164,174,177,180,180,183,183,183,183,190,190,190,190,193,193,193,196,207,207,207,210,210,213,213,216,216,219,241,241,241,244,247,247,250,257,257,260,260,263,263],"card_choices":[{"not_picked":["ReplayTheSpireMod:Strike From Hell","Flex"],"picked":"Replay:Undeath\u0027s Touch","floor":1},{"not_picked":["Anger","Defy Death","Thunderclap"],"picked":"SKIP","floor":4},{"not_picked":["Blood for Blood","Perfected Strike"],"picked":"Thunderclap","floor":7},{"not_picked":["Thunderclap","Flex"],"picked":"Pommel Strike","floor":8},{"not_picked":["Clothesline","Demonic Infusion"],"picked":"ReplayTheSpireMod:Limb From Limb","floor":11},{"not_picked":["Power Through","Perfected Strike"],"picked":"Sword Boomerang","floor":12},{"not_picked":["Perfected Strike","Clash","Pommel Strike"],"picked":"Fire Breathing+1","floor":15},{"not_picked":["Feed","Impervious+1","Double Tap+1"],"picked":"Berserk+1","floor":16},{"not_picked":["ReplayTheSpireMod:Strike From Hell","Abandon+1","ReplayReversal+1"],"picked":"Replay:Undeath\u0027s Touch","floor":18},{"not_picked":["Carnage","Warcry+1","Shrug It Off+1","Pommel Strike"],"picked":"SKIP","floor":21},{"not_picked":["Thunderclap","Shrug It Off+1","True Grit+1"],"picked":"Body Slam","floor":22},{"not_picked":["Cleave+1","Perfected Strike+1","Run Through"],"picked":"Burning Pact+1","floor":26},{"not_picked":["Inflame+1","Perfected Strike","Clothesline"],"picked":"Burning Pact+1","floor":29},{"not_picked":["Iron Wave","Second Wind+1","Battle Trance+1"],"picked":"Dark Embrace+1","floor":30},{"not_picked":["Cleave+1","ReplayReversal+1","Headbutt","Clothesline"],"picked":"SKIP","floor":32},{"not_picked":["Second Wind+1","Pummel+1","Reaper"],"picked":"Inflame+1","floor":33},{"not_picked":["Replay:Many Hands+1","Eclipse+1","Offering+1"],"picked":"Juggernaut+1","floor":35},{"not_picked":["True Grit+1","Warcry+1","Perfected Strike+1"],"picked":"Replay:Undeath\u0027s Touch+1","floor":37},{"not_picked":["Clash+1","Defy Death+1","Flex+1","True Grit+1"],"picked":"SKIP","floor":42},{"not_picked":["ReplayTheSpireMod:Strike From Hell+1","Hemokinesis+1","ReplayReversal+1"],"picked":"Whirlwind+1","floor":43},{"not_picked":["Flame Barrier+1","Pommel Strike+1","Bloodletting+1"],"picked":"Whirlwind+1","floor":44},{"not_picked":["Iron Wave+1","ReplayTheSpireMod:Strike From Hell+1","Replay:Undeath\u0027s Touch+1"],"picked":"Demonic Infusion+1","floor":46},{"not_picked":["Thunderclap+1","Pummel+1","Pommel Strike+1"],"picked":"ReplayTheSpireMod:LeadingStrike+1","floor":47},{"not_picked":["Ghostly Armor+1","Feel No Pain+1","Iron Wave+1","Run Through+1"],"picked":"SKIP","floor":48},{"not_picked":["Flex+1","Run Through+1","Battle Trance+1"],"picked":"Cleave+1","floor":49},{"not_picked":["Bludgeon+1","Massacre+1","Clash+1","True Grit+1"],"picked":"SKIP","floor":50}],"player_experience":2179,"relics_obtained":[{"floor":7,"key":"StoneCalendar"},{"floor":9,"key":"Pear"},{"floor":28,"key":"Replay:Mystery Machine"},{"floor":28,"key":"Meat on the Bone"},{"floor":30,"key":"MealTicket"},{"floor":41,"key":"ReplayTheSpireMod:Ring of Challenge"},{"floor":41,"key":"Ring of Panic"},{"floor":42,"key":"Circlet"},{"floor":45,"key":"Circlet"},{"floor":45,"key":"Circlet"},{"floor":46,"key":"Circlet"},{"floor":48,"key":"Circlet"}],"event_choices":[{"damage_healed":0,"gold_gain":0,"cards_transformed":["Strike_R"],"player_choice":"Change","damage_taken":0,"max_hp_gain":0,"max_hp_loss":0,"event_name":"Living Wall","floor":0,"gold_loss":0,"cards_obtained":["ReplayTheSpireMod:Muscle Training"]},{"damage_healed":0,"gold_gain":0,"player_choice":"Take Damage","damage_taken":20,"relics_obtained":["Golden Idol"],"max_hp_gain":0,"max_hp_loss":0,"event_name":"Golden Idol","floor":2,"gold_loss":0},{"damage_healed":0,"gold_gain":0,"player_choice":"Entered Light","damage_taken":16,"max_hp_gain":0,"max_hp_loss":0,"event_name":"Shining Light","floor":3,"gold_loss":0,"cards_upgraded":["Defend_R","Defend_R"]},{"damage_healed":0,"gold_gain":0,"player_choice":"Box","damage_taken":0,"relics_obtained":["ReplayTheSpireMod:Shallot"],"max_hp_gain":0,"max_hp_loss":0,"event_name":"Big Fish","floor":5,"gold_loss":0,"cards_obtained":["Regret"]},{"damage_healed":0,"gold_gain":75,"player_choice":"Gather Gold","damage_taken":11,"max_hp_gain":0,"max_hp_loss":0,"event_name":"World of Goop","floor":10,"gold_loss":0},{"damage_healed":0,"gold_gain":100,"player_choice":"Gold","damage_taken":0,"max_hp_gain":0,"max_hp_loss":0,"event_name":"Wheel of Change","floor":13,"gold_loss":0},{"damage_healed":0,"gold_gain":0,"player_choice":"Ignored","damage_taken":0,"max_hp_gain":0,"max_hp_loss":0,"event_name":"NoteForYourself","floor":20,"gold_loss":0},{"cards_removed":["Strike_R"],"damage_healed":0,"gold_gain":0,"player_choice":"Gave Gold","damage_taken":0,"max_hp_gain":0,"max_hp_loss":0,"event_name":"Beggar","floor":25,"gold_loss":75},{"damage_healed":0,"gold_gain":0,"player_choice":"Simplicity","damage_taken":0,"max_hp_gain":0,"max_hp_loss":0,"event_name":"Back to Basics","floor":31,"gold_loss":0,"cards_upgraded":["Strike_R","Strike_R","Defend_R","Defend_R"]},{"damage_healed":0,"gold_gain":0,"player_choice":"Ignored","damage_taken":0,"max_hp_gain":0,"max_hp_loss":0,"event_name":"Tomb of Lord Red Mask","floor":38,"gold_loss":0},{"damage_healed":0,"gold_gain":0,"player_choice":"2 cards matched","damage_taken":0,"max_hp_gain":0,"max_hp_loss":0,"event_name":"Match and Keep!","floor":39,"gold_loss":0,"cards_obtained":["Flame Barrier","Replay:SS_forest_6"]}],"is_beta":false,"boss_relics":[{"not_picked":["Coffee Dripper","Velvet Choker"],"picked":"SacredBark"},{"not_picked":["Kintsugi","Honey Jar"],"picked":"Painkiller Herb"}],"items_purged_floors":[14,40],"is_endless":false,"potions_floor_spawned":[12,16,18,21,22,26,29,30,32,33,35,37,42,43,44,46,47,48,49,50],"ascension_level":0}}