{"host":"k85tjwrh7mjrrc9a","time":1608920974,"event":{"mods":["AchievementEnabler","BaseMod","Colored Powertips","Highlight Path","Minty Spire (QoL Compilation)","Rare Cards Sparkle","StSLib"],"gold_per_floor":[116,116,133,149,149,179,179,189,214,242,257,257,290,165,165,268,268,286,386,405,417,437,437,437,437],"floor_reached":24,"playtime":1633,"items_purged":["Strike_G"],"score":254,"play_id":"9f6c74ed-b369-4e2a-83f3-82d23de138aa","local_time":"20201225132934","is_ascension_mode":true,"campfire_choices":[{"floor":7,"key":"REST"},{"floor":12,"key":"REST"},{"floor":15,"key":"REST"},{"floor":23,"key":"REST"}],"circlet_count":0,"master_deck":["Strike_G+1","Strike_G","Strike_G","Strike_G","Defend_G+1","Defend_G","Defend_G","Defend_G","Defend_G","Survivor","Neutralize","Outmaneuver","Backstab","Backflip","Noxious Fumes","Deadly Poison","Backflip","Backflip","Leg Sweep+1","Backflip+1","Tools of the Trade","Catalyst+1","Prepared+1","Deadly Poison+1"],"relics":["Ring of the Snake","NeowsBlessing","Vajra","Bag of Marbles","Potion Belt","Toxic Egg 2","HoveringKite"],"acts_visited":["Exordium","TheCity"],"potions_floor_usage":[10,24,24,24],"damage_taken":[{"damage":0,"enemies":"Small Slimes","floor":1,"turns":1},{"damage":0,"enemies":"Cultist","floor":3,"turns":1},{"damage":0,"enemies":"2 Louse","floor":4,"turns":1},{"damage":39,"enemies":"Gremlin Nob","floor":6,"turns":6},{"damage":3,"enemies":"Gremlin Gang","floor":8,"turns":5},{"damage":7,"enemies":"3 Sentries","floor":10,"turns":6},{"damage":0,"enemies":"2 Fungi Beasts","floor":11,"turns":2},{"damage":10,"enemies":"Lagavulin","floor":13,"turns":7},{"damage":42,"enemies":"Slime Boss","floor":16,"turns":14},{"damage":25,"enemies":"2 Thieves","floor":18,"turns":5},{"damage":7,"enemies":"Shell Parasite","floor":20,"turns":5},{"damage":7,"enemies":"Centurion and Healer","floor":21,"turns":12},{"damage":9,"enemies":"Snake Plant","floor":22,"turns":5},{"damage":45,"enemies":"Slavers","floor":24,"turns":5}],"seed_played":"-6882545343931555152","potions_obtained":[{"floor":4,"key":"FearPotion"},{"floor":6,"key":"BlessingOfTheForge"},{"floor":13,"key":"Swift Potion"},{"floor":16,"key":"SpeedPotion"},{"floor":18,"key":"Swift Potion"},{"floor":22,"key":"Swift Potion"}],"is_trial":false,"path_per_floor":["M","?","M","M","?","E","R","M","T","E","M","R","E","$","R","B",null,"M","?","M","M","M","R","E"],"character_chosen":"THE_SILENT","items_purchased":["Backflip+1"],"campfire_rested":4,"item_purchase_floors":[14],"current_hp_per_floor":[70,70,70,70,56,17,38,35,35,28,28,49,39,39,60,18,70,45,45,38,31,22,43,0,0],"gold":437,"neow_bonus":"THREE_ENEMY_KILL","is_daily":false,"chose_seed":false,"campfire_upgraded":0,"win_rate":0.0,"timestamp":1608920974,"path_taken":["M","?","M","?","?","E","R","M","T","E","M","R","E","$","R","BOSS","M","?","?","M","M","R","E"],"items_purchased_type":["Card"],"build_version":"2020-12-22","purchased_purges":1,"victory":false,"max_hp_per_floor":[70,70,70,70,70,70,70,70,70,70,70,70,70,70,70,70,70,70,70,70,70,70,70,70,70],"card_choices":[{"not_picked":["Bane","Dodge and Roll"],"picked":"Outmaneuver","floor":1},{"not_picked":["Dagger Throw","Flying Knee"],"picked":"Backstab","floor":3},{"not_picked":["Well Laid Plans","Flechettes"],"picked":"Backflip","floor":4},{"not_picked":["Flying Knee","Predator"],"picked":"Noxious Fumes","floor":6},{"not_picked":["Night Terror","Backflip"],"picked":"Deadly Poison","floor":8},{"not_picked":["Venomology","Dash"],"picked":"Backflip","floor":10},{"not_picked":["Blur","Riddle With Holes"],"picked":"Backflip","floor":11},{"not_picked":["Venomology+1","Underhanded Strike"],"picked":"Leg Sweep+1","floor":13},{"not_picked":["Unload","Wraith Form v2"],"picked":"Tools of the Trade","floor":16},{"not_picked":["Quick Slash","Tactician+1"],"picked":"Catalyst+1","floor":18},{"not_picked":["Dagger Throw","Endless Agony"],"picked":"Prepared+1","floor":20},{"not_picked":["Poisoned Stab","Flying Knee"],"picked":"Deadly Poison+1","floor":21},{"not_picked":["Unload","Choke","Outmaneuver+1"],"picked":"SKIP","floor":22}],"player_experience":53614,"relics_obtained":[{"floor":6,"key":"Vajra"},{"floor":9,"key":"Bag of Marbles"},{"floor":10,"key":"Potion Belt"},{"floor":13,"key":"Toxic Egg 2"}],"event_choices":[{"damage_healed":0,"gold_gain":0,"player_choice":"Bought 0 Potions","damage_taken":0,"max_hp_gain":0,"max_hp_loss":0,"event_name":"The Woman in Blue","floor":2,"gold_loss":0},{"damage_healed":0,"gold_gain":0,"player_choice":"Entered Light","damage_taken":14,"max_hp_gain":0,"max_hp_loss":0,"event_name":"Shining Light","floor":5,"gold_loss":0,"cards_upgraded":["Strike_G","Defend_G"]},{"damage_healed":0,"gold_gain":100,"player_choice":"Pray","damage_taken":0,"max_hp_gain":0,"max_hp_loss":0,"event_name":"Golden Shrine","floor":19,"gold_loss":0}],"is_beta":false,"boss_relics":[{"not_picked":["Ectoplasm","Tiny House"],"picked":"HoveringKite"}],"items_purged_floors":[14],"is_endless":false,"potions_floor_spawned":[4,6,13,16,18,22],"killed_by":"Slavers","ascension_level":1}}