{"host":"iak1zw6udsaqx1iy","time":1608924497,"event":{"mods":["BaseMod","Hermit","Minty Spire (QoL Compilation)","Replay The Spire","StSLib","The Alterego","The Cursed","The Servant 0.9.4","WarShipGirlsR/’ΩΩ¢…Ÿ≈ÆR mod"],"gold_per_floor":[112,129,129,139,157,184,184,208,208,208,241,206,232,268,268,384,384,413,459,551,551,650,650,673,685,685],"floor_reached":25,"playtime":1655,"items_purged":[],"score":224,"play_id":"6e139ef2-4bfd-412f-9197-60350b529a1b","local_time":"20201226032817","is_ascension_mode":true,"campfire_choices":[{"data":"hermit:Determination","floor":7.0,"key":"SMITH"},{"data":"hermit:Maintenance","floor":10.0,"key":"SMITH"},{"floor":15,"key":"REST"},{"floor":23,"key":"REST"}],"circlet_count":0,"master_deck":["hermit:Strike_Hermit","hermit:Strike_Hermit","hermit:Strike_Hermit","hermit:Strike_Hermit","hermit:Defend_Hermit","hermit:Defend_Hermit","hermit:Defend_Hermit","hermit:Defend_Hermit+1","hermit:Snapshot","hermit:Covet","hermit:Magnum","hermit:EyeOfTheStorm","hermit:Maintenance+1","hermit:Snipe","hermit:Headshot","hermit:Determination+1","hermit:LowProfile","hermit:Shortfuse","hermit:Ricochet","hermit:Quickdraw","hermit:HeroicBravado","CurseOfTheBell","hermit:Feint+1","hermit:Brawl+1","ReplayTheSpireMod:Splinters","hermit:Coalescence","hermit:HoleUp+1","Necronomicurse","hermit:Roughhouse"],"relics":["hermit:Momento","Replay:Bandana","Kunai","Pocketwatch","Calling Bell","ReplayFunnel","ReplayTheSpireMod:Ninjato","Unceasing Top","Red Mask","PreservedInsect","Necronomicon"],"acts_visited":["Exordium","TheCity"],"potions_floor_usage":[16,25],"damage_taken":[{"damage":0.0,"enemies":"2 Louse","floor":1.0,"turns":2.0},{"damage":1.0,"enemies":"Jaw Worm","floor":2.0,"turns":2.0},{"damage":0.0,"enemies":"Small Slimes","floor":4.0,"turns":3.0},{"damage":4.0,"enemies":"Looter","floor":5.0,"turns":4.0},{"damage":20.0,"enemies":"3 Sentries","floor":6.0,"turns":6.0},{"damage":12.0,"enemies":"2 Fungi Beasts","floor":8.0,"turns":2.0},{"damage":11.0,"enemies":"Lots of Slimes","floor":11.0,"turns":5.0},{"damage":9.0,"enemies":"Large Slime","floor":13.0,"turns":4.0},{"damage":32,"enemies":"Gremlin Nob","floor":14,"turns":4},{"damage":28,"enemies":"Fading Forest","floor":16,"turns":11},{"damage":0,"enemies":"Chosen","floor":18,"turns":5},{"damage":37,"enemies":"Masked Bandits","floor":19,"turns":6},{"damage":7,"enemies":"Shell Parasite","floor":24,"turns":6},{"damage":46,"enemies":"Slavers","floor":25,"turns":4}],"seed_played":"3454151749748645015","potions_obtained":[{"floor":1.0,"key":"PowerPotion"},{"floor":4.0,"key":"PowerPotion"},{"floor":14,"key":"PowerPotion"},{"floor":24,"key":"SteroidPotion"}],"is_trial":false,"path_per_floor":["M","M","?","M","M","E","R","M","T","R","M","?","M","E","R","B",null,"M","?","?","?","?","R","M","E"],"character_chosen":"HERMIT","items_purchased":[],"campfire_rested":2,"item_purchase_floors":[],"current_hp_per_floor":[75,74,74,74,70,50,50,38,38,38,27,45,36,4,26,14,75,75,38,38,22,22,44,37,0,0],"gold":685,"neow_bonus":"ONE_RANDOM_RARE_CARD","is_daily":false,"chose_seed":false,"campfire_upgraded":2,"win_rate":0.0,"timestamp":1608924497,"path_taken":["M","M","?","M","M","E","R","M","T","R","M","?","M","E","R","BOSS","M","?","?","?","?","R","M","E"],"items_purchased_type":[],"build_version":"2020-12-22","purchased_purges":0,"victory":false,"max_hp_per_floor":[75,75,75,75,75,75,75,75,75,75,75,75,75,75,75,75,75,75,75,75,75,75,75,75,75,75],"card_choices":[{"not_picked":["hermit:Cheat","hermit:DeadMansHand"],"picked":"hermit:EyeOfTheStorm","floor":1.0},{"not_picked":["hermit:LowProfile","hermit:HoleUp"],"picked":"hermit:Maintenance","floor":2.0},{"not_picked":["hermit:CalledShot","hermit:Grudge"],"picked":"hermit:Snipe","floor":4.0},{"not_picked":["hermit:GhostlyPresence","hermit:ItchyTrigger"],"picked":"hermit:Headshot","floor":5.0},{"not_picked":["hermit:DeadMansHand","hermit:Roughhouse"],"picked":"hermit:Determination","floor":6.0},{"not_picked":["hermit:Determination","hermit:SprayPray"],"picked":"hermit:LowProfile","floor":8.0},{"not_picked":["hermit:FullyLoaded","hermit:FlashPowder"],"picked":"hermit:Shortfuse","floor":11.0},{"not_picked":["hermit:Manifest","hermit:Desperado"],"picked":"hermit:Ricochet","floor":13.0},{"not_picked":["hermit:Desperado","hermit:ShadowCloak"],"picked":"hermit:Quickdraw","floor":14},{"not_picked":["hermit:Adapt","hermit:FatalDesire"],"picked":"hermit:HeroicBravado","floor":16},{"not_picked":["hermit:Quickdraw+1","hermit:TrackingShot"],"picked":"hermit:Feint+1","floor":18},{"not_picked":["hermit:Cheat+1","hermit:Quickdraw+1"],"picked":"hermit:Brawl+1","floor":19},{"not_picked":["hermit:Headshot","hermit:GhostlyPresence"],"picked":"hermit:Coalescence","floor":20},{"not_picked":["hermit:FlashPowder","hermit:Headshot"],"picked":"hermit:HoleUp+1","floor":20},{"not_picked":["hermit:HoleUp","hermit:LuckOfTheDraw"],"picked":"hermit:Roughhouse","floor":24}],"player_experience":250927,"relics_obtained":[{"floor":6.0,"key":"Replay:Bandana"},{"floor":9.0,"key":"Kunai"},{"floor":14,"key":"Pocketwatch"},{"floor":17,"key":"ReplayFunnel"},{"floor":17,"key":"ReplayTheSpireMod:Ninjato"},{"floor":17,"key":"Unceasing Top"},{"floor":19,"key":"Red Mask"},{"floor":20,"key":"PreservedInsect"},{"floor":21,"key":"Necronomicon"}],"event_choices":[{"damage_healed":18.0,"max_hp_gain":0.0,"max_hp_loss":0.0,"gold_gain":0.0,"event_name":"The Cleric","player_choice":"Healed","floor":12.0,"gold_loss":35.0,"damage_taken":0.0},{"damage_healed":0,"gold_gain":0,"player_choice":"Fought Bandits","damage_taken":0,"max_hp_gain":0,"max_hp_loss":0,"event_name":"Masked Bandits","floor":19,"gold_loss":0},{"damage_healed":0,"gold_gain":0,"player_choice":"Obtained Book","damage_taken":16,"max_hp_gain":0,"max_hp_loss":0,"event_name":"Cursed Tome","floor":21,"gold_loss":0},{"damage_healed":0,"gold_gain":99,"player_choice":"Stole From Cult","damage_taken":0,"max_hp_gain":0,"max_hp_loss":0,"event_name":"Nest","floor":22,"gold_loss":0}],"is_beta":false,"boss_relics":[{"not_picked":["ReplayTheSpireMod:DimensionalGlitch","Busted Crown"],"picked":"Calling Bell"}],"items_purged_floors":[],"is_endless":false,"potions_floor_spawned":[1,4,14,24],"killed_by":"Slavers","ascension_level":1}}