{"host":"uxq2rly8rxtwffuf","time":1608882239,"event":{"mods":["BaseMod","Koishi","Minty Spire (QoL Compilation)","StSLib","The Judge","The Servant 0.9.4"],"gold_per_floor":[112,112,37,48,13,13,43,43,43,59,59,59,92,109,109,184,184,200,211,222,57,77,77,103,121,121,121,136,136,136,8,8,79,79,97,97,97,97],"floor_reached":37,"playtime":1740,"items_purged":["Revamp"],"score":920,"play_id":"df0bb751-1fea-492a-bc74-799572a21f57","local_time":"20201225104359","is_ascension_mode":true,"campfire_choices":[{"data":"SilverBlades","floor":6.0,"key":"SMITH"},{"floor":11.0,"key":"REST"},{"data":"Sunlight","floor":15.0,"key":"SMITH"},{"floor":23,"key":"RECALL"},{"floor":27,"key":"REST"},{"data":"SurpressingFire","floor":30,"key":"SMITH"},{"data":"Manipulate","floor":32,"key":"SMITH"}],"circlet_count":0,"master_deck":["AscendersBane","KidneyShot","Exchange","Barrier","Desolation","Ricochet","SurpressingFire+1","SilverBlades+1","Sunlight+1","InstantArmor","Manipulate+1","KillingDoll","Potential","Snipe","MoonPhase","SoulSculpture","LightFlow","Moonlight","TheWorld","MurderousAura","Starlight","BottledTime","Sunlight","SurpressingFire+1"],"relics":["Uniform","Pocketwatch","Bag of Marbles","Akabeko","Pandora\u0027s Box","Bottled Tornado","Black Star"],"acts_visited":["Exordium","TheCity","TheBeyond"],"potions_floor_usage":[20,24,33,35],"damage_taken":[{"damage":0.0,"enemies":"Cultist","floor":1.0,"turns":4.0},{"damage":1.0,"enemies":"2 Louse","floor":4.0,"turns":2.0},{"damage":31.0,"enemies":"Lagavulin","floor":7.0,"turns":9.0},{"damage":7.0,"enemies":"Jaw Worm","floor":10.0,"turns":4.0},{"damage":0.0,"enemies":"3 Sentries","floor":13.0,"turns":5.0},{"damage":0.0,"enemies":"Exordium Thugs","floor":14.0,"turns":2.0},{"damage":0.0,"enemies":"Hexaghost","floor":16.0,"turns":8.0},{"damage":0,"enemies":"Spheric Guardian","floor":18,"turns":1},{"damage":0,"enemies":"3 Byrds","floor":19,"turns":3},{"damage":15,"enemies":"Shelled Parasite and Fungi","floor":20,"turns":3},{"damage":0,"enemies":"3 Cultists","floor":22,"turns":2},{"damage":25,"enemies":"Book of Stabbing","floor":24,"turns":2},{"damage":17,"enemies":"Centurion and Healer","floor":25,"turns":3},{"damage":0,"enemies":"Snecko","floor":28,"turns":2},{"damage":25,"enemies":"Champ","floor":33,"turns":6},{"damage":56,"enemies":"3 Shapes","floor":35,"turns":3},{"damage":10,"enemies":"Orb Walker","floor":37,"turns":1}],"seed_played":"2538132216879729264","potions_obtained":[{"floor":4.0,"key":"Block Potion"},{"floor":7.0,"key":"Fruit Juice"},{"floor":13.0,"key":"Dexterity Potion"},{"floor":14.0,"key":"Block Potion"},{"floor":18,"key":"Strength Potion"},{"floor":25,"key":"Dexterity Potion"},{"floor":33,"key":"ColorlessPotion"}],"is_trial":false,"path_per_floor":["M","?","$","M","?","R","E","?","T","M","R","$","E","M","R","B",null,"M","M","M","$","M","R","E","M","T","R","M","?","R","$","R","B",null,"M","?","M"],"character_chosen":"THE_SERVANT","items_purchased":["SurpressingFire","TheWorld","BottledTime"],"campfire_rested":2,"item_purchase_floors":[3,21,31],"current_hp_per_floor":[39,44,44,43,59,59,33,33,33,26,47,47,47,47,47,47,64,64,64,49,49,49,49,24,7,7,28,28,42,42,42,42,17,57,1,1,0,0],"gold":97,"neow_bonus":"TRANSFORM_TWO_CARDS","is_daily":false,"chose_seed":false,"campfire_upgraded":4,"win_rate":0.0,"timestamp":1608882239,"path_taken":["M","?","$","M","?","R","E","?","T","M","R","?","E","M","R","BOSS","M","?","M","$","M","R","E","M","T","R","M","?","R","?","R","BOSS","M","?","M"],"items_purchased_type":["Card","Card","Card"],"build_version":"2020-12-22","purchased_purges":1,"victory":false,"max_hp_per_floor":[60,65,65,65,65,65,70,70,70,70,70,70,70,70,70,70,70,70,70,70,70,70,70,70,70,70,70,70,70,70,70,70,70,70,70,70,70,70],"card_choices":[{"not_picked":["Defy","ShatteredReality"],"picked":"Ricochet","floor":1.0},{"not_picked":["ShiftingGears","Reset"],"picked":"SilverBlades","floor":4.0},{"not_picked":["Unruled","RealityMarble"],"picked":"Sunlight","floor":7.0},{"not_picked":["Replace","Rearm"],"picked":"InstantArmor","floor":10.0},{"not_picked":["Collapse","Deadline","ShiftingGears"],"picked":"SKIP","floor":13.0},{"not_picked":["TimeWarp","Potential"],"picked":"Manipulate","floor":14.0},{"not_picked":["ForgedInTime","Sunlight"],"picked":"KillingDoll","floor":16.0},{"not_picked":["Foresight","Rewind","Replace"],"picked":"SKIP","floor":18},{"not_picked":["FanOfKnives","Defy"],"picked":"Moonlight","floor":19},{"not_picked":["DoubleEdge","Alleviate","Revamp"],"picked":"SKIP","floor":20},{"not_picked":["ShatteredReality","Rearm","DoubleEdge"],"picked":"SKIP","floor":22},{"not_picked":["Revamp","Replace"],"picked":"MurderousAura","floor":24},{"not_picked":["Moonlight","ShatteredReality"],"picked":"Starlight","floor":25},{"not_picked":["Moonlight+1","ShatteredReality+1","Foresight"],"picked":"SKIP","floor":28},{"not_picked":["LightFlow","TheWorld"],"picked":"Sunlight","floor":33},{"not_picked":["GearUp","ShatteredReality"],"picked":"SurpressingFire","floor":35}],"player_experience":1363296,"relics_obtained":[{"floor":7.0,"key":"Pocketwatch"},{"floor":9.0,"key":"Bag of Marbles"},{"floor":13.0,"key":"Akabeko"},{"floor":24,"key":"Bottled Tornado"}],"event_choices":[{"damage_healed":0.0,"max_hp_gain":5.0,"max_hp_loss":0.0,"gold_gain":0.0,"event_name":"Big Fish","player_choice":"Donut","floor":2.0,"gold_loss":0.0,"damage_taken":0.0},{"damage_healed":16.0,"max_hp_gain":0.0,"max_hp_loss":0.0,"gold_gain":0.0,"event_name":"The Cleric","player_choice":"Healed","floor":5.0,"gold_loss":35.0,"damage_taken":0.0},{"damage_healed":0.0,"max_hp_gain":0.0,"max_hp_loss":0.0,"gold_gain":0.0,"event_name":"Shining Light","player_choice":"Ignored","floor":8.0,"gold_loss":0.0,"damage_taken":0.0},{"damage_healed":14,"gold_gain":0,"player_choice":"Heal","damage_taken":0,"max_hp_gain":0,"max_hp_loss":0,"event_name":"The Library","floor":29,"gold_loss":0},{"damage_healed":0,"gold_gain":0,"player_choice":"Forge","damage_taken":0,"max_hp_gain":0,"max_hp_loss":0,"event_name":"Accursed Blacksmith","floor":36,"gold_loss":0,"cards_upgraded":["SurpressingFire"]}],"is_beta":false,"boss_relics":[{"not_picked":["Runic Pyramid","Cursed Key"],"picked":"Pandora\u0027s Box"},{"not_picked":["Runic Dome","SacredBark"],"picked":"Black Star"}],"items_purged_floors":[31],"is_endless":false,"potions_floor_spawned":[4,7,13,14,18,19,25,33],"killed_by":"Orb Walker","ascension_level":19}}