{"host":"wha9hktbkslqvblg","time":1608875779,"event":{"mods":["BaseMod","Colored Map","Minty Spire (QoL Compilation)","Relic Stats","SuperFastMode","everything is the same but u backflip on backflip"],"gold_per_floor":[113,113,113,113,38,66,66,91,91,16,33,50,63,63,63,140,140,151,151,51,70,70,70,70,70],"floor_reached":24,"playtime":480,"items_purged":["Strike_R","Strike_R"],"score":504,"play_id":"9a8593b0-8762-4865-b5e3-634df5b7c820","local_time":"20201225145619","is_ascension_mode":true,"campfire_choices":[{"data":"Second Wind","floor":7,"key":"SMITH"},{"data":"Body Slam","floor":15,"key":"SMITH"},{"data":"Entrench","floor":23,"key":"SMITH"}],"circlet_count":0,"master_deck":["AscendersBane","Strike_R","Strike_R","Defend_R+1","Defend_R","Defend_R","Bash+1","Second Wind+1","Body Slam+1","Shrug It Off","Evolve","Entrench+1","Battle Trance","Regret"],"relics":["Burning Blood","NeowsBlessing","Toy Ornithopter","CaptainsWheel","Prayer Wheel","Cursed Key"],"acts_visited":["Exordium","TheCity"],"potions_floor_usage":[13,16],"damage_taken":[{"damage":0,"enemies":"Small Slimes","floor":1,"turns":1},{"damage":0,"enemies":"3 Sentries","floor":6,"turns":2},{"damage":0,"enemies":"Lagavulin","floor":8,"turns":1},{"damage":0,"enemies":"Jaw Worm","floor":11,"turns":4},{"damage":0,"enemies":"2 Louse","floor":12,"turns":4},{"damage":20,"enemies":"Large Slime","floor":13,"turns":7},{"damage":47,"enemies":"The Guardian","floor":16,"turns":15},{"damage":23,"enemies":"Shell Parasite","floor":18,"turns":5},{"damage":0,"enemies":"Chosen","floor":21,"turns":3},{"damage":51,"enemies":"Slavers","floor":24,"turns":7}],"seed_played":"-3420657466576715589","potions_obtained":[{"floor":8,"key":"Block Potion"},{"floor":11,"key":"LiquidMemories"}],"is_trial":false,"path_per_floor":["M","?","T","?","$","E","R","E","T","?","M","M","M","$","R","B",null,"M","?","$","M","T","R","E"],"character_chosen":"IRONCLAD","items_purchased":[],"campfire_rested":0,"item_purchase_floors":[],"current_hp_per_floor":[74,51,51,44,44,50,50,56,56,56,62,68,59,59,59,23,62,45,45,45,51,51,51,0,0],"gold":70,"neow_bonus":"THREE_ENEMY_KILL","is_daily":false,"chose_seed":false,"campfire_upgraded":3,"win_rate":0.0,"timestamp":1608875779,"path_taken":["M","?","?","?","$","E","R","E","T","?","M","M","M","$","R","BOSS","M","?","$","M","?","R","E"],"items_purchased_type":[],"build_version":"2020-12-22","purchased_purges":2,"victory":false,"max_hp_per_floor":[75,75,75,75,75,75,75,75,75,75,75,75,75,75,75,75,75,75,75,75,75,75,75,75,75],"relic_stats":{"counters":[10,49],"Prayer Wheel":5,"Cursed Key":1,"obtain_stats":[{"CaptainsWheel":8,"NeowsBlessing":0,"Prayer Wheel":9,"Cursed Key":17,"Burning Blood":0,"Toy Ornithopter":3},{"CaptainsWheel":3,"NeowsBlessing":0,"Prayer Wheel":3,"Cursed Key":7,"Burning Blood":0,"Toy Ornithopter":1},{"CaptainsWheel":4,"NeowsBlessing":0,"Prayer Wheel":4,"Cursed Key":34,"Burning Blood":0,"Toy Ornithopter":1}],"Burning Blood":54,"Toy Ornithopter":10},"card_choices":[{"not_picked":["Flex","Wild Strike","Thunderclap"],"picked":"SKIP","floor":1},{"not_picked":["Flex","True Grit"],"picked":"Second Wind","floor":6},{"not_picked":["Flex","Perfected Strike","Infernal Blade"],"picked":"SKIP","floor":8},{"not_picked":["Flame Barrier","Rage"],"picked":"Body Slam","floor":11},{"not_picked":["Disarm","Sentinel"],"picked":"Shrug It Off","floor":11},{"not_picked":["Anger","Feed","Headbutt"],"picked":"SKIP","floor":12},{"not_picked":["Sword Boomerang","Heavy Blade","Shockwave"],"picked":"SKIP","floor":12},{"not_picked":["Blood for Blood","Thunderclap"],"picked":"Evolve","floor":13},{"not_picked":["Iron Wave","Sentinel","Shockwave"],"picked":"SKIP","floor":13},{"not_picked":["Rupture","Clothesline"],"picked":"Entrench","floor":18},{"not_picked":["Combust+1","Thunderclap"],"picked":"Battle Trance","floor":18},{"not_picked":["Sword Boomerang+1","Evolve","Clash"],"picked":"SKIP","floor":21},{"not_picked":["Iron Wave","Carnage+1","Evolve"],"picked":"SKIP","floor":21}],"player_experience":893276,"relics_obtained":[{"floor":3,"key":"Toy Ornithopter"},{"floor":8,"key":"CaptainsWheel"},{"floor":9,"key":"Prayer Wheel"}],"event_choices":[{"damage_healed":0,"gold_gain":0,"player_choice":"Entered Light","damage_taken":23,"max_hp_gain":0,"max_hp_loss":0,"event_name":"Shining Light","floor":2,"gold_loss":0,"cards_upgraded":["Bash","Defend_R"]},{"cards_removed":["Strike_R"],"damage_healed":0,"gold_gain":0,"player_choice":"Card Removal","damage_taken":7,"max_hp_gain":0,"max_hp_loss":0,"event_name":"Golden Wing","floor":4,"gold_loss":0},{"cards_removed":["Defend_R"],"damage_healed":0,"gold_gain":0,"player_choice":"Card Removal","damage_taken":0,"max_hp_gain":0,"max_hp_loss":0,"event_name":"The Cleric","floor":10,"gold_loss":75},{"damage_healed":0,"gold_gain":0,"player_choice":"Ignored","damage_taken":0,"max_hp_gain":0,"max_hp_loss":0,"event_name":"Vampires","floor":19,"gold_loss":0}],"is_beta":false,"boss_relics":[{"not_picked":["Velvet Choker","Coffee Dripper"],"picked":"Cursed Key"}],"items_purged_floors":[5,20],"is_endless":false,"potions_floor_spawned":[8,11,12],"killed_by":"Slavers","ascension_level":20}}