{"host":"uflv0e3ja7hvnij7","time":1608915942,"event":{"mods":["Aspiration","BaseMod","Better Altar","Better Match","Better Note","Better Sensory Stone","Better Skull","Better Third Choice","Infinite Spire","Minty Spire (QoL Compilation)","Permanent Neow","StSLib"],"gold_per_floor":[116,46,56,75,86,86,102,129,156,156,173,173,29,29,29,136,136,153,133,159,174,183,518,518,534,534,562,160,170,190,223,223,333,333,356,384,384,384,399,416,416,416],"floor_reached":41,"playtime":9048,"items_purged":["Strike_P","Defend_P"],"score":564,"play_id":"e7eff120-f84f-4c4b-bef7-1d32e1d70eac","local_time":"20201225120542","is_ascension_mode":false,"campfire_choices":[{"data":"Eruption","floor":6,"key":"SMITH"},{"data":"Adaptation","floor":12,"key":"SMITH"},{"floor":15,"key":"REST"},{"floor":24,"key":"REST"},{"data":"Adaptation","floor":32,"key":"SMITH"}],"circlet_count":0,"master_deck":["Strike_P+1","Strike_P+1","Defend_P","Defend_P+1","Eruption+1","Vigilance+1","Halt+1","DeusExMachina","Crescendo+1","Adaptation+1","Wallop+1","FlurryOfBlows","Crescendo+1","Vigilance","LessonLearned+1","Indignation+1","Phantasmal Killer+1","WindmillStrike","Adaptation+1","CutThroughFate+1","DevaForm","FlurryOfBlows+1","Conclude+1"],"relics":["PureWater","aspiration:Nostalgia","infinitespire:DarkRift","InkBottle","CeramicFish","DollysMirror","Black Star","Old Coin","infinitespire:Satchel","Kunai","Orichalcum","Blood Vial","Singing Bowl","Gambling Chip","aspiration:PoetsPen_weak","Chemical X"],"acts_visited":["Exordium","TheCity","TheBeyond"],"potions_floor_usage":[5,8,20,21,27,29],"damage_taken":[{"damage":0,"enemies":"Cultist","floor":1,"turns":2},{"damage":0,"enemies":"Jaw Worm","floor":3,"turns":3},{"damage":0,"enemies":"Small Slimes","floor":4,"turns":3},{"damage":0,"enemies":"Looter","floor":5,"turns":3},{"damage":3,"enemies":"Red Slaver","floor":7,"turns":2},{"damage":10,"enemies":"Lagavulin","floor":8,"turns":5},{"damage":0,"enemies":"2 Fungi Beasts","floor":11,"turns":2},{"damage":6,"enemies":"The Guardian","floor":16,"turns":9},{"damage":9,"enemies":"2 Thieves","floor":18,"turns":4},{"damage":0,"enemies":"Spheric Guardian","floor":20,"turns":1},{"damage":0,"enemies":"3 Cultists","floor":21,"turns":4},{"damage":17,"enemies":"Book of Stabbing","floor":23,"turns":5},{"damage":18,"enemies":"Sentry and Sphere","floor":25,"turns":4},{"damage":0,"enemies":"Cultist and Chosen","floor":27,"turns":3},{"damage":0,"enemies":"Centurion and Healer","floor":29,"turns":3},{"damage":0,"enemies":"Chosen and Byrds","floor":30,"turns":3},{"damage":0,"enemies":"Gremlin Leader","floor":31,"turns":4},{"damage":0,"enemies":"Automaton","floor":33,"turns":6},{"damage":29,"enemies":"3 Shapes","floor":35,"turns":3},{"damage":0,"enemies":"Orb Walker","floor":36,"turns":2},{"damage":0,"enemies":"Maw","floor":39,"turns":3},{"damage":10,"enemies":"Sphere and 2 Shapes","floor":40,"turns":2},{"damage":56,"enemies":"Nightmare","floor":41,"turns":3}],"seed_played":"1485099570848130464","potions_obtained":[{"floor":4,"key":"EssenceOfSteel"},{"floor":5,"key":"Weak Potion"},{"floor":16,"key":"SteroidPotion"},{"floor":18,"key":"Fire Potion"},{"floor":19,"key":"Ancient Potion"},{"floor":20,"key":"LiquidMemories"},{"floor":23,"key":"BlessingOfTheForge"},{"floor":27,"key":"DistilledChaos"},{"floor":30,"key":"Fire Potion"},{"floor":40,"key":"SmokeBomb"}],"is_trial":false,"path_per_floor":["M","$","M","M","M","R","M","E","T","?","M","R","$","?","R","B",null,"M","?","M","M","?","E","R","M","T","M","$","M","M","E","R","B",null,"M","M","AVR","?","M","M","NM"],"character_chosen":"WATCHER","items_purchased":["DeusExMachina","DollysMirror","Adaptation","Orichalcum","Blood Vial"],"campfire_rested":2,"item_purchase_floors":[2,13,28,28,28],"current_hp_per_floor":[72,72,72,72,72,72,69,59,59,52,52,52,52,52,72,66,72,63,63,63,63,63,46,67,54,54,54,54,56,58,62,62,64,74,45,47,47,47,51,45,0,0],"gold":416,"neow_bonus":"NOSTALGIA","is_daily":false,"chose_seed":false,"campfire_upgraded":3,"win_rate":0.0,"timestamp":1608915942,"path_taken":["M","?","M","M","M","R","M","E","T","?","M","R","$","?","R","BOSS","M","?","M","M","?","E","R","M","T","M","$","?","M","E","R","BOSS","M","M","AVR","?","M","M","NM"],"items_purchased_type":["Card","Relic","Card","Relic","Relic"],"build_version":"2020-12-22","purchased_purges":2,"victory":false,"max_hp_per_floor":[72,72,72,72,72,72,72,72,72,72,72,72,72,72,72,72,72,72,72,72,72,72,72,72,72,72,72,72,72,72,74,74,74,74,74,74,74,74,76,78,78,78],"card_choices":[{"not_picked":["PathToVictory","EmptyFist"],"picked":"Halt","floor":1},{"not_picked":["ReachHeaven","SignatureMove"],"picked":"Crescendo","floor":3},{"not_picked":["ClearTheMind","Halt"],"picked":"Adaptation","floor":4},{"not_picked":["Protect","MentalFortress"],"picked":"Wallop","floor":5},{"not_picked":["Halt","Nirvana"],"picked":"FlurryOfBlows","floor":7},{"not_picked":["EmptyBody","DevaForm"],"picked":"Crescendo","floor":8},{"not_picked":["Perseverance","ThirdEye","FollowUp"],"picked":"SKIP","floor":11},{"not_picked":["Wish","Devotion"],"picked":"LessonLearned","floor":16},{"not_picked":["Pray","JustLucky","Evaluate"],"picked":"SKIP","floor":18},{"not_picked":["Consecrate+1","JustLucky"],"picked":"Indignation","floor":20},{"not_picked":["WheelKick","ThirdEye","Worship+1"],"picked":"SKIP","floor":21},{"not_picked":["MasterReality","WheelKick+1","PathToVictory"],"picked":"SKIP","floor":23},{"not_picked":["SashWhip","Prostrate+1","Evaluate"],"picked":"SKIP","floor":25},{"not_picked":["Prostrate","EmptyFist"],"picked":"WindmillStrike","floor":27},{"not_picked":["WheelKick","EmptyBody","CrushJoints"],"picked":"SKIP","floor":29},{"not_picked":["Worship","EmptyBody+1"],"picked":"CutThroughFate","floor":30},{"not_picked":["Alpha","ThirdEye","CutThroughFate"],"picked":"Singing Bowl","floor":31},{"not_picked":["Wish","Judgement"],"picked":"DevaForm","floor":33},{"not_picked":["FollowUp+1","Crescendo+1"],"picked":"FlurryOfBlows+1","floor":35},{"not_picked":["Wallop","Consecrate"],"picked":"Conclude+1","floor":36},{"not_picked":["EmptyFist+1","Weave","Crescendo+1"],"picked":"Singing Bowl","floor":39},{"not_picked":["Crescendo+1","BowlingBash+1","Tantrum+1"],"picked":"Singing Bowl","floor":40}],"player_experience":357598,"relics_obtained":[{"floor":8,"key":"InkBottle"},{"floor":9,"key":"CeramicFish"},{"floor":23,"key":"Old Coin"},{"floor":23,"key":"infinitespire:Satchel"},{"floor":26,"key":"Kunai"},{"floor":31,"key":"Singing Bowl"},{"floor":31,"key":"Gambling Chip"}],"event_choices":[{"cards_removed":["Strike_P"],"damage_healed":0,"gold_gain":0,"player_choice":"Card Removal","damage_taken":7,"max_hp_gain":0,"max_hp_loss":0,"event_name":"Golden Wing","floor":10,"gold_loss":0},{"cards_removed":["Defend_P"],"damage_healed":0,"gold_gain":0,"player_choice":"Forget","damage_taken":0,"max_hp_gain":0,"max_hp_loss":0,"event_name":"Living Wall","floor":14,"gold_loss":0},{"damage_healed":0,"gold_gain":0,"player_choice":"Bought 1 Potion","damage_taken":0,"max_hp_gain":0,"max_hp_loss":0,"event_name":"The Woman in Blue","floor":19,"gold_loss":0},{"cards_removed":["LessonLearned"],"damage_healed":0,"gold_gain":0,"player_choice":"Take \u0026 Give","damage_taken":0,"max_hp_gain":0,"max_hp_loss":0,"event_name":"betterNote:BetterNote","floor":22,"gold_loss":0,"cards_obtained":["Phantasmal Killer"]}],"is_beta":false,"boss_relics":[{"not_picked":["Empty Cage","Busted Crown"],"picked":"Black Star"},{"not_picked":["Sozu","aspiration:RitualDagger"],"picked":"aspiration:PoetsPen_weak"}],"items_purged_floors":[28,37],"is_endless":false,"potions_floor_spawned":[4,5,16,18,20,23,27,30,40],"killed_by":"Nightmare","ascension_level":0}}