{"host":"zh06ha8197vgjo02","time":1608866374,"event":{"mods":["AchievementEnabler","Arknights The Spire","BaseMod","Better Skull","CapriCore","DeckTracker","GifTheSpireLib","Hermit","Koishi","Marisa£¨Ùöéë¡¡Øª×âÞÞ£©","Minty Spire (QoL Compilation)","Reimu£¨ÚÏ???£©","StSLib","SuperFastMode","Td1madao Mod","The Bug Knight","The Cursed","The Dragon Tamer","The Immortal","TheBandit"],"gold_per_floor":[116,126,126,138,138,169,169,181,205,221,221,221,241,270,270,369,369,387,57,57,57,90,90,110,110,110,110,110,110,130,142,142,142,142],"floor_reached":33,"playtime":1930,"items_purged":[],"score":255,"play_id":"2a175ee5-0bfc-4004-9029-454741b26680","local_time":"20201225121934","is_ascension_mode":false,"campfire_choices":[{"data":"HollowMod:PerfectDash","floor":7,"key":"SMITH"},{"data":"HollowMod:ChannelNail","floor":12,"key":"SMITH"},{"data":"HollowMod:PureNailStrike","floor":15,"key":"SMITH"},{"data":"HollowMod:FocusHealStart","floor":23,"key":"SMITH"},{"floor":25,"key":"REST"},{"data":"HollowMod:AwokenDreamNail","floor":28,"key":"SMITH"},{"floor":32,"key":"REST"}],"circlet_count":0,"master_deck":["HollowMod:NailStrikeStart","HollowMod:NailStrikeStart","HollowMod:NailStrikeStart","HollowMod:QuickDashStart","HollowMod:QuickDashStart","HollowMod:QuickDashStart","HollowMod:FocusHealStart+1","HollowMod:PogoStrike","HollowMod:BaldurShell","HollowMod:PerfectDash+1","HollowMod:ChannelNail+1","HollowMod:SoulSplash","HollowMod:PureNailStrike+1","HollowMod:SlysStrikes","HollowMod:GoodIntentions","HollowMod:SoulVessel+1","HollowMod:TaintedHusks","HollowMod:MantisMark+1","HollowMod:AwokenDreamNail+1","HollowMod:DungDefenderAura"],"relics":["HollowMod:VesselMask","NeowsBlessing","ats:Originium","Juzu Bracelet","Nunchaku","ats:Originium","Vajra","Snecko Eye","Frozen Egg 2","Red Mask","Ancient Tea Set"],"acts_visited":["Exordium","TheCity"],"potions_floor_usage":[14,18,22,24,24],"damage_taken":[{"damage":0,"enemies":"Cultist","floor":1,"turns":1},{"damage":0,"enemies":"Small Slimes","floor":2,"turns":1},{"damage":0,"enemies":"2 Louse","floor":4,"turns":2},{"damage":18,"enemies":"HollowMod:MossKnight","floor":6,"turns":11},{"damage":0,"enemies":"Looter","floor":8,"turns":4},{"damage":3,"enemies":"Red Slaver","floor":10,"turns":5},{"damage":16,"enemies":"Exordium Thugs","floor":13,"turns":8},{"damage":8,"enemies":"3 Sentries","floor":14,"turns":13},{"damage":42,"enemies":"The Guardian","floor":16,"turns":10},{"damage":17,"enemies":"3 Byrds","floor":18,"turns":6},{"damage":51,"enemies":"Masked Bandits","floor":22,"turns":6},{"damage":27,"enemies":"Shell Parasite","floor":24,"turns":7},{"damage":15,"enemies":"Centurion and Healer","floor":30,"turns":4},{"damage":1,"enemies":"Shelled Parasite and Fungi","floor":31,"turns":4},{"damage":66,"enemies":"Automaton","floor":33,"turns":8}],"seed_played":"4491833728742066753","potions_obtained":[{"floor":2,"key":"Fire Potion"},{"floor":6,"key":"Block Potion"},{"floor":8,"key":"EssenceOfSteel"},{"floor":10,"key":"FairyPotion"},{"floor":14,"key":"SneckoOil"},{"floor":18,"key":"SkillPotion"},{"floor":22,"key":"Dexterity Potion"},{"floor":31,"key":"ZuzhouPotion:ReiMu"}],"is_trial":false,"path_per_floor":["M","M","$","M","?","E","R","M","T","M","?","R","M","E","R","B",null,"M","$","?","?","?","R","M","R","T","?","R","?","M","M","R","B"],"character_chosen":"THE_BUGKNIGHT","items_purchased":["Frozen Egg 2","HollowMod:SoulVessel+1"],"campfire_rested":2,"item_purchase_floors":[19,19],"current_hp_per_floor":[75,75,75,75,75,63,63,63,63,60,60,60,56,60,60,24,75,58,58,58,58,7,7,14,36,36,36,36,36,27,32,54,0,0],"gold":142,"neow_bonus":"THREE_ENEMY_KILL","is_daily":false,"chose_seed":false,"campfire_upgraded":5,"win_rate":0.0,"timestamp":1608866374,"path_taken":["M","?","$","?","?","E","R","M","T","M","?","R","M","E","R","BOSS","M","$","?","?","?","R","M","R","T","?","R","?","M","M","R","BOSS"],"items_purchased_type":["Relic","Card"],"build_version":"2020-12-22","purchased_purges":0,"victory":false,"max_hp_per_floor":[75,75,75,75,75,75,75,75,75,75,75,75,75,75,75,75,75,75,75,75,75,75,75,75,75,75,75,75,75,75,75,75,75,75],"card_choices":[{"not_picked":["HollowMod:InfectedCysts","HollowMod:QuirrelsAssistance"],"picked":"HollowMod:BaldurShell","floor":1},{"not_picked":["HollowMod:TaintedHusks","HollowMod:MothsMistake","HollowMod:GoodIntentions"],"picked":"SKIP","floor":2},{"not_picked":["HollowMod:InfectedAttack","HollowMod:InfectionAssault","HollowMod:VengefulVoid"],"picked":"SKIP","floor":4},{"not_picked":["HollowMod:CoiledNail","HollowMod:DreamGate"],"picked":"HollowMod:PerfectDash","floor":6},{"not_picked":["HollowMod:HeavyBlow","HollowMod:DescendingDark","HollowMod:WraithStrike"],"picked":"SKIP","floor":8},{"not_picked":["HollowMod:FallenFury","HollowMod:DescendingDark"],"picked":"HollowMod:ChannelNail","floor":10},{"not_picked":["HollowMod:SharpenedNail","HollowMod:GrimmsGift"],"picked":"HollowMod:SoulSplash","floor":13},{"not_picked":["HollowMod:CrystalDash","HollowMod:SoulShaman"],"picked":"HollowMod:PureNailStrike","floor":14},{"not_picked":["HollowMod:Weaversong","HollowMod:NewInfectedGuardian"],"picked":"HollowMod:SlysStrikes","floor":16},{"not_picked":["HollowMod:InfectedAttack","HollowMod:SoulSplash+1"],"picked":"HollowMod:GoodIntentions","floor":18},{"not_picked":["HollowMod:BlackTendrils","HollowMod:SoulEater+1"],"picked":"HollowMod:TaintedHusks","floor":22},{"not_picked":["HollowMod:InfectionAssault","HollowMod:DoubleDash+1"],"picked":"HollowMod:MantisMark+1","floor":24},{"not_picked":["HollowMod:DescendingDark","HollowMod:BlackTendrils+1","HollowMod:DashSlash"],"picked":"SKIP","floor":30},{"not_picked":["HollowMod:CrystalDash","HollowMod:CycloneSlash","HollowMod:DungDefenderAura"],"picked":"SKIP","floor":31}],"player_experience":658827,"relics_obtained":[{"floor":6,"key":"ats:Originium"},{"floor":6,"key":"Juzu Bracelet"},{"floor":9,"key":"Nunchaku"},{"floor":14,"key":"ats:Originium"},{"floor":14,"key":"Vajra"},{"floor":22,"key":"Red Mask"},{"floor":26,"key":"Ancient Tea Set"}],"event_choices":[{"damage_healed":0,"gold_gain":0,"player_choice":"Ignored","damage_taken":0,"max_hp_gain":0,"max_hp_loss":0,"event_name":"Liars Game","floor":11,"gold_loss":0},{"damage_healed":0,"gold_gain":0,"player_choice":"Ignored","damage_taken":0,"max_hp_gain":0,"max_hp_loss":0,"event_name":"Ghosts","floor":20,"gold_loss":0},{"damage_healed":0,"gold_gain":0,"player_choice":"Ignored","damage_taken":0,"max_hp_gain":0,"max_hp_loss":0,"event_name":"NoteForYourself","floor":21,"gold_loss":0},{"damage_healed":0,"gold_gain":0,"player_choice":"Fought Bandits","damage_taken":0,"max_hp_gain":0,"max_hp_loss":0,"event_name":"Masked Bandits","floor":22,"gold_loss":0},{"damage_healed":0,"gold_gain":0,"cards_transformed":["HollowMod:QuickDashStart","HollowMod:NailStrikeStart"],"player_choice":"Became Test Subject","damage_taken":0,"max_hp_gain":0,"max_hp_loss":0,"event_name":"Drug Dealer","floor":27,"gold_loss":0,"cards_obtained":["HollowMod:AwokenDreamNail","HollowMod:DungDefenderAura"]}],"is_beta":false,"boss_relics":[{"not_picked":["Fusion Hammer","Cursed Key"],"picked":"Snecko Eye"}],"items_purged_floors":[],"is_endless":false,"potions_floor_spawned":[2,6,8,10,14,18,22,31],"killed_by":"Automaton","ascension_level":0}}