{"host":"sabve5zmqufxyc5o","time":1608868865,"event":{"mods":["2.2 Compatiblity","AchievementEnabler","Act Like it!","BaseMod","Block Reminder","Colored Map","Colored Powertips","DeckTracker","KOR Keyword Fix","Keyboard Shortcuts","Minty Spire (QoL Compilation)","Quick Restart","Rare Cards Sparkle","Relic Stats","StSLib","SuperFastMode"],"gold_per_floor":[111,126,139,32,52,52,70,104,104,104,104,143,143,143,143,234,234,255,304,325,344,19,60,60,96,96,96,96],"floor_reached":27,"playtime":550,"items_purged":["Strike_B"],"score":522,"play_id":"f14c0295-5ac1-47e5-9758-4f03566fda00","local_time":"20201225130105","is_ascension_mode":true,"campfire_choices":[{"floor":6.0,"key":"REST"},{"floor":13.0,"key":"REST"},{"data":"Dualcast","floor":15.0,"key":"SMITH"},{"floor":24.0,"key":"REST"}],"circlet_count":0,"master_deck":["AscendersBane","Strike_B","Strike_B","Strike_B","Defend_B","Defend_B","Defend_B","Defend_B","Zap+1","Dualcast+1","Ball Lightning","Skim","Cold Snap","Streamline","FTL","Seek+1","Compile Driver","Beam Cell","Beam Cell","Core Surge","Coolheaded+1","Chill+1","Coolheaded","Rebound","Turbo","Capacitor+1"],"relics":["Cracked Core","Centennial Puzzle","Ancient Tea Set","Golden Idol","Orichalcum","Philosopher\u0027s Stone","Omamori","Vajra","Singing Bowl","Calipers","Letter Opener"],"acts_visited":["Exordium","TheCity"],"potions_floor_usage":[25],"damage_taken":[{"damage":4.0,"enemies":"Jaw Worm","floor":1.0,"turns":4.0},{"damage":0.0,"enemies":"Small Slimes","floor":2.0,"turns":2.0},{"damage":0.0,"enemies":"Cultist","floor":3.0,"turns":3.0},{"damage":17.0,"enemies":"Lots of Slimes","floor":5.0,"turns":4.0},{"damage":0.0,"enemies":"2 Fungi Beasts","floor":7.0,"turns":3.0},{"damage":6.0,"enemies":"Gremlin Nob","floor":8.0,"turns":3.0},{"damage":35.0,"enemies":"Lagavulin","floor":12.0,"turns":4.0},{"damage":25.0,"enemies":"The Guardian","floor":16.0,"turns":12.0},{"damage":17.0,"enemies":"Shell Parasite","floor":18.0,"turns":4.0},{"damage":16.0,"enemies":"3 Byrds","floor":20.0,"turns":4.0},{"damage":5.0,"enemies":"Centurion and Healer","floor":21.0,"turns":5.0},{"damage":45.0,"enemies":"Gremlin Leader","floor":23.0,"turns":6.0},{"damage":22,"enemies":"Book of Stabbing","floor":25,"turns":4},{"damage":7,"enemies":"Snecko","floor":27,"turns":2}],"seed_played":"8416281952815830297","potions_obtained":[{"floor":1.0,"key":"PowerPotion"},{"floor":5.0,"key":"Fire Potion"},{"floor":7.0,"key":"FairyPotion"},{"floor":8.0,"key":"BlessingOfTheForge"},{"floor":12.0,"key":"EntropicBrew"},{"floor":23.0,"key":"Strength Potion"}],"is_trial":false,"path_per_floor":["M","M","M","$","M","R","M","E","T","?","?","E","R","?","R","B",null,"M","T","M","M","$","E","R","E","T","M"],"character_chosen":"DEFECT","items_purchased":["Streamline","FTL","Vajra","Rebound","Turbo"],"campfire_rested":3,"item_purchase_floors":[4,4,22,22,22],"current_hp_per_floor":[60,60,60,60,43,64,64,58,58,58,63,28,48,48,48,23,58,41,41,25,20,20,5,26,4,4,0,0],"gold":96,"neow_bonus":"UPGRADE_CARD","is_daily":false,"chose_seed":false,"campfire_upgraded":1,"win_rate":0.0,"timestamp":1608868865,"path_taken":["M","M","M","$","M","R","M","E","T","?","?","E","R","?","R","BOSS","M","?","?","M","$","E","R","E","T","M"],"items_purchased_type":["Card","Card","Relic","Card","Card"],"build_version":"2020-12-22","purchased_purges":1,"victory":false,"max_hp_per_floor":[71,71,71,71,71,71,71,71,71,64,69,69,69,69,69,69,69,69,69,69,69,69,71,71,71,71,71,71],"relic_stats":{"Centennial Puzzle":[21],"Singing Bowl":2,"counters":[14,60],"Golden Idol":53,"Letter Opener":[5],"Orichalcum":[84],"obtain_stats":[{"Centennial Puzzle":8,"Calipers":25,"Singing Bowl":23,"Golden Idol":10,"Vajra":22,"Philosopher\u0027s Stone":17,"Omamori":19,"Letter Opener":26,"Orichalcum":12,"Cracked Core":0,"Ancient Tea Set":9},{"Centennial Puzzle":6,"Calipers":13,"Singing Bowl":12,"Golden Idol":6,"Vajra":11,"Philosopher\u0027s Stone":8,"Omamori":9,"Letter Opener":13,"Orichalcum":7,"Cracked Core":0,"Ancient Tea Set":6},{"Centennial Puzzle":19,"Calipers":58,"Singing Bowl":54,"Golden Idol":19,"Vajra":48,"Philosopher\u0027s Stone":35,"Omamori":39,"Letter Opener":58,"Orichalcum":23,"Cracked Core":0,"Ancient Tea Set":19}]},"card_choices":[{"not_picked":["Rip and Tear","Streamline"],"picked":"Ball Lightning","floor":1.0},{"not_picked":["Storm","Steam"],"picked":"Skim","floor":2.0},{"not_picked":["Consume","Rebound"],"picked":"Cold Snap","floor":3.0},{"not_picked":["Leap","Loop"],"picked":"Seek","floor":5.0},{"not_picked":["Barrage","White Noise"],"picked":"Compile Driver","floor":7.0},{"not_picked":["Double Energy","Go for the Eyes"],"picked":"Beam Cell","floor":8.0},{"not_picked":["Sweeping Beam","Tempest"],"picked":"Beam Cell","floor":12.0},{"not_picked":["Fission","Rainbow"],"picked":"Core Surge","floor":16.0},{"not_picked":["Tempest","Beam Cell"],"picked":"Coolheaded+1","floor":18.0},{"not_picked":["Lockon","Rebound"],"picked":"Chill+1","floor":20.0},{"not_picked":["Ball Lightning","Beam Cell"],"picked":"Coolheaded","floor":21.0},{"not_picked":["Barrage","Sunder","Ball Lightning"],"picked":"Singing Bowl","floor":23.0},{"not_picked":["White Noise","Fusion"],"picked":"Capacitor+1","floor":25}],"player_experience":805035,"relics_obtained":[{"floor":8.0,"key":"Centennial Puzzle"},{"floor":9.0,"key":"Ancient Tea Set"},{"floor":12.0,"key":"Orichalcum"},{"floor":19.0,"key":"Omamori"},{"floor":23.0,"key":"Singing Bowl"},{"floor":25,"key":"Calipers"},{"floor":26,"key":"Letter Opener"}],"event_choices":[{"damage_healed":0.0,"max_hp_gain":0.0,"max_hp_loss":7.0,"gold_gain":0.0,"event_name":"Golden Idol","player_choice":"Lose Max HP","floor":10.0,"gold_loss":0.0,"damage_taken":0.0,"relics_obtained":["Golden Idol"]},{"damage_healed":0.0,"max_hp_gain":5.0,"max_hp_loss":0.0,"gold_gain":0.0,"event_name":"Big Fish","player_choice":"Donut","floor":11.0,"gold_loss":0.0,"damage_taken":0.0},{"damage_healed":0.0,"max_hp_gain":0.0,"max_hp_loss":0.0,"gold_gain":0.0,"event_name":"Upgrade Shrine","player_choice":"Upgraded","floor":14.0,"gold_loss":0.0,"damage_taken":0.0,"cards_upgraded":["Seek"]}],"is_beta":false,"boss_relics":[{"not_picked":["Fusion Hammer","Busted Crown"],"picked":"Philosopher\u0027s Stone"}],"items_purged_floors":[22],"is_endless":false,"potions_floor_spawned":[1,5,7,8,12,20,21,23],"killed_by":"Snecko","ascension_level":20}}