{"host":"627up2rvtmm0cf0r","time":1608903335,"event":{"mods":["ATMod(阿瑾Mod)","Act Like it!","BaseMod","Better Vampires","CapriCore","Card Filter","Card Forge","Colored Powertips","DeckTracker","Dota2Spire","Friendly Minions","Highlight Path","Infinite Spire","Marked Mod","Minty Spire (QoL Compilation)","MostiFishMod","Permanent Neow","Practice Mode","Quick Restart","Relic Stats","Shop Mod","Spicy Shops","StSLib","SuperFastMode","TestMod","【遗物卡牌】REMEMod","残留之物","篝火指南"],"gold_per_floor":[212,69,69,86,104,140,140,65,65,65,84,127,127,157,157,260,260,276,276,276,297,297,335,335,369,394,70,103,125,145,172,172,289,289,309,309,332,356,24,68,94,94,94,132,132,42,42,72,72,176,176,190,190],"floor_reached":52,"playtime":1991,"items_purged":["PlaceholderMod:BaseStrike","PlaceholderMod:BaseStrike","PlaceholderMod:BaseStrike","Pride","PlaceholderMod:BaseStrike"],"score":1476,"play_id":"444d7250-f18d-418a-9207-50e054de97bc","local_time":"20201225213535","is_ascension_mode":true,"campfire_choices":[{"data":"AT_RealColorLess","floor":7.0,"key":"SMITH"},{"data":"REME_MawOfCthun","floor":13,"key":"SMITH"},{"data":"REME_BodyOfCthun","floor":15,"key":"SMITH"},{"data":"REME_HeartOfCthun","floor":24,"key":"SMITH"},{"data":"REME_EyeOfCthun","floor":32,"key":"SMITH"},{"data":"1","floor":42,"key":"LIFT"},{"data":"PlaceholderMod:GrowthForm","floor":45,"key":"SMITH"},{"data":"2","floor":47,"key":"LIFT"},{"data":"3","floor":49,"key":"LIFT"}],"circlet_count":0,"master_deck":["PlaceholderMod:BaseDefend","PlaceholderMod:BaseDefend+1","PlaceholderMod:BaseDefend","PlaceholderMod:BaseDefend+1","PlaceholderMod:Crystal+1","PlaceholderMod:PoisonWhip","AT_RealColorLess+1","REME_BodyOfCthun+1","REME_MawOfCthun+1","REME_HeartOfCthun+1","REME_EyeOfCthun+1","PlaceholderMod:NearChange","PlaceholderMod:NearChange+1","PlaceholderMod:FastReaction+1","PlaceholderMod:GrowthForm+1","PlaceholderMod:DiffusionPoison+1"],"relics":["PlaceholderMod:Tancle","Hammer of Thor","Seething Fire","Anvil of the Gods","DaveBox","testmod-TestBox","REME_ComplimentaryCards","AT_ATBox","testmod-DeterminationOfClimber","BirthdayGift-Tetrahedron","SynthV:TestCard","AT_SeraphEmbrace","testmod-InjuryResistance","testmod-AssaultLearning","infinitespire:Lucky Rock","Philosopher\u0027s Stone","MutagenicStrength","Bottled Lightning","Dota2Spire:EchoSabre","infinitespire:WardingShard","Blood Vial","Orrery","Dota2Spire:PowerTreads","Dota2Spire:CrimsonGuard","testmod-TimeTraveler","Girya","BrkXgEgg","AT_RabadonDeathcap","PreservedInsect","War Paint","Dota2Spire:MagicBottle","Fusion Hammer"],"acts_visited":["Exordium","TheCity","TheBeyond","Exordium"],"potions_floor_usage":[],"damage_taken":[{"damage":1.0,"enemies":"Cultist","floor":1.0,"turns":1.0},{"damage":6.0,"enemies":"Small Slimes","floor":4.0,"turns":4.0},{"damage":5.0,"enemies":"Jaw Worm","floor":5.0,"turns":3.0},{"damage":2.0,"enemies":"Gremlin Nob","floor":6.0,"turns":2.0},{"damage":5,"enemies":"2 Fungi Beasts","floor":11,"turns":2},{"damage":2,"enemies":"Lagavulin","floor":12,"turns":3},{"damage":1,"enemies":"3 Sentries","floor":14,"turns":2},{"damage":2,"enemies":"Slime Boss","floor":16,"turns":3},{"damage":1,"enemies":"Chosen","floor":18,"turns":2},{"damage":1,"enemies":"2 Thieves","floor":21,"turns":2},{"damage":5,"enemies":"Nightmare","floor":23,"turns":4},{"damage":1,"enemies":"Gremlin Leader","floor":25,"turns":2},{"damage":1,"enemies":"Slavers","floor":28,"turns":2},{"damage":0,"enemies":"Snake Plant","floor":29,"turns":1},{"damage":1,"enemies":"Snecko","floor":30,"turns":2},{"damage":0,"enemies":"Chosen and Byrds","floor":31,"turns":1},{"damage":1,"enemies":"Collector","floor":33,"turns":2},{"damage":0,"enemies":"Orb Walker","floor":35,"turns":1},{"damage":0,"enemies":"3 Shapes","floor":37,"turns":1},{"damage":0,"enemies":"Spire Growth","floor":38,"turns":1},{"damage":0,"enemies":"Giant Head","floor":40,"turns":1},{"damage":0,"enemies":"Writhing Mass","floor":41,"turns":1},{"damage":0,"enemies":"Nightmare","floor":44,"turns":1},{"damage":0,"enemies":"Giant Head","floor":48,"turns":1},{"damage":1,"enemies":"Time Eater","floor":50,"turns":2},{"damage":0,"enemies":"Cultist","floor":52,"turns":1}],"seed_played":"6730639689977271483","potions_obtained":[{"floor":1.0,"key":"Swift Potion"},{"floor":6.0,"key":"Block Potion"},{"floor":11,"key":"testmod-TimePotion"},{"floor":25,"key":"Dota2Spire:Clarity"}],"is_trial":false,"path_per_floor":["M","$","?","M","M","E","R","$","T","?","M","E","R","E","R","B",null,"M","?","T","M","?","NM","R","E","T","$","E","M","M","M","R","B",null,"M","AVR","M","M","$","E","M","R","T","NM","R","?","R","E","R","B",null,"M"],"character_chosen":"THE_PLACEHOLDER","items_purchased":["AT_ArchangelStaff","Orrery","Dota2Spire:PowerTreads","BrkXgEgg"],"campfire_rested":0,"item_purchase_floors":[2,27,27,39],"current_hp_per_floor":[77,77,77,73,71,72,72,72,72,72,69,75,75,78,78,78,78,78,78,78,78,78,78,78,78,78,78,78,78,77,78,78,78,78,78,78,78,78,78,78,78,78,78,78,78,78,78,78,78,78,78,78,78],"gold":190,"neow_bonus":"HUNDRED_GOLD","is_daily":false,"chose_seed":false,"campfire_upgraded":6,"win_rate":0.0,"timestamp":1608903335,"path_taken":["M","$","?","M","?","E","R","?","T","?","?","E","R","E","R","BOSS","M","?","?","M","?","NM","R","E","T","?","E","?","M","M","R","BOSS","M","AVR","M","M","$","E","M","R","T","NM","R","?","R","E","R","BOSS","M"],"items_purchased_type":["Relic","Relic","Relic","Relic"],"build_version":"2020-12-22","purchased_purges":5,"victory":false,"max_hp_per_floor":[78,78,78,78,78,78,78,78,78,78,78,78,78,78,78,78,78,78,78,78,78,78,78,78,78,78,78,78,78,78,78,78,78,78,78,78,78,78,78,78,78,78,78,78,78,78,78,78,78,78,78,78,78],"relic_stats":{"Blood Vial":1,"counters":[26,48],"PreservedInsect":213,"War Paint":["PlaceholderMod:Crystal","PlaceholderMod:BaseDefend"],"obtain_stats":[{"AT_SeraphEmbrace":28,"PlaceholderMod:Tancle":0,"Dota2Spire:EchoSabre":23,"Dota2Spire:PowerTreads":27,"AT_ATBox":0,"DaveBox":0,"Hammer of Thor":0,"AT_ArchangelStaff":2,"Blood Vial":26,"Dota2Spire:MagicBottle":48,"testmod-InjuryResistance":6,"Dota2Spire:CrimsonGuard":28,"Philosopher\u0027s Stone":17,"Fusion Hammer":51,"testmod-DeterminationOfClimber":0,"BirthdayGift-Tetrahedron":0,"Girya":36,"AT_RabadonDeathcap":40,"testmod-TestBox":0,"testmod-TimeTraveler":34,"BrkXgEgg":39,"PreservedInsect":43,"Seething Fire":0,"infinitespire:Lucky Rock":14,"War Paint":44,"SynthV:TestCard":1,"infinitespire:WardingShard":25,"Anvil of the Gods":0,"testmod-AssaultLearning":12,"MutagenicStrength":19,"Orrery":27,"Bottled Lightning":20,"REME_ComplimentaryCards":0},{"AT_SeraphEmbrace":13,"PlaceholderMod:Tancle":0,"Dota2Spire:EchoSabre":11,"Dota2Spire:PowerTreads":12,"AT_ATBox":0,"DaveBox":0,"Hammer of Thor":0,"AT_ArchangelStaff":1,"Blood Vial":12,"Dota2Spire:MagicBottle":24,"testmod-InjuryResistance":4,"Dota2Spire:CrimsonGuard":13,"Philosopher\u0027s Stone":8,"Fusion Hammer":25,"testmod-DeterminationOfClimber":0,"BirthdayGift-Tetrahedron":0,"Girya":18,"AT_RabadonDeathcap":21,"testmod-TestBox":0,"testmod-TimeTraveler":17,"BrkXgEgg":20,"PreservedInsect":22,"Seething Fire":0,"infinitespire:Lucky Rock":7,"War Paint":23,"SynthV:TestCard":1,"infinitespire:WardingShard":12,"Anvil of the Gods":0,"testmod-AssaultLearning":6,"MutagenicStrength":9,"Orrery":12,"Bottled Lightning":9,"REME_ComplimentaryCards":0},{"AT_SeraphEmbrace":32,"PlaceholderMod:Tancle":0,"Dota2Spire:EchoSabre":28,"Dota2Spire:PowerTreads":30,"AT_ATBox":0,"DaveBox":0,"Hammer of Thor":0,"AT_ArchangelStaff":1,"Blood Vial":30,"Dota2Spire:MagicBottle":45,"testmod-InjuryResistance":10,"Dota2Spire:CrimsonGuard":32,"Philosopher\u0027s Stone":20,"Fusion Hammer":47,"testmod-DeterminationOfClimber":0,"BirthdayGift-Tetrahedron":0,"Girya":39,"AT_RabadonDeathcap":42,"testmod-TestBox":0,"testmod-TimeTraveler":38,"BrkXgEgg":41,"PreservedInsect":43,"Seething Fire":0,"infinitespire:Lucky Rock":17,"War Paint":44,"SynthV:TestCard":1,"infinitespire:WardingShard":30,"Anvil of the Gods":0,"testmod-AssaultLearning":15,"MutagenicStrength":22,"Orrery":30,"Bottled Lightning":22,"REME_ComplimentaryCards":0}]},"card_choices":[{"not_picked":["PlaceholderMod:StrongAcid","PlaceholderMod:CycleAttack","PlaceholderMod:PoisonExcitation"],"picked":"SKIP","floor":1.0},{"not_picked":["PlaceholderMod:Turn","PlaceholderMod:DiffusionChemical","PlaceholderMod:InnerStable","PlaceholderMod:StrongAcid","PlaceholderMod:DissolvingSpikes"],"picked":"SKIP","floor":4.0},{"not_picked":["PlaceholderMod:SevereHeat","PlaceholderMod:Colorful","PlaceholderMod:AngryAttack","PlaceholderMod:ContinueSpray","PlaceholderMod:TriggerStrike"],"picked":"SKIP","floor":5.0},{"not_picked":["PlaceholderMod:HighConcentration","PlaceholderMod:PoisonExcitation","PlaceholderMod:SpinBlade","PlaceholderMod:InnerSoften","PlaceholderMod:Polyp"],"picked":"SKIP","floor":6.0},{"not_picked":["PlaceholderMod:HornyBlast","PlaceholderMod:ConsolidateHit","PlaceholderMod:NutritionAbsorb","PlaceholderMod:MultipleOxi","PlaceholderMod:SevereHeat"],"picked":"SKIP","floor":11},{"not_picked":["PlaceholderMod:ParasiteChange","PlaceholderMod:HardStinger","PlaceholderMod:HealingAttack","PlaceholderMod:ThreeBenzyolStart"],"picked":"PlaceholderMod:NearChange","floor":12},{"not_picked":["PlaceholderMod:MultipleOxi","PlaceholderMod:HornyBlast","PlaceholderMod:ProliferateStrike","PlaceholderMod:SubstitutionNucleophilic1","PlaceholderMod:Stratification"],"picked":"SKIP","floor":14},{"not_picked":["PlaceholderMod:PoisonAbsorb","PlaceholderMod:CrystallizationStrike","PlaceholderMod:OHStrongAttack","PlaceholderMod:PoisonExcitation+1","PlaceholderMod:Crystallization"],"picked":"SKIP","floor":18},{"not_picked":["PlaceholderMod:Crystallization","PlaceholderMod:Hard","PlaceholderMod:HardStrike","PlaceholderMod:Polyp","PlaceholderMod:Turn"],"picked":"SKIP","floor":21},{"not_picked":["PlaceholderMod:Stratification+1","PlaceholderMod:HardStinger","PlaceholderMod:TriggerStrike","PlaceholderMod:CycleAttack","PlaceholderMod:RadicalHit+1"],"picked":"SKIP","floor":23},{"not_picked":["PlaceholderMod:StrongAcid","PlaceholderMod:UnpureUse+1","PlaceholderMod:NearChange","PlaceholderMod:ConsolidateHit+1","PlaceholderMod:SubstitutionNucleophilic1"],"picked":"SKIP","floor":25},{"not_picked":["PlaceholderMod:HardStrike+1","PlaceholderMod:Turn","PlaceholderMod:HealingAttack","PlaceholderMod:PoisonAbsorb"],"picked":"PlaceholderMod:NearChange+1","floor":27},{"not_picked":["PlaceholderMod:MultiReaction","PlaceholderMod:DirectingGroup","PlaceholderMod:Inner","PlaceholderMod:Crystallization","PlaceholderMod:DissolvingSpikes"],"picked":"SKIP","floor":28},{"not_picked":["PlaceholderMod:Polyp+1","PlaceholderMod:Break","PlaceholderMod:StrongAcid","PlaceholderMod:HardStrike+1","PlaceholderMod:Package"],"picked":"SKIP","floor":29},{"not_picked":["PlaceholderMod:HealingAttack","PlaceholderMod:StrongAcid","PlaceholderMod:OHStrongAttack","PlaceholderMod:AttackAsDefend"],"picked":"PlaceholderMod:FastReaction+1","floor":30},{"not_picked":["PlaceholderMod:MultipleOxi+1","PlaceholderMod:CycleAttack+1","PlaceholderMod:Polyp","PlaceholderMod:PoisonExcitation+1","PlaceholderMod:HealingAttack"],"picked":"SKIP","floor":31},{"not_picked":["PlaceholderMod:SelfCoupling","PlaceholderMod:FinalSpray","PlaceholderMod:BlastSpray","PlaceholderMod:InnerSoften"],"picked":"PlaceholderMod:GrowthForm","floor":33},{"not_picked":["PlaceholderMod:HardStinger","PlaceholderMod:HornyBlast","PlaceholderMod:Hard+1","PlaceholderMod:Colorful+1","PlaceholderMod:HardStrike"],"picked":"SKIP","floor":35},{"not_picked":["PlaceholderMod:PoisonAbsorb+1","PlaceholderMod:SeverePoisonStrike+1","PlaceholderMod:Internalization+1","PlaceholderMod:NearChange+1","PlaceholderMod:MultipleOxi"],"picked":"SKIP","floor":37},{"not_picked":["PlaceholderMod:Polyp","PlaceholderMod:HardStinger+1","PlaceholderMod:TriggerStrike+1","PlaceholderMod:Sweep+1","PlaceholderMod:RadicalHit"],"picked":"SKIP","floor":38},{"not_picked":["PlaceholderMod:AbsorbTouch+1","PlaceholderMod:SpinBlade","PlaceholderMod:OHStrongAttack","PlaceholderMod:StressReaction","PlaceholderMod:EvolutionSpray"],"picked":"SKIP","floor":40},{"not_picked":["PlaceholderMod:Polyp+1","PlaceholderMod:StressReaction+1","PlaceholderMod:HardStrike","PlaceholderMod:ProliferateStrike+1","PlaceholderMod:EnergyAbsorb"],"picked":"SKIP","floor":41},{"not_picked":["PlaceholderMod:DissolvingSpikes+1","PlaceholderMod:HardStrike+1","PlaceholderMod:StressReaction+1","PlaceholderMod:ConsolidateHit","PlaceholderMod:Turn"],"picked":"SKIP","floor":44},{"not_picked":["PlaceholderMod:NearChange","PlaceholderMod:Eat+1","PlaceholderMod:MultipleOxi+1","PlaceholderMod:PoisonAbsorb","PlaceholderMod:HardStrike"],"picked":"SKIP","floor":48},{"not_picked":["PlaceholderMod:GrowthForm+1","PlaceholderMod:ReactionCatalyze+1","PlaceholderMod:CorePoison+1","PlaceholderMod:AbsorbTouch+1"],"picked":"PlaceholderMod:DiffusionPoison+1","floor":50},{"not_picked":["PlaceholderMod:StrongAcid","PlaceholderMod:ParasiteChange","PlaceholderMod:DiffusionChemical","PlaceholderMod:HighConcentration","PlaceholderMod:Internalization"],"picked":"SKIP","floor":52}],"player_experience":46037,"relics_obtained":[{"floor":1.0,"key":"SynthV:TestCard"},{"floor":6.0,"key":"testmod-InjuryResistance"},{"floor":12,"key":"testmod-AssaultLearning"},{"floor":14,"key":"infinitespire:Lucky Rock"},{"floor":20,"key":"Bottled Lightning"},{"floor":23,"key":"Dota2Spire:EchoSabre"},{"floor":25,"key":"infinitespire:WardingShard"},{"floor":26,"key":"Blood Vial"},{"floor":28,"key":"Dota2Spire:CrimsonGuard"},{"floor":40,"key":"AT_RabadonDeathcap"},{"floor":43,"key":"PreservedInsect"},{"floor":44,"key":"War Paint"},{"floor":48,"key":"Dota2Spire:MagicBottle"}],"event_choices":[{"damage_healed":0.0,"max_hp_gain":0.0,"max_hp_loss":0.0,"gold_gain":0.0,"event_name":"The Woman in Blue","player_choice":"Bought 0 Potions","floor":3.0,"gold_loss":0.0,"damage_taken":0.0},{"damage_healed":0,"gold_gain":0,"player_choice":"Inject Mutagens","damage_taken":0,"relics_obtained":["MutagenicStrength"],"max_hp_gain":0,"max_hp_loss":0,"event_name":"Drug Dealer","floor":19,"gold_loss":0},{"damage_healed":0,"gold_gain":0,"player_choice":"Ignored","damage_taken":0,"max_hp_gain":0,"max_hp_loss":0,"event_name":"给自己的盒子","floor":22,"gold_loss":0},{"cards_removed":["PlaceholderMod:BaseStrike"],"damage_healed":0,"gold_gain":0,"player_choice":"Upgrade and Remove","damage_taken":0,"max_hp_gain":0,"max_hp_loss":0,"event_name":"Designer","floor":46,"gold_loss":90,"cards_upgraded":["PlaceholderMod:BaseDefend"]}],"is_beta":false,"boss_relics":[{"not_picked":["OneHitWonderSystem","testmod-EnergyCheck"],"picked":"Philosopher\u0027s Stone"},{"not_picked":["TakeMeEscape","testmod-HarvestTotem"],"picked":"testmod-TimeTraveler"},{"not_picked":["testmod-BloodSacrificeSpiritualization","infinitespire:Cupcake"],"picked":"Fusion Hammer"}],"items_purged_floors":[8,27,36,39,39],"is_endless":true,"potions_floor_spawned":[1,6,11,16,18,25,28,31,37,44,48,50],"killed_by":"Cultist","ascension_level":3}}