{"host":"sa7ebub27cgn5wai","time":1608910539,"event":{"mods":["BaseMod","Colored Map","Minty Spire (QoL Compilation)","SuperFastMode"],"gold_per_floor":[111,130,140,90,108,108,118,128,152,152,168,168,180,37,37,37,37],"floor_reached":16,"playtime":429,"items_purged":[],"score":154,"play_id":"6d28d484-688a-4a72-98f5-e5f683b5e516","local_time":"20201226003539","is_ascension_mode":true,"campfire_choices":[{"data":"Barricade","floor":6,"key":"SMITH"},{"data":"Armaments","floor":10,"key":"SMITH"},{"data":"Cleave","floor":12,"key":"SMITH"},{"data":"Finesse","floor":15,"key":"SMITH"}],"circlet_count":0,"master_deck":["AscendersBane","Strike_R","Strike_R","Strike_R","Strike_R","Defend_R","Defend_R","Defend_R","Defend_R","Bash","Warcry","Anger","Shrug It Off","Cleave+1","Barricade+1","Armaments+1","Headbutt","Shrug It Off","Finesse+1"],"relics":["Burning Blood","Pen Nib"],"acts_visited":["Exordium"],"potions_floor_usage":[7,14],"damage_taken":[{"damage":2,"enemies":"Jaw Worm","floor":1,"turns":3},{"damage":7,"enemies":"2 Louse","floor":2,"turns":2},{"damage":6,"enemies":"Cultist","floor":3,"turns":3},{"damage":11,"enemies":"Blue Slaver","floor":5,"turns":4},{"damage":25,"enemies":"Exordium Wildlife","floor":7,"turns":6},{"damage":16,"enemies":"Lots of Slimes","floor":8,"turns":4},{"damage":11,"enemies":"Large Slime","floor":11,"turns":7},{"damage":13,"enemies":"Blue Slaver","floor":13,"turns":4},{"damage":47,"enemies":"Slime Boss","floor":16,"turns":7}],"seed_played":"2631069722438340470","potions_obtained":[{"floor":3,"key":"BloodPotion"},{"floor":5,"key":"Explosive Potion"}],"is_trial":false,"path_per_floor":["M","M","M","?","M","R","M","M","T","R","M","R","M","$","R","B"],"character_chosen":"IRONCLAD","items_purchased":["Shrug It Off","Finesse"],"campfire_rested":0,"item_purchase_floors":[14,14],"current_hp_per_floor":[76,75,75,75,70,70,51,41,41,41,36,36,29,45,45,0,0],"gold":37,"neow_bonus":"THREE_CARDS","is_daily":false,"chose_seed":false,"campfire_upgraded":4,"win_rate":0.0,"timestamp":1608910539,"path_taken":["M","M","M","?","M","R","M","M","T","R","M","R","M","$","R","BOSS"],"items_purchased_type":["Card","Card"],"build_version":"2020-12-22","purchased_purges":0,"victory":false,"max_hp_per_floor":[80,80,80,80,80,80,80,80,80,80,80,80,80,80,80,80,80],"card_choices":[{"not_picked":["Havoc","Burning Pact"],"picked":"Warcry","floor":0},{"not_picked":["Body Slam","Clothesline"],"picked":"Anger","floor":1},{"not_picked":["Burning Pact","True Grit"],"picked":"Shrug It Off","floor":2},{"not_picked":["Burning Pact","Body Slam"],"picked":"Cleave","floor":3},{"not_picked":["Pommel Strike","Warcry"],"picked":"Barricade","floor":5},{"not_picked":["Heavy Blade","Sword Boomerang"],"picked":"Armaments","floor":7},{"not_picked":["Perfected Strike","Burning Pact"],"picked":"Headbutt","floor":8},{"not_picked":["Havoc","True Grit","Second Wind"],"picked":"SKIP","floor":11},{"not_picked":["Pummel","Warcry","Thunderclap"],"picked":"SKIP","floor":13}],"player_experience":278796,"relics_obtained":[{"floor":9,"key":"Pen Nib"}],"event_choices":[{"cards_removed":["Strike_R"],"damage_healed":0,"gold_gain":0,"player_choice":"Card Removal","damage_taken":0,"max_hp_gain":0,"max_hp_loss":0,"event_name":"The Cleric","floor":4,"gold_loss":50}],"is_beta":false,"boss_relics":[],"items_purged_floors":[],"is_endless":false,"potions_floor_spawned":[3,5],"killed_by":"Slime Boss","ascension_level":12}}