{"host":"60fhthqyb911n2zd","time":1608881341,"event":{"mods":["BaseMod","Mimic Mod","Minty Spire (QoL Compilation)","Replay The Spire","Shop Mod","StSLib","The Jungle"],"gold_per_floor":[115,135,12,12,12,37,37,56,95,95,95,105,122,122,122,21,21,21,21],"floor_reached":18,"playtime":448,"items_purged":[],"score":149,"play_id":"f3a478a1-5c1d-46b3-b2e3-e5903ca70e5f","local_time":"20201225152901","is_ascension_mode":true,"campfire_choices":[{"data":"Dramatic Entrance","floor":7,"key":"SMITH"},{"floor":14,"key":"REST"},{"floor":17,"key":"REST"}],"circlet_count":0,"master_deck":["Strike_B","Strike_B","Strike_B","Strike_B","Defend_B","Defend_B","Defend_B+1","Defend_B+1","Zap","Dualcast","Leap","Dramatic Entrance+1","Master of Strategy","Pot Of Greed","Pot Of Greed","BasicCrystalCard","Redo","Recycle","Panic Button","Defragment","Defragment","Rebound"],"relics":["Cracked Core","NeowsBlessing","ReplayTheSpireMod:ShopPack","Grinning Jar","Omamori"],"acts_visited":["Exordium"],"potions_floor_usage":[],"damage_taken":[{"damage":0,"enemies":"Cultist","floor":1,"turns":1},{"damage":0,"enemies":"Small Slimes","floor":2,"turns":1},{"damage":0,"enemies":"Lagavulin","floor":6,"turns":1},{"damage":0,"enemies":"Jaw Worm","floor":8,"turns":3},{"damage":0,"enemies":"Lots of Slimes","floor":9,"turns":6},{"damage":0,"enemies":"Lots of Slimes","floor":12,"turns":1},{"damage":24,"enemies":"Large Slime","floor":13,"turns":6},{"damage":48,"enemies":"The Guardian","floor":18,"turns":10}],"seed_played":"7717245227591277020","potions_obtained":[{"floor":6,"key":"PowerPotion"},{"floor":12,"key":"AttackPotion"},{"floor":13,"key":"Energy Potion"}],"is_trial":false,"path_per_floor":["M","M","$","?","?","E","R","M","MIM","PTL","PTL","M","M","R","?","$","R","B"],"character_chosen":"DEFECT","items_purchased":["ReplayTheSpireMod:ShopPack","Defragment","Rebound"],"campfire_rested":2,"item_purchase_floors":[3,16,16],"current_hp_per_floor":[75,75,75,60,60,60,60,60,60,60,60,60,36,58,58,58,75,27,27],"gold":21,"neow_bonus":"THREE_ENEMY_KILL","is_daily":false,"chose_seed":false,"campfire_upgraded":1,"win_rate":0.0,"timestamp":1608881341,"path_taken":["M","?","$","?","?","E","R","M","MIM","PTL","PTL","M","M","R","?","$","R","BOSS"],"items_purchased_type":["Relic","Card","Card"],"build_version":"2020-12-22","purchased_purges":0,"victory":false,"max_hp_per_floor":[75,75,75,75,75,75,75,75,75,75,75,75,75,75,75,75,75,75,75],"card_choices":[{"not_picked":["Coolheaded","Reinforced Body"],"picked":"Leap","floor":1},{"not_picked":["Beam Cell","Skim","Barrage"],"picked":"SKIP","floor":2},{"not_picked":["Swift Strike","Replay:Sssssssssstrike"],"picked":"Dramatic Entrance","floor":3},{"not_picked":["Midas Touch","Thinking Ahead"],"picked":"Master of Strategy","floor":3},{"not_picked":["Compile Driver","Meteor Strike"],"picked":"BasicCrystalCard","floor":6},{"not_picked":["Turbo","Steam"],"picked":"Redo","floor":8},{"not_picked":["Glacier","Go for the Eyes"],"picked":"Recycle","floor":9},{"not_picked":["Aggregate","Stack"],"picked":"Panic Button","floor":12},{"not_picked":["BasicCrystalCard","Scrape","Hologram"],"picked":"SKIP","floor":13}],"player_experience":484032,"relics_obtained":[{"floor":6,"key":"Grinning Jar"},{"floor":9,"key":"Omamori"}],"event_choices":[{"damage_healed":0,"gold_gain":0,"player_choice":"Entered Light","damage_taken":15,"max_hp_gain":0,"max_hp_loss":0,"event_name":"Shining Light","floor":4,"gold_loss":0,"cards_upgraded":["Defend_B","Defend_B"]},{"damage_healed":0,"gold_gain":0,"player_choice":"0 cards matched","damage_taken":0,"max_hp_gain":0,"max_hp_loss":0,"event_name":"Match and Keep!","floor":5,"gold_loss":0,"cards_obtained":[]},{"damage_healed":0,"gold_gain":0,"player_choice":"Ignored","damage_taken":0,"max_hp_gain":0,"max_hp_loss":0,"event_name":"Golden Idol","floor":15,"gold_loss":0}],"is_beta":false,"boss_relics":[],"items_purged_floors":[],"is_endless":false,"potions_floor_spawned":[6,12,13],"killed_by":"The Guardian","ascension_level":2}}