{"host":"qxeepl7ydvsgmfdb","time":1608880911,"event":{"mods":["AchievementEnabler","BaseMod","Colored Powertips","Minty Spire (QoL Compilation)","Quick Restart","slay the spire mod where everything is the same but ironclad has a cowboy hat"],"gold_per_floor":[114,127,127,77,89,89,106,106,129,129,9,28,28,47,47,142,142,160,12,12,12,31,31,31,49,131,150,150,150],"floor_reached":28,"playtime":1819,"items_purged":[],"score":235,"play_id":"8124f546-e340-4c58-a190-8ddd22b11842","local_time":"20201225022151","is_ascension_mode":false,"campfire_choices":[{"data":"Entrench","floor":6,"key":"SMITH"},{"data":"Body Slam","floor":13,"key":"SMITH"},{"data":"Seeing Red","floor":15,"key":"SMITH"},{"floor":23,"key":"REST"}],"circlet_count":0,"master_deck":["Strike_R","Strike_R","Strike_R","Strike_R","Defend_R","Defend_R","Defend_R","Defend_R","Bash","Body Slam+1","Thunderclap","Flex","Entrench+1","Cleave","Shrug It Off","Madness","Seeing Red+1","Juggernaut","Barricade","Seeing Red","Metallicize","Shrug It Off","Shrug It Off","Shrug It Off"],"relics":["Burning Blood","NeowsBlessing","PreservedInsect","Bottled Flame","Black Star","Red Skull","Boot","Bottled Lightning"],"acts_visited":["Exordium","TheCity"],"potions_floor_usage":[16,16,16,16,16,16,16,22,27,28],"damage_taken":[{"damage":0,"enemies":"Cultist","floor":1,"turns":1},{"damage":0,"enemies":"2 Louse","floor":2,"turns":1},{"damage":0,"enemies":"Jaw Worm","floor":5,"turns":1},{"damage":36,"enemies":"Exordium Wildlife","floor":7,"turns":9},{"damage":8,"enemies":"Red Slaver","floor":12,"turns":4},{"damage":15,"enemies":"Lots of Slimes","floor":14,"turns":3},{"damage":45,"enemies":"Hexaghost","floor":16,"turns":10},{"damage":30,"enemies":"Shell Parasite","floor":18,"turns":7},{"damage":50,"enemies":"2 Thieves","floor":22,"turns":5},{"damage":31,"enemies":"Snecko","floor":25,"turns":6},{"damage":17,"enemies":"Centurion and Healer","floor":27,"turns":7},{"damage":18,"enemies":"Snake Plant","floor":28,"turns":2}],"seed_played":"-8577163503116554774","potions_obtained":[{"floor":2,"key":"FairyPotion"},{"floor":7,"key":"EntropicBrew"},{"floor":14,"key":"EntropicBrew"},{"floor":25,"key":"Block Potion"},{"floor":27,"key":"SkillPotion"}],"is_trial":false,"path_per_floor":["M","M","?","$","M","R","M","?","T","T","$","M","R","M","R","B",null,"M","$","T","?","M","R","?","M","T","M","M"],"character_chosen":"IRONCLAD","items_purchased":["Flex","Shrug It Off","Madness","Metallicize","Regen Potion"],"campfire_rested":1,"item_purchase_floors":[4,11,11,19,19],"current_hp_per_floor":[80,80,80,80,80,80,50,50,50,50,50,48,48,39,39,26,80,56,56,56,56,24,48,48,23,23,12,0,0],"gold":150,"neow_bonus":"THREE_ENEMY_KILL","is_daily":false,"chose_seed":false,"campfire_upgraded":3,"win_rate":0.0,"timestamp":1608880911,"path_taken":["M","M","?","$","?","R","M","?","T","?","?","M","R","?","R","BOSS","M","?","?","?","M","R","?","?","T","M","M"],"items_purchased_type":["Card","Card","Card","Card","Potion"],"build_version":"2020-12-22","purchased_purges":0,"victory":false,"max_hp_per_floor":[80,80,80,80,80,80,80,80,80,80,80,80,80,80,80,80,80,80,80,80,80,80,80,80,80,80,80,80,80],"card_choices":[{"not_picked":["Anger","Rage"],"picked":"Body Slam","floor":1},{"not_picked":["True Grit","Twin Strike"],"picked":"Thunderclap","floor":2},{"not_picked":["Anger","Clothesline"],"picked":"Entrench","floor":5},{"not_picked":["Heavy Blade","Blood for Blood"],"picked":"Cleave","floor":7},{"not_picked":["Rupture","Shockwave"],"picked":"Seeing Red","floor":12},{"not_picked":["Sentinel","Armaments"],"picked":"Juggernaut","floor":14},{"not_picked":["Limit Break","Berserk"],"picked":"Barricade","floor":16},{"not_picked":["Cleave","Clothesline+1"],"picked":"Seeing Red","floor":18},{"not_picked":["Disarm","Pommel Strike+1"],"picked":"Shrug It Off","floor":22},{"not_picked":["Warcry+1","Carnage+1"],"picked":"Shrug It Off","floor":25},{"not_picked":["Pummel","Sword Boomerang"],"picked":"Shrug It Off","floor":27}],"player_experience":369345,"relics_obtained":[{"floor":9,"key":"PreservedInsect"},{"floor":10,"key":"Bottled Flame"},{"floor":20,"key":"Red Skull"},{"floor":26,"key":"Bottled Lightning"}],"event_choices":[{"cards_removed":["Strike_R"],"damage_healed":0,"gold_gain":0,"player_choice":"Purged","damage_taken":0,"max_hp_gain":0,"max_hp_loss":0,"event_name":"Purifier","floor":3,"gold_loss":0},{"damage_healed":0,"gold_gain":0,"player_choice":"Ignored","damage_taken":0,"max_hp_gain":0,"max_hp_loss":0,"event_name":"Golden Wing","floor":8,"gold_loss":0},{"damage_healed":0,"gold_gain":0,"player_choice":"Opened","damage_taken":0,"relics_obtained":["Boot"],"max_hp_gain":0,"max_hp_loss":0,"event_name":"The Mausoleum","floor":21,"gold_loss":0}],"is_beta":false,"boss_relics":[{"not_picked":["Philosopher\u0027s Stone","Empty Cage"],"picked":"Black Star"}],"items_purged_floors":[],"is_endless":false,"potions_floor_spawned":[2,7,14,25,27],"killed_by":"Snake Plant","ascension_level":0}}