{"host":"6kpik4p6m02tzjjt","time":1608936464,"event":{"mods":["BaseMod","Colored Map","Minty Spire (QoL Compilation)","Quick Restart","Relic Stats"],"gold_per_floor":[111,111,126,126,126,126,167,180,180,219,54,69,100,137,149,290,302,335,366,396,422,327,367,367,146,146,146,166,197,197,112,112,237,237,256,256,156,156,170,204,225,241,268,268,282,305,326,326,326],"floor_reached":48,"playtime":2637,"items_purged":["Injury","Rebound"],"score":603,"play_id":"863cd3ab-35ff-40ae-95bd-8ed2f3fc8a20","local_time":"20201225174744","is_ascension_mode":true,"campfire_choices":[{"data":"Zap","floor":6.0,"key":"SMITH"},{"data":"Creative AI","floor":15,"key":"SMITH"},{"floor":27,"key":"REST"},{"data":"Dualcast","floor":32,"key":"SMITH"}],"circlet_count":0,"master_deck":["Strike_B+1","Strike_B+1","Defend_B+1","Defend_B+1","Defend_B+1","Defend_B+1","Zap+1","Dualcast+1","Biased Cognition","Barrage","Coolheaded","Creative AI+1","Storm","Fusion","Auto Shields","Ball Lightning","Amplify","Chill+1","Conserve Battery","Loop","Lockon+1","Leap","Lockon+1","Skim","Capacitor","Thunder Strike","Conserve Battery","Skim","Sweeping Beam","Redo+1"],"relics":["Cracked Core","Oddly Smooth Stone","Golden Idol","FossilizedHelix","Toy Ornithopter","MealTicket","Bottled Tornado","MawBank","Black Star","Pen Nib","Eternal Feather","ClockworkSouvenir","Kunai","Boot","Whetstone","Nunchaku","Runic Dome","Bronze Scales","StoneCalendar","Lantern"],"acts_visited":["Exordium","TheCity","TheBeyond"],"potions_floor_usage":[16,23,23,29,29,40],"damage_taken":[{"damage":6.0,"enemies":"Jaw Worm","floor":1.0,"turns":3.0},{"damage":0.0,"enemies":"Cultist","floor":3.0,"turns":3.0},{"damage":21.0,"enemies":"3 Sentries","floor":7.0,"turns":7.0},{"damage":0.0,"enemies":"Small Slimes","floor":8.0,"turns":2.0},{"damage":26.0,"enemies":"Gremlin Nob","floor":10.0,"turns":4.0},{"damage":5,"enemies":"3 Louse","floor":12,"turns":3},{"damage":0,"enemies":"Lagavulin","floor":13,"turns":6},{"damage":0,"enemies":"Large Slime","floor":14,"turns":5},{"damage":12,"enemies":"The Guardian","floor":16,"turns":6},{"damage":0,"enemies":"Chosen","floor":18,"turns":4},{"damage":10,"enemies":"Spheric Guardian","floor":19,"turns":5},{"damage":14,"enemies":"Snake Plant","floor":20,"turns":5},{"damage":29,"enemies":"Cultist and Chosen","floor":21,"turns":6},{"damage":48,"enemies":"Slavers","floor":23,"turns":6},{"damage":10,"enemies":"Centurion and Healer","floor":28,"turns":6},{"damage":0,"enemies":"Book of Stabbing","floor":29,"turns":4},{"damage":73,"enemies":"Champ","floor":33,"turns":10},{"damage":14,"enemies":"Orb Walker","floor":35,"turns":5},{"damage":7,"enemies":"3 Shapes","floor":39,"turns":5},{"damage":42,"enemies":"Nemesis","floor":40,"turns":7},{"damage":0,"enemies":"Maw","floor":41,"turns":6},{"damage":23,"enemies":"4 Shapes","floor":42,"turns":6},{"damage":12,"enemies":"Spire Growth","floor":45,"turns":5},{"damage":0,"enemies":"Sphere and 2 Shapes","floor":46,"turns":5},{"damage":0,"enemies":"4 Shapes","floor":47,"turns":5},{"damage":18,"enemies":"Spire Growth","floor":48,"turns":4}],"seed_played":"-3019059705142282618","potions_obtained":[{"floor":12,"key":"ColorlessPotion"},{"floor":16,"key":"DuplicationPotion"},{"floor":18,"key":"BlessingOfTheForge"},{"floor":21,"key":"FocusPotion"},{"floor":28,"key":"Fire Potion"},{"floor":33,"key":"ColorlessPotion"},{"floor":39,"key":"SteroidPotion"},{"floor":40,"key":"Ancient Potion"},{"floor":41,"key":"GamblersBrew"},{"floor":45,"key":"Dexterity Potion"}],"is_trial":false,"path_per_floor":["M","?","M","?","T","R","E","M","T","E","$","M","E","M","R","B",null,"M","M","M","M","$","E","?","$","T","R","M","E","?","?","R","B",null,"M","?","$","?","M","E","M","M","T","$","M","M","M","M"],"character_chosen":"DEFECT","items_purchased":["Storm","Rebound","Loop","Lockon","ClockworkSouvenir","Lockon"],"campfire_rested":1,"item_purchase_floors":[11,11,22,22,25,25],"current_hp_per_floor":[76,76,76,76,76,76,55,55,55,29,44,39,39,39,39,32,82,82,72,58,29,44,6,6,21,21,60,50,60,60,60,75,2,82,68,68,82,82,75,38,38,15,15,30,18,18,18,0,0],"gold":326,"neow_bonus":"TEN_PERCENT_HP_BONUS","is_daily":false,"chose_seed":false,"campfire_upgraded":3,"win_rate":0.0,"timestamp":1608936464,"path_taken":["M","?","?","?","?","R","E","M","T","E","$","M","E","?","R","BOSS","M","M","M","?","$","E","?","$","T","R","M","E","?","?","R","BOSS","M","?","$","?","M","E","M","?","T","$","M","M","M","M"],"items_purchased_type":["Card","Card","Card","Card","Relic","Card"],"build_version":"2020-12-22","purchased_purges":2,"victory":false,"max_hp_per_floor":[82,82,82,82,82,82,82,82,82,82,82,82,82,82,82,82,82,82,82,82,82,82,82,82,82,82,82,82,82,82,82,82,82,82,82,82,82,82,82,82,82,82,82,82,82,82,82,82,82],"relic_stats":{"counters":[26,132],"Golden Idol":158,"Eternal Feather":30,"StoneCalendar":[0],"Pen Nib":[5],"Whetstone":["Lockon","Lockon"],"MawBank":108,"Boot":[41],"Nunchaku":[5],"Bronze Scales":[61],"MealTicket":74,"Black Star":3,"Kunai":[4],"obtain_stats":[{"Lantern":43,"Golden Idol":4,"Oddly Smooth Stone":2,"Eternal Feather":23,"StoneCalendar":40,"Pen Nib":23,"Whetstone":29,"Bottled Tornado":10,"MawBank":13,"Boot":29,"ClockworkSouvenir":25,"Runic Dome":34,"Nunchaku":31,"Bronze Scales":40,"MealTicket":9,"Black Star":17,"Kunai":26,"Cracked Core":0,"FossilizedHelix":5,"Toy Ornithopter":7},{"Lantern":22,"Golden Idol":2,"Oddly Smooth Stone":1,"Eternal Feather":14,"StoneCalendar":20,"Pen Nib":14,"Whetstone":16,"Bottled Tornado":5,"MawBank":7,"Boot":16,"ClockworkSouvenir":14,"Runic Dome":17,"Nunchaku":16,"Bronze Scales":20,"MealTicket":4,"Black Star":9,"Kunai":14,"Cracked Core":0,"FossilizedHelix":2,"Toy Ornithopter":3},{"Lantern":113,"Golden Idol":6,"Oddly Smooth Stone":3,"Eternal Feather":65,"StoneCalendar":101,"Pen Nib":65,"Whetstone":75,"Bottled Tornado":19,"MawBank":28,"Boot":75,"ClockworkSouvenir":65,"Runic Dome":84,"Nunchaku":75,"Bronze Scales":101,"MealTicket":15,"Black Star":39,"Kunai":65,"Cracked Core":0,"FossilizedHelix":6,"Toy Ornithopter":13}],"Toy Ornithopter":30},"card_choices":[{"not_picked":["Compile Driver","Turbo"],"picked":"Go for the Eyes","floor":1.0},{"not_picked":["Melter","Force Field"],"picked":"Biased Cognition","floor":3.0},{"not_picked":["Cold Snap","Chill"],"picked":"Barrage","floor":7.0},{"not_picked":["Rip and Tear","Steam"],"picked":"Coolheaded","floor":8.0},{"not_picked":["Machine Learning","Gash"],"picked":"Creative AI","floor":10},{"not_picked":["Steam","Undo"],"picked":"Fusion","floor":12},{"not_picked":["Steam","Fusion"],"picked":"Auto Shields","floor":13},{"not_picked":["Conserve Battery","Beam Cell"],"picked":"Ball Lightning","floor":14},{"not_picked":["Creative AI","Echo Form"],"picked":"Amplify","floor":16},{"not_picked":["Leap+1","Cold Snap+1"],"picked":"Chill+1","floor":18},{"not_picked":["Aggregate","Stack","Compile Driver+1"],"picked":"SKIP","floor":19},{"not_picked":["Steam","BootSequence+1","Turbo"],"picked":"SKIP","floor":20},{"not_picked":["Hologram+1","Coolheaded"],"picked":"Conserve Battery","floor":21},{"not_picked":["Barrage","Sweeping Beam"],"picked":"Leap","floor":23},{"not_picked":["Hologram+1","Beam Cell"],"picked":"Skim","floor":28},{"not_picked":["Darkness","Gash","Stack"],"picked":"SKIP","floor":29},{"not_picked":["Amplify","Multi-Cast"],"picked":"Thunder Strike","floor":33},{"not_picked":["Storm","Rebound","Stack"],"picked":"SKIP","floor":35},{"not_picked":["Turbo","Go for the Eyes+1"],"picked":"Conserve Battery","floor":39},{"not_picked":["Barrage+1","Defragment"],"picked":"Skim","floor":40},{"not_picked":["Force Field","Gash","Chaos"],"picked":"SKIP","floor":41},{"not_picked":["Chaos","Genetic Algorithm"],"picked":"Sweeping Beam","floor":42},{"not_picked":["Sweeping Beam","Genetic Algorithm","Amplify"],"picked":"SKIP","floor":45},{"not_picked":["Skim+1","Barrage+1","Rip and Tear+1"],"picked":"SKIP","floor":46},{"not_picked":["Ball Lightning","Leap"],"picked":"Redo+1","floor":47}],"player_experience":24121,"relics_obtained":[{"floor":5.0,"key":"FossilizedHelix"},{"floor":7.0,"key":"Toy Ornithopter"},{"floor":9.0,"key":"MealTicket"},{"floor":10,"key":"Bottled Tornado"},{"floor":13,"key":"MawBank"},{"floor":23,"key":"Pen Nib"},{"floor":23,"key":"Eternal Feather"},{"floor":26,"key":"Kunai"},{"floor":29,"key":"Boot"},{"floor":29,"key":"Whetstone"},{"floor":40,"key":"Bronze Scales"},{"floor":40,"key":"StoneCalendar"},{"floor":43,"key":"Lantern"}],"event_choices":[{"cards_removed":["Go for the Eyes"],"damage_healed":0.0,"max_hp_gain":0.0,"max_hp_loss":0.0,"gold_gain":0.0,"event_name":"WeMeetAgain","player_choice":"Gave Card","floor":2.0,"gold_loss":0.0,"damage_taken":0.0,"relics_obtained":["Oddly Smooth Stone"]},{"damage_healed":0.0,"max_hp_gain":0.0,"max_hp_loss":0.0,"gold_gain":0.0,"event_name":"Golden Idol","player_choice":"Take Wound","floor":4.0,"gold_loss":0.0,"damage_taken":0.0,"relics_obtained":["Golden Idol"],"cards_obtained":["Injury"]},{"damage_healed":0,"gold_gain":0,"player_choice":"Simplicity","damage_taken":0,"max_hp_gain":0,"max_hp_loss":0,"event_name":"Back to Basics","floor":24,"gold_loss":0,"cards_upgraded":["Strike_B","Strike_B","Strike_B","Strike_B","Defend_B","Defend_B","Defend_B","Defend_B"]},{"damage_healed":0,"gold_gain":0,"player_choice":"Read","damage_taken":0,"max_hp_gain":0,"max_hp_loss":0,"event_name":"The Library","floor":30,"gold_loss":0,"cards_obtained":["Capacitor"]},{"damage_healed":0,"gold_gain":0,"player_choice":"Obtained Relic","damage_taken":0,"relics_obtained":["Nunchaku"],"max_hp_gain":0,"max_hp_loss":0,"event_name":"Addict","floor":31,"gold_loss":85},{"cards_removed":["Strike_B"],"damage_healed":0,"gold_gain":0,"player_choice":"Removed Attack","damage_taken":0,"max_hp_gain":0,"max_hp_loss":0,"event_name":"Falling","floor":36,"gold_loss":0},{"cards_removed":["Strike_B"],"damage_healed":0,"gold_gain":0,"player_choice":"Purged","damage_taken":0,"max_hp_gain":0,"max_hp_loss":0,"event_name":"Purifier","floor":38,"gold_loss":0}],"is_beta":false,"boss_relics":[{"not_picked":["Cursed Key","Tiny House"],"picked":"Black Star"},{"not_picked":["Philosopher\u0027s Stone","Coffee Dripper"],"picked":"Runic Dome"}],"items_purged_floors":[11,37],"is_endless":false,"potions_floor_spawned":[12,16,18,21,28,33,39,40,41,45],"killed_by":"Spire Growth","ascension_level":1}}