{"host":"nzm1i0l8mrsm8hd2","time":1608892526,"event":{"mods":["Act Like it!","BaseMod","Better Third Choice","Conspire","Minty Spire (QoL Compilation)","Pale of the Ancients","Quick Restart","RumiaBox-露米娅的神秘盒子","Spicy Shops","StSLib","The Dragon Tamer","TheWitcher","Wandering Minibosses"],"gold_per_floor":[111,131,131,55,69,96,96,138,138,138,173,98,19,55,55,160,160,185,185,222,222,222,258,276,276,276,297,348,348,343,359,359,470,470,470],"floor_reached":34,"playtime":2389,"items_purged":["SnafuTest:DefaultCommonAttack"],"score":656,"play_id":"23e0625b-36ba-40bf-9c27-147a18b1568e","local_time":"20201225183526","is_ascension_mode":true,"campfire_choices":[{"data":"SnafuTest:SignQuen","floor":7.0,"key":"SMITH"},{"data":"SnafuTest:Oriole","floor":10.0,"key":"SMITH"},{"floor":15.0,"key":"REST"},{"data":"SnafuTest:SpellIthlinneProphecy","floor":25.0,"key":"SMITH"},{"data":"SnafuTest:SignAard","floor":29.0,"key":"SMITH"},{"data":"SnafuTest:PowerProbingFeint","floor":32.0,"key":"SMITH"}],"circlet_count":0,"master_deck":["SnafuTest:DefaultCommonAttack","SnafuTest:DefaultCommonAttack","SnafuTest:DefaultCommonSkill","SnafuTest:DefaultCommonSkill","SnafuTest:DefaultCommonSkill","SnafuTest:SignYrden","SnafuTest:SignQuen+1","SnafuTest:Meditation","SnafuTest:PowerProbingFeint+1","SnafuTest:SignAard+1","SnafuTest:Oriole+1","SnafuTest:SpellIthlinneProphecy+1","SnafuTest:IndifferentImmortality+1","SnafuTest:LastWish+1","SnafuTest:BombDevilsPuffball+1","SnafuTest:SignAxii+1","SnafuTest:BombMoonDust+1","SnafuTest:UnpredictablePuncture+1","SnafuTest:LastWish+1"],"relics":["Black Star","ChaoDraw","ChaoDraw","Bag of Preparation","Lee\u0027s Waffle","Ancient Tea Set","conspire:Flyswatter","Darkstone Periapt","Bottled Lightning","GodSword6","Odd Mushroom","Toxic Egg 2","Pocketwatch","EasyGame_NEW","PlanX","Singing Bowl","Baka2","GodSword4","CeramicFish","MealTicket","SnafuTest:AxiiRelic","SnafuTest:YrdenRelic","Frozen Egg 2"],"acts_visited":["Exordium","TheCity"],"potions_floor_usage":[],"damage_taken":[{"damage":12.0,"enemies":"Jaw Worm","floor":1.0,"turns":4.0},{"damage":0.0,"enemies":"2 Louse","floor":2.0,"turns":3.0},{"damage":5.0,"enemies":"conspire:RoseBush","floor":5.0,"turns":4.0},{"damage":0.0,"enemies":"3 Sentries","floor":6.0,"turns":2.0},{"damage":57.0,"enemies":"Lagavulin","floor":8.0,"turns":10.0},{"damage":0.0,"enemies":"The Mushroom Lair","floor":11.0,"turns":4.0},{"damage":29.0,"enemies":"3 Sentries","floor":14.0,"turns":9.0},{"damage":5.0,"enemies":"Hexaghost","floor":16.0,"turns":8.0},{"damage":3.0,"enemies":"Chosen","floor":18.0,"turns":5.0},{"damage":0.0,"enemies":"conspire:FuzzyDice","floor":20.0,"turns":10.0},{"damage":5.0,"enemies":"Gremlin Leader","floor":23.0,"turns":13.0},{"damage":4.0,"enemies":"Snake Plant","floor":24.0,"turns":4.0},{"damage":17.0,"enemies":"Sentry and Sphere","floor":27.0,"turns":7.0},{"damage":0.0,"enemies":"Slavers","floor":28.0,"turns":3.0},{"damage":0.0,"enemies":"Gremlin Leader","floor":30.0,"turns":6.0},{"damage":0.0,"enemies":"conspire:HollyBat","floor":31.0,"turns":6.0},{"damage":0.0,"enemies":"Collector","floor":33.0,"turns":7.0}],"seed_played":"1667626948127754125","potions_obtained":[{"floor":1.0,"key":"AttackPotion"},{"floor":6.0,"key":"ColorlessPotion"},{"floor":8.0,"key":"Ancient Potion"},{"floor":14.0,"key":"Block Potion"},{"floor":18.0,"key":"SnafuTest:PlaceholderPotion"},{"floor":24.0,"key":"Energy Potion"},{"floor":27.0,"key":"SkillPotion"}],"is_trial":false,"path_per_floor":["M","M","?","$","M","E","R","E","T","R","?","$","$","E","R","B",null,"M","?","M","?","?","E","M","R","T","M","E","R","E","M","R","B",null],"character_chosen":"THE_WITCHER","items_purchased":["Lee\u0027s Waffle","SnafuTest:SpellIthlinneProphecy"],"campfire_rested":1,"item_purchase_floors":[4,13],"current_hp_per_floor":[63,63,56,82,77,77,77,44,44,44,44,44,44,15,39,34,82,79,79,79,79,79,74,72,72,72,57,57,57,59,61,61,61,61,61],"gold":470,"neow_bonus":"BOSS_RELIC","is_daily":false,"chose_seed":false,"campfire_upgraded":5,"win_rate":0.0,"timestamp":1608892526,"path_taken":["M","M","?","$","M","E","R","E","T","R","?","?","$","E","R","BOSS","M","?","M","?","?","E","M","R","T","M","E","R","E","M","R","BOSS"],"items_purchased_type":["Relic","Card"],"build_version":"2020-12-22","purchased_purges":1,"victory":false,"max_hp_per_floor":[75,75,75,82,82,82,82,82,82,82,82,82,82,82,82,82,82,82,82,82,82,82,82,84,84,84,86,86,86,88,90,90,90,90,90],"card_choices":[{"not_picked":["SnafuTest:PowerMartialMagical","SnafuTest:ArmoredSortie"],"picked":"SnafuTest:SignQuen","floor":1.0},{"not_picked":["SnafuTest:BattleCry","SnafuTest:ShoulderSlam"],"picked":"SnafuTest:Meditation","floor":2.0},{"not_picked":["SnafuTest:Kick","SnafuTest:BombDragonsDream"],"picked":"SnafuTest:PowerProbingFeint","floor":5.0},{"not_picked":["SnafuTest:ArmoredSortie","SnafuTest:MCMockAndRun"],"picked":"SnafuTest:SignAard","floor":6.0},{"not_picked":["SnafuTest:QueensGuard","SnafuTest:FlashingEvasion"],"picked":"SnafuTest:Oriole","floor":8.0},{"not_picked":["SnafuTest:Siege","SnafuTest:ShieldUp+1"],"picked":"SnafuTest:IndifferentImmortality+1","floor":14.0},{"not_picked":["SnafuTest:PowerEternalFlame","SnafuTest:BlackSunRise"],"picked":"SnafuTest:LastWish+1","floor":16.0},{"not_picked":["SnafuTest:Siege","SnafuTest:Shooting"],"picked":"SnafuTest:BombDevilsPuffball+1","floor":18.0},{"not_picked":["SnafuTest:BombDragonsDream","SnafuTest:SmashingSlash"],"picked":"SnafuTest:BombMoonDust+1","floor":20.0},{"not_picked":["SnafuTest:SpellHellfire","SnafuTest:SpellChainLightning"],"picked":"SnafuTest:UnpredictablePuncture+1","floor":23.0},{"not_picked":["SnafuTest:FlashingRaid","SnafuTest:ShoulderSlam","SnafuTest:BombDragonsDream"],"picked":"Singing Bowl","floor":24.0},{"not_picked":["SnafuTest:ArmoredSortie","SnafuTest:WitchHunt+1","SnafuTest:MercilessReaper"],"picked":"Singing Bowl","floor":27.0},{"not_picked":["SnafuTest:CareTaker+1","SnafuTest:BlackSunRise"],"picked":"SnafuTest:PayExoticTreasure+1","floor":28.0},{"not_picked":["SnafuTest:BlueWhale+1","SnafuTest:MCPlayGwent+1","SnafuTest:SignQuen+1"],"picked":"Singing Bowl","floor":30.0},{"not_picked":["SnafuTest:SpellLivingArmor","SnafuTest:ShoulderSlam","SnafuTest:PowerVainGlory+1"],"picked":"Singing Bowl","floor":31.0},{"not_picked":["SnafuTest:IndifferentImmortality+1","SnafuTest:SpellIthlinneProphecy+1"],"picked":"SnafuTest:LastWish+1","floor":33.0}],"player_experience":559439,"relics_obtained":[{"floor":1.0,"key":"Baka"},{"floor":2.0,"key":"ChaoDraw"},{"floor":2.0,"key":"ChaoDraw"},{"floor":6.0,"key":"Ancient Tea Set"},{"floor":6.0,"key":"conspire:Flyswatter"},{"floor":8.0,"key":"Darkstone Periapt"},{"floor":8.0,"key":"Bottled Lightning"},{"floor":9.0,"key":"GodSword6"},{"floor":11.0,"key":"Odd Mushroom"},{"floor":14.0,"key":"Toxic Egg 2"},{"floor":14.0,"key":"Pocketwatch"},{"floor":23.0,"key":"PlanX"},{"floor":23.0,"key":"Singing Bowl"},{"floor":24.0,"key":"Baka2"},{"floor":26.0,"key":"GodSword4"},{"floor":28.0,"key":"CeramicFish"},{"floor":28.0,"key":"MealTicket"},{"floor":30.0,"key":"SnafuTest:YrdenRelic"},{"floor":30.0,"key":"Frozen Egg 2"}],"event_choices":[{"damage_healed":0.0,"max_hp_gain":0.0,"max_hp_loss":0.0,"gold_gain":0.0,"event_name":"betterThird:BetterScrap","player_choice":"Relic ","floor":3.0,"gold_loss":0.0,"damage_taken":7.0,"cards_obtained":["Electrodynamics"]},{"damage_healed":0.0,"max_hp_gain":0.0,"max_hp_loss":0.0,"gold_gain":0.0,"event_name":"Mushrooms","player_choice":"Fought Mushrooms","floor":11.0,"gold_loss":0.0,"damage_taken":0.0},{"damage_healed":0.0,"max_hp_gain":0.0,"max_hp_loss":0.0,"gold_gain":0.0,"event_name":"The Library","player_choice":"Read","floor":19.0,"gold_loss":0.0,"damage_taken":0.0,"cards_obtained":["SnafuTest:SignAxii"]},{"damage_healed":0.0,"max_hp_gain":0.0,"max_hp_loss":0.0,"gold_gain":0.0,"event_name":"Vampires","player_choice":"Ignored","floor":21.0,"gold_loss":0.0,"damage_taken":0.0},{"cards_removed":["SnafuTest:BountyHunt"],"damage_healed":0.0,"max_hp_gain":0.0,"max_hp_loss":0.0,"gold_gain":0.0,"event_name":"Wheel of Change","player_choice":"Card Removal","floor":22.0,"gold_loss":0.0,"damage_taken":0.0}],"is_beta":false,"boss_relics":[{"not_picked":["Ectoplasm","Velvet Choker"],"picked":"EasyGame_NEW"}],"items_purged_floors":[12],"is_endless":false,"potions_floor_spawned":[1,6,8,14,18,24,27],"ascension_level":1}}