{"host":"wfy07lporsqrbz3r","time":1608898775,"event":{"mods":["BaseMod","Minty Spire (QoL Compilation)","Replay The Spire","StSLib"],"gold_per_floor":[111,111,111,36,36,36,66,82,135,162,197,197,197,208,208,284,284,300,33,43,58,58,58],"floor_reached":22,"playtime":613,"items_purged":["Defend_G","Strike_G"],"score":484,"play_id":"cd3c1d62-8529-464b-bf90-977cd0308e67","local_time":"20201225201935","is_ascension_mode":true,"campfire_choices":[{"data":"Neutralize","floor":6.0,"key":"SMITH"},{"data":"Backstab","floor":13.0,"key":"SMITH"},{"data":"Reflex","floor":15.0,"key":"SMITH"}],"circlet_count":0,"master_deck":["AscendersBane","Strike_G","Strike_G","Strike_G","Defend_G","Defend_G","Defend_G","Defend_G","Survivor","Neutralize+1","Backflip","Backstab+1","Expertise","Poisoned Stab","Phantasmal Killer+1","Cloak And Dagger","Reflex+1","Burst","Acrobatics"],"relics":["Ring of the Snake","NeowsBlessing","Nunchaku","PreservedInsect","Byrd Skull","Bronze Scales","Cursed Key","Lee\u0027s Waffle"],"acts_visited":["Exordium","TheCity"],"potions_floor_usage":[16,16,20],"damage_taken":[{"damage":0.0,"enemies":"Small Slimes","floor":1.0,"turns":1.0},{"damage":0.0,"enemies":"3 Sentries","floor":7.0,"turns":1.0},{"damage":0.0,"enemies":"Cultist","floor":8.0,"turns":1.0},{"damage":0.0,"enemies":"Gremlin Nob","floor":10.0,"turns":3.0},{"damage":0.0,"enemies":"2 Louse","floor":14.0,"turns":2.0},{"damage":28,"enemies":"Slime Boss","floor":16,"turns":7},{"damage":8,"enemies":"Shell Parasite","floor":18,"turns":7},{"damage":27,"enemies":"Spheric Guardian","floor":20,"turns":6},{"damage":39,"enemies":"Snecko","floor":21,"turns":7},{"damage":0,"enemies":"Snake Plant","floor":22,"turns":2}],"seed_played":"5398155462660736985","potions_obtained":[{"floor":2.0,"key":"Dexterity Potion"},{"floor":2.0,"key":"CultistPotion"},{"floor":10.0,"key":"Adrenaline Potion"},{"floor":11.0,"key":"CultistPotion"},{"floor":18,"key":"CunningPotion"},{"floor":21,"key":"Dexterity Potion"}],"is_trial":false,"path_per_floor":["M","?","$","$","?","R","E","M","T","E","?","?","R","M","R","B",null,"M","$","M","M","M"],"character_chosen":"THE_SILENT","items_purchased":["Lee\u0027s Waffle"],"campfire_rested":0,"item_purchase_floors":[19],"current_hp_per_floor":[59,59,59,59,52,52,52,52,52,52,52,52,52,52,52,24,56,48,73,46,7,7,7],"gold":58,"neow_bonus":"THREE_ENEMY_KILL","is_daily":false,"chose_seed":false,"campfire_upgraded":3,"win_rate":0.0,"timestamp":1608898775,"path_taken":["M","?","?","$","?","R","E","?","T","E","?","?","R","M","R","BOSS","M","$","M","M","?"],"items_purchased_type":["Relic"],"build_version":"2020-12-22","purchased_purges":2,"victory":false,"max_hp_per_floor":[66,66,66,66,66,66,66,66,66,66,66,66,66,66,66,66,66,66,73,73,73,73,73],"card_choices":[{"not_picked":["Quick Slash","Escape Plan"],"picked":"Backflip","floor":1.0},{"not_picked":["PiercingWail","Well Laid Plans"],"picked":"Backstab","floor":7.0},{"not_picked":["Dagger Throw","Cloak And Dagger"],"picked":"Expertise","floor":8.0},{"not_picked":["Distraction","Bane"],"picked":"Poisoned Stab","floor":10.0},{"not_picked":["Sucker Punch","Deadly Poison"],"picked":"Phantasmal Killer","floor":11.0},{"not_picked":["Outmaneuver","Well Laid Plans"],"picked":"Cloak And Dagger","floor":11.0},{"not_picked":["Bane","Blur"],"picked":"Reflex","floor":14.0},{"not_picked":["Wraith Form v2","Poison Darts"],"picked":"Burst","floor":16},{"not_picked":["Prepared","Sucker Punch"],"picked":"Acrobatics","floor":18},{"not_picked":["Escape Plan","Infinite Blades","Deadly Poison"],"picked":"SKIP","floor":20},{"not_picked":["Finisher","Cloak And Dagger","PiercingWail"],"picked":"SKIP","floor":21}],"player_experience":714063,"relics_obtained":[{"floor":7.0,"key":"Nunchaku"},{"floor":9.0,"key":"PreservedInsect"},{"floor":10.0,"key":"Byrd Skull"},{"floor":11.0,"key":"Bronze Scales"}],"event_choices":[{"damage_healed":0.0,"max_hp_gain":0.0,"max_hp_loss":0.0,"gold_gain":0.0,"event_name":"Lab","player_choice":"Got Potions","floor":2.0,"gold_loss":0.0,"damage_taken":0.0},{"cards_removed":["Strike_G"],"damage_healed":0.0,"max_hp_gain":0.0,"max_hp_loss":0.0,"gold_gain":0.0,"event_name":"Golden Wing","player_choice":"Card Removal","floor":5.0,"gold_loss":0.0,"damage_taken":7.0},{"damage_healed":0.0,"max_hp_gain":0.0,"max_hp_loss":0.0,"gold_gain":0.0,"event_name":"Accursed Blacksmith","player_choice":"Forge","floor":12.0,"gold_loss":0.0,"damage_taken":0.0,"cards_upgraded":["Phantasmal Killer"]}],"is_beta":false,"boss_relics":[{"not_picked":["Honey Jar","Coffee Dripper"],"picked":"Cursed Key"}],"items_purged_floors":[4,19],"is_endless":false,"potions_floor_spawned":[10,14,18,21],"killed_by":"Snake Plant","ascension_level":20}}