{"host":"8457kulo3fvgyo8y","time":1608925354,"event":{"mods":["AchievementEnabler","Aspiration","BaseMod","Bestiary","Better Altar","Better Match","Better Note","Better Sensory Stone","Better Skull","Better Third Choice","BetterRewards","CCEM","Colored Map","Conspire","GifTheSpireLib","Googly Eyes","Halation","Highlight Path","Hubris","Jedi Mod","Mimic Mod","Minty Spire (QoL Compilation)","Permanent Neow","Replay The Spire","Spicy Shops","StSLib","Stuff the Spire","Waifu the Spire","everything is the same but u backflip on backflip","slay the spire mod where everything is the same but ironclad has a cowboy hat"],"gold_per_floor":[116,127,236,236,72,72,72,98,98,112,123,133,146,159,159,255,255,273,273,260,51,51,51,86,97,133,133,133,133],"floor_reached":28,"playtime":3911,"items_purged":[],"score":240,"play_id":"c1429bcf-46ee-4238-9951-e5703e7b2296","local_time":"20201225144234","is_ascension_mode":false,"campfire_choices":[{"data":"Searing Blow","floor":7.0,"key":"SMITH"},{"floor":15.0,"key":"REST"},{"floor":23,"key":"REST"}],"circlet_count":0,"master_deck":["Strike_R","Strike_R","Strike_R","Strike_R","Strike_R","Defend_R","Defend_R","Defend_R","Defend_R","ReplayTheSpireMod:Corrosion Curse","Armaments+1","Anger","Searing Blow+1","Heavy Blade","Rampage","Inflame","Bandage Up","Flex","Clothesline","Headbutt","Seeing Red","Anger","Limit Break","Cleave+1","Spot Weakness","Secret Weapon","Apotheosis","hubris:EnhanceAbility","Bouncing Flask","Inflame","Metallicize","ReplayReversal"],"relics":["Burning Blood","ReplayTheSpireMod:Spearhead","HornCleat","CCEMRelics:DerglesHeadphones","ReplayTheSpireMod:ShopPack","Pet Ghost","Nloth\u0027s Gift"],"acts_visited":["Exordium","TheCity"],"potions_floor_usage":[24],"damage_taken":[{"damage":4.0,"enemies":"Cultist","floor":1.0,"turns":4.0},{"damage":19.0,"enemies":"Jaw Worm","floor":2.0,"turns":4.0},{"damage":31.0,"enemies":"3 Sentries","floor":8.0,"turns":6.0},{"damage":2.0,"enemies":"Small Slimes","floor":10.0,"turns":3.0},{"damage":0.0,"enemies":"2 Fungi Beasts","floor":11.0,"turns":3.0},{"damage":15.0,"enemies":"Lots of Slimes","floor":12.0,"turns":5.0},{"damage":1.0,"enemies":"Red Slaver","floor":13.0,"turns":3.0},{"damage":20.0,"enemies":"Exordium Thugs","floor":14.0,"turns":5.0},{"damage":82.0,"enemies":"The Guardian","floor":16.0,"turns":10.0},{"damage":20,"enemies":"Spheric Guardian","floor":18,"turns":4},{"damage":27,"enemies":"2 Thieves","floor":20,"turns":4},{"damage":73,"enemies":"Slavers","floor":24,"turns":6},{"damage":18,"enemies":"Centurion and Healer","floor":25,"turns":7},{"damage":8,"enemies":"Cultist and Chosen","floor":26,"turns":8},{"damage":16,"enemies":"Cultist and Chosen","floor":28,"turns":6}],"seed_played":"7512855555806661276","potions_obtained":[{"floor":1.0,"key":"Strength Potion"},{"floor":6.0,"key":"PowerPotion"},{"floor":6.0,"key":"Fruit Juice"},{"floor":8.0,"key":"Block Potion"},{"floor":10.0,"key":"Milkshake"},{"floor":12.0,"key":"Block Potion"},{"floor":13.0,"key":"PowerPotion"},{"floor":16.0,"key":"Milkshake"},{"floor":20,"key":"Explosive Potion"}],"is_trial":false,"path_per_floor":["M","M","?","?","$","?","R","E","T","M","M","M","M","M","R","B",null,"M","T","M","$","?","R","E","M","MIM","?","M"],"character_chosen":"IRONCLAD","items_purchased":["Inflame","Bandage Up","Spot Weakness","ReplayTheSpireMod:ShopPack"],"campfire_rested":2,"item_purchase_floors":[5,5,21,21],"current_hp_per_floor":[80,67,67,67,67,72,72,51,51,55,65,62,67,57,82,9,85,71,71,54,54,54,79,16,10,14,14,0,0],"gold":133,"neow_bonus":"TRANSFORM_CARD","is_daily":false,"chose_seed":false,"campfire_upgraded":1,"win_rate":0.0,"timestamp":1608925354,"path_taken":["M","?","?","?","$","?","R","E","T","M","M","M","?","M","R","BOSS","M","?","?","?","?","R","E","M","MIM","?","M"],"items_purchased_type":["Card","Card","Card","Relic"],"build_version":"2020-12-22","purchased_purges":0,"victory":false,"max_hp_per_floor":[80,80,80,80,80,85,85,85,85,85,85,85,85,85,85,85,85,85,85,85,85,85,85,85,85,85,85,85,85],"card_choices":[{"not_picked":["jedi:hate","Shrug It Off"],"picked":"Armaments","floor":1.0},{"not_picked":["jedi:hate","Replay:Undeath\u0027s Touch"],"picked":"Anger","floor":2.0},{"not_picked":["Shockwave","StuffTheSpire:Slingshot"],"picked":"Searing Blow","floor":3.0},{"not_picked":["StuffTheSpire:Incineration","Combust"],"picked":"Heavy Blade","floor":3.0},{"not_picked":["Havoc","Shrug It Off"],"picked":"Rampage","floor":3.0},{"not_picked":["True Grit","Demonic Infusion"],"picked":"Flex","floor":8.0},{"not_picked":["Thunderclap","Body Slam"],"picked":"Clothesline","floor":10.0},{"not_picked":["Ghostly Armor","Warcry","Flame Barrier"],"picked":"SKIP","floor":11.0},{"not_picked":["Disarm","Burning Pact"],"picked":"Headbutt","floor":12.0},{"not_picked":["Perfected Strike","Havoc"],"picked":"Seeing Red","floor":13.0},{"not_picked":["Pommel Strike","ReplayTheSpireMod:Strike From Hell"],"picked":"Anger","floor":14.0},{"not_picked":["Double Tap","Replay:Many Hands"],"picked":"Limit Break","floor":16.0},{"not_picked":["Intimidate","Havoc+1"],"picked":"Cleave+1","floor":18},{"not_picked":["Defy Death","Havoc","Entrench"],"picked":"SKIP","floor":20},{"not_picked":["StuffTheSpire:Recharge","Violence"],"picked":"Secret Weapon","floor":21},{"not_picked":["Good Instincts","Dark Shackles"],"picked":"Apotheosis","floor":21},{"not_picked":["Thinking Ahead","Specialist"],"picked":"hubris:EnhanceAbility","floor":21},{"not_picked":["Blood for Blood","Armaments"],"picked":"Inflame","floor":24},{"not_picked":["StuffTheSpire:Slingshot","conspire:ExplosiveBarrier"],"picked":"Metallicize","floor":25},{"not_picked":["Reaper","StuffTheSpire:Slingshot"],"picked":"ReplayReversal","floor":26}],"player_experience":139874,"relics_obtained":[{"floor":8.0,"key":"ReplayTheSpireMod:Spearhead"},{"floor":9.0,"key":"HornCleat"},{"floor":19,"key":"CCEMRelics:DerglesHeadphones"},{"floor":24,"key":"Pet Ghost"},{"floor":26,"key":"Gremlin Horn"}],"event_choices":[{"damage_healed":0.0,"max_hp_gain":0.0,"max_hp_loss":0.0,"gold_gain":0.0,"event_name":"Living Wall","player_choice":"Grow","floor":4.0,"gold_loss":0.0,"damage_taken":0.0,"cards_upgraded":["Armaments"]},{"damage_healed":0.0,"max_hp_gain":0.0,"max_hp_loss":0.0,"gold_gain":0.0,"event_name":"Lab","player_choice":"Got Potions","floor":6.0,"gold_loss":0.0,"damage_taken":0.0},{"cards_removed":["Secret Weapon"],"damage_healed":0,"gold_gain":0,"player_choice":"Take \u0026 Give","damage_taken":0,"max_hp_gain":0,"max_hp_loss":0,"event_name":"betterNote:BetterNote","floor":22,"gold_loss":0,"cards_obtained":["Bouncing Flask"]},{"damage_healed":0,"gold_gain":0,"player_choice":"Traded Relic","damage_taken":0,"relics_obtained":["Nloth\u0027s Gift"],"max_hp_gain":0,"max_hp_loss":0,"event_name":"N\u0027loth","floor":27,"relics_lost":["Gremlin Horn"],"gold_loss":0}],"is_beta":false,"boss_relics":[{"not_picked":["Fusion Hammer","hubris:CrackedHourglass","halation:PlatinumPhoenix"]}],"items_purged_floors":[],"is_endless":false,"potions_floor_spawned":[1,8,10,12,13,16,20],"killed_by":"Cultist and Chosen","ascension_level":0}}