{"host":"nz11ypxva4e39b7q","time":1608940065,"event":{"mods":["BaseMod","Colored Map","Downfall","Minty Spire (QoL Compilation)","StSLib","The Marked"],"gold_per_floor":[118,118,118,128,143,143,170,170,217,251,251,23,53,70,70,165,165,178,195,120,136,136,170,170,170,195,213,213,239,339,359,359,457,457,468,518,529,529,529,555,555,575,575,604,619,665,176,187,187,187,187,187,27,55,55],"floor_reached":56,"playtime":4021,"items_purged":["Pain","Slimebound:Tackle+1"],"score":1288,"play_id":"5f93eb03-edbd-45cb-83b1-c0762e69aa82","local_time":"20201226004745","is_ascension_mode":false,"campfire_choices":[{"data":"theMarked:WardOff","floor":6.0,"key":"SMITH"},{"data":"theMarked:SoldierOfQuellstein","floor":8.0,"key":"SMITH"},{"floor":11.0,"key":"REST"},{"data":"theMarked:FavorableWinds","floor":15.0,"key":"SMITH"},{"data":"theMarked:BanishingStrike","floor":24.0,"key":"SMITH"},{"floor":28.0,"key":"RECALL"},{"data":"theMarked:Defend","floor":32.0,"key":"SMITH"},{"data":"theMarked:Defend","floor":41.0,"key":"SMITH"},{"floor":49,"key":"REST"},{"floor":52,"key":"REST"}],"circlet_count":0,"master_deck":["theMarked:Defend+1","theMarked:Defend+1","theMarked:SoldierOfQuellstein+1","theMarked:WardOff+1","theMarked:BanishingStrike+1","theMarked:FavorableWinds+1","theMarked:WardOff+1","theMarked:Challenge+1","theMarked:ReduceFriction+1","theMarked:Improvise+1","theMarked:ChannelForce+1","theMarked:Generate+1","theMarked:TakeOffHeels+1","CurseOfTheBell","theMarked:TakeCover+1","theMarked:Seal+1","theMarked:StartUp+1","theMarked:MysticalArsenal","theMarked:EnhancedHearing"],"relics":["theMarked:ArtifactOfAir","NeowsBlessing","WarpedTongs","Lantern","Toxic Egg 2","theMarked:DemonDagger","Art of War","Runic Pyramid","Juzu Bracelet","Happy Flower","theMarked:NailFile","The Courier","Calling Bell","Strawberry","Kunai","Unceasing Top","CaptainsWheel","Bag of Preparation","Du-Vu Doll","Centennial Puzzle","Gambling Chip","Mummified Hand","Letter Opener","Blood Vial"],"acts_visited":["Exordium","TheCity","TheBeyond","TheEnding"],"potions_floor_usage":[55,55,55],"damage_taken":[{"damage":0.0,"enemies":"Cultist","floor":1.0,"turns":1.0},{"damage":1.0,"enemies":"Jaw Worm","floor":4.0,"turns":1.0},{"damage":0.0,"enemies":"Small Slimes","floor":5.0,"turns":2.0},{"damage":24.0,"enemies":"3 Sentries","floor":7.0,"turns":11.0},{"damage":39.0,"enemies":"Lagavulin","floor":10.0,"turns":7.0},{"damage":3.0,"enemies":"3 Sentries","floor":13.0,"turns":8.0},{"damage":0.0,"enemies":"3 Louse","floor":14.0,"turns":3.0},{"damage":14.0,"enemies":"Slime Boss","floor":16.0,"turns":7.0},{"damage":9.0,"enemies":"2 Thieves","floor":18.0,"turns":4.0},{"damage":0.0,"enemies":"3 Byrds","floor":19.0,"turns":5.0},{"damage":0.0,"enemies":"Snecko","floor":21.0,"turns":4.0},{"damage":11.0,"enemies":"Slavers","floor":23.0,"turns":4.0},{"damage":0.0,"enemies":"Cultist and Chosen","floor":27.0,"turns":4.0},{"damage":0.0,"enemies":"Book of Stabbing","floor":29.0,"turns":3.0},{"damage":0.0,"enemies":"Colosseum Slavers","floor":30.0,"turns":4.0},{"damage":1.0,"enemies":"Colosseum Nobs","floor":30.0,"turns":3.0},{"damage":0.0,"enemies":"Shelled Parasite and Fungi","floor":31.0,"turns":4.0},{"damage":0.0,"enemies":"Collector","floor":33.0,"turns":6.0},{"damage":1.0,"enemies":"Orb Walker","floor":35.0,"turns":3.0},{"damage":0.0,"enemies":"Mind Bloom Boss Battle","floor":36.0,"turns":5.0},{"damage":8.0,"enemies":"3 Shapes","floor":37.0,"turns":3.0},{"damage":4.0,"enemies":"Nemesis","floor":40.0,"turns":5.0},{"damage":10.0,"enemies":"Jaw Worm Horde","floor":42.0,"turns":4.0},{"damage":0.0,"enemies":"Giant Head","floor":44.0,"turns":5.0},{"damage":0.0,"enemies":"Writhing Mass","floor":45.0,"turns":4.0},{"damage":2,"enemies":"2 Orb Walkers","floor":46,"turns":3},{"damage":0,"enemies":"Spire Growth","floor":48,"turns":2},{"damage":36,"enemies":"Time Eater","floor":50,"turns":8},{"damage":28,"enemies":"Shield and Spear","floor":54,"turns":4},{"damage":40,"enemies":"The Heart","floor":55,"turns":6}],"seed_played":"8404602667496385528","potions_obtained":[{"floor":7.0,"key":"SkillPotion"},{"floor":10.0,"key":"BlessingOfTheForge"},{"floor":16.0,"key":"SkillPotion"},{"floor":18.0,"key":"EssenceOfSteel"},{"floor":23.0,"key":"SkillPotion"},{"floor":27.0,"key":"DuplicationPotion"},{"floor":30.0,"key":"PowerPotion"},{"floor":45.0,"key":"Swift Potion"}],"is_trial":false,"path_per_floor":["M","?","?","M","M","R","E","R","T","E","R","$","E","M","R","B",null,"M","M","?","M","?","E","R","?","T","M","R","E","?","M","R","B",null,"M","?","M","?","?","E","R","M","T","E","M","?","$","M","R","B",null,"R","$","E","B",null],"character_chosen":"THE_DEFAULT","items_purchased":["theMarked:DemonDagger","Mummified Hand","Letter Opener","theMarked:MysticalArsenal","theMarked:EnhancedHearing","Weak Potion"],"campfire_rested":3,"item_purchase_floors":[12,47,47,53,53,53],"current_hp_per_floor":[70,70,70,69,69,69,45,45,45,6,27,27,24,24,24,10,70,61,61,61,61,61,50,50,50,50,50,50,50,70,70,70,70,77,76,77,76,76,76,77,77,77,77,77,77,77,77,77,77,69,77,77,77,77,77],"gold":55,"neow_bonus":"THREE_ENEMY_KILL","is_daily":false,"chose_seed":false,"campfire_upgraded":6,"win_rate":0.0,"timestamp":1608940065,"path_taken":["M","?","?","M","M","R","E","R","T","E","R","$","E","?","R","BOSS","M","?","?","M","?","E","R","?","T","M","R","E","?","M","R","BOSS","M","?","M","?","?","E","R","M","T","E","M","?","$","M","R","BOSS","R","$","E","BOSS"],"items_purchased_type":["Relic","Relic","Relic","Card","Card","Potion"],"build_version":"2020-12-22","purchased_purges":2,"victory":true,"max_hp_per_floor":[70,70,70,70,70,70,70,70,70,70,70,70,70,70,70,70,70,70,70,70,70,70,70,70,70,70,70,70,70,70,70,70,70,77,77,77,77,77,77,77,77,77,77,77,77,77,77,77,77,77,77,77,77,77,77],"card_choices":[{"not_picked":["theMarked:ElectricStrings","theMarked:WastefulAttack"],"picked":"theMarked:WardOff","floor":1.0},{"not_picked":["theMarked:Parkour","theMarked:Aftermath"],"picked":"theMarked:BanishingStrike","floor":4.0},{"not_picked":["theMarked:Aftermath","theMarked:TakeCover","theMarked:WastefulAttack"],"picked":"SKIP","floor":5.0},{"not_picked":["theMarked:Electrify","theMarked:ThrowWeapon"],"picked":"theMarked:FavorableWinds","floor":7.0},{"not_picked":["theMarked:Static+1","theMarked:Electrify+1","theMarked:RepellingDischarge+1"],"picked":"SKIP","floor":10.0},{"not_picked":["theMarked:EnhancedHearing","theMarked:MaelstromOfLightning+1","theMarked:EnhanceMovement+1"],"picked":"SKIP","floor":13.0},{"not_picked":["theMarked:KeepCalmAndFightOn","theMarked:BanishingStrike"],"picked":"theMarked:WardOff+1","floor":14.0},{"not_picked":["theMarked:FavorableWinds+1","theMarked:SoldierForm"],"picked":"theMarked:Challenge+1","floor":16.0},{"not_picked":["theMarked:BanishingStrike","theMarked:RepellingDischarge+1","theMarked:Electrocute+1"],"picked":"SKIP","floor":18.0},{"not_picked":["theMarked:HeightenedSenses+1","theMarked:PowerFlow+1"],"picked":"theMarked:ReduceFriction+1","floor":19.0},{"not_picked":["theMarked:EnhancedHearing","theMarked:Parkour"],"picked":"theMarked:Improvise+1","floor":21.0},{"not_picked":["theMarked:Overthink+1","theMarked:WastefulAttack","theMarked:EmpowerWeapon+1"],"picked":"SKIP","floor":23.0},{"not_picked":["theMarked:Aftermath+1","theMarked:Static+1"],"picked":"theMarked:ChannelForce+1","floor":27.0},{"not_picked":["theMarked:Electrify+1","theMarked:ReduceFriction+1"],"picked":"theMarked:Generate+1","floor":29.0},{"not_picked":["theMarked:Improvise+1","theMarked:WardOff+1","theMarked:Frustration"],"picked":"SKIP","floor":31.0},{"not_picked":["theMarked:Levitate+1","theMarked:Defy"],"picked":"theMarked:TakeOffHeels+1","floor":33.0},{"not_picked":["theMarked:EmpowerWeapon+1","theMarked:WardOff+1","theMarked:ResourceFulStrike"],"picked":"SKIP","floor":35.0},{"not_picked":["theMarked:Improvise+1","theMarked:Electrocute","theMarked:WastefulAttack+1"],"picked":"SKIP","floor":37.0},{"not_picked":["theMarked:Frustration","theMarked:Improvise+1","theMarked:ShockingTouch"],"picked":"SKIP","floor":40.0},{"not_picked":["theMarked:Electrocute","theMarked:EnhancedHearing+1"],"picked":"theMarked:Seal+1","floor":42.0},{"not_picked":["theMarked:SelfDefenseTraining+1","theMarked:Frustration"],"picked":"theMarked:StartUp+1","floor":44.0},{"not_picked":["theMarked:ReduceFriction+1","theMarked:TwofoldDefense+1","theMarked:Aftermath+1"],"picked":"SKIP","floor":45.0},{"not_picked":["theMarked:FavorableWinds+1","theMarked:RepellingDischarge+1","theMarked:EmpowerWeapon+1"],"picked":"SKIP","floor":48},{"not_picked":["theMarked:Static+1","theMarked:Electrocute","theMarked:Aftermath+1"],"picked":"SKIP","floor":54}],"player_experience":1139695,"relics_obtained":[{"floor":7.0,"key":"Lantern"},{"floor":10.0,"key":"Toxic Egg 2"},{"floor":13.0,"key":"Art of War"},{"floor":23.0,"key":"Juzu Bracelet"},{"floor":26.0,"key":"Happy Flower"},{"floor":29.0,"key":"theMarked:NailFile"},{"floor":30.0,"key":"The Courier"},{"floor":34.0,"key":"Strawberry"},{"floor":34.0,"key":"Kunai"},{"floor":34.0,"key":"Unceasing Top"},{"floor":36.0,"key":"CaptainsWheel"},{"floor":40.0,"key":"Bag of Preparation"},{"floor":43.0,"key":"Du-Vu Doll"},{"floor":44.0,"key":"Centennial Puzzle"},{"floor":46,"key":"Gambling Chip"},{"floor":54,"key":"Blood Vial"}],"event_choices":[{"cards_removed":["theMarked:Defend"],"damage_healed":0.0,"max_hp_gain":0.0,"max_hp_loss":0.0,"gold_gain":0.0,"event_name":"Living Wall","player_choice":"Forget","floor":2.0,"gold_loss":0.0,"damage_taken":0.0},{"damage_healed":0.0,"max_hp_gain":0.0,"max_hp_loss":0.0,"gold_gain":0.0,"event_name":"Accursed Blacksmith","player_choice":"Rummage","floor":3.0,"gold_loss":0.0,"damage_taken":0.0,"relics_obtained":["WarpedTongs"],"cards_obtained":["Pain"]},{"cards_removed":["theMarked:Defend"],"damage_healed":0.0,"max_hp_gain":0.0,"max_hp_loss":0.0,"gold_gain":0.0,"event_name":"Beggar","player_choice":"Gave Gold","floor":20.0,"gold_loss":75.0,"damage_taken":0.0},{"cards_removed":["theMarked:Strike"],"damage_healed":0.0,"max_hp_gain":0.0,"max_hp_loss":0.0,"gold_gain":0.0,"event_name":"Bonfire Elementals","player_choice":"Offered Basic","floor":22.0,"gold_loss":0.0,"damage_taken":0.0},{"damage_healed":0.0,"max_hp_gain":0.0,"max_hp_loss":0.0,"gold_gain":0.0,"event_name":"Colosseum","player_choice":"Fight","floor":30.0,"gold_loss":0.0,"damage_taken":0.0},{"damage_healed":0.0,"max_hp_gain":0.0,"max_hp_loss":0.0,"gold_gain":0.0,"event_name":"Colosseum","player_choice":"Fought Nobs","floor":30.0,"gold_loss":0.0,"damage_taken":0.0},{"damage_healed":0.0,"max_hp_gain":0.0,"max_hp_loss":0.0,"gold_gain":0.0,"event_name":"MindBloom","player_choice":"Fight","floor":36.0,"gold_loss":0.0,"damage_taken":0.0},{"cards_removed":["Slimebound:Tackle"],"damage_healed":0.0,"max_hp_gain":0.0,"max_hp_loss":0.0,"gold_gain":0.0,"event_name":"Falling","player_choice":"Removed Attack","floor":38.0,"gold_loss":0.0,"damage_taken":0.0},{"damage_healed":0.0,"max_hp_gain":0.0,"max_hp_loss":0.0,"gold_gain":0.0,"cards_transformed":["Slimebound:Tackle"],"event_name":"Transmorgrifier","player_choice":"Transformed","floor":39.0,"gold_loss":0.0,"damage_taken":0.0,"cards_obtained":["theMarked:TakeCover"]},{"damage_healed":0,"gold_gain":0,"player_choice":"Fight","damage_taken":0,"max_hp_gain":0,"max_hp_loss":0,"event_name":"Mysterious Sphere","floor":46,"gold_loss":0}],"is_beta":false,"boss_relics":[{"not_picked":["Ectoplasm","Pandora\u0027s Box"],"picked":"Runic Pyramid"},{"not_picked":["theMarked:BronzeBlade","Velvet Choker"],"picked":"Calling Bell"}],"items_purged_floors":[12,47],"is_endless":false,"potions_floor_spawned":[7,10,16,18,23,27,30,30,35,36,45,46,48],"ascension_level":0}}