{"host":"od099uxc49ip1k8b","time":1608928729,"event":{"mods":["Act Like it!","BaseMod","Downfall","Gensokyo","Hermit","Highlight Path","Koishi","Marisa????????","Minty Spire (QoL Compilation)","Rare Cards Sparkle","Remilia??????","StSLib","Td1madao Mod","The Administrix","The Animator","The Cursed","The Gatherer","The Servant 0.9.4","The Wild Card","Waifu the Spire","WarShipGirlsR/????R mod","Yuyuko"],"gold_per_floor":[109,74,74,84,98,98,132,132,211,227,227,227,238,257,257,354,354,370,390,54,69,89,89,108,120,120,120,134,134,134,134],"floor_reached":30,"playtime":2992,"items_purged":[],"score":261,"play_id":"1aabfc12-e68b-46d7-98f7-4e3c82f67119","local_time":"20201225153849","is_ascension_mode":false,"campfire_choices":[{"data":"rmod:fletcherpendant","floor":6,"key":"SMITH"},{"floor":8,"key":"REST"},{"data":"rmod:diamondstrike","floor":11,"key":"SMITH"},{"data":"rmod:unsinkable","floor":15,"key":"SMITH"},{"floor":23,"key":"REST"}],"circlet_count":0,"master_deck":["rmod:strick","rmod:strick","rmod:strick","rmod:strick","rmod:defend","rmod:defend","rmod:defend","rmod:defend","rmod:basicallowance","rmod:maingunfire","rmod:diamondstrike+1","rmod:fletcherpendant+1","rmod:smokecover","rmod:unsinkable+1","rmod:guardianhero","rmod:auspiciousomen","rmod:overbreakdown","rmod:supportaircraftcarrier","rmod:luckystar","rmod:overbreakdown","rmod:firesupport","rmod:heivgo"],"relics":["rmod:firstchargereward","Boot","PreservedInsect","Eternal Feather","SlaversCollar","Pantograph","Pear"],"acts_visited":["Exordium","TheCity"],"potions_floor_usage":[16,18,25,29],"damage_taken":[{"damage":0,"enemies":"2 Louse","floor":1,"turns":2},{"damage":0,"enemies":"Jaw Worm","floor":4,"turns":4},{"damage":0,"enemies":"Small Slimes","floor":5,"turns":2},{"damage":28,"enemies":"Gremlin Nob","floor":7,"turns":4},{"damage":0,"enemies":"Looter","floor":10,"turns":4},{"damage":0,"enemies":"Large Slime","floor":13,"turns":4},{"damage":0,"enemies":"3 Louse","floor":14,"turns":3},{"damage":29,"enemies":"Slime Boss","floor":16,"turns":15},{"damage":0,"enemies":"Chosen","floor":18,"turns":6},{"damage":7,"enemies":"Shell Parasite","floor":19,"turns":11},{"damage":10,"enemies":"Sentry and Sphere","floor":21,"turns":10},{"damage":24,"enemies":"Snake Plant","floor":22,"turns":5},{"damage":33,"enemies":"Chosen and Byrds","floor":24,"turns":8},{"damage":29,"enemies":"3 Cultists","floor":25,"turns":8},{"damage":9,"enemies":"Snake Plant","floor":28,"turns":5},{"damage":10,"enemies":"Colosseum Slavers","floor":29,"turns":6},{"damage":8,"enemies":"Cultist and Chosen","floor":30,"turns":4}],"seed_played":"8389336298374430491","potions_obtained":[{"floor":4,"key":"champ:CounterPotion"},{"floor":7,"key":"Ancient Potion"},{"floor":13,"key":"ColorlessPotion"},{"floor":16,"key":"Energy Potion"},{"floor":18,"key":"BlessingOfTheForge"}],"is_trial":false,"path_per_floor":["M","?","?","M","M","R","E","R","T","M","R","?","M","M","R","B",null,"M","M","$","M","M","R","M","M","T","?","M","?","M"],"character_chosen":"PRAEFECT","items_purchased":["rmod:luckystar","rmod:overbreakdown","Pantograph"],"campfire_rested":2,"item_purchase_floors":[20,20,20],"current_hp_per_floor":[75,75,75,75,75,75,47,69,69,69,75,80,80,80,80,51,80,80,73,73,63,39,75,42,13,23,23,14,4,0,0],"gold":134,"neow_bonus":"RANDOM_COMMON_RELIC","is_daily":false,"chose_seed":false,"campfire_upgraded":3,"win_rate":0.0,"timestamp":1608928729,"path_taken":["M","?","?","M","M","R","E","R","T","M","R","?","M","M","R","BOSS","M","M","$","M","M","R","M","M","T","?","M","?","M"],"items_purchased_type":["Card","Card","Relic"],"build_version":"2020-12-22","purchased_purges":0,"victory":false,"max_hp_per_floor":[75,75,75,75,75,75,75,75,75,75,75,80,80,80,80,80,80,80,80,80,80,80,80,80,80,90,90,90,90,90,90],"card_choices":[{"not_picked":["rmod:luckystar","rmod:ammunitionsupply"],"picked":"rmod:diamondstrike","floor":1},{"not_picked":["rmod:highspeedshooting","rmod:combined"],"picked":"rmod:fletcherpendant","floor":4},{"not_picked":["rmod:highspeedshooting","rmod:steelsupply","rmod:slowdown"],"picked":"SKIP","floor":5},{"not_picked":["rmod:goodfighter","rmod:aviationdawn"],"picked":"rmod:smokecover","floor":7},{"not_picked":["rmod:maintain","rmod:supportescort","rmod:combined"],"picked":"SKIP","floor":10},{"not_picked":["rmod:advancebysurprise","rmod:secretscript"],"picked":"rmod:unsinkable","floor":13},{"not_picked":["rmod:luckystar","rmod:firesupport"],"picked":"rmod:guardianhero","floor":14},{"not_picked":["rmod:seals","rmod:abidefaith"],"picked":"rmod:auspiciousomen","floor":16},{"not_picked":["rmod:goodsister","rmod:openingtorpedo"],"picked":"rmod:overbreakdown","floor":18},{"not_picked":["rmod:sl","rmod:unsinkable+1"],"picked":"rmod:supportaircraftcarrier","floor":19},{"not_picked":["rmod:bulid","rmod:victimresponsibility"],"picked":"rmod:firesupport","floor":21},{"not_picked":["rmod:royalracing","rmod:firesupport"],"picked":"rmod:heivgo","floor":22},{"not_picked":["rmod:diamondstrike","rmod:aviationdawn","rmod:aluminumsupply"],"picked":"SKIP","floor":24},{"not_picked":["rmod:circuitoustactics+1","rmod:firesupport","rmod:steelsupply"],"picked":"SKIP","floor":25},{"not_picked":["rmod:spoils","rmod:ammunitionsupply","rmod:firesupport"],"picked":"SKIP","floor":28}],"player_experience":101805,"relics_obtained":[{"floor":7,"key":"PreservedInsect"},{"floor":9,"key":"Eternal Feather"},{"floor":26,"key":"Pear"}],"event_choices":[{"damage_healed":0,"gold_gain":0,"player_choice":"Left Gold","damage_taken":0,"max_hp_gain":0,"max_hp_loss":0,"event_name":"World of Goop","floor":2,"gold_loss":35},{"damage_healed":0,"gold_gain":0,"player_choice":"Ignored","damage_taken":0,"max_hp_gain":0,"max_hp_loss":0,"event_name":"Golden Wing","floor":3,"gold_loss":0},{"damage_healed":0,"gold_gain":0,"player_choice":"Donut","damage_taken":0,"max_hp_gain":5,"max_hp_loss":0,"event_name":"Big Fish","floor":12,"gold_loss":0},{"damage_healed":0,"gold_gain":0,"player_choice":"Ignored","damage_taken":0,"max_hp_gain":0,"max_hp_loss":0,"event_name":"Vampires","floor":27,"gold_loss":0},{"damage_healed":0,"gold_gain":0,"player_choice":"Fight","damage_taken":0,"max_hp_gain":0,"max_hp_loss":0,"event_name":"Colosseum","floor":29,"gold_loss":0},{"damage_healed":0,"gold_gain":0,"player_choice":"Fled From Nobs","damage_taken":0,"max_hp_gain":0,"max_hp_loss":0,"event_name":"Colosseum","floor":29,"gold_loss":0}],"is_beta":false,"boss_relics":[{"not_picked":["Runic Pyramid","Calling Bell"],"picked":"SlaversCollar"}],"items_purged_floors":[],"is_endless":false,"potions_floor_spawned":[4,7,13,16,18,21,24],"killed_by":"Cultist and Chosen","ascension_level":0}}