{"host":"6xsbn6ynqlzwllfm","time":1608919267,"event":{"mods":["2.2 Compatiblity","BaseMod","Bestiary","Colored Map","Colored Powertips","Curses Come First","Downfall","Highlight Path","Keyboard Shortcuts","Minty Spire (QoL Compilation)","Quick Restart","Relic Stats","Slay the Relics Exporter","StSLib","SuperFastMode"],"gold_per_floor":[113,24,24,40,40,70,90,119,190,190,203,215,140,165,165,165,165],"floor_reached":16,"playtime":231,"items_purged":["Strike_R"],"score":270,"play_id":"f15b27f6-cee8-4af1-a4c6-720bf3458aa0","local_time":"20201225130107","is_ascension_mode":true,"campfire_choices":[{"data":"Armaments","floor":10,"key":"SMITH"},{"data":"Uppercut","floor":15,"key":"SMITH"}],"circlet_count":0,"master_deck":["AscendersBane","Strike_R","Strike_R","Strike_R","Defend_R","Defend_R","Defend_R","Defend_R","Bash","Hemokinesis","Combust","Wild Strike","Combust","Combust","Armaments+1","Uppercut+1"],"relics":["Burning Blood","NeowsBlessing","Magic Flower","Happy Flower","Bottled Flame","Smiling Mask"],"acts_visited":["Exordium"],"potions_floor_usage":[],"damage_taken":[{"damage":0,"enemies":"2 Louse","floor":1,"turns":1},{"damage":0,"enemies":"Cultist","floor":4,"turns":1},{"damage":0,"enemies":"3 Sentries","floor":6,"turns":1},{"damage":9,"enemies":"Jaw Worm","floor":7,"turns":3},{"damage":46,"enemies":"Lagavulin","floor":8,"turns":5},{"damage":17,"enemies":"Exordium Wildlife","floor":11,"turns":4},{"damage":4,"enemies":"2 Fungi Beasts","floor":12,"turns":3},{"damage":68,"enemies":"Hexaghost","floor":16,"turns":9}],"seed_played":"1698280176595797305","potions_obtained":[{"floor":1,"key":"Strength Potion"},{"floor":6,"key":"FearPotion"},{"floor":12,"key":"FairyPotion"}],"is_trial":false,"path_per_floor":["M","$","?","M","$","E","M","E","T","R","M","M","$","T","R","B"],"character_chosen":"IRONCLAD","items_purchased":["Combust"],"campfire_rested":0,"item_purchase_floors":[2],"current_hp_per_floor":[74,74,74,75,75,75,75,38,38,38,30,35,35,35,35,0,0],"gold":165,"neow_bonus":"THREE_ENEMY_KILL","is_daily":false,"chose_seed":false,"campfire_upgraded":2,"win_rate":0.0,"timestamp":1608919267,"path_taken":["M","$","?","M","?","E","M","E","T","R","M","M","$","?","R","BOSS"],"items_purchased_type":["Card"],"build_version":"2020-12-22","purchased_purges":1,"victory":false,"max_hp_per_floor":[75,75,75,75,75,75,75,75,75,75,75,75,75,75,75,75,75],"relic_stats":{"Happy Flower":[5],"counters":[8,27],"Magic Flower":[23],"Smiling Mask":0,"obtain_stats":[{"Bottled Flame":9,"NeowsBlessing":0,"Happy Flower":8,"Magic Flower":6,"Smiling Mask":14,"Burning Blood":0},{"Bottled Flame":5,"NeowsBlessing":0,"Happy Flower":5,"Magic Flower":3,"Smiling Mask":7,"Burning Blood":0},{"Bottled Flame":11,"NeowsBlessing":0,"Happy Flower":11,"Magic Flower":3,"Smiling Mask":18,"Burning Blood":0}],"Burning Blood":43},"card_choices":[{"not_picked":["Intimidate","Clash"],"picked":"Hemokinesis","floor":1},{"not_picked":["Warcry","Second Wind"],"picked":"Wild Strike","floor":4},{"not_picked":["Twin Strike","Headbutt"],"picked":"Combust","floor":6},{"not_picked":["Fiend Fire","True Grit"],"picked":"Combust","floor":7},{"not_picked":["Dual Wield","Heavy Blade"],"picked":"Armaments","floor":8},{"not_picked":["Infernal Blade","Feel No Pain"],"picked":"Uppercut","floor":11}],"player_experience":1257471,"relics_obtained":[{"floor":6,"key":"Magic Flower"},{"floor":8,"key":"Happy Flower"},{"floor":9,"key":"Bottled Flame"},{"floor":14,"key":"Smiling Mask"}],"event_choices":[{"cards_removed":["Strike_R"],"damage_healed":0,"gold_gain":0,"player_choice":"Card Removal","damage_taken":0,"max_hp_gain":0,"max_hp_loss":0,"event_name":"Wheel of Change","floor":3,"gold_loss":0}],"is_beta":false,"boss_relics":[],"items_purged_floors":[13],"is_endless":false,"potions_floor_spawned":[1,6,12],"killed_by":"Hexaghost","ascension_level":20}}