{"host":"8fjsnt81u6xsmhji","time":1608872865,"event":{"mods":["BaseMod","Colored Powertips","Downfall","Glutton Mod","Hermit","Minty Spire (QoL Compilation)","Quick Restart","Somnambulant","StSLib","The Blackbeard","The Bladedancer","The Bug Knight","The Construct","The Forsaken","The Hierophant","The Mystic","The Servant 0.9.4"],"gold_per_floor":[164,164,181,198,198,226,226,63,63,79,143,143,161,111,111,209,209,225,243,272,285,304,304,150,164,190,190,5,30,64,96,96,196,196,208,208,258,313,2,31,50,76,100,116,130,158,158,176,176,176],"floor_reached":51,"playtime":4103,"items_purged":[],"score":835,"play_id":"0e498945-d2de-4503-a8b5-f00996ee9206","local_time":"20201224230745","is_ascension_mode":true,"campfire_choices":[{"floor":7.0,"key":"REST"},{"data":"blademaster:StanceMastery","floor":15.0,"key":"SMITH"},{"floor":23.0,"key":"REST"},{"data":"blademaster:EnchantedCuirass","floor":32.0,"key":"SMITH"},{"data":"blademaster:AspectOfWind+1","floor":49,"key":"PURGE"}],"circlet_count":0,"master_deck":["blademaster:Strike","blademaster:Strike","blademaster:Strike+1","blademaster:Defend+1","blademaster:Defend","blademaster:RagingBlow","blademaster:HighVoltage","blademaster:BloodyBlow","blademaster:ParryingStrike+1","blademaster:Safeguard","blademaster:Vortex","blademaster:StanceMastery+1","blademaster:ChargingUp+1","blademaster:LeechingStrike+1","blademaster:Stability+1","blademaster:EnchantedCuirass+1","blademaster:Frontflip+1","blademaster:Thrust+1","blademaster:DaggerAndCloak+1","blademaster:AwakeningDefend+1","blademaster:Bloodbath","blademaster:Breeze+1","Sadistic Nature","blademaster:Overcharge","blademaster:Sharpen+1","blademaster:AspectOfLightning+1","blademaster:Flash","Madness","Madness","blademaster:SharpBlades","blademaster:Meditate+1","blademaster:CombatPrep+1"],"relics":["Tiny House","InkBottle","theForsaken:HumbleEgg","WingedGreaves","SlaversCollar","Red Mask","Orichalcum","Vajra","Art of War","Pocketwatch","Bronze Scales","Black Star","Calipers","MealTicket","Dead Branch","Regal Pillow","theForsaken:Gavel","construct:FoamFinger","Whetstone","Guardian:PocketSentry","Peace Pipe","Nunchaku"],"acts_visited":["Exordium","TheCity","TheBeyond"],"potions_floor_usage":[42,44,50],"damage_taken":[{"damage":0.0,"enemies":"2 Louse","floor":1.0,"turns":2.0},{"damage":10.0,"enemies":"Small Slimes","floor":3.0,"turns":6.0},{"damage":1.0,"enemies":"Jaw Worm","floor":4.0,"turns":5.0},{"damage":16.0,"enemies":"Lagavulin","floor":6.0,"turns":5.0},{"damage":0.0,"enemies":"Gremlin Gang","floor":10.0,"turns":4.0},{"damage":26.0,"enemies":"3 Sentries","floor":11.0,"turns":11.0},{"damage":0.0,"enemies":"Looter","floor":13.0,"turns":3.0},{"damage":18.0,"enemies":"Slime Boss","floor":16.0,"turns":6.0},{"damage":6.0,"enemies":"Chosen","floor":18.0,"turns":5.0},{"damage":3.0,"enemies":"Spheric Guardian","floor":19.0,"turns":6.0},{"damage":24.0,"enemies":"Masked Bandits","floor":20.0,"turns":5.0},{"damage":14.0,"enemies":"3 Cultists","floor":21.0,"turns":5.0},{"damage":11.0,"enemies":"Snake Plant","floor":22.0,"turns":7.0},{"damage":0.0,"enemies":"Snecko","floor":25.0,"turns":7.0},{"damage":13.0,"enemies":"Slavers","floor":29.0,"turns":4.0},{"damage":0.0,"enemies":"Gremlin Leader","floor":30.0,"turns":5.0},{"damage":1.0,"enemies":"HollowMod:Nosk","floor":31.0,"turns":6.0},{"damage":1.0,"enemies":"Champ","floor":33.0,"turns":6.0},{"damage":0.0,"enemies":"Orb Walker","floor":35.0,"turns":4.0},{"damage":5.0,"enemies":"Mind Bloom Boss Battle","floor":37.0,"turns":6.0},{"damage":0,"enemies":"Nemesis","floor":40,"turns":5},{"damage":17,"enemies":"3 Darklings","floor":41,"turns":3},{"damage":20,"enemies":"Reptomancer","floor":42,"turns":6},{"damage":2,"enemies":"Spire Growth","floor":44,"turns":5},{"damage":2,"enemies":"Writhing Mass","floor":45,"turns":5},{"damage":2,"enemies":"Giant Head","floor":46,"turns":6},{"damage":0,"enemies":"Jaw Worm Horde","floor":48,"turns":3},{"damage":19,"enemies":"Awakened One","floor":50,"turns":9}],"seed_played":"-8477269148488382698","potions_obtained":[{"floor":0.0,"key":"DistilledChaos"},{"floor":3.0,"key":"LiquidMemories"},{"floor":11.0,"key":"Guardian:BlockOnCardUsePotion"},{"floor":16.0,"key":"CultistPotion"},{"floor":21.0,"key":"sneckomod:MuddlingPotion"},{"floor":25.0,"key":"Guardian:BlockOnCardUsePotion"},{"floor":30.0,"key":"PowerPotion"},{"floor":37.0,"key":"PowerPotion"},{"floor":41,"key":"PowerPotion"},{"floor":42,"key":"FairyPotion"},{"floor":44,"key":"Strength Potion"},{"floor":48,"key":"DuplicationPotion"}],"is_trial":false,"path_per_floor":["M","?","M","M","?","E","R","$","T","M","?","?","M","?","R","B",null,"M","M","?","M","M","R","$","M","T","?","$","E","E","E","R","B",null,"M","?","?","T","$","E","M","E","T","M","M","E","?","M","R","B",null],"character_chosen":"THE_BLADEMASTER","items_purchased":["blademaster:StanceMastery","Orichalcum","Sadistic Nature","Dead Branch"],"campfire_rested":2,"item_purchase_floors":[8,24,28,39],"current_hp_per_floor":[80,85,75,74,74,58,83,83,83,83,57,57,57,57,57,39,85,84,82,68,59,53,78,78,85,85,85,85,77,85,84,84,85,85,85,74,69,69,84,85,68,48,48,46,71,77,77,85,85,75],"gold":176,"neow_bonus":"BOSS_RELIC","is_daily":false,"chose_seed":false,"campfire_upgraded":2,"win_rate":0.0,"timestamp":1608872865,"path_taken":["M","?","M","M","?","E","R","$","T","M","?","?","M","?","R","BOSS","M","M","?","M","M","R","$","M","T","?","$","E","E","E","R","BOSS","M","?","?","?","$","E","M","E","T","?","M","E","?","M","R","BOSS"],"items_purchased_type":["Card","Relic","Card","Relic"],"build_version":"2020-12-22","purchased_purges":0,"victory":true,"max_hp_per_floor":[80,85,85,85,85,85,85,85,85,85,85,85,85,85,85,85,85,85,85,85,85,85,85,85,85,85,85,85,85,85,85,85,85,85,85,85,85,85,85,85,85,85,85,85,85,85,85,85,85,85],"card_choices":[{"not_picked":["blademaster:Frontflip","blademaster:Quickstep"],"picked":"blademaster:BloodyBlow","floor":0.0},{"not_picked":["blademaster:Quickstep","blademaster:RollingTyphoon","blademaster:Slice"],"picked":"SKIP","floor":1.0},{"not_picked":["blademaster:ThunderSlash","blademaster:AirSlash"],"picked":"blademaster:ParryingStrike","floor":3.0},{"not_picked":["blademaster:KiBarrier","blademaster:Frontflip"],"picked":"blademaster:Safeguard","floor":4.0},{"not_picked":["blademaster:SlyStabs","blademaster:Thrust"],"picked":"blademaster:Vortex","floor":6.0},{"not_picked":["blademaster:Discharge","blademaster:Flurry+1"],"picked":"blademaster:ChargingUp+1","floor":10.0},{"not_picked":["blademaster:CombatPrep+1","blademaster:Momentum"],"picked":"blademaster:LeechingStrike+1","floor":11.0},{"not_picked":["blademaster:BladeCross","blademaster:AwakeningStrike+1"],"picked":"blademaster:Stability+1","floor":13.0},{"not_picked":["blademaster:UnrelentingWind","blademaster:ThreePointStrike"],"picked":"blademaster:EnchantedCuirass","floor":16.0},{"not_picked":["blademaster:AspectOfLightning+1","blademaster:Sunder+1"],"picked":"blademaster:Frontflip+1","floor":18.0},{"not_picked":["blademaster:Hailwind","blademaster:LightningCrash"],"picked":"blademaster:Thrust+1","floor":19.0},{"not_picked":["blademaster:Stability+1","blademaster:Rupture"],"picked":"blademaster:DaggerAndCloak+1","floor":20.0},{"not_picked":["blademaster:Thrust+1","blademaster:LeechingStrike+1"],"picked":"blademaster:AwakeningDefend+1","floor":21.0},{"not_picked":["blademaster:DeadlyDance","blademaster:IcyWind"],"picked":"blademaster:Bloodbath","floor":22.0},{"not_picked":["blademaster:Frontflip+1","blademaster:BladeDance"],"picked":"blademaster:Breeze+1","floor":25.0},{"not_picked":["blademaster:ColdBlood","blademaster:LeechingStrike+1"],"picked":"blademaster:Overcharge","floor":29.0},{"not_picked":["blademaster:Sunder+1","blademaster:Slice+1"],"picked":"blademaster:Sharpen+1","floor":30.0},{"not_picked":["blademaster:Flurry+1","blademaster:Slice+1"],"picked":"blademaster:AspectOfLightning+1","floor":31.0},{"not_picked":["blademaster:FlockOfBlades","blademaster:BladeDance"],"picked":"blademaster:Flash","floor":33.0},{"not_picked":["blademaster:Slice+1","blademaster:Breeze","blademaster:ChargingUp+1"],"picked":"SKIP","floor":35.0},{"not_picked":["blademaster:BrainBloom+1","blademaster:Blockade+1"],"picked":"blademaster:SharpBlades","floor":37.0},{"not_picked":["blademaster:Cut+1","blademaster:ThunderingOpener","blademaster:ThunderSlash+1"],"picked":"SKIP","floor":40},{"not_picked":["blademaster:Gust","blademaster:FuriousStrike+1"],"picked":"blademaster:AspectOfWind+1","floor":41},{"not_picked":["blademaster:Cut+1","blademaster:RollingTyphoon","blademaster:WindSlash+1"],"picked":"SKIP","floor":42},{"not_picked":["blademaster:CombatPrep+1","blademaster:FuriousStrike+1"],"picked":"blademaster:Meditate+1","floor":44},{"not_picked":["blademaster:AwakeningStrike+1","blademaster:ParryingStrike+1","blademaster:Slice+1"],"picked":"SKIP","floor":45},{"not_picked":["blademaster:Flurry+1","blademaster:Quickstep+1"],"picked":"blademaster:CombatPrep+1","floor":46},{"not_picked":["blademaster:Breeze+1","blademaster:Quickstep+1","blademaster:DeadlyDance"],"picked":"SKIP","floor":48}],"player_experience":727664,"relics_obtained":[{"floor":6.0,"key":"InkBottle"},{"floor":6.0,"key":"blademaster:RandomStancePerk"},{"floor":9.0,"key":"theForsaken:HumbleEgg"},{"floor":11.0,"key":"WingedGreaves"},{"floor":11.0,"key":"blademaster:ComboEveryTurnPerk"},{"floor":20.0,"key":"Red Mask"},{"floor":26.0,"key":"Vajra"},{"floor":29.0,"key":"Art of War"},{"floor":29.0,"key":"blademaster:OnAttackedChargePerk"},{"floor":30.0,"key":"Pocketwatch"},{"floor":30.0,"key":"blademaster:DextrousPerk"},{"floor":31.0,"key":"Bronze Scales"},{"floor":31.0,"key":"blademaster:LightningChargePerk"},{"floor":37.0,"key":"Calipers"},{"floor":37.0,"key":"blademaster:BleedingMoreDamagePerk"},{"floor":38.0,"key":"MealTicket"},{"floor":40,"key":"Regal Pillow"},{"floor":40,"key":"blademaster:FuryEveryTurnPerk"},{"floor":40,"key":"theForsaken:Gavel"},{"floor":42,"key":"construct:FoamFinger"},{"floor":42,"key":"Whetstone"},{"floor":42,"key":"blademaster:BonusComboPerk"},{"floor":43,"key":"Guardian:PocketSentry"},{"floor":46,"key":"Peace Pipe"},{"floor":46,"key":"blademaster:RandomBladePerk"},{"floor":46,"key":"Nunchaku"}],"event_choices":[{"damage_healed":0.0,"max_hp_gain":5.0,"max_hp_loss":0.0,"gold_gain":0.0,"event_name":"Big Fish","player_choice":"Donut","floor":2.0,"gold_loss":0.0,"damage_taken":0.0},{"cards_removed":["blademaster:Defend"],"damage_healed":0.0,"max_hp_gain":0.0,"max_hp_loss":0.0,"gold_gain":0.0,"event_name":"Living Wall","player_choice":"Forget","floor":5.0,"gold_loss":0.0,"damage_taken":0.0},{"damage_healed":0.0,"max_hp_gain":0.0,"max_hp_loss":0.0,"gold_gain":0.0,"event_name":"Dead Adventurer","player_choice":"Searched \u00272\u0027 times","floor":11.0,"gold_loss":0.0,"damage_taken":0.0},{"cards_removed":["blademaster:Defend"],"damage_healed":0.0,"max_hp_gain":0.0,"max_hp_loss":0.0,"gold_gain":0.0,"event_name":"The Cleric","player_choice":"Card Removal","floor":14.0,"gold_loss":50.0,"damage_taken":0.0},{"damage_healed":0.0,"max_hp_gain":0.0,"max_hp_loss":0.0,"gold_gain":0.0,"event_name":"Masked Bandits","player_choice":"Fought Bandits","floor":20.0,"gold_loss":0.0,"damage_taken":0.0},{"damage_healed":0.0,"max_hp_gain":0.0,"max_hp_loss":0.0,"gold_gain":0.0,"event_name":"Vampires","player_choice":"Ignored","floor":27.0,"gold_loss":0.0,"damage_taken":0.0},{"damage_healed":0.0,"max_hp_gain":0.0,"max_hp_loss":0.0,"gold_gain":0.0,"event_name":"Winding Halls","player_choice":"Embrace Madness","floor":36.0,"gold_loss":0.0,"damage_taken":11.0,"cards_obtained":["Madness","Madness"]},{"damage_healed":0.0,"max_hp_gain":0.0,"max_hp_loss":0.0,"gold_gain":0.0,"event_name":"MindBloom","player_choice":"Fight","floor":37.0,"gold_loss":0.0,"damage_taken":0.0},{"cards_removed":["blademaster:Strike"],"damage_healed":0,"gold_gain":0,"player_choice":"Removed Attack","damage_taken":0,"max_hp_gain":0,"max_hp_loss":0,"event_name":"Falling","floor":47,"gold_loss":0}],"is_beta":false,"boss_relics":[{"not_picked":["Cursed Key","construct:ClawGrip"],"picked":"SlaversCollar"},{"not_picked":["theForsaken:PaleLantern","Runic Pyramid"],"picked":"Black Star"}],"items_purged_floors":[],"is_endless":false,"potions_floor_spawned":[3,11,16,18,21,25,30,37,41,42,44,48],"ascension_level":1}}