{"host":"w3q5ijqu8eoknil3","time":1608858581,"event":{"mods":["BaseMod","Block Reminder","Colored Powertips","Minty Spire (QoL Compilation)","Quick Restart","Relic Stats","ojb\u0027s Better Paths Mod","ojb\u0027s Info Mod","slay the spire mod where everything is the same but ironclad has a cowboy hat"],"gold_per_floor":[115,115,115,115,133,133,172,14,41,54,72,107,107,150,150,243,243,259,259,259,283,307,357,357,366,366,366,366,366],"floor_reached":28,"playtime":795,"items_purged":[],"score":558,"play_id":"d081d9cd-fdc9-4685-94b1-f1a2683abd92","local_time":"20201225010941","is_ascension_mode":true,"campfire_choices":[{"data":"Bash","floor":6,"key":"SMITH"},{"data":"Infernal Blade","floor":13,"key":"SMITH"},{"data":"Barricade","floor":15,"key":"SMITH"},{"floor":24,"key":"REST"},{"data":"Evolve","floor":27,"key":"SMITH"}],"circlet_count":0,"master_deck":["AscendersBane","Strike_R","Strike_R","Strike_R","Strike_R","Strike_R","Defend_R","Defend_R","Defend_R","Defend_R","Bash+1","Iron Wave","Headbutt","Infernal Blade+1","Shockwave","Barricade+1","Offering","Cleave","Immolate","Clothesline","Shockwave+1","Power Through+1","Fire Breathing","Evolve+1"],"relics":["Burning Blood","NeowsBlessing","Golden Idol","Blood Vial","Blue Candle","Omamori","Anchor","Pantograph","Akabeko","Mark of Pain","Toxic Egg 2","FaceOfCleric","CeramicFish","White Beast Statue"],"acts_visited":["Exordium","TheCity"],"potions_floor_usage":[12,16,16,22],"damage_taken":[{"damage":0,"enemies":"Jaw Worm","floor":1,"turns":1},{"damage":0,"enemies":"2 Louse","floor":5,"turns":1},{"damage":0,"enemies":"Gremlin Nob","floor":7,"turns":1},{"damage":10,"enemies":"Small Slimes","floor":10,"turns":3},{"damage":12,"enemies":"Exordium Thugs","floor":11,"turns":5},{"damage":12,"enemies":"Lagavulin","floor":12,"turns":9},{"damage":31,"enemies":"3 Sentries","floor":14,"turns":9},{"damage":13,"enemies":"Hexaghost","floor":16,"turns":9},{"damage":7,"enemies":"2 Thieves","floor":18,"turns":2},{"damage":31,"enemies":"Shell Parasite","floor":21,"turns":5},{"damage":6,"enemies":"3 Cultists","floor":22,"turns":3},{"damage":43,"enemies":"Gremlin Leader","floor":23,"turns":6},{"damage":36,"enemies":"Sentry and Sphere","floor":28,"turns":5}],"seed_played":"-6124298832022554604","potions_obtained":[{"floor":5,"key":"EssenceOfSteel"},{"floor":7,"key":"ColorlessPotion"},{"floor":12,"key":"CultistPotion"},{"floor":18,"key":"Explosive Potion"}],"is_trial":false,"path_per_floor":["M","?","$","?","M","R","E","$","T","M","M","E","R","E","R","B",null,"M","?","?","M","M","E","R","?","T","R","M"],"character_chosen":"IRONCLAD","items_purchased":["Omamori"],"campfire_rested":1,"item_purchase_floors":[8],"current_hp_per_floor":[74,68,68,57,65,65,68,68,68,64,60,56,56,33,33,53,64,65,65,65,43,46,12,33,33,33,33,0,0],"gold":366,"neow_bonus":"THREE_ENEMY_KILL","is_daily":false,"chose_seed":false,"campfire_upgraded":4,"win_rate":0.0,"timestamp":1608858581,"path_taken":["M","?","$","?","M","R","E","?","T","?","M","E","R","E","R","BOSS","M","?","?","M","?","E","R","?","T","R","M"],"items_purchased_type":["Relic"],"build_version":"2020-12-22","purchased_purges":0,"victory":false,"max_hp_per_floor":[75,68,68,68,68,68,68,68,68,68,68,68,68,68,68,68,68,68,68,68,69,70,71,71,71,71,71,71,71],"relic_stats":{"Blood Vial":22,"FaceOfCleric":3,"counters":[13,59],"Golden Idol":75,"Blue Candle":[0],"Pantograph":25,"CeramicFish":18,"obtain_stats":[{"NeowsBlessing":0,"Golden Idol":2,"Blue Candle":7,"CeramicFish":23,"Omamori":8,"Burning Blood":0,"Akabeko":14,"White Beast Statue":26,"Blood Vial":4,"Anchor":9,"FaceOfCleric":20,"Pantograph":12,"Mark of Pain":17,"Toxic Egg 2":19},{"NeowsBlessing":0,"Golden Idol":1,"Blue Candle":3,"CeramicFish":12,"Omamori":3,"Burning Blood":0,"Akabeko":7,"White Beast Statue":12,"Blood Vial":1,"Anchor":3,"FaceOfCleric":9,"Pantograph":6,"Mark of Pain":8,"Toxic Egg 2":9},{"NeowsBlessing":0,"Golden Idol":1,"Blue Candle":3,"CeramicFish":54,"Omamori":3,"Burning Blood":0,"Akabeko":29,"White Beast Statue":54,"Blood Vial":1,"Anchor":3,"FaceOfCleric":40,"Pantograph":20,"Mark of Pain":38,"Toxic Egg 2":40}],"Burning Blood":67},"card_choices":[{"not_picked":["Dark Embrace","Blood for Blood"],"picked":"Iron Wave","floor":1},{"not_picked":["Heavy Blade","Body Slam"],"picked":"Headbutt","floor":5},{"not_picked":["Heavy Blade","Rage"],"picked":"Infernal Blade","floor":7},{"not_picked":["Intimidate","Havoc"],"picked":"Shockwave","floor":10},{"not_picked":["Reckless Charge","Twin Strike"],"picked":"Barricade","floor":11},{"not_picked":["Fire Breathing","Armaments"],"picked":"Offering","floor":12},{"not_picked":["Combust","Seeing Red"],"picked":"Cleave","floor":14},{"not_picked":["Berserk","Limit Break"],"picked":"Immolate","floor":16},{"not_picked":["Blood for Blood","Havoc"],"picked":"Clothesline","floor":18},{"not_picked":["Flex+1","Sword Boomerang"],"picked":"Shockwave+1","floor":21},{"not_picked":["Body Slam","Burning Pact+1"],"picked":"Power Through+1","floor":22},{"not_picked":["Whirlwind","Berserk"],"picked":"Fire Breathing","floor":23}],"player_experience":944031,"relics_obtained":[{"floor":7,"key":"Blue Candle"},{"floor":9,"key":"Anchor"},{"floor":12,"key":"Pantograph"},{"floor":14,"key":"Akabeko"},{"floor":23,"key":"CeramicFish"},{"floor":26,"key":"White Beast Statue"}],"event_choices":[{"damage_healed":0,"gold_gain":0,"player_choice":"Lose Max HP","damage_taken":0,"relics_obtained":["Golden Idol"],"max_hp_gain":0,"max_hp_loss":7,"event_name":"Golden Idol","floor":2,"gold_loss":0},{"damage_healed":0,"gold_gain":0,"player_choice":"Success","damage_taken":11,"relics_obtained":["Blood Vial"],"max_hp_gain":0,"max_hp_loss":0,"event_name":"Scrap Ooze","floor":4,"gold_loss":0},{"damage_healed":0,"gold_gain":0,"player_choice":"Opened","damage_taken":0,"relics_obtained":["Toxic Egg 2"],"max_hp_gain":0,"max_hp_loss":0,"event_name":"The Mausoleum","floor":19,"gold_loss":0,"cards_obtained":["Writhe"]},{"damage_healed":0,"gold_gain":0,"player_choice":"Trade","damage_taken":0,"relics_obtained":["FaceOfCleric"],"max_hp_gain":0,"max_hp_loss":0,"event_name":"FaceTrader","floor":20,"gold_loss":0},{"damage_healed":0,"gold_gain":0,"player_choice":"Read","damage_taken":0,"max_hp_gain":0,"max_hp_loss":0,"event_name":"The Library","floor":25,"gold_loss":0,"cards_obtained":["Evolve"]}],"is_beta":false,"boss_relics":[{"not_picked":["SlaversCollar","Astrolabe"],"picked":"Mark of Pain"}],"items_purged_floors":[],"is_endless":false,"potions_floor_spawned":[5,7,10,12,14,18],"killed_by":"Sentry and Sphere","ascension_level":20}}