{"host":"vhvubw4jk4f204qs","time":1608870836,"event":{"mods":["AchievementEnabler","Act Like it!","BaseMod","Better Match","Better Note","BetterRewards","Colored Powertips","Downfall","GifTheSpireLib","Googly Eyes","Highlight Path","Jorbs Mod","Marisa????????","Minty Spire (QoL Compilation)","Permanent Neow","Prisma Mod","Quick Restart","Replay The Spire","StSLib","SuperFastMode","The IronCluck","The Servant 0.9.4","slay the spire mod where everything is the same but ironclad has a cowboy hat"],"gold_per_floor":[364,382,382,396,38,38,75,75,99,137,137,67,36,60,60,60,60],"floor_reached":16,"playtime":563,"items_purged":["Pain","Doubt"],"score":212,"play_id":"2546e4f8-9602-49b8-ac55-28a2f0bd9418","local_time":"20201224233356","is_ascension_mode":true,"campfire_choices":[{"data":"Zap","floor":6.0,"key":"SMITH"},{"data":"Consume","floor":11,"key":"SMITH"},{"floor":15,"key":"DIG"}],"circlet_count":0,"master_deck":["AscendersBane","Strike_B","Strike_B","Strike_B","Strike_B","Defend_B","Defend_B","Defend_B","Defend_B","Zap+1","Dualcast","Leap","Chill","Leap","Capacitor","Seek","Capacitor","Consume+1","Sweeping Beam","Self Repair"],"relics":["Cracked Core","WarpedTongs","Membership Card","Blood Vial","CeramicFish","Matryoshka","Juzu Bracelet","Orichalcum","PreservedInsect","Bottled Lightning","Art of War"],"acts_visited":[],"potions_floor_usage":[7],"damage_taken":[{"damage":2.0,"enemies":"2 Louse","floor":1.0,"turns":2.0},{"damage":2.0,"enemies":"Cultist","floor":2.0,"turns":4.0},{"damage":12.0,"enemies":"Jaw Worm","floor":4.0,"turns":4.0},{"damage":16,"enemies":"3 Sentries","floor":7,"turns":14},{"damage":16,"enemies":"Lagavulin","floor":10,"turns":9},{"damage":27,"enemies":"Slime Boss","floor":16,"turns":3}],"seed_played":"1453688614124662080","potions_obtained":[{"floor":1.0,"key":"LiquidMemories"},{"floor":4.0,"key":"Strength Potion"}],"is_trial":false,"path_per_floor":["M","M","?","M","$","R","E","?","T","E","R","$","$","T","R","B"],"character_chosen":"DEFECT","items_purchased":["Membership Card","Capacitor","Seek","Blood Vial","Sweeping Beam","Self Repair"],"campfire_rested":0,"item_purchase_floors":[5,5,5,5,12,13],"current_hp_per_floor":[62,60,60,48,48,48,34,34,34,20,20,20,20,20,20,0,0],"gold":60,"neow_bonus":"TWO_FIFTY_GOLD","is_daily":false,"chose_seed":false,"campfire_upgraded":2,"win_rate":0.0,"timestamp":1608870836,"path_taken":["M","M","?","?","$","R","E","?","T","E","R","?","$","?","R","BOSS"],"items_purchased_type":["Relic","Card","Card","Relic","Card","Card"],"build_version":"2020-12-22","purchased_purges":2,"victory":false,"max_hp_per_floor":[71,71,71,71,71,71,71,71,71,71,71,71,71,71,71,71,71],"card_choices":[{"not_picked":["Beam Cell","Heatsinks"],"picked":"Leap","floor":1.0},{"not_picked":["Darkness","Static Discharge"],"picked":"Chill","floor":2.0},{"not_picked":["Hologram","Heatsinks"],"picked":"Leap","floor":4.0},{"not_picked":["Go for the Eyes","Heatsinks"],"picked":"Capacitor","floor":7},{"not_picked":["Sunder","Barrage"],"picked":"Consume","floor":10}],"player_experience":1043674,"relics_obtained":[{"floor":7,"key":"CeramicFish"},{"floor":9,"key":"Juzu Bracelet"},{"floor":9,"key":"Orichalcum"},{"floor":10,"key":"PreservedInsect"},{"floor":14,"key":"Bottled Lightning"},{"floor":15,"key":"Art of War"}],"event_choices":[{"damage_healed":0.0,"max_hp_gain":0.0,"max_hp_loss":0.0,"gold_gain":0.0,"event_name":"Accursed Blacksmith","player_choice":"Rummage","floor":3.0,"gold_loss":0.0,"damage_taken":0.0,"relics_obtained":["WarpedTongs"],"cards_obtained":["Pain"]},{"damage_healed":0,"gold_gain":0,"player_choice":"Gave Potion","damage_taken":0,"relics_obtained":["Matryoshka"],"max_hp_gain":0,"max_hp_loss":0,"event_name":"WeMeetAgain","floor":8,"gold_loss":0}],"is_beta":false,"boss_relics":[],"items_purged_floors":[5,12],"is_endless":false,"potions_floor_spawned":[1,4],"killed_by":"Slime Boss","ascension_level":20}}