{"host":"627up2rvtmm0cf0r","time":1608895046,"event":{"mods":["ATMod(阿瑾Mod)","Act Like it!","BaseMod","Better Vampires","CapriCore","Card Filter","Card Forge","Colored Powertips","DeckTracker","Dota2Spire","Friendly Minions","Highlight Path","Infinite Spire","Marked Mod","Minty Spire (QoL Compilation)","MostiFishMod","Permanent Neow","Practice Mode","Quick Restart","Relic Stats","Shop Mod","Spicy Shops","StSLib","SuperFastMode","TestMod","【遗物卡牌】REMEMod","残留之物","篝火指南"],"gold_per_floor":[118,44,44,44,44,75,75,99,145,178,178,32,52,77,77,200,200,216,576,589,589,589,630,630,666,691,1091,1104,1120,1135,1135,1035,1189,1189,1205,1224,1224,1303,1316,283,346,346,369,404,454,469,67,67,67,96],"floor_reached":51,"playtime":1908,"items_purged":["PlaceholderMod:BaseStrike","PlaceholderMod:BaseDefend","PlaceholderMod:BaseDefend","Parasite","PlaceholderMod:BaseStrike","PlaceholderMod:BaseStrike"],"score":944,"play_id":"135479cc-42d5-4653-aab4-1e38f491e231","local_time":"20201225191726","is_ascension_mode":true,"campfire_choices":[{"data":"PlaceholderMod:EvolutionSpray","floor":7.0,"key":"SMITH"},{"data":"AT_Dispersion","floor":11.0,"key":"SMITH"},{"data":"testmod-Recap","floor":15.0,"key":"SMITH"},{"data":"PlaceholderMod:ReactionCatalyze","floor":24,"key":"SMITH"},{"floor":49,"key":"RECALL"}],"circlet_count":0,"master_deck":["PlaceholderMod:BaseStrike","PlaceholderMod:BaseStrike","PlaceholderMod:BaseDefend","PlaceholderMod:BaseDefend","PlaceholderMod:BaseDefend","PlaceholderMod:Crystal","PlaceholderMod:PoisonWhip","AT_Dispersion+1","testmod-Recap+1","PlaceholderMod:EvolutionSpray+1","PlaceholderMod:ReactionCatalyze+1","PlaceholderMod:DissolvingSpikes","PlaceholderMod:Activation","PlaceholderMod:ReactionCatalyze","PlaceholderMod:ThreeBenzyolStart","PlaceholderMod:HighConcentration"],"relics":["Hammer of Thor","Seething Fire","Anvil of the Gods","DaveBox","testmod-TestBox","AT_ATBox","testmod-CardMagician","testmod-IntensifyImprint","GuanYuAspect","SynthV:TestCard","Cauldron","Golden Idol","Turnip","Orichalcum","Dota2Spire:ArcaneBoots","Ancient Tea Set","Medical Kit","HaiYi:Twilight","testmod-OneHitWonder","infinitespire:EmpoweringShard","AT_ChloranthyRing","Dota2Spire:HandOfMidas","Fusion Hammer","Dota2Spire:AghanimScepter","Dota2Spire:PowerTreads","AT_ImmortalShieldbow","ChiLing","Chi","Ling","Dota2Spire:MonkeyKingBar","Dota2Spire:ArmletOfMordiggian","testmod-IndustrialRevolution","testmod-Charity","testmod-Antiphasic"],"acts_visited":["Exordium","TheCity","TheBeyond"],"potions_floor_usage":[23,39],"damage_taken":[{"damage":0.0,"enemies":"Cultist","floor":1.0,"turns":3.0},{"damage":27.0,"enemies":"Gremlin Nob","floor":6.0,"turns":5.0},{"damage":1.0,"enemies":"2 Louse","floor":8.0,"turns":3.0},{"damage":0.0,"enemies":"Lagavulin","floor":10.0,"turns":5.0},{"damage":0.0,"enemies":"Small Slimes","floor":13.0,"turns":2.0},{"damage":2.0,"enemies":"3 Louse","floor":14.0,"turns":3.0},{"damage":24.0,"enemies":"The Guardian","floor":16.0,"turns":9.0},{"damage":12.0,"enemies":"2 Thieves","floor":18.0,"turns":4.0},{"damage":4.0,"enemies":"3 Byrds","floor":20.0,"turns":6.0},{"damage":18,"enemies":"REME_1_Revenger","floor":23,"turns":4},{"damage":6,"enemies":"Gremlin Leader","floor":25,"turns":8},{"damage":9,"enemies":"Shelled Parasite and Fungi","floor":28,"turns":5},{"damage":10,"enemies":"3 Cultists","floor":29,"turns":4},{"damage":17,"enemies":"Centurion and Healer","floor":30,"turns":7},{"damage":49,"enemies":"Automaton","floor":33,"turns":9},{"damage":21,"enemies":"3 Darklings","floor":35,"turns":2},{"damage":12,"enemies":"3 Shapes","floor":36,"turns":2},{"damage":25,"enemies":"Sphere and 2 Shapes","floor":38,"turns":6},{"damage":5,"enemies":"Writhing Mass","floor":39,"turns":3},{"damage":3,"enemies":"Reptomancer","floor":41,"turns":3},{"damage":7,"enemies":"Nemesis","floor":44,"turns":2},{"damage":3,"enemies":"Transient","floor":45,"turns":5},{"damage":5,"enemies":"4 Shapes","floor":46,"turns":1},{"damage":37,"enemies":"Awakened One","floor":50,"turns":5}],"seed_played":"-2642867958725600339","potions_obtained":[{"floor":1.0,"key":"Fire Potion"},{"floor":2.0,"key":"ColorlessPotion"},{"floor":2.0,"key":"ColorlessPotion"},{"floor":13.0,"key":"Dota2Spire:Clarity"},{"floor":18.0,"key":"Regen Potion"},{"floor":25,"key":"LiquidMemories"},{"floor":41,"key":"SkillPotion"}],"is_trial":false,"path_per_floor":["M","$","?","?","?","E","R","M","T","E","R","$","M","M","R","B",null,"M","?","M","?","?","E","R","E","T","?","M","M","M","AVR","R","B",null,"M","M","?","M","M","R","E","?","T","E","M","M","R","$","R","B",null],"character_chosen":"THE_PLACEHOLDER","items_purchased":["Cauldron","Medical Kit","Dota2Spire:AghanimScepter","Dota2Spire:PowerTreads","AT_ImmortalShieldbow","ChiLing","PlaceholderMod:HighConcentration","testmod-Charity","testmod-Antiphasic"],"campfire_rested":0,"item_purchase_floors":[2,12,40,40,40,40,40,47,47],"current_hp_per_floor":[39,39,30,23,23,12,12,17,17,31,31,31,38,39,39,39,39,38,2,16,16,7,9,9,39,39,39,39,36,38,38,38,18,38,33,32,32,20,31,31,36,36,36,36,36,34,34,34,34,21],"gold":96,"neow_bonus":"BOSS_RELIC","is_daily":false,"chose_seed":false,"campfire_upgraded":4,"win_rate":0.0,"timestamp":1608895046,"path_taken":["M","?","?","?","?","E","R","?","T","E","R","$","?","M","R","BOSS","M","?","?","?","?","E","R","E","T","?","M","M","M","AVR","R","BOSS","M","M","?","M","M","R","E","?","T","E","?","M","R","$","R","BOSS"],"items_purchased_type":["Relic","Relic","Relic","Relic","Relic","Relic","Card","Relic","Relic"],"build_version":"2020-12-22","purchased_purges":6,"victory":true,"max_hp_per_floor":[39,39,39,39,39,39,39,39,39,39,39,39,39,39,39,39,39,39,39,39,39,39,39,39,39,39,39,39,39,39,39,39,39,39,39,39,39,39,39,36,36,36,36,36,36,36,36,36,36,42],"relic_stats":{"counters":[24,106],"Golden Idol":167,"Turnip":[11],"Orichalcum":[180],"Medical Kit":[1],"obtain_stats":[{"PlaceholderMod:Tancle":0,"Dota2Spire:PowerTreads":40,"AT_ATBox":0,"DaveBox":0,"Chi":40,"Dota2Spire:ArmletOfMordiggian":43,"Hammer of Thor":0,"Ancient Tea Set":10,"testmod-Charity":47,"GuanYuAspect":0,"Fusion Hammer":34,"Dota2Spire:ArcaneBoots":9,"AT_ChloranthyRing":26,"testmod-IntensifyImprint":0,"Dota2Spire:HandOfMidas":31,"testmod-TestBox":0,"Golden Idol":3,"testmod-CardMagician":0,"Seething Fire":0,"Orichalcum":6,"Medical Kit":12,"testmod-IndustrialRevolution":44,"AT_ImmortalShieldbow":40,"Cauldron":2,"testmod-Antiphasic":47,"Dota2Spire:AghanimScepter":40,"Ling":40,"SynthV:TestCard":1,"HaiYi:Twilight":17,"Anvil of the Gods":0,"Turnip":4,"infinitespire:EmpoweringShard":25,"Dota2Spire:MonkeyKingBar":41,"testmod-OneHitWonder":23,"REME_ComplimentaryCards":0,"ChiLing":40},{"PlaceholderMod:Tancle":0,"Dota2Spire:PowerTreads":19,"AT_ATBox":0,"DaveBox":0,"Chi":19,"Dota2Spire:ArmletOfMordiggian":20,"Hammer of Thor":0,"Ancient Tea Set":4,"testmod-Charity":23,"GuanYuAspect":0,"Fusion Hammer":15,"Dota2Spire:ArcaneBoots":3,"AT_ChloranthyRing":11,"testmod-IntensifyImprint":0,"Dota2Spire:HandOfMidas":14,"testmod-TestBox":0,"Golden Idol":1,"testmod-CardMagician":0,"Seething Fire":0,"Orichalcum":2,"Medical Kit":4,"testmod-IndustrialRevolution":21,"AT_ImmortalShieldbow":19,"Cauldron":1,"testmod-Antiphasic":23,"Dota2Spire:AghanimScepter":19,"Ling":19,"SynthV:TestCard":1,"HaiYi:Twilight":7,"Anvil of the Gods":0,"Turnip":1,"infinitespire:EmpoweringShard":11,"Dota2Spire:MonkeyKingBar":20,"testmod-OneHitWonder":10,"REME_ComplimentaryCards":0,"ChiLing":19},{"PlaceholderMod:Tancle":0,"Dota2Spire:PowerTreads":90,"AT_ATBox":0,"DaveBox":0,"Chi":90,"Dota2Spire:ArmletOfMordiggian":93,"Hammer of Thor":0,"Ancient Tea Set":16,"testmod-Charity":101,"GuanYuAspect":0,"Fusion Hammer":77,"Dota2Spire:ArcaneBoots":11,"AT_ChloranthyRing":52,"testmod-IntensifyImprint":0,"Dota2Spire:HandOfMidas":68,"testmod-TestBox":0,"Golden Idol":3,"testmod-CardMagician":0,"Seething Fire":0,"Orichalcum":8,"Medical Kit":16,"testmod-IndustrialRevolution":95,"AT_ImmortalShieldbow":90,"Cauldron":3,"testmod-Antiphasic":101,"Dota2Spire:AghanimScepter":90,"Ling":90,"SynthV:TestCard":3,"HaiYi:Twilight":30,"Anvil of the Gods":0,"Turnip":3,"infinitespire:EmpoweringShard":52,"Dota2Spire:MonkeyKingBar":93,"testmod-OneHitWonder":44,"REME_ComplimentaryCards":0,"ChiLing":90}]},"card_choices":[{"not_picked":["PlaceholderMod:TriggerStrike","PlaceholderMod:Polyp"],"picked":"PlaceholderMod:EvolutionSpray","floor":1.0},{"not_picked":["PlaceholderMod:AttackAsDefend","PlaceholderMod:ParasiteChange","PlaceholderMod:StrongAcid","PlaceholderMod:ChainPoly","PlaceholderMod:HardStinger"],"picked":"SKIP","floor":6.0},{"not_picked":["PlaceholderMod:TriggerStrike","PlaceholderMod:ParasiteChange","PlaceholderMod:Colorful","PlaceholderMod:Internalization","PlaceholderMod:SpinBlade"],"picked":"SKIP","floor":8.0},{"not_picked":["PlaceholderMod:Assimilation","PlaceholderMod:HardStinger","PlaceholderMod:Polyp","PlaceholderMod:PoisonBlast","PlaceholderMod:MultipleOxi"],"picked":"SKIP","floor":10.0},{"not_picked":["PlaceholderMod:InnerStable","PlaceholderMod:ParasiteChange","PlaceholderMod:AttackAsDefend","PlaceholderMod:StrongAcid","PlaceholderMod:DissolvingSpikes"],"picked":"SKIP","floor":13.0},{"not_picked":["PlaceholderMod:DissolvingSpikes","PlaceholderMod:ConsolidateHit","PlaceholderMod:HardStinger","PlaceholderMod:PoisonExcitation","PlaceholderMod:SprayAttack"],"picked":"SKIP","floor":14.0},{"not_picked":["PlaceholderMod:QualitativeChange","PlaceholderMod:Assimilation","PlaceholderMod:SelfCoupling","PlaceholderMod:HornyCollision"],"picked":"PlaceholderMod:ReactionCatalyze","floor":16.0},{"not_picked":["PlaceholderMod:ConsolidateHit","PlaceholderMod:ProliferateStrike","PlaceholderMod:SprayAttack","PlaceholderMod:ComplexForm+1","PlaceholderMod:StrongAcid"],"picked":"SKIP","floor":18.0},{"not_picked":["PlaceholderMod:ContinueSpray","PlaceholderMod:RadicalHit+1","PlaceholderMod:SevereHeat+1","PlaceholderMod:Turn"],"picked":"PlaceholderMod:DissolvingSpikes","floor":20.0},{"not_picked":["PlaceholderMod:ProliferateStrike","PlaceholderMod:StrongAcid","PlaceholderMod:DirectingGroup+1","PlaceholderMod:HardStinger","PlaceholderMod:ContinueSpray"],"picked":"SKIP","floor":23},{"not_picked":["PlaceholderMod:HornyBlast","PlaceholderMod:StressReaction+1","PlaceholderMod:AngryAttack","PlaceholderMod:PoisonExcitation"],"picked":"PlaceholderMod:Activation","floor":25},{"not_picked":["PlaceholderMod:StrongAcid","PlaceholderMod:Sweep+1","PlaceholderMod:StressReaction","PlaceholderMod:Turn","PlaceholderMod:Internalization"],"picked":"SKIP","floor":28},{"not_picked":["PlaceholderMod:HornyCollision","PlaceholderMod:SpinBlade+1","PlaceholderMod:Hard+1","PlaceholderMod:DissolvingSpikes","PlaceholderMod:ContinueSpray+1"],"picked":"SKIP","floor":29},{"not_picked":["PlaceholderMod:UnpureUse+1","PlaceholderMod:CycleAttack+1","PlaceholderMod:AttackAsDefend","PlaceholderMod:HornyBlast","PlaceholderMod:NutritionAbsorb+1"],"picked":"SKIP","floor":30},{"not_picked":["PlaceholderMod:DoublePoint","PlaceholderMod:Assimilation","PlaceholderMod:CorePoison","PlaceholderMod:HornyCollision"],"picked":"PlaceholderMod:ReactionCatalyze","floor":33},{"not_picked":["PlaceholderMod:PoisonAbsorb","PlaceholderMod:AttackAsDefend","PlaceholderMod:HornyBlast+1","PlaceholderMod:StrongAcid+1","PlaceholderMod:SpinBlade"],"picked":"SKIP","floor":35},{"not_picked":["PlaceholderMod:TriggerStrike+1","PlaceholderMod:HardStinger","PlaceholderMod:AbsorbTouch","PlaceholderMod:PoisonAbsorb","PlaceholderMod:PoisonExcitation+1"],"picked":"SKIP","floor":36},{"not_picked":["PlaceholderMod:DissolvingSpikes","PlaceholderMod:ParasiteChange+1","PlaceholderMod:Package","PlaceholderMod:SprayAttack+1","PlaceholderMod:Sweep"],"picked":"SKIP","floor":38},{"not_picked":["PlaceholderMod:PoisonBlast+1","PlaceholderMod:Polyp","PlaceholderMod:AttackAsDefend+1","PlaceholderMod:SprayAttack"],"picked":"PlaceholderMod:ThreeBenzyolStart","floor":39},{"not_picked":["PlaceholderMod:CorePoison","PlaceholderMod:Crystallization","PlaceholderMod:Polyp","PlaceholderMod:StressReaction","PlaceholderMod:SpinBlade"],"picked":"SKIP","floor":41},{"not_picked":["PlaceholderMod:StressReaction+1","PlaceholderMod:PoisonBlast+1","PlaceholderMod:ThreeBenzyolStart","PlaceholderMod:StrongAcid","PlaceholderMod:Hyperplasia+1"],"picked":"SKIP","floor":44},{"not_picked":["PlaceholderMod:StressReaction+1","PlaceholderMod:PoisonBlast+1","PlaceholderMod:ThreeBenzyolStart","PlaceholderMod:StrongAcid","PlaceholderMod:Hyperplasia+1"],"picked":"SKIP","floor":44},{"not_picked":["PlaceholderMod:OHStrongAttack+1","PlaceholderMod:Sweep+1","PlaceholderMod:EvolutionSpray","PlaceholderMod:SelectReaction","PlaceholderMod:RadicalHit"],"picked":"SKIP","floor":45},{"not_picked":["PlaceholderMod:StressReaction+1","PlaceholderMod:CrystallizationStrike","PlaceholderMod:SprayAttack+1","PlaceholderMod:InnerStable+1","PlaceholderMod:CycleAttack+1"],"picked":"SKIP","floor":46}],"player_experience":38262,"relics_obtained":[{"floor":1.0,"key":"SynthV:TestCard"},{"floor":6.0,"key":"Orichalcum"},{"floor":9.0,"key":"Dota2Spire:ArcaneBoots"},{"floor":10.0,"key":"Ancient Tea Set"},{"floor":23,"key":"testmod-OneHitWonder"},{"floor":25,"key":"infinitespire:EmpoweringShard"},{"floor":26,"key":"AT_ChloranthyRing"},{"floor":41,"key":"Dota2Spire:MonkeyKingBar"},{"floor":43,"key":"Dota2Spire:ArmletOfMordiggian"},{"floor":44,"key":"testmod-IndustrialRevolution"}],"event_choices":[{"damage_healed":0.0,"max_hp_gain":0.0,"max_hp_loss":0.0,"gold_gain":0.0,"event_name":"Golden Idol","player_choice":"Take Damage","floor":3.0,"gold_loss":0.0,"damage_taken":9.0,"relics_obtained":["Golden Idol"]},{"damage_healed":0.0,"max_hp_gain":0.0,"max_hp_loss":0.0,"gold_gain":0.0,"event_name":"Scrap Ooze","player_choice":"Success","floor":4.0,"gold_loss":0.0,"damage_taken":7.0,"relics_obtained":["Turnip"]},{"damage_healed":0.0,"max_hp_gain":0.0,"max_hp_loss":0.0,"gold_gain":0.0,"event_name":"Match and Keep!","player_choice":"0 cards matched","floor":5.0,"gold_loss":0.0,"damage_taken":0.0,"cards_obtained":[]},{"damage_healed":0.0,"max_hp_gain":0.0,"max_hp_loss":0.0,"gold_gain":360.0,"event_name":"Knowing Skull","player_choice":"GOLD GOLD GOLD GOLD ","floor":19.0,"potions_obtained":[],"gold_loss":0.0,"damage_taken":36.0,"cards_obtained":[]},{"damage_healed":0.0,"max_hp_gain":0.0,"max_hp_loss":0.0,"gold_gain":0.0,"event_name":"Cursed Tome","player_choice":"Ignored","floor":21.0,"gold_loss":0.0,"damage_taken":0.0},{"damage_healed":0,"gold_gain":400,"player_choice":"Sell","damage_taken":0,"max_hp_gain":0,"max_hp_loss":0,"event_name":"恩洛斯的盘子","floor":27,"relics_lost":["REME_ComplimentaryCards"],"gold_loss":0},{"damage_healed":0,"gold_gain":0,"player_choice":"Ignored","damage_taken":0,"max_hp_gain":0,"max_hp_loss":0,"event_name":"给自己的盒子","floor":37,"gold_loss":0},{"damage_healed":0,"gold_gain":0,"player_choice":"0 cards matched","damage_taken":0,"max_hp_gain":0,"max_hp_loss":0,"event_name":"Match and Keep!","floor":42,"gold_loss":0,"cards_obtained":[]}],"is_beta":false,"boss_relics":[{"not_picked":["testmod-BloodSacrificeSpiritualization","PatriotShield"],"picked":"HaiYi:Twilight"},{"not_picked":["SacredBark","FeatherPendant"],"picked":"Fusion Hammer"}],"items_purged_floors":[12,31,32,40,40,47],"is_endless":false,"potions_floor_spawned":[1,6,13,16,18,25,30,38,41,44],"ascension_level":1}}