{"host":"r2b8ojg4o4pyvjvq","time":1608928610,"event":{"mods":["BaseMod","Colored Map","Downfall","Highlight Path","Hubris","Marisa????????","Minty Spire (QoL Compilation)","Quick Restart","Replay The Spire","StSLib","SuperFastMode"],"gold_per_floor":[114,125,137,157,171,171,200,200,224,224,224,208,287,121,121,192,192,159,175,175,175,191,191,91,191,217,251,251,251,54,69,69,69,69],"floor_reached":33,"playtime":1166,"items_purged":["hubris:Despair","Strike_R","Strike_R"],"score":437,"play_id":"e0249b6e-0975-40da-9458-a74f6dee06d1","local_time":"20201225213650","is_ascension_mode":true,"campfire_choices":[{"data":"Uppercut","floor":6,"key":"SMITH"},{"floor":8,"key":"REST"},{"data":"Bash","floor":10,"key":"SMITH"},{"floor":15,"key":"REST"},{"data":"Eclipse","floor":23,"key":"SMITH"},{"floor":32,"key":"REST"}],"circlet_count":0,"master_deck":["AscendersBane","Strike_R","Strike_R","Defend_R","Defend_R","Defend_R","Defend_R","Bash+1","Shrug It Off","ReplayTheSpireMod:Strike From Hell","Sword Boomerang","Reaper","Uppercut+1","Twin Strike","Life Link","Armaments","Shockwave","expansioncontent:Corrupt","Hemogenesis","Eclipse+1","Shrug It Off+1","Inflame","Disarm","True Grit","ReplayTheSpireMod:LeadingStrike+1"],"relics":["Burning Blood","Dream Catcher","hubris:ChampionShield","Prayer Wheel","ReplayTheSpireMod:CursedCoin","sneckomod:SneckoTalon","hubris:Towel","Boot","Mummified Hand","hubris:EvacipatedBox"],"acts_visited":["Exordium","TheCity"],"potions_floor_usage":[7,16,18,27,27],"damage_taken":[{"damage":2,"enemies":"Cultist","floor":1,"turns":5},{"damage":7,"enemies":"Jaw Worm","floor":2,"turns":4},{"damage":3,"enemies":"2 Louse","floor":3,"turns":3},{"damage":17,"enemies":"Looter","floor":4,"turns":3},{"damage":29,"enemies":"Red Slaver","floor":5,"turns":5},{"damage":62,"enemies":"3 Sentries","floor":7,"turns":9},{"damage":14,"enemies":"Exordium Thugs","floor":12,"turns":4},{"damage":59,"enemies":"Hexaghost","floor":16,"turns":12},{"damage":23,"enemies":"2 Thieves","floor":18,"turns":5},{"damage":22,"enemies":"3 Byrds","floor":19,"turns":7},{"damage":18,"enemies":"Snecko","floor":22,"turns":4},{"damage":52,"enemies":"Gremlin Leader","floor":27,"turns":6},{"damage":0,"enemies":"Snake Plant","floor":31,"turns":3},{"damage":54,"enemies":"hubris:MusketHawk","floor":33,"turns":9}],"seed_played":"-2065434244209959341","potions_obtained":[{"floor":2,"key":"Toxic Potion"},{"floor":3,"key":"Adrenaline Potion"},{"floor":16,"key":"Fire Potion"},{"floor":18,"key":"BloodPotion"},{"floor":19,"key":"FearPotion"},{"floor":27,"key":"Elixir"}],"is_trial":false,"path_per_floor":["M","M","M","M","M","R","E","R","T","R","?","M","?","$","R","B",null,"M","M","?","?","M","R","$","?","T","E","$","?","$","M","R","B"],"character_chosen":"IRONCLAD","items_purchased":["ReplayTheSpireMod:CursedCoin","Shockwave","expansioncontent:Corrupt","hubris:EvacipatedBox","Disarm"],"campfire_rested":3,"item_purchase_floors":[14,14,14,28,30],"current_hp_per_floor":[76,75,78,73,54,54,10,34,34,34,34,34,34,34,58,9,62,56,50,50,50,49,49,49,49,49,30,11,11,11,17,41,0,0],"gold":69,"neow_bonus":"THREE_CARDS","is_daily":false,"chose_seed":false,"campfire_upgraded":3,"win_rate":0.0,"timestamp":1608928610,"path_taken":["M","?","?","M","M","R","E","R","T","R","?","M","?","$","R","BOSS","M","M","?","?","?","R","$","?","T","E","?","?","?","M","R","BOSS"],"items_purchased_type":["Relic","Card","Card","Relic","Card"],"build_version":"2020-12-22","purchased_purges":3,"victory":false,"max_hp_per_floor":[80,80,80,80,80,80,80,80,80,80,80,80,80,80,80,80,80,80,80,80,80,80,80,80,80,80,80,80,80,80,80,80,80,80],"card_choices":[{"not_picked":["Clash","Dropkick"],"picked":"Shrug It Off","floor":0},{"not_picked":["Flex","Feel No Pain"],"picked":"ReplayTheSpireMod:Strike From Hell","floor":1},{"not_picked":["Dropkick","Iron Wave"],"picked":"Sword Boomerang","floor":2},{"not_picked":["Warcry","Uppercut"],"picked":"Reaper","floor":3},{"not_picked":["Power Through","Cleave","Warcry"],"picked":"SKIP","floor":4},{"not_picked":["ReplayTheSpireMod:Stacked","Hemokinesis"],"picked":"Uppercut","floor":5},{"not_picked":["Heavy Blade","Hemokinesis"],"picked":"Twin Strike","floor":7},{"not_picked":["Defy Death","ReplayTheSpireMod:Muscle Training"],"picked":"Life Link","floor":8},{"not_picked":["Anger","Clash"],"picked":"Armaments","floor":12},{"not_picked":["Thunderclap","Bloodletting","Perfected Strike"],"picked":"SKIP","floor":12},{"not_picked":["Massacre","Metallicize"],"picked":"Hemogenesis","floor":15},{"not_picked":["Hemogenesis","Corruption"],"picked":"Eclipse","floor":16},{"not_picked":["Havoc","Uppercut"],"picked":"Shrug It Off","floor":18},{"not_picked":["Intimidate","Body Slam","Cleave+1"],"picked":"SKIP","floor":18},{"not_picked":["Shockwave","Searing Blow","Iron Wave"],"picked":"SKIP","floor":19},{"not_picked":["Replay:Undeath\u0027s Touch+1","Havoc","Clash"],"picked":"SKIP","floor":19},{"not_picked":["Infernal Blade","Headbutt","Cleave"],"picked":"SKIP","floor":22},{"not_picked":["Cleave","Replay:Many Hands","Perfected Strike"],"picked":"SKIP","floor":22},{"not_picked":["Clothesline","Rupture"],"picked":"Inflame","floor":27},{"not_picked":["Iron Wave","Evolve"],"picked":"True Grit","floor":31},{"not_picked":["True Grit","hubris:ReadiedAction","Clothesline"],"picked":"SKIP","floor":31},{"not_picked":["Corruption","Thunderclap"],"picked":"ReplayTheSpireMod:LeadingStrike+1","floor":32}],"player_experience":479253,"relics_obtained":[{"floor":7,"key":"Dream Catcher"},{"floor":9,"key":"hubris:ChampionShield"},{"floor":26,"key":"Boot"},{"floor":27,"key":"Mummified Hand"}],"event_choices":[{"damage_healed":0,"gold_gain":0,"player_choice":"Searched \u00271\u0027 times","damage_taken":0,"relics_obtained":["Prayer Wheel"],"max_hp_gain":0,"max_hp_loss":0,"event_name":"Dead Adventurer","floor":11,"gold_loss":0},{"damage_healed":0,"gold_gain":79,"player_choice":"Gained Gold","damage_taken":0,"max_hp_gain":0,"max_hp_loss":0,"event_name":"Golden Wing","floor":13,"gold_loss":0},{"cards_removed":["Strike_R"],"damage_healed":0,"gold_gain":0,"player_choice":"Purged","damage_taken":0,"max_hp_gain":0,"max_hp_loss":0,"event_name":"Purifier","floor":21,"gold_loss":0},{"damage_healed":0,"gold_gain":100,"player_choice":"Pray","damage_taken":0,"max_hp_gain":0,"max_hp_loss":0,"event_name":"Golden Shrine","floor":25,"gold_loss":0}],"is_beta":false,"boss_relics":[{"not_picked":["Replay:Ancient Bell","Ectoplasm"],"picked":"sneckomod:SneckoTalon"}],"items_purged_floors":[14,24,30],"is_endless":false,"potions_floor_spawned":[2,3,5,16,18,19,27],"killed_by":"hubris:MusketHawk","ascension_level":13}}