{"host":"rvh455abssmal91i","time":1608874747,"event":{"mods":["AchievementEnabler","Aspiration","BaseMod","BetterRewards","Colored Map","Colored Powertips","Gold Saver","Googly Eyes","Highlight Path","Infinite Spire","Mimic Mod","Minty Spire (QoL Compilation)","Spikes Relics","StSLib"],"gold_per_floor":[818,446,446,446,462,462,496,496,496,496,530,530,546,569,569,674,674,691,708,722,637,637,669,693,707,784,567,567,324,324,348,348,358,358],"floor_reached":33,"playtime":1647,"items_purged":[],"score":285,"play_id":"ef78e936-2c01-4140-8f48-6e6a7c1e3e04","local_time":"20201225003907","is_ascension_mode":true,"campfire_choices":[{"data":"Streamline","floor":6,"key":"SMITH"},{"data":"Beam Cell","floor":8,"key":"SMITH"},{"floor":10,"key":"REST"},{"data":"Sweeping Beam","floor":15,"key":"SMITH"},{"data":"Lockon","floor":28,"key":"SMITH"},{"floor":32,"key":"REST"},{"data":"Gash","floor":32,"key":"SMITH"}],"circlet_count":0,"master_deck":["Strike_B","Strike_B","Strike_B","Strike_B","Defend_B","Defend_B+1","Defend_B+1","Zap+1","Dualcast+1","Streamline+1","BootSequence","Leap","Beam Cell+1","Melter","Sweeping Beam+1","Electrodynamics+1","Genetic Algorithm","Cold Snap","Conserve Battery","Lockon+1","Rebound","Loop+1","Swift Strike","Fusion","Gash+1"],"relics":["SlaversCollar","War Paint","Strange Spoon","infinitespire:Cubic Diamond","Pen Nib","Meat on the Bone","Omamori","Frozen Egg 2","infinitespire:Lucky Rock","Calling Bell","aspiration:ChemicalBlood","Eternal Feather","BlackRope","infinitespire:Magic Flask","infinitespire:Midas Blood","PreservedInsect","Shuriken","aspiration:Lifesprig","aspiration:Nostalgia","Cracked Core"],"acts_visited":["Exordium","TheCity"],"potions_floor_usage":[19,19,23,23,31,31,31,33],"damage_taken":[{"damage":7,"enemies":"Cultist","floor":1,"turns":5},{"damage":0,"enemies":"2 Louse","floor":5,"turns":3},{"damage":9,"enemies":"Lagavulin","floor":7,"turns":6},{"damage":8,"enemies":"3 Sentries","floor":11,"turns":8},{"damage":0,"enemies":"Small Slimes","floor":13,"turns":3},{"damage":28,"enemies":"The Guardian","floor":16,"turns":8},{"damage":0,"enemies":"Chosen","floor":18,"turns":3},{"damage":17,"enemies":"Spheric Guardian","floor":19,"turns":4},{"damage":22,"enemies":"Centurion and Healer","floor":20,"turns":4},{"damage":24,"enemies":"Slavers","floor":23,"turns":8},{"damage":9,"enemies":"Snake Plant","floor":25,"turns":4},{"damage":26,"enemies":"Snecko","floor":31,"turns":5},{"damage":67,"enemies":"Automaton","floor":33,"turns":6}],"seed_played":"2770805616027865345","potions_obtained":[{"floor":11,"key":"DistilledChaos"},{"floor":13,"key":"EssenceOfSteel"},{"floor":16,"key":"Swift Potion"},{"floor":19,"key":"PotionOfCapacity"},{"floor":20,"key":"Block Potion"}],"is_trial":false,"path_per_floor":["M","$","?","?","M","R","E","R","T","R","E","?","M","T","R","B",null,"M","M","M","?","?","E","T","M","T","$","R","$","?","M","R","B"],"character_chosen":"DEFECT","items_purchased":["War Paint","Strange Spoon","BootSequence","aspiration:Lifesprig","Loop+1","aspiration:Nostalgia","Swift Strike"],"campfire_rested":2,"item_purchase_floors":[2,2,2,27,27,29,29],"current_hp_per_floor":[68,68,68,53,53,53,44,44,44,66,58,58,58,58,58,42,75,75,58,48,48,34,22,22,25,25,25,37,37,37,23,62,0,0],"gold":358,"neow_bonus":"BOSS_RELIC","is_daily":false,"chose_seed":false,"campfire_upgraded":5,"win_rate":0.0,"timestamp":1608874747,"path_taken":["M","$","?","?","M","R","E","R","T","R","E","?","?","?","R","BOSS","M","M","M","?","?","E","?","?","T","?","R","$","?","?","R","BOSS"],"items_purchased_type":["Relic","Relic","Card","Relic","Card","Relic","Card"],"build_version":"2020-12-22","purchased_purges":0,"victory":false,"max_hp_per_floor":[75,75,75,75,75,75,75,75,75,75,75,75,75,75,75,75,75,75,75,75,75,80,80,80,80,80,80,80,80,80,80,80,80,80],"card_choices":[{"not_picked":["Conserve Battery","Go for the Eyes"],"picked":"Streamline","floor":1},{"not_picked":["Redo","Reprogram"],"picked":"Leap","floor":5},{"not_picked":["FTL","Barrage"],"picked":"Beam Cell","floor":7},{"not_picked":["Machine Learning","Redo"],"picked":"Melter","floor":11},{"not_picked":["DiskWipe+1","Ball Lightning"],"picked":"Sweeping Beam","floor":13},{"not_picked":["Multi-Cast","Amplify"],"picked":"Electrodynamics+1","floor":16},{"not_picked":["Sweeping Beam","Beam Cell+1"],"picked":"Genetic Algorithm","floor":18},{"not_picked":["Steam","Auto Shields"],"picked":"Cold Snap","floor":19},{"not_picked":["Steam Power","Go for the Eyes+1"],"picked":"Conserve Battery","floor":20},{"not_picked":["Beam Cell","Rebound"],"picked":"Lockon","floor":23},{"not_picked":["Conserve Battery+1","Coolheaded+1"],"picked":"Rebound","floor":25},{"not_picked":["Fission","Static Discharge+1"],"picked":"Gash","floor":31}],"player_experience":138997,"relics_obtained":[{"floor":7,"key":"Pen Nib"},{"floor":9,"key":"Meat on the Bone"},{"floor":11,"key":"Omamori"},{"floor":14,"key":"infinitespire:Lucky Rock"},{"floor":17,"key":"aspiration:ChemicalBlood"},{"floor":17,"key":"Eternal Feather"},{"floor":17,"key":"BlackRope"},{"floor":23,"key":"infinitespire:Midas Blood"},{"floor":24,"key":"PreservedInsect"},{"floor":26,"key":"Shuriken"}],"event_choices":[{"damage_healed":0,"gold_gain":0,"player_choice":"Entered Light","damage_taken":15,"max_hp_gain":0,"max_hp_loss":0,"event_name":"Shining Light","floor":4,"gold_loss":0,"cards_upgraded":["Defend_B","Zap"]},{"damage_healed":0,"gold_gain":0,"player_choice":"Obtained Relic","damage_taken":0,"relics_obtained":["infinitespire:Magic Flask"],"max_hp_gain":0,"max_hp_loss":0,"event_name":"Addict","floor":21,"gold_loss":85},{"damage_healed":0,"gold_gain":0,"player_choice":"Shed Blood","damage_taken":19,"max_hp_gain":5,"max_hp_loss":0,"event_name":"Forgotten Altar","floor":22,"gold_loss":0},{"damage_healed":0,"gold_gain":0,"cards_transformed":["Defend_B"],"player_choice":"Transformed","damage_taken":0,"max_hp_gain":0,"max_hp_loss":0,"event_name":"Transmorgrifier","floor":30,"gold_loss":0,"cards_obtained":["Fusion"]}],"is_beta":false,"boss_relics":[{"not_picked":["Snecko Eye","CosmicIsotope"],"picked":"Calling Bell"}],"items_purged_floors":[],"is_endless":false,"potions_floor_spawned":[11,13,16,18,19,20],"killed_by":"Automaton","ascension_level":1}}