{"host":"pu81sch6k9sz3dc3","time":1608908591,"event":{"mods":["AchievementEnabler","Aspiration","BaseMod","Better Match","Better Note","BetterRewards","Card Forge","Colored Powertips","Halation","Lobotomy","Minty Spire (QoL Compilation)","Permanent Neow","Quick Restart","Replay The Spire","StSLib","vexMod"],"gold_per_floor":[118,118,193,209,209,238,238,264,264,292,292,373,373,373,373,373,373],"floor_reached":16,"playtime":1515,"items_purged":[],"score":166,"play_id":"b69fc522-c8e3-4e7a-ba8e-1f435c58b8e0","local_time":"20201225060311","is_ascension_mode":false,"campfire_choices":[{"floor":7,"key":"REST"},{"floor":11,"key":"REST"},{"floor":15,"key":"REST"}],"circlet_count":0,"master_deck":["Strike_B+1","Strike_B+1","Strike_B+1","Strike_B+1","Defend_B+1","Defend_B+1","Defend_B+1","Defend_B+1","Dualcast+1","Bloodbath","Steam+1","FairyFestival","Rainbow+1","Scorched","Gash+1","OldLady","Storm+1","MeatLantern","Leap+1","Seek+1","Laetitia","Deadly Poison+1"],"relics":["Hammer of Thor","Seething Fire","Anvil of the Gods","CogitoBucket","Pantograph","vexMod:RelicLauncher","vexMod:ConsolationPrize","aspiration:HiddenCompartment","Replay:Arrowhead","Juzu Bracelet","AspirationHeart","Ring of the Snake"],"acts_visited":["Exordium"],"potions_floor_usage":[],"damage_taken":[{"damage":1,"enemies":"Cultist","floor":1,"turns":3},{"damage":0,"enemies":"2 Louse","floor":4,"turns":2},{"damage":36,"enemies":"Gremlin Nob","floor":6,"turns":4},{"damage":0,"enemies":"3 Sentries","floor":8,"turns":4},{"damage":0,"enemies":"Gremlin Nob","floor":10,"turns":2},{"damage":70,"enemies":"Jaw Worm","floor":12,"turns":3},{"damage":106,"enemies":"Fading Forest","floor":16,"turns":6}],"seed_played":"58055648164731128","potions_obtained":[{"floor":4,"key":"Regen Potion"},{"floor":8,"key":"Venom Potion"},{"floor":10,"key":"GamblersBrew"}],"is_trial":false,"path_per_floor":["M","T","?","M","?","E","R","E","T","E","R","M","?","?","R","B"],"character_chosen":"DEFECT","items_purchased":[],"campfire_rested":3,"item_purchase_floors":[],"current_hp_per_floor":[74,74,63,64,64,32,54,56,56,56,75,16,16,44,69,0,0],"gold":373,"neow_bonus":"","is_daily":false,"chose_seed":false,"campfire_upgraded":0,"win_rate":0.0,"timestamp":1608908591,"path_taken":["M","?","?","?","?","E","R","E","T","E","R","M","?","?","R","BOSS"],"items_purchased_type":[],"build_version":"2020-12-22","purchased_purges":0,"victory":false,"max_hp_per_floor":[75,75,75,75,75,75,75,75,75,75,75,85,85,85,85,85,85],"card_choices":[{"not_picked":["CherryBlossoms","QueenOfHatred"],"picked":"Bloodbath","floor":1},{"not_picked":["Reinforced Body","Streamline"],"picked":"Steam","floor":1},{"not_picked":["Wellcheers","SpiderBud","LaLuna"],"picked":"Singing Bowl","floor":4},{"not_picked":["UniverseFragment","Murderer"],"picked":"FairyFestival","floor":4},{"not_picked":["Hologram","Rebound"],"picked":"Rainbow","floor":4},{"not_picked":["RedShoes","Wellcheers"],"picked":"Scorched","floor":6},{"not_picked":["Stack","Skim"],"picked":"Gash","floor":6},{"not_picked":["MHz","CherryBlossoms"],"picked":"OldLady","floor":8},{"not_picked":["Steam","Compile Driver"],"picked":"Storm","floor":8},{"not_picked":["PunishingBird","Wellcheers"],"picked":"MeatLantern","floor":10},{"not_picked":["Ball Lightning","Reprogram"],"picked":"Leap","floor":10},{"not_picked":["ReplayTheSpireMod:GoodbyeWorld","Time Bomb"],"picked":"Seek","floor":12},{"not_picked":["Woodsman","QueenOfHatred"],"picked":"Laetitia","floor":12}],"player_experience":167151,"relics_obtained":[{"floor":2,"key":"Pantograph"},{"floor":6,"key":"vexMod:ConsolationPrize"},{"floor":8,"key":"aspiration:HiddenCompartment"},{"floor":9,"key":"Replay:Arrowhead"},{"floor":10,"key":"Juzu Bracelet"}],"event_choices":[{"damage_healed":0,"gold_gain":75,"player_choice":"Gather Gold","damage_taken":11,"max_hp_gain":0,"max_hp_loss":0,"event_name":"World of Goop","floor":3,"gold_loss":0},{"damage_healed":0,"gold_gain":0,"player_choice":"Gave Potion","damage_taken":0,"relics_obtained":["vexMod:RelicLauncher"],"max_hp_gain":0,"max_hp_loss":0,"event_name":"WeMeetAgain","floor":5,"gold_loss":0},{"damage_healed":28,"gold_gain":0,"player_choice":"Banana","damage_taken":0,"max_hp_gain":0,"max_hp_loss":0,"event_name":"Big Fish","floor":14,"gold_loss":0}],"is_beta":false,"boss_relics":[],"items_purged_floors":[],"is_endless":false,"potions_floor_spawned":[4,8,10],"killed_by":"Fading Forest","ascension_level":0}}