{"host":"e40jm352kjzixotw","time":1608926394,"event":{"mods":["Arknights The Spire","BaseMod","Better Altar","BetterRewards","Colored Map","Colored Powertips","DeckTracker","Dota2Spire","Minty Spire (QoL Compilation)","Rare Cards Sparkle","Relic Stats","Shade Mod","StSLib","The Animator","TheSwordswoman"],"gold_per_floor":[113,113,113,129,84,114,114,146,237,237,89,124,165,192,192,306,306,347,347,21,54,80,80,80],"floor_reached":23,"playtime":927,"items_purged":["ats:Strike S"],"score":226,"play_id":"a3b3dd36-9560-4e80-8cdb-283f5baf548d","local_time":"20201225205954","is_ascension_mode":false,"campfire_choices":[{"data":"ats:Ignite","floor":10,"key":"SMITH"},{"floor":15,"key":"REST"}],"circlet_count":0,"master_deck":["ats:Strike C","ats:Strike V+1","ats:Armor Crushing Shot","ats:Defend+1","ats:Defend","ats:Defend","ats:Defend","ats:Emotion Absorption","ats:Ignite+1","ats:Leaping Hammer","ats:Apocalypse","ats:Counter Healing Mode","ats:Sword Rain","ats:Healing Drone","ats:Burning Ground","ats:Shell Defense","ats:Composite Medical Shells","ats:Healing Strengthening+1"],"relics":["ats:Sanity Plus","NeowsBlessing","ats:Originium","ats:Rhine Circuitry","Dota2Spire:EchoSabre","ats:Originium","ats:Gyao","Frozen Egg 2"],"acts_visited":["Exordium","TheCity"],"potions_floor_usage":[16,21,21,23,23],"damage_taken":[{"damage":0,"enemies":"Small Slimes","floor":1,"turns":1},{"damage":0,"enemies":"Cultist","floor":4,"turns":1},{"damage":0,"enemies":"3 Sentries","floor":6,"turns":2},{"damage":49,"enemies":"Lagavulin","floor":8,"turns":7},{"damage":0,"enemies":"2 Louse","floor":12,"turns":2},{"damage":0,"enemies":"Looter","floor":13,"turns":2},{"damage":7,"enemies":"Blue Slaver","floor":14,"turns":3},{"damage":61,"enemies":"The Guardian","floor":16,"turns":15},{"damage":26,"enemies":"2 Thieves","floor":18,"turns":4},{"damage":29,"enemies":"Chosen","floor":21,"turns":5},{"damage":57,"enemies":"Snake Plant","floor":22,"turns":6},{"damage":22,"enemies":"Slavers","floor":23,"turns":1}],"seed_played":"8276435210455092105","potions_obtained":[{"floor":6,"key":"SneckoOil"},{"floor":12,"key":"DistilledChaos"},{"floor":14,"key":"BlessingOfTheForge"},{"floor":16,"key":"Fire Potion"},{"floor":18,"key":"Dota2Spire:HealingSalve"},{"floor":21,"key":"ats:Emergency Sanity Potion"}],"is_trial":false,"path_per_floor":["M","?","?","M","$","E","T","E","T","R","$","M","M","M","R","B",null,"M","?","$","M","M","E"],"character_chosen":"DOCTOR_CLASS","items_purchased":["ats:Apocalypse","ats:Healing Drone","Frozen Egg 2","ats:Healing Strengthening+1"],"campfire_rested":1,"item_purchase_floors":[5,11,20,20],"current_hp_per_floor":[72,58,58,58,58,60,60,15,15,15,15,15,15,12,33,18,72,50,50,50,43,18,0,0],"gold":80,"neow_bonus":"THREE_ENEMY_KILL","is_daily":false,"chose_seed":false,"campfire_upgraded":1,"win_rate":0.0,"timestamp":1608926394,"path_taken":["M","?","?","?","?","E","?","E","T","R","$","M","M","M","R","BOSS","M","?","$","?","M","E"],"items_purchased_type":["Card","Card","Relic","Card"],"build_version":"2020-12-22","purchased_purges":1,"victory":false,"max_hp_per_floor":[72,72,72,72,72,72,72,72,72,72,72,72,72,72,72,72,72,72,72,72,72,72,72,72],"relic_stats":{"counters":[12,49],"obtain_stats":[{"Dota2Spire:EchoSabre":7,"ats:Sanity Plus":17,"NeowsBlessing":0,"ats:Originium":6,"ats:Sanity":0,"Frozen Egg 2":20,"ats:Rhine Circuitry":6,"ats:Gyao":8},{"Dota2Spire:EchoSabre":3,"ats:Sanity Plus":8,"NeowsBlessing":0,"ats:Originium":3,"ats:Sanity":0,"Frozen Egg 2":9,"ats:Rhine Circuitry":3,"ats:Gyao":4},{"Dota2Spire:EchoSabre":4,"ats:Sanity Plus":33,"NeowsBlessing":0,"ats:Originium":4,"ats:Sanity":0,"Frozen Egg 2":37,"ats:Rhine Circuitry":4,"ats:Gyao":11}]},"card_choices":[{"not_picked":["ats:Curse Doll","ats:Cat Scratch"],"picked":"ats:Ignite","floor":1},{"not_picked":["ats:Neurotoxin","ats:Healing Strengthening"],"picked":"ats:Leaping Hammer","floor":4},{"not_picked":["ats:Defend Order","ats:Very Hot Blade"],"picked":"ats:Counter Healing Mode","floor":6},{"not_picked":["ats:Cat Scratch","ats:Magnetic Hammer"],"picked":"ats:Sword Rain","floor":8},{"not_picked":["ats:Curse Doll","ats:Counter Healing Mode"],"picked":"ats:Burning Ground","floor":12},{"not_picked":["ats:Explosion Area Strengthen","ats:Powerful Strike","ats:Rat Pack"],"picked":"SKIP","floor":13},{"not_picked":["ats:Powerful Strike","ats:Curse Doll"],"picked":"ats:Shell Defense","floor":14},{"not_picked":["ats:Childhood Dance","ats:Curse Doll"],"picked":"ats:Composite Medical Shells","floor":18},{"not_picked":["ats:Defend Order+1","ats:Mental Burst","ats:Assault Order"],"picked":"SKIP","floor":21},{"not_picked":["ats:Thermite Blade","ats:Consecutive Shot Auto+1","ats:Leaping Hammer+1"],"picked":"SKIP","floor":22}],"player_experience":1163478,"relics_obtained":[{"floor":6,"key":"ats:Originium"},{"floor":6,"key":"ats:Rhine Circuitry"},{"floor":7,"key":"Dota2Spire:EchoSabre"},{"floor":8,"key":"ats:Originium"},{"floor":8,"key":"ats:Gyao"}],"event_choices":[{"damage_healed":0,"gold_gain":0,"player_choice":"Entered Light","damage_taken":14,"max_hp_gain":0,"max_hp_loss":0,"event_name":"Shining Light","floor":2,"gold_loss":0,"cards_upgraded":["ats:Strike V","ats:Defend"]},{"cards_removed":["ats:Strike G"],"damage_healed":0,"gold_gain":0,"player_choice":"Offered Basic","damage_taken":0,"max_hp_gain":0,"max_hp_loss":0,"event_name":"Bonfire Elementals","floor":3,"gold_loss":0},{"damage_healed":0,"gold_gain":0,"player_choice":"Got Potions","damage_taken":0,"max_hp_gain":0,"max_hp_loss":0,"event_name":"Lab","floor":19,"gold_loss":0}],"is_beta":false,"boss_relics":[{"not_picked":["ats:Tactical Delivery","Ectoplasm"],"picked":"ats:Sanity Plus"}],"items_purged_floors":[11],"is_endless":false,"potions_floor_spawned":[6,12,14,16,18,21],"killed_by":"Slavers","ascension_level":0}}