{"host":"od099uxc49ip1k8b","time":1608934618,"event":{"mods":["Act Like it!","BaseMod","Downfall","Gensokyo","Hermit","Highlight Path","Koishi","Marisa????????","Minty Spire (QoL Compilation)","Rare Cards Sparkle","Remilia??????","StSLib","Td1madao Mod","The Administrix","The Animator","The Cursed","The Gatherer","The Servant 0.9.4","The Wild Card","Waifu the Spire","WarShipGirlsR/????R mod","Yuyuko"],"gold_per_floor":[117,127,145,160,160,160,160,170,196,196,41,41,71,88,88,191,191,208,218,236,26,43,75,75,89,89,101,115,40,40,40,40,145,145,157,167,185,185,198,198,216,216,216,216,248,11,31,49,49,49],"floor_reached":51,"playtime":5837,"items_purged":["rmod:circuitoustactics","rmod:strick"],"score":705,"play_id":"05dfee01-96c9-4cd8-98a0-24b60178d558","local_time":"20201225171658","is_ascension_mode":false,"campfire_choices":[{"data":"expansioncontent:Flail","floor":6,"key":"SMITH"},{"data":"rmod:unsinkable","floor":10,"key":"SMITH"},{"floor":12,"key":"REST"},{"floor":15,"key":"REST"},{"floor":24,"key":"REST"},{"floor":30,"key":"REST"},{"data":"rmod:gendarmerie","floor":32,"key":"SMITH"},{"floor":40,"key":"REST"},{"floor":42,"key":"REST"},{"data":"rmod:ridicule","floor":44,"key":"SMITH"},{"data":"rmod:ridicule","floor":49,"key":"SMITH"}],"circlet_count":0,"master_deck":["rmod:strick+1","rmod:strick","rmod:defend","rmod:defend","rmod:defend","rmod:defend","rmod:basicallowance+1","rmod:maingunfire","expansioncontent:Flail+1","rmod:unsinkable+1","rmod:luckystar","rmod:diaomin","rmod:gendarmerie+1","rmod:royalracing","expansioncontent:AwakenDeath","rmod:firesupport","rmod:supportaircraftcarrier","rmod:ridicule+1","rmod:firesupport","rmod:overbreakdown","rmod:luckystar","Good Instincts","rmod:tearstotiara","rmod:firesupport","rmod:heivgo","rmod:mineteam","rmod:generalist","rmod:ridicule+1","rmod:guardianhero+1","rmod:tearstotiara+1","rmod:salvage+1","rmod:fuelsupply+1","rmod:fletcherpendant+1","Parasite","rmod:openingtorpedo+1"],"relics":["Bronze Scales","MealTicket","Black Star","Nunchaku","Shuriken","HornCleat","rmod:mogul","Toy Ornithopter","Mummified Hand","MawBank","Happy Flower","Lantern"],"acts_visited":["Exordium","TheCity","TheBeyond"],"potions_floor_usage":[22,23,23,27,33,33,33,37,50,50,50],"damage_taken":[{"damage":0,"enemies":"2 Louse","floor":1,"turns":1},{"damage":0,"enemies":"Jaw Worm","floor":2,"turns":5},{"damage":0,"enemies":"Cultist","floor":3,"turns":4},{"damage":0,"enemies":"2 Fungi Beasts","floor":4,"turns":3},{"damage":0,"enemies":"Red Slaver","floor":8,"turns":3},{"damage":24,"enemies":"3 Sentries","floor":13,"turns":9},{"damage":0,"enemies":"Large Slime","floor":14,"turns":4},{"damage":5,"enemies":"The Guardian","floor":16,"turns":9},{"damage":28,"enemies":"2 Thieves","floor":18,"turns":3},{"damage":3,"enemies":"3 Byrds","floor":19,"turns":4},{"damage":5,"enemies":"Centurion and Healer","floor":20,"turns":6},{"damage":6,"enemies":"Shelled Parasite and Fungi","floor":22,"turns":5},{"damage":23,"enemies":"Slavers","floor":23,"turns":4},{"damage":7,"enemies":"Cultist and Chosen","floor":25,"turns":3},{"damage":4,"enemies":"Snake Plant","floor":27,"turns":1},{"damage":0,"enemies":"Sentry and Sphere","floor":28,"turns":3},{"damage":9,"enemies":"Collector","floor":33,"turns":7},{"damage":0,"enemies":"Orb Walker","floor":35,"turns":2},{"damage":4,"enemies":"3 Shapes","floor":36,"turns":2},{"damage":12,"enemies":"Jaw Worm Horde","floor":37,"turns":5},{"damage":16,"enemies":"Sphere and 2 Shapes","floor":39,"turns":3},{"damage":12,"enemies":"Transient","floor":41,"turns":5},{"damage":3,"enemies":"Giant Head","floor":45,"turns":6},{"damage":4,"enemies":"Writhing Mass","floor":47,"turns":5},{"damage":0,"enemies":"3 Darklings","floor":48,"turns":3},{"damage":73,"enemies":"Time Eater","floor":50,"turns":8}],"seed_played":"-3261483969284423124","potions_obtained":[{"floor":4,"key":"Explosive Potion"},{"floor":8,"key":"GamblersBrew"},{"floor":18,"key":"Block Potion"},{"floor":20,"key":"DuplicationPotion"},{"floor":23,"key":"Fire Potion"},{"floor":28,"key":"GamblersBrew"},{"floor":31,"key":"Dexterity Potion"},{"floor":31,"key":"ColorlessPotion"},{"floor":31,"key":"LiquidMemories"},{"floor":35,"key":"Dexterity Potion"},{"floor":36,"key":"hexamod:EctoCoolerPotion"},{"floor":45,"key":"BlessingOfTheForge"},{"floor":47,"key":"SteroidPotion"},{"floor":48,"key":"BlessingOfTheForge"}],"is_trial":false,"path_per_floor":["M","M","M","M","?","R","?","M","T","R","$","R","E","M","R","B",null,"M","M","M","$","M","E","R","M","T","M","M","?","R","?","R","B",null,"M","M","M","T","M","R","M","R","T","R","E","$","M","M","R","B",null],"character_chosen":"PRAEFECT","items_purchased":["rmod:royalracing","expansioncontent:AwakenDeath","Good Instincts","rmod:tearstotiara","Lantern"],"campfire_rested":6,"item_purchase_floors":[11,11,21,21,46],"current_hp_per_floor":[75,75,75,75,60,60,60,60,60,60,60,75,51,51,73,68,75,47,44,39,54,48,25,47,40,40,36,36,36,58,58,58,49,75,75,71,59,59,43,65,53,75,75,75,72,75,71,71,71,13],"gold":49,"neow_bonus":"RANDOM_COLORLESS","is_daily":false,"chose_seed":false,"campfire_upgraded":5,"win_rate":0.0,"timestamp":1608934618,"path_taken":["M","M","M","M","?","R","?","M","T","R","?","R","E","M","R","BOSS","M","M","M","$","M","E","R","M","T","M","M","?","R","?","R","BOSS","M","M","M","?","M","R","?","R","T","R","E","$","M","M","R","BOSS"],"items_purchased_type":["Card","Card","Card","Card","Relic"],"build_version":"2020-12-22","purchased_purges":2,"victory":true,"max_hp_per_floor":[75,75,75,75,75,75,75,75,75,75,75,75,75,75,75,75,75,75,75,75,75,75,75,75,75,75,75,75,75,75,75,75,75,75,75,75,75,75,75,75,75,75,75,75,75,75,75,75,75,75],"card_choices":[{"not_picked":["expansioncontent:TimeRipple","expansioncontent:HyperBeam"],"picked":"expansioncontent:Flail","floor":0},{"not_picked":["rmod:aluminumsupply","rmod:maintain"],"picked":"rmod:unsinkable","floor":1},{"not_picked":["rmod:circuitoustactics","rmod:unsinkable"],"picked":"rmod:luckystar","floor":2},{"not_picked":["rmod:combined","rmod:firesupport"],"picked":"rmod:diaomin","floor":3},{"not_picked":["rmod:ring","rmod:maintain"],"picked":"rmod:gendarmerie","floor":4},{"not_picked":["rmod:garrisonisland","rmod:spoils"],"picked":"rmod:circuitoustactics","floor":8},{"not_picked":["rmod:supriseattacks","rmod:steelsupply"],"picked":"rmod:firesupport","floor":13},{"not_picked":["rmod:aluminumsupply","rmod:chargemoney"],"picked":"rmod:supportaircraftcarrier","floor":14},{"not_picked":["rmod:secretscript","rmod:stealaluminum"],"picked":"rmod:ridicule","floor":16},{"not_picked":["rmod:fuelsupply","rmod:maintain"],"picked":"rmod:firesupport","floor":18},{"not_picked":["rmod:capitalist","rmod:luckystar"],"picked":"rmod:overbreakdown","floor":19},{"not_picked":["rmod:unsinkable","rmod:goodfighter+1"],"picked":"rmod:luckystar","floor":20},{"not_picked":["rmod:intelligenceanalysis+1","rmod:highspeedshooting"],"picked":"rmod:firesupport","floor":22},{"not_picked":["rmod:shuttlebombing","rmod:punchline","rmod:ammunitionsupply"],"picked":"SKIP","floor":23},{"not_picked":["rmod:steelsupply","rmod:aluminumsupply"],"picked":"rmod:heivgo","floor":25},{"not_picked":["rmod:firesupport","rmod:unsinkable"],"picked":"rmod:mineteam","floor":27},{"not_picked":["rmod:luckystar","rmod:unsinkable"],"picked":"rmod:generalist","floor":28},{"not_picked":["rmod:u235","rmod:desperatesituation"],"picked":"rmod:ridicule","floor":33},{"not_picked":["rmod:aluminumsupply","rmod:intelligenceanalysis","rmod:victimresponsibility"],"picked":"SKIP","floor":35},{"not_picked":["rmod:luckystar+1","rmod:fuelsupply"],"picked":"rmod:guardianhero+1","floor":36},{"not_picked":["rmod:steelsupply","rmod:goodfighter+1"],"picked":"rmod:tearstotiara+1","floor":37},{"not_picked":["rmod:intelligenceanalysis+1","rmod:ammunitionsupply"],"picked":"rmod:salvage+1","floor":39},{"not_picked":["rmod:intelligenceanalysis","rmod:unsinkable"],"picked":"rmod:fuelsupply+1","floor":41},{"not_picked":["rmod:goodsister+1","rmod:advancebysurprise+1"],"picked":"rmod:fletcherpendant+1","floor":45},{"not_picked":["rmod:punchline+1","rmod:combined+1"],"picked":"rmod:openingtorpedo+1","floor":47},{"not_picked":["rmod:combined+1","rmod:sl+1","rmod:openingtorpedo"],"picked":"SKIP","floor":48}],"player_experience":104797,"relics_obtained":[{"floor":9,"key":"Bronze Scales"},{"floor":13,"key":"MealTicket"},{"floor":23,"key":"Nunchaku"},{"floor":23,"key":"Shuriken"},{"floor":26,"key":"HornCleat"},{"floor":38,"key":"Toy Ornithopter"},{"floor":43,"key":"Mummified Hand"},{"floor":45,"key":"MawBank"},{"floor":45,"key":"Happy Flower"}],"event_choices":[{"damage_healed":0,"gold_gain":0,"player_choice":"Entered Light","damage_taken":15,"max_hp_gain":0,"max_hp_loss":0,"event_name":"Shining Light","floor":5,"gold_loss":0,"cards_upgraded":["rmod:strick","rmod:basicallowance"]},{"damage_healed":0,"gold_gain":0,"player_choice":"Ignored","damage_taken":0,"max_hp_gain":0,"max_hp_loss":0,"event_name":"Liars Game","floor":7,"gold_loss":0},{"cards_removed":["rmod:strick"],"damage_healed":0,"gold_gain":0,"player_choice":"Gave Gold","damage_taken":0,"max_hp_gain":0,"max_hp_loss":0,"event_name":"Beggar","floor":29,"gold_loss":75},{"damage_healed":0,"gold_gain":0,"player_choice":"Got Potions","damage_taken":0,"max_hp_gain":0,"max_hp_loss":0,"event_name":"Lab","floor":31,"gold_loss":0}],"is_beta":false,"boss_relics":[{"not_picked":["Tiny House","Busted Crown"],"picked":"Black Star"},{"not_picked":["Empty Cage","Coffee Dripper"],"picked":"rmod:mogul"}],"items_purged_floors":[21,46],"is_endless":false,"potions_floor_spawned":[3,4,8,18,20,23,28,35,36,45,47,48],"ascension_level":0}}