{"host":"uflv0e3ja7hvnij7","time":1608932008,"event":{"mods":["Aspiration","BaseMod","Better Altar","Better Match","Better Note","Better Sensory Stone","Better Skull","Better Third Choice","Conspire","Downfall","Hubris","Infinite Spire","Minty Spire (QoL Compilation)","Permanent Neow","StSLib"],"gold_per_floor":[214,58,69,82,82,82,94,121,148,148,165,194,254,265,265,368,368,382,64,80,80,98,114,126,126,203,203,213,213,56,75,75,176,176,189,64,78,78,89,89,106,106,131,156,156,78,97,97,97,97],"floor_reached":51,"playtime":2871,"items_purged":["Strike_B","Strike_B","Injury","Defend_B"],"score":844,"play_id":"80643979-6e10-43fb-b4c6-4dadef69f315","local_time":"20201225163328","is_ascension_mode":true,"campfire_choices":[{"data":"Zap","floor":6,"key":"SMITH"},{"data":"Barrage","floor":10,"key":"SMITH"},{"floor":15,"key":"REST"},{"floor":27,"key":"REST"},{"floor":29,"key":"REST"},{"floor":32,"key":"REST"},{"floor":40,"key":"REST"},{"floor":49,"key":"REST"}],"circlet_count":0,"master_deck":["Defend_B+1","Defend_B+1","Defend_B+1","Zap+1","Dualcast+1","Barrage+1","Capacitor+1","Rebound+1","Cold Snap+1","Coolheaded+1","Beam Cell+1","Ball Lightning+1","conspire:Rain+1","Ball Lightning+1","Multi-Cast+1","Streamline+1","Mayhem+1","Static Discharge+1","Redo+1","Glacier+1","hubris:PowerSurge+1","Reboot+1","Echo Form+1","Barrage+1","Chaos+1","Double Energy+1","Storm+1"],"relics":["Cracked Core","Frozen Egg 2","hubris:BallOfYels","Strawberry","infinitespire:Beetle Shell","hubris:FunFungus","Velvet Choker","aspiration:Stabinomicon","hubris:DisguiseKit","DataDisk","aspiration:BursterCore","aspiration:KaomsHeart"],"acts_visited":["Exordium","TheCity","TheBeyond"],"potions_floor_usage":[8,12,16,28,28,33,33,33,50,50],"damage_taken":[{"damage":4,"enemies":"2 Louse","floor":1,"turns":4},{"damage":0,"enemies":"Small Slimes","floor":3,"turns":3},{"damage":6,"enemies":"Cultist","floor":4,"turns":3},{"damage":0,"enemies":"2 Fungi Beasts","floor":7,"turns":3},{"damage":12,"enemies":"3 Sentries","floor":8,"turns":5},{"damage":4,"enemies":"Exordium Thugs","floor":11,"turns":3},{"damage":11,"enemies":"Lagavulin","floor":12,"turns":5},{"damage":18,"enemies":"Lagavulin Event","floor":13,"turns":5},{"damage":10,"enemies":"3 Louse","floor":14,"turns":5},{"damage":28,"enemies":"The Guardian","floor":16,"turns":9},{"damage":16,"enemies":"Shell Parasite","floor":18,"turns":3},{"damage":6,"enemies":"Spheric Guardian","floor":20,"turns":3},{"damage":22,"enemies":"3 Cultists","floor":22,"turns":4},{"damage":14,"enemies":"Snake Plant","floor":23,"turns":3},{"damage":0,"enemies":"Centurion and Healer","floor":24,"turns":5},{"damage":1,"enemies":"3 Cultists","floor":28,"turns":2},{"damage":24,"enemies":"Shelled Parasite and Fungi","floor":31,"turns":3},{"damage":13,"enemies":"conspire:MysteriousRune","floor":33,"turns":7},{"damage":4,"enemies":"Orb Walker","floor":35,"turns":4},{"damage":20,"enemies":"3 Shapes","floor":37,"turns":4},{"damage":28,"enemies":"Maw","floor":39,"turns":4},{"damage":4,"enemies":"4 Shapes","floor":41,"turns":5},{"damage":13,"enemies":"Giant Head","floor":44,"turns":5},{"damage":18,"enemies":"Spire Growth","floor":47,"turns":2},{"damage":148,"enemies":"conspire:OrnateMirror","floor":50,"turns":7}],"seed_played":"9035030896759813318","potions_obtained":[{"floor":1,"key":"FocusPotion"},{"floor":7,"key":"Weak Potion"},{"floor":12,"key":"Dexterity Potion"},{"floor":13,"key":"Fire Potion"},{"floor":14,"key":"EntropicBrew"},{"floor":18,"key":"LiquidMemories"},{"floor":44,"key":"FearPotion"},{"floor":47,"key":"LiquidMemories"}],"is_trial":false,"path_per_floor":["M","$","M","M","?","R","M","E","T","R","M","E","?","M","R","B",null,"M","$","M","?","M","M","M","?","T","R","M","R","$","M","R","B",null,"M","$","M","AVR","M","R","M","?","T","E","?","$","M","?","R","B",null],"character_chosen":"DEFECT","items_purchased":["Capacitor","Mayhem+1","Static Discharge+1","DataDisk","Storm+1"],"campfire_rested":6,"item_purchase_floors":[2,19,19,30,46],"current_hp_per_floor":[71,71,71,65,65,65,65,53,60,60,56,45,27,24,48,22,82,66,66,60,44,22,8,8,8,8,32,31,55,55,32,56,46,82,80,80,60,160,132,182,182,182,182,171,170,170,152,152,182,80],"gold":97,"neow_bonus":"HUNDRED_GOLD","is_daily":false,"chose_seed":false,"campfire_upgraded":2,"win_rate":0.0,"timestamp":1608932008,"path_taken":["M","$","M","M","?","R","M","E","T","R","M","E","?","M","R","BOSS","M","$","M","?","M","M","M","?","T","R","M","R","$","M","R","BOSS","M","$","M","AVR","M","R","M","?","T","E","?","$","?","?","R","BOSS"],"items_purchased_type":["Card","Card","Card","Relic","Card"],"build_version":"2020-12-22","purchased_purges":4,"victory":true,"max_hp_per_floor":[75,75,75,75,75,75,75,75,82,82,82,82,82,82,82,82,82,82,82,82,82,82,82,82,82,82,82,82,82,82,82,82,82,82,82,82,82,182,182,182,182,182,182,182,182,182,182,182,182,182],"card_choices":[{"not_picked":["Steam","Force Field"],"picked":"Barrage","floor":1},{"not_picked":["Go for the Eyes","Turbo"],"picked":"Rebound","floor":3},{"not_picked":["Steam","Ball Lightning"],"picked":"Cold Snap","floor":4},{"not_picked":["Turbo","Go for the Eyes"],"picked":"Coolheaded","floor":7},{"not_picked":["Streamline","Stack"],"picked":"Beam Cell","floor":8},{"not_picked":["hubris:Prefetch","Compile Driver","Go for the Eyes"],"picked":"SKIP","floor":11},{"not_picked":["hubris:Prefetch","Compile Driver","Go for the Eyes"],"picked":"SKIP","floor":11},{"not_picked":["Conserve Battery","Rip and Tear"],"picked":"Ball Lightning","floor":12},{"not_picked":["Leap","Fusion"],"picked":"conspire:Rain","floor":13},{"not_picked":["Hologram","Auto Shields"],"picked":"Ball Lightning","floor":14},{"not_picked":["Meteor Strike","Biased Cognition+1"],"picked":"Multi-Cast","floor":16},{"not_picked":["Fusion","Stack+1"],"picked":"Streamline+1","floor":18},{"not_picked":["Beam Cell+1","conspire:SharedLibrary+1"],"picked":"Redo","floor":20},{"not_picked":["Ball Lightning","Beam Cell","Gash"],"picked":"SKIP","floor":22},{"not_picked":["Turbo+1","Beam Cell"],"picked":"Glacier","floor":23},{"not_picked":["hubris:DoWhile","Leap","Cold Snap"],"picked":"SKIP","floor":24},{"not_picked":["Go for the Eyes","Melter+1","Cold Snap+1","FollowUp"],"picked":"SKIP","floor":28},{"not_picked":["Sweeping Beam","Cold Snap+1","Conserve Battery","Indignation"],"picked":"SKIP","floor":31},{"not_picked":["hubris:SpecializedCircuitry+1","Creative AI+1","Establishment"],"picked":"Echo Form+1","floor":33},{"not_picked":["Ball Lightning","Conserve Battery","MentalFortress"],"picked":"Barrage+1","floor":35},{"not_picked":["Sweeping Beam+1","Rebound+1","Consecrate"],"picked":"Chaos","floor":37},{"not_picked":["Steam Power+1","Doom and Gloom","TalkToTheHand"],"picked":"Double Energy+1","floor":39},{"not_picked":["Conserve Battery+1","Echo Form+1","Hologram","Consecrate"],"picked":"SKIP","floor":41},{"not_picked":["Gash+1","Compile Driver+1","Go for the Eyes","Adaptation"],"picked":"SKIP","floor":44},{"not_picked":["Steam+1","Conserve Battery+1","Chaos","FlurryOfBlows"],"picked":"SKIP","floor":47}],"player_experience":379647,"relics_obtained":[{"floor":8,"key":"hubris:BallOfYels"},{"floor":9,"key":"Strawberry"},{"floor":12,"key":"infinitespire:Beetle Shell"},{"floor":13,"key":"hubris:FunFungus"},{"floor":21,"key":"aspiration:Stabinomicon"},{"floor":26,"key":"hubris:DisguiseKit"},{"floor":43,"key":"aspiration:KMNothing"},{"floor":44,"key":"aspiration:KMNothing"}],"event_choices":[{"damage_healed":0,"gold_gain":30,"player_choice":"Searched \u00272\u0027 times","damage_taken":0,"max_hp_gain":0,"max_hp_loss":0,"event_name":"Dead Adventurer","floor":13,"gold_loss":0},{"damage_healed":0,"gold_gain":0,"player_choice":"Obtained Book","damage_taken":16,"max_hp_gain":0,"max_hp_loss":0,"event_name":"Cursed Tome","floor":21,"gold_loss":0},{"damage_healed":0,"gold_gain":0,"cards_transformed":["Strike_B","Strike_B"],"player_choice":"Became Test Subject","damage_taken":0,"max_hp_gain":0,"max_hp_loss":0,"event_name":"Drug Dealer","floor":25,"gold_loss":0,"cards_obtained":["hubris:PowerSurge","Reboot"]},{"damage_healed":0,"gold_gain":0,"player_choice":"Random: Green","damage_taken":0,"max_hp_gain":0,"max_hp_loss":0,"event_name":"betterThird:BetterPortal","floor":45,"gold_loss":0},{"damage_healed":0,"gold_gain":0,"player_choice":"","damage_taken":1,"relics_obtained":[],"max_hp_gain":0,"max_hp_loss":0,"event_name":"betterSkull:BetterSkull","floor":45,"gold_loss":0,"cards_upgraded":[]},{"damage_healed":0,"gold_gain":0,"player_choice":"Upgrade","damage_taken":0,"relics_obtained":["Mark of the Bloom"],"max_hp_gain":0,"max_hp_loss":0,"event_name":"MindBloom","floor":48,"gold_loss":0,"cards_upgraded":["Defend_B","Defend_B","Defend_B","Dualcast","Capacitor","Rebound","Cold Snap","Coolheaded","Beam Cell","Ball Lightning","conspire:Rain","Ball Lightning","Multi-Cast","Redo","Glacier","Reboot","Chaos"]}],"is_beta":false,"boss_relics":[{"not_picked":["conspire:RoyalGoblet","hubris:HollowSoul"],"picked":"Velvet Choker"},{"not_picked":["conspire:RunicOctahedron","hubris:VirtuousBlindfold"],"picked":"aspiration:BursterCore"}],"items_purged_floors":[2,19,36,38],"is_endless":false,"potions_floor_spawned":[1,7,12,13,14,18,23,24,44,47],"ascension_level":4}}