{"host":"w01zow3jg16g8jdh","time":1608913910,"event":{"mods":["AchievementEnabler","BaseMod","DeckTracker","Keyboard Shortcuts","Minty Spire (QoL Compilation)","Permanent Neow","StSLib","SuperFastMode"],"gold_per_floor":[109,74,88,88,113,138,138,138,138,155,155,173,191,203,203,203,203],"floor_reached":16,"playtime":272,"items_purged":[],"score":204,"play_id":"f14bc7ad-d738-4d3d-94c3-9dac1e7d3b72","local_time":"20201226013150","is_ascension_mode":true,"campfire_choices":[{"data":"Stack","floor":8.0,"key":"SMITH"},{"floor":11.0,"key":"REST"},{"floor":15,"key":"REST"}],"circlet_count":0,"master_deck":["AscendersBane","Strike_B","Strike_B","Strike_B","Strike_B","Defend_B","Defend_B","Defend_B","Defend_B","Zap","Dualcast","Stack+1","Ball Lightning","BootSequence","Hologram","Turbo","Beam Cell"],"relics":["Philosopher\u0027s Stone","Toy Ornithopter","Potion Belt","Thread and Needle"],"acts_visited":[],"potions_floor_usage":[14,16],"damage_taken":[{"damage":12.0,"enemies":"2 Louse","floor":1.0,"turns":2.0},{"damage":5.0,"enemies":"Small Slimes","floor":3.0,"turns":4.0},{"damage":45.0,"enemies":"3 Sentries","floor":6.0,"turns":9.0},{"damage":0.0,"enemies":"Jaw Worm","floor":10.0,"turns":2.0},{"damage":12.0,"enemies":"Large Slime","floor":12.0,"turns":7.0},{"damage":0.0,"enemies":"Blue Slaver","floor":13.0,"turns":4.0},{"damage":7,"enemies":"Gremlin Gang","floor":14,"turns":7},{"damage":60,"enemies":"Slime Boss","floor":16,"turns":9}],"seed_played":"5809434933020476675","potions_obtained":[{"floor":6.0,"key":"FearPotion"},{"floor":14,"key":"LiquidBronze"}],"is_trial":false,"path_per_floor":["M","?","M","?","T","E","?","R","T","M","R","M","M","M","R","B"],"character_chosen":"DEFECT","items_purchased":[],"campfire_rested":2,"item_purchase_floors":[],"current_hp_per_floor":[52,69,64,64,64,19,19,19,19,19,40,28,28,26,47,0,0],"gold":203,"neow_bonus":"BOSS_RELIC","is_daily":false,"chose_seed":false,"campfire_upgraded":1,"win_rate":0.0,"timestamp":1608913910,"path_taken":["M","?","M","?","?","E","?","R","T","M","R","?","?","M","R","BOSS"],"items_purchased_type":[],"build_version":"2020-12-22","purchased_purges":0,"victory":false,"max_hp_per_floor":[71,71,71,71,71,71,71,71,71,71,71,71,71,71,71,71,71],"card_choices":[{"not_picked":["Conserve Battery","Gash"],"picked":"Stack","floor":1.0},{"not_picked":["Conserve Battery","Darkness"],"picked":"Ball Lightning","floor":3.0},{"not_picked":["Skim","Storm"],"picked":"BootSequence","floor":6.0},{"not_picked":["Amplify","Go for the Eyes"],"picked":"Hologram","floor":10.0},{"not_picked":["Chaos","Rebound","Redo"],"picked":"SKIP","floor":12.0},{"not_picked":["Hologram","Rip and Tear"],"picked":"Turbo","floor":13.0},{"not_picked":["Genetic Algorithm","Turbo"],"picked":"Beam Cell","floor":14}],"player_experience":293034,"relics_obtained":[{"floor":5.0,"key":"Toy Ornithopter"},{"floor":6.0,"key":"Potion Belt"},{"floor":9.0,"key":"Thread and Needle"}],"event_choices":[{"damage_healed":17.0,"max_hp_gain":0.0,"max_hp_loss":0.0,"gold_gain":0.0,"event_name":"The Cleric","player_choice":"Healed","floor":2.0,"gold_loss":35.0,"damage_taken":0.0},{"damage_healed":0.0,"max_hp_gain":0.0,"max_hp_loss":0.0,"gold_gain":0.0,"event_name":"Golden Wing","player_choice":"Ignored","floor":4.0,"gold_loss":0.0,"damage_taken":0.0},{"damage_healed":0.0,"max_hp_gain":0.0,"max_hp_loss":0.0,"gold_gain":0.0,"event_name":"Shining Light","player_choice":"Ignored","floor":7.0,"gold_loss":0.0,"damage_taken":0.0}],"is_beta":false,"boss_relics":[],"items_purged_floors":[],"is_endless":false,"potions_floor_spawned":[6,14],"killed_by":"Slime Boss","ascension_level":20}}