{"host":"i09pxcjttd31eh4q","time":1608903424,"event":{"mods":["AchievementEnabler","BaseMod","Colored Map","Keyboard Shortcuts","Minty Spire (QoL Compilation)","StSLib","SuperFastMode"],"gold_per_floor":[115,130,145,145,155,155,170,170,170,170,56,71,71,71,71,145,145,163,63,76,76,91,91,109,109,109,109,144,154,154,169,169,247,247,263,50,67,67,79,106,117,117,117],"floor_reached":42,"playtime":1519,"items_purged":["Strike_G","Flechettes"],"score":938,"play_id":"125127d0-d7d6-432e-971a-e2b8e4b84942","local_time":"20201225223704","is_ascension_mode":true,"campfire_choices":[{"data":"Apotheosis","floor":6.0,"key":"SMITH"},{"floor":8.0,"key":"REST"},{"data":"Well Laid Plans","floor":13.0,"key":"SMITH"},{"floor":15.0,"key":"REST"},{"floor":23.0,"key":"RECALL"},{"floor":27.0,"key":"REST"},{"floor":32.0,"key":"REST"}],"circlet_count":0,"master_deck":["AscendersBane","Survivor","Neutralize","Apotheosis+1","Blade Dance","Well Laid Plans+1","Backflip","Masterful Stab","Corpse Explosion","Footwork","Reflex","Deflect","Bullet Time","Blur","Finisher","Venomology","Die Die Die","Leg Sweep","Blur","Noxious Fumes","Bouncing Flask","Prepared","Noxious Fumes+1","Backflip","Tactician","Calculated Gamble","Catalyst","Acrobatics"],"relics":["Ring of the Snake","Nunchaku","Bronze Scales","Pandora\u0027s Box","Singing Bowl","Gremlin Horn","Busted Crown","PreservedInsect","Ice Cream","Toy Ornithopter"],"acts_visited":["Exordium","TheCity","TheBeyond"],"potions_floor_usage":[41,41],"damage_taken":[{"damage":3.0,"enemies":"Small Slimes","floor":1.0,"turns":5.0},{"damage":4.0,"enemies":"2 Louse","floor":2.0,"turns":3.0},{"damage":0.0,"enemies":"Cultist","floor":3.0,"turns":4.0},{"damage":15.0,"enemies":"Exordium Thugs","floor":5.0,"turns":6.0},{"damage":13.0,"enemies":"Blue Slaver","floor":7.0,"turns":4.0},{"damage":0.0,"enemies":"2 Fungi Beasts","floor":12.0,"turns":3.0},{"damage":8.0,"enemies":"The Guardian","floor":16.0,"turns":8.0},{"damage":0.0,"enemies":"2 Thieves","floor":18.0,"turns":3.0},{"damage":0.0,"enemies":"3 Byrds","floor":20.0,"turns":2.0},{"damage":0.0,"enemies":"3 Cultists","floor":22.0,"turns":3.0},{"damage":1.0,"enemies":"Snake Plant","floor":24.0,"turns":3.0},{"damage":4.0,"enemies":"Shelled Parasite and Fungi","floor":25.0,"turns":2.0},{"damage":22.0,"enemies":"Gremlin Leader","floor":28.0,"turns":5.0},{"damage":5.0,"enemies":"Cultist and Chosen","floor":29.0,"turns":4.0},{"damage":0.0,"enemies":"Snecko","floor":31.0,"turns":5.0},{"damage":45.0,"enemies":"Collector","floor":33.0,"turns":7.0},{"damage":15.0,"enemies":"Orb Walker","floor":35.0,"turns":4.0},{"damage":21.0,"enemies":"3 Darklings","floor":37.0,"turns":3.0},{"damage":0.0,"enemies":"Sphere and 2 Shapes","floor":39.0,"turns":3.0},{"damage":15.0,"enemies":"Giant Head","floor":40.0,"turns":7.0},{"damage":0,"enemies":"Jaw Worm Horde","floor":41,"turns":3},{"damage":0,"enemies":"3 Darklings","floor":42,"turns":2}],"seed_played":"-2374092011489867369","potions_obtained":[{"floor":3.0,"key":"Energy Potion"},{"floor":5.0,"key":"PowerPotion"},{"floor":28.0,"key":"PowerPotion"},{"floor":40.0,"key":"SpeedPotion"}],"is_trial":false,"path_per_floor":["M","M","M","?","M","R","M","R","T","?","$","M","R","?","R","B",null,"M","$","M","?","M","R","M","M","T","R","E","M","$","M","R","B",null,"M","$","M","?","M","E","M","M"],"character_chosen":"THE_SILENT","items_purchased":["Footwork","Tactician","PreservedInsect"],"campfire_rested":4,"item_purchase_floors":[11,36,36],"current_hp_per_floor":[41,37,37,37,22,22,9,28,28,28,28,28,28,23,42,34,58,58,58,58,58,58,58,57,53,53,66,44,39,39,39,58,15,55,40,40,19,19,19,6,16,16,16],"gold":117,"neow_bonus":"RANDOM_COLORLESS_2","is_daily":false,"chose_seed":false,"campfire_upgraded":2,"win_rate":0.0,"timestamp":1608903424,"path_taken":["M","M","M","?","M","R","M","R","T","?","$","M","R","?","R","BOSS","M","$","M","?","M","R","M","M","T","R","E","M","$","M","R","BOSS","M","$","M","?","M","E","M","M"],"items_purchased_type":["Card","Card","Relic"],"build_version":"2020-12-22","purchased_purges":2,"victory":false,"max_hp_per_floor":[66,66,66,66,66,66,66,66,66,66,66,66,66,66,66,66,66,66,66,66,66,66,66,66,66,66,66,66,66,66,66,66,68,68,68,68,68,68,68,70,70,70,70],"card_choices":[{"not_picked":["The Bomb","Magnetism"],"picked":"Apotheosis","floor":0.0},{"not_picked":["Concentrate","PiercingWail"],"picked":"Blade Dance","floor":1.0},{"not_picked":["Dash","Deflect"],"picked":"Well Laid Plans","floor":2.0},{"not_picked":["Blade Dance","Poisoned Stab"],"picked":"Backflip","floor":3.0},{"not_picked":["Skewer","Sucker Punch"],"picked":"Masterful Stab","floor":5.0},{"not_picked":["Riddle With Holes","Dodge and Roll"],"picked":"Corpse Explosion","floor":7.0},{"not_picked":["Deadly Poison","Choke"],"picked":"Reflex","floor":12.0},{"not_picked":["Deadly Poison","Masterful Stab","Slice+1"],"picked":"SKIP","floor":18.0},{"not_picked":["Dagger Throw","Flying Knee","Endless Agony"],"picked":"SKIP","floor":20.0},{"not_picked":["Dodge and Roll","Deadly Poison"],"picked":"Noxious Fumes","floor":22.0},{"not_picked":["Quick Slash","Blade Dance","Dagger Spray"],"picked":"SKIP","floor":24.0},{"not_picked":["Poisoned Stab","Concentrate"],"picked":"Bouncing Flask","floor":28.0},{"not_picked":["Deadly Poison","Eviscerate"],"picked":"Prepared","floor":29.0},{"not_picked":["Backstab","Bouncing Flask+1"],"picked":"Noxious Fumes+1","floor":31.0},{"not_picked":["Wraith Form v2","Glass Knife","A Thousand Cuts"],"picked":"Singing Bowl","floor":33.0},{"not_picked":[],"picked":"Backflip","floor":35.0},{"not_picked":[],"picked":"Calculated Gamble","floor":37.0},{"not_picked":[],"picked":"Catalyst","floor":39.0},{"not_picked":["Cloak And Dagger"],"picked":"Singing Bowl","floor":40.0},{"not_picked":[],"picked":"Acrobatics","floor":41}],"player_experience":771370,"relics_obtained":[{"floor":9.0,"key":"Nunchaku"},{"floor":26.0,"key":"Singing Bowl"},{"floor":28.0,"key":"Gremlin Horn"},{"floor":40.0,"key":"Toy Ornithopter"}],"event_choices":[{"cards_removed":["Strike_G"],"damage_healed":0.0,"max_hp_gain":0.0,"max_hp_loss":0.0,"gold_gain":0.0,"event_name":"Living Wall","player_choice":"Forget","floor":4.0,"gold_loss":0.0,"damage_taken":0.0},{"damage_healed":0.0,"max_hp_gain":0.0,"max_hp_loss":0.0,"gold_gain":0.0,"event_name":"Shining Light","player_choice":"Ignored","floor":10.0,"gold_loss":0.0,"damage_taken":0.0},{"damage_healed":0.0,"max_hp_gain":0.0,"max_hp_loss":0.0,"gold_gain":0.0,"event_name":"Scrap Ooze","player_choice":"Success","floor":14.0,"gold_loss":0.0,"damage_taken":5.0,"relics_obtained":["Bronze Scales"]},{"damage_healed":0.0,"max_hp_gain":0.0,"max_hp_loss":0.0,"gold_gain":0.0,"event_name":"Duplicator","player_choice":"Copied","floor":21.0,"gold_loss":0.0,"damage_taken":0.0,"cards_obtained":["Blur"]},{"damage_healed":0.0,"max_hp_gain":0.0,"max_hp_loss":0.0,"gold_gain":0.0,"event_name":"WeMeetAgain","player_choice":"Gave Potion","floor":38.0,"gold_loss":0.0,"damage_taken":0.0,"relics_obtained":["Ice Cream"]}],"is_beta":false,"boss_relics":[{"not_picked":["Sozu","Runic Pyramid"],"picked":"Pandora\u0027s Box"},{"not_picked":["Velvet Choker","Astrolabe"],"picked":"Busted Crown"}],"items_purged_floors":[11,19],"is_endless":false,"potions_floor_spawned":[3,5,22,24,25,28,37,40],"killed_by":"3 Darklings","ascension_level":20}}