{"host":"mp3zbolja7t2zuvr","time":1608900785,"event":{"mods":["AchievementEnabler","BaseMod","Curses Come First","Minty Spire (QoL Compilation)","Permanent Neow","Relic Stats","StSLib","Synergy Search","The Animator"],"gold_per_floor":[124,28,50,65,85,117,117,154,154,166,181,181,213,288,288,390,390,408,408,423,428,428],"floor_reached":21,"playtime":1730,"items_purged":[],"score":212,"play_id":"4c89ae61-dde9-41dc-900d-0cc2c3230598","local_time":"20201225075305","is_ascension_mode":true,"campfire_choices":[{"data":"animator:Guy","floor":7,"key":"SMITH"},{"data":"animator:AcuraAkari","floor":12,"key":"SMITH"},{"floor":15,"key":"REST"}],"circlet_count":0,"master_deck":["animator:Strike_HitsugiNoChaika","animator:Defend_HitsugiNoChaika","animator:AcuraAkari+1","animator:Gillette","animator:Guy+1","animator:Strike_Kancolle","animator:Strike_OwariNoSeraph","animator:Strike_NoGameNoLife","animator:Defend_OnePunchMan","animator:Defend_Katanagatari","animator:Defend_AccelWorld","animator:Viivi","animator:Benimaru","animator:Gillette","animator:Tyuule"],"relics":["animator:VividPicture","animator:TheMissingPiece","animator:PurgingStone","Omamori","Pear","The Courier","Mummified Hand"],"acts_visited":["Exordium","TheCity"],"potions_floor_usage":[10],"damage_taken":[{"damage":8,"enemies":"2 Louse","floor":1,"turns":3},{"damage":4,"enemies":"Small Slimes","floor":3,"turns":4},{"damage":0,"enemies":"Cultist","floor":4,"turns":4},{"damage":5,"enemies":"Exordium Wildlife","floor":5,"turns":3},{"damage":13,"enemies":"Lagavulin","floor":6,"turns":5},{"damage":12,"enemies":"Large Slime","floor":8,"turns":6},{"damage":3,"enemies":"2 Fungi Beasts","floor":10,"turns":3},{"damage":3,"enemies":"Looter","floor":11,"turns":3},{"damage":6,"enemies":"Gremlin Nob","floor":13,"turns":3},{"damage":25,"enemies":"The Guardian","floor":16,"turns":8},{"damage":44,"enemies":"2 Thieves","floor":18,"turns":4},{"damage":8,"enemies":"Shell Parasite","floor":20,"turns":6},{"damage":22,"enemies":"Cultist and Chosen","floor":21,"turns":6}],"seed_played":"-4632846525095807851","potions_obtained":[{"floor":3,"key":"BlessingOfTheForge"},{"floor":5,"key":"animator:FalseLifePotion"},{"floor":8,"key":"DuplicationPotion"},{"floor":18,"key":"LiquidMemories"}],"is_trial":false,"path_per_floor":["M","?","M","M","M","E","R","M","T","M","M","R","E","?","R","B",null,"M","?","M","M"],"character_chosen":"THE_ANIMATOR","items_purchased":[],"campfire_rested":1,"item_purchase_floors":[],"current_hp_per_floor":[58,58,54,54,50,37,37,25,35,32,29,29,23,12,35,10,77,33,33,25,3,3],"gold":428,"neow_bonus":"THREE_CARDS","is_daily":false,"chose_seed":false,"campfire_upgraded":2,"win_rate":0.0,"timestamp":1608900785,"path_taken":["M","?","M","M","M","E","R","M","T","M","M","R","E","?","R","BOSS","M","?","M","M"],"items_purchased_type":[],"build_version":"2020-12-22","purchased_purges":0,"victory":false,"max_hp_per_floor":[66,66,66,66,67,67,67,67,77,77,77,77,77,77,77,77,77,77,77,77,77,77],"relic_stats":{"counters":[13,58],"Mummified Hand":[0],"obtain_stats":[{"Pear":9,"animator:PurgingStone":0,"Mummified Hand":19,"animator:TheMissingPiece":0,"animator:LivingPicture":0,"The Courier":13,"Omamori":6,"animator:VividPicture":17},{"Pear":6,"animator:PurgingStone":0,"Mummified Hand":11,"animator:TheMissingPiece":0,"animator:LivingPicture":0,"The Courier":9,"Omamori":5,"animator:VividPicture":10},{"Pear":25,"animator:PurgingStone":0,"Mummified Hand":46,"animator:TheMissingPiece":0,"animator:LivingPicture":0,"The Courier":34,"Omamori":19,"animator:VividPicture":42}]},"card_choices":[{"not_picked":["animator:Kuribayashi","animator:Mitsuba"],"picked":"animator:Guy","floor":0},{"not_picked":["animator:Spearman","animator:KrulTepes","animator:Emonzaemon"],"picked":"SKIP","floor":1},{"not_picked":["animator:Kazuma","animator:Sonic","animator:RoryMercury"],"picked":"SKIP","floor":3},{"not_picked":["animator:Genos","animator:Hakurou","animator:Assassin"],"picked":"SKIP","floor":4},{"not_picked":["animator:ChaikaBohdan","animator:AcuraAkari"],"picked":"animator:Viivi","floor":5},{"not_picked":["animator:KrulTepes","animator:Shinoa","animator:ShinjiMatou"],"picked":"SKIP","floor":6},{"not_picked":["animator:Shion","animator:Shichika"],"picked":"animator:Benimaru","floor":8},{"not_picked":["animator:Emonzaemon","animator:Assassin","animator:HiiragiShinya"],"picked":"SKIP","floor":10},{"not_picked":["animator:Viivi","animator:ChaikaBohdan"],"picked":"animator:Gillette","floor":11},{"not_picked":["animator:Tatsumaki","animator:YaoHaDucy"],"picked":"animator:Tyuule","floor":13},{"not_picked":["animator:Mitsuba","animator:Benimaru","animator:Shuna"],"picked":"SKIP","floor":18},{"not_picked":["animator:Viivi","animator:TukaLunaMarceau","animator:Lancer"],"picked":"SKIP","floor":20}],"player_experience":176771,"relics_obtained":[{"floor":6,"key":"Omamori"},{"floor":9,"key":"Pear"},{"floor":13,"key":"The Courier"}],"event_choices":[{"damage_healed":0,"gold_gain":75,"player_choice":"Gather Gold","damage_taken":11,"max_hp_gain":0,"max_hp_loss":0,"event_name":"World of Goop","floor":14,"gold_loss":0},{"damage_healed":0,"gold_gain":0,"player_choice":"Gave Potion","damage_taken":0,"relics_obtained":["Mummified Hand"],"max_hp_gain":0,"max_hp_loss":0,"event_name":"WeMeetAgain","floor":19,"gold_loss":0}],"is_beta":false,"boss_relics":[{"not_picked":["Mark of Pain","Philosopher\u0027s Stone"],"picked":"animator:VividPicture"}],"items_purged_floors":[],"is_endless":false,"potions_floor_spawned":[3,5,8,18],"killed_by":"Cultist and Chosen","ascension_level":2}}