{"host":"nsxzlb359hv0da5z","time":1608887620,"event":{"mods":["BaseMod","Bestiary","Colored Map","Minty Spire (QoL Compilation)","Permanent Neow","Relic Stats","Slay the Relics Exporter","ojb\u0027s Info Mod"],"gold_per_floor":[109,109,121,136,136,170,190,190,190,234,258,35,74,149,149,149,149],"floor_reached":16,"playtime":1246,"items_purged":[],"score":240,"play_id":"a03703d9-043e-4f43-b403-15a82ec2d307","local_time":"20201225011340","is_ascension_mode":true,"campfire_choices":[{"data":"Whirlwind","floor":8,"key":"SMITH"},{"floor":15,"key":"REST"}],"circlet_count":0,"master_deck":["AscendersBane","Strike_R","Strike_R","Strike_R","Strike_R","Strike_R","Defend_R","Defend_R","Defend_R","Defend_R","Bash+1","Whirlwind+1","Shrug It Off","Sword Boomerang","Blood for Blood","Feed","Shrug It Off","Ghostly Armor"],"relics":["Burning Blood","Self Forming Clay","Golden Idol","InkBottle","HornCleat","White Beast Statue","OrangePellets","Calipers"],"acts_visited":["Exordium"],"potions_floor_usage":[6,6,13,13,16],"damage_taken":[{"damage":2,"enemies":"2 Louse","floor":1,"turns":3},{"damage":1,"enemies":"Cultist","floor":3,"turns":3},{"damage":10,"enemies":"Small Slimes","floor":4,"turns":3},{"damage":29,"enemies":"Gremlin Nob","floor":6,"turns":4},{"damage":21,"enemies":"Blue Slaver","floor":7,"turns":5},{"damage":8,"enemies":"3 Sentries","floor":10,"turns":7},{"damage":15,"enemies":"2 Fungi Beasts","floor":11,"turns":4},{"damage":12,"enemies":"Gremlin Nob","floor":13,"turns":4},{"damage":34,"enemies":"Slime Boss","floor":16,"turns":7}],"seed_played":"-5327640415001922779","potions_obtained":[{"floor":1,"key":"Energy Potion"},{"floor":4,"key":"ColorlessPotion"},{"floor":11,"key":"DuplicationPotion"},{"floor":13,"key":"BlessingOfTheForge"}],"is_trial":false,"path_per_floor":["M","?","M","M","?","E","M","R","T","E","M","$","E","?","R","B"],"character_chosen":"IRONCLAD","items_purchased":["OrangePellets","Block Potion"],"campfire_rested":1,"item_purchase_floors":[12,12],"current_hp_per_floor":[72,72,75,71,68,45,30,30,30,28,22,22,16,5,26,0,0],"gold":149,"neow_bonus":"UPGRADE_CARD","is_daily":false,"chose_seed":false,"campfire_upgraded":1,"win_rate":0.0,"timestamp":1608887620,"path_taken":["M","?","M","?","?","E","M","R","T","E","M","$","E","?","R","BOSS"],"items_purchased_type":["Relic","Potion"],"build_version":"2020-12-22","purchased_purges":0,"victory":false,"max_hp_per_floor":[75,75,75,75,68,68,68,68,68,68,71,71,71,71,71,71,71],"relic_stats":{"OrangePellets":[0],"counters":[9,40],"Self Forming Clay":[39],"Golden Idol":33,"obtain_stats":[{"OrangePellets":12,"HornCleat":9,"Calipers":13,"Self Forming Clay":2,"Golden Idol":5,"Burning Blood":0,"InkBottle":6,"White Beast Statue":10},{"OrangePellets":7,"HornCleat":5,"Calipers":8,"Self Forming Clay":1,"Golden Idol":3,"Burning Blood":0,"InkBottle":4,"White Beast Statue":6},{"OrangePellets":29,"HornCleat":18,"Calipers":33,"Self Forming Clay":3,"Golden Idol":9,"Burning Blood":0,"InkBottle":13,"White Beast Statue":25}],"Burning Blood":46,"InkBottle":[5]},"card_choices":[{"not_picked":["Shrug It Off","Iron Wave"],"picked":"Whirlwind","floor":1},{"not_picked":["Body Slam","Pommel Strike"],"picked":"Shrug It Off","floor":3},{"not_picked":["Fire Breathing","Second Wind"],"picked":"Sword Boomerang","floor":4},{"not_picked":["Shrug It Off","True Grit"],"picked":"Blood for Blood","floor":6},{"not_picked":["Flex","Havoc","Thunderclap"],"picked":"SKIP","floor":7},{"not_picked":["Ghostly Armor","Dropkick"],"picked":"Feed","floor":10},{"not_picked":["Thunderclap","Power Through"],"picked":"Shrug It Off","floor":11},{"not_picked":["Brutality","Dark Embrace"],"picked":"Ghostly Armor","floor":13}],"player_experience":1857262,"relics_obtained":[{"floor":2,"key":"Self Forming Clay"},{"floor":6,"key":"InkBottle"},{"floor":9,"key":"HornCleat"},{"floor":10,"key":"White Beast Statue"},{"floor":13,"key":"Calipers"}],"event_choices":[{"damage_healed":0,"gold_gain":0,"player_choice":"Relic","damage_taken":0,"max_hp_gain":0,"max_hp_loss":0,"event_name":"Wheel of Change","floor":2,"gold_loss":0},{"damage_healed":0,"gold_gain":0,"player_choice":"Lose Max HP","damage_taken":0,"relics_obtained":["Golden Idol"],"max_hp_gain":0,"max_hp_loss":7,"event_name":"Golden Idol","floor":5,"gold_loss":0},{"damage_healed":0,"gold_gain":75,"player_choice":"Gather Gold","damage_taken":11,"max_hp_gain":0,"max_hp_loss":0,"event_name":"World of Goop","floor":14,"gold_loss":0}],"is_beta":false,"boss_relics":[],"items_purged_floors":[],"is_endless":false,"potions_floor_spawned":[1,4,11,13],"killed_by":"Slime Boss","ascension_level":20}}