{"host":"utqe55yv0jihe4d6","time":1608913585,"event":{"mods":["2.2 Compatiblity","AchievementEnabler","BaseMod","Block Reminder","Colored Map","Colored Powertips","Minty Spire (QoL Compilation)","Quick Restart","Rare Cards Sparkle","Relic Stats","SuperFastMode"],"gold_per_floor":[116,134,34,48,48,87,87,87,87,110,110,126,126,145,145,145,145],"floor_reached":16,"playtime":421,"items_purged":["Decay"],"score":204,"play_id":"e2e783a3-d9b5-458c-91db-d78812276a77","local_time":"20201225112625","is_ascension_mode":true,"campfire_choices":[{"floor":7,"key":"REST"},{"floor":11,"key":"REST"},{"data":"Metallicize","floor":15,"key":"SMITH"}],"circlet_count":0,"master_deck":["AscendersBane","Strike_R","Strike_R","Strike_R","Strike_R","Strike_R","Defend_R","Defend_R","Defend_R","Defend_R","Bash","Reaper","Pommel Strike","Headbutt","Evolve","Carnage","Metallicize+1"],"relics":["Burning Blood","Golden Idol","Gambling Chip","Singing Bowl","HornCleat"],"acts_visited":["Exordium"],"potions_floor_usage":[10,16],"damage_taken":[{"damage":22,"enemies":"Cultist","floor":1,"turns":5},{"damage":13,"enemies":"Jaw Worm","floor":2,"turns":5},{"damage":10,"enemies":"2 Louse","floor":4,"turns":4},{"damage":62,"enemies":"Gremlin Nob","floor":6,"turns":6},{"damage":38,"enemies":"Exordium Wildlife","floor":10,"turns":5},{"damage":6,"enemies":"2 Fungi Beasts","floor":12,"turns":4},{"damage":47,"enemies":"Gremlin Gang","floor":14,"turns":7},{"damage":19,"enemies":"Hexaghost","floor":16,"turns":9}],"seed_played":"8915096453163876143","potions_obtained":[{"floor":1,"key":"SpeedPotion"},{"floor":2,"key":"FairyPotion"},{"floor":6,"key":"ColorlessPotion"}],"is_trial":false,"path_per_floor":["M","M","$","M","?","E","R","$","T","M","R","M","T","M","R","B"],"character_chosen":"IRONCLAD","items_purchased":["Headbutt"],"campfire_rested":2,"item_purchase_floors":[3],"current_hp_per_floor":[58,51,51,50,50,20,40,40,40,10,31,37,37,14,14,0,0],"gold":145,"neow_bonus":"THREE_RARE_CARDS","is_daily":false,"chose_seed":false,"campfire_upgraded":1,"win_rate":0.0,"timestamp":1608913585,"path_taken":["M","M","$","M","?","E","R","?","T","M","R","?","?","M","R","BOSS"],"items_purchased_type":["Card"],"build_version":"2020-12-22","purchased_purges":1,"victory":false,"max_hp_per_floor":[75,75,75,75,68,68,68,68,68,70,70,70,70,72,72,72,72],"relic_stats":{"Singing Bowl":4,"counters":[8,45],"Golden Idol":20,"Gambling Chip":[17],"obtain_stats":[{"HornCleat":13,"Singing Bowl":9,"Golden Idol":5,"Gambling Chip":6,"Burning Blood":0},{"HornCleat":6,"Singing Bowl":4,"Golden Idol":3,"Gambling Chip":4,"Burning Blood":0},{"HornCleat":29,"Singing Bowl":20,"Golden Idol":14,"Gambling Chip":20,"Burning Blood":0}],"Burning Blood":42},"card_choices":[{"not_picked":["Exhume","Bludgeon"],"picked":"Reaper","floor":0},{"not_picked":["Power Through","True Grit"],"picked":"Pommel Strike","floor":1},{"not_picked":["Heavy Blade","Entrench","Sever Soul"],"picked":"SKIP","floor":2},{"not_picked":["Iron Wave","Havoc"],"picked":"Evolve","floor":4},{"not_picked":["Dark Embrace","Power Through"],"picked":"Carnage","floor":6},{"not_picked":["Cleave","Dual Wield","Body Slam"],"picked":"Singing Bowl","floor":10},{"not_picked":["Cleave","Heavy Blade"],"picked":"Metallicize","floor":12},{"not_picked":["Entrench","Flex","Rage"],"picked":"Singing Bowl","floor":14}],"player_experience":2857730,"relics_obtained":[{"floor":6,"key":"Gambling Chip"},{"floor":9,"key":"Singing Bowl"},{"floor":13,"key":"HornCleat"}],"event_choices":[{"damage_healed":0,"gold_gain":0,"player_choice":"Lose Max HP","damage_taken":0,"relics_obtained":["Golden Idol"],"max_hp_gain":0,"max_hp_loss":7,"event_name":"Golden Idol","floor":5,"gold_loss":0}],"is_beta":false,"boss_relics":[],"items_purged_floors":[3],"is_endless":false,"potions_floor_spawned":[1,2,6],"killed_by":"Hexaghost","ascension_level":20}}