{"host":"sqkk9o2m8hbeeiah","time":1608888576,"event":{"mods":["AchievementEnabler","Astrologer","BaseMod","Better Note","Minty Spire (QoL Compilation)","Permanent Neow","Quick Restart","Replay The Spire","Somnambulant","StSLib","The Construct","Trackpad","Waifu the Spire"],"gold_per_floor":[114,131,131,183,196,50,63,63,63,63,63,98,117,134,134,234,234,253,269,280,280,280,280],"floor_reached":22,"playtime":1663,"items_purged":[],"score":188,"play_id":"d7e2264d-f3b9-4ad5-9a1a-b8f5055b7fad","local_time":"20201225202936","daily_mods":["Shiny","Uncertain Future","Binary"],"is_ascension_mode":false,"campfire_choices":[{"floor":8.0,"key":"REST"},{"floor":11.0,"key":"REST"},{"floor":15.0,"key":"REST"}],"circlet_count":0,"master_deck":["astrologer:Nova","astrologer:Starfield+1","astrologer:RejectReality","astrologer:Fate","astrologer:TheWorld","astrologer:DarkMatter","astrologer:Wish","astrologer:TheMagician","astrologer:Trine","astrologer:BlackHole","astrologer:Death","astrologer:WheelofFortune","astrologer:Alignment","astrologer:HeatDeath","astrologer:TheChariot","astrologer:TheSun","astrologer:Premonition","astrologer:Eclipse","astrologer:Judgement+1","astrologer:Shine","astrologer:CrystalBall","astrologer:TheEmpress","astrologer:Fate","astrologer:TheEmperor"],"relics":["astrologer:SkyMirror","Replay:Baseball","Singing Bowl","Mummified Hand","trackpad:Coffee"],"acts_visited":["Exordium","TheCity"],"potions_floor_usage":[18,20],"damage_taken":[{"damage":9.0,"enemies":"Cultist","floor":1.0,"turns":5.0},{"damage":10.0,"enemies":"Small Slimes","floor":2.0,"turns":2.0},{"damage":0.0,"enemies":"2 Louse","floor":5.0,"turns":1.0},{"damage":42.0,"enemies":"Large Slime","floor":7.0,"turns":7.0},{"damage":16.0,"enemies":"Lagavulin","floor":12.0,"turns":5.0},{"damage":7.0,"enemies":"Blue Slaver","floor":13.0,"turns":3.0},{"damage":4.0,"enemies":"Exordium Wildlife","floor":14.0,"turns":5.0},{"damage":45.0,"enemies":"The Guardian","floor":16.0,"turns":9.0},{"damage":3,"enemies":"Spheric Guardian","floor":18,"turns":3},{"damage":12,"enemies":"Shell Parasite","floor":19,"turns":2},{"damage":28,"enemies":"Centurion and Healer","floor":20,"turns":4},{"damage":39,"enemies":"Sentry and Sphere","floor":22,"turns":3}],"seed_played":"1305144419845861524","potions_obtained":[{"floor":1.0,"key":"DistilledChaos"},{"floor":13.0,"key":"Fire Potion"},{"floor":14.0,"key":"SkillPotion"},{"floor":16.0,"key":"LifebloodPotion"},{"floor":18,"key":"Adrenaline Potion"}],"is_trial":true,"path_per_floor":["M","M","?","?","M","$","M","R","T","?","R","E","M","M","R","B",null,"M","M","M","?","M"],"character_chosen":"ASTROLOGER","items_purchased":["Replay:Baseball"],"campfire_rested":3,"item_purchase_floors":[6],"current_hp_per_floor":[61,51,51,51,51,51,9,30,30,53,70,56,49,47,69,24,74,73,61,35,35,0,0],"gold":280,"neow_bonus":"","is_daily":false,"chose_seed":false,"campfire_upgraded":0,"win_rate":0.0,"timestamp":1608888576,"path_taken":["M","M","?","?","M","$","M","R","T","?","R","E","M","M","R","BOSS","M","M","M","?","M"],"items_purchased_type":["Relic"],"build_version":"2020-12-22","purchased_purges":0,"victory":false,"max_hp_per_floor":[70,70,70,70,70,70,70,70,70,70,70,72,72,74,74,74,74,76,76,78,78,78,78],"card_choices":[{"not_picked":["astrologer:ReadTheStars"],"picked":"astrologer:Eclipse","floor":1.0},{"not_picked":["astrologer:Stardust"],"picked":"astrologer:Judgement","floor":2.0},{"not_picked":["astrologer:Still"],"picked":"astrologer:Shine","floor":5.0},{"not_picked":["astrologer:TheMoon"],"picked":"astrologer:CrystalBall","floor":7.0},{"not_picked":["astrologer:Eclipse","astrologer:Premonition"],"picked":"Singing Bowl","floor":12.0},{"not_picked":["astrologer:Radiance"],"picked":"astrologer:TheEmpress","floor":13.0},{"not_picked":["astrologer:Justice","astrologer:CometStrike"],"picked":"Singing Bowl","floor":14.0},{"not_picked":["astrologer:Premonition"],"picked":"astrologer:Fate","floor":16.0},{"not_picked":["astrologer:Opposition","astrologer:FrozenStar"],"picked":"Singing Bowl","floor":18},{"not_picked":["astrologer:Quincunx"],"picked":"astrologer:TheEmperor","floor":19},{"not_picked":["astrologer:Still","astrologer:CometStrike"],"picked":"Singing Bowl","floor":20}],"player_experience":791967,"relics_obtained":[{"floor":9.0,"key":"Singing Bowl"},{"floor":12.0,"key":"Mummified Hand"}],"event_choices":[{"damage_healed":0.0,"max_hp_gain":0.0,"max_hp_loss":0.0,"gold_gain":0.0,"event_name":"Living Wall","player_choice":"Grow","floor":3.0,"gold_loss":0.0,"damage_taken":0.0,"cards_upgraded":["astrologer:Starfield"]},{"damage_healed":0.0,"max_hp_gain":0.0,"max_hp_loss":0.0,"gold_gain":52.0,"event_name":"Golden Wing","player_choice":"Gained Gold","floor":4.0,"gold_loss":0.0,"damage_taken":0.0},{"damage_healed":23.0,"max_hp_gain":0.0,"max_hp_loss":0.0,"gold_gain":0.0,"event_name":"Big Fish","player_choice":"Banana","floor":10.0,"gold_loss":0.0,"damage_taken":0.0},{"damage_healed":0,"gold_gain":0,"player_choice":"Upgraded","damage_taken":0,"max_hp_gain":0,"max_hp_loss":0,"event_name":"Upgrade Shrine","floor":21,"gold_loss":0,"cards_upgraded":["astrologer:Judgement"]}],"is_beta":false,"boss_relics":[{"not_picked":["Sozu","ChewingGum"],"picked":"trackpad:Coffee"}],"items_purged_floors":[],"is_endless":false,"potions_floor_spawned":[1,13,14,16,18],"killed_by":"Sentry and Sphere","ascension_level":0}}