{"host":"2g3a9o4nvxna76t1","time":1608930830,"event":{"mods":["2.2 Compatiblity","Act Like it!","Aspiration","BaseMod","BetterRewards","Challenge The Spire","Colored Map","Colored Powertips","Conspire","Downfall","Energized Spire","GifTheSpireLib","GungeonMod","Halation","Highlight Path","Hubris","Infinite Spire","Mimic Mod","Minty Spire (QoL Compilation)","Pale of the Ancients","Quick Restart","Random Character Button","Replay The Spire","Reworked Bosses","Shop Mod","Spikes Relics","StSLib","Strawberry Spire","Stuff the Spire","SuperFastMode","Swap Starting Deck Mod","Waifu the Spire","vexMod"],"gold_per_floor":[109,127,140,140,140,175,175,206,240,240,257,285,300,316,316,420,420,432,79,107,22,22,49,49,62,112,143,10,28,28,28,28,129,129,143,143,175,175,175,175,195,195,249,249,249,274,99,116,116,116,129,140,180,204,204,214,214,11,11,11],"floor_reached":61,"playtime":3856,"items_purged":["Strike_G","Defend_G","Strike_G"],"score":1682,"play_id":"37dbd7b7-4255-4b45-a9cc-41c35632a597","local_time":"20201225151350","is_ascension_mode":true,"campfire_choices":[{"floor":10,"key":"REST"},{"floor":15,"key":"DIG"},{"data":"BlessedFruit","floor":24,"key":"SMITH"},{"data":"BlessedFruit","floor":30,"key":"SMITH"},{"data":"StuffTheSpire:Innocence","floor":32,"key":"SMITH"},{"data":"infinitespire:UltimateForm","floor":40,"key":"SMITH"},{"data":"expansioncontent:DefensiveStance","floor":42,"key":"SMITH"},{"data":"infinitespire:FutureSight","floor":44,"key":"SMITH"},{"data":"StuffTheSpire:BrainWave","floor":49,"key":"SMITH"},{"data":"Accuracy","floor":55,"key":"SMITH"},{"data":"Cloak And Dagger","floor":57,"key":"SMITH"}],"circlet_count":0,"master_deck":["Strike_G","Defend_G","Defend_G","Defend_G","Defend_G","Survivor","Neutralize","Sucker Punch","Accuracy+1","StuffTheSpire:Innocence+1","Adrenaline+1","Well Laid Plans","Voices","BlessedFruit+1","BlessedFruit+1","Crippling Poison","Cloak And Dagger+1","Quick Slash","Escape Plan","Noxious Fumes","strawberrySpire:Grapple","strawberrySpire:HotShot","Terror","Infinite Blades","Cloak And Dagger+1","Adrenaline+1","Noxious Fumes","conspire:DoublingDagger","Flying Knee","Poisoned Stab","Adrenaline+1","Adrenaline+1","Adrenaline+1","Adrenaline+1","Adrenaline+1","InfectiousVector+1","StuffTheSpire:BrainWave+1","expansioncontent:DefensiveStance+1","Dark Shackles","infinitespire:UltimateForm+1","infinitespire:Fortify","infinitespire:FutureSight+1","Predator","infinitespire:UltimateForm+1","StuffTheSpire:Innocence+1","Noxious Fumes+1","Infinite Blades","Blade Dance","Adrenaline","Predator","Phantasmal Killer+1","Noxious Fumes","Noxious Fumes"],"relics":["Ring of the Snake","NeowsBlessing","halation:EternalFortune","ReplayTheSpireMod:Ring of Exchange","Ring of Misfortune","Replay:Mystery Machine","vexMod:BarristanHead","aspiration:FetidBarrel","MerchantsRug","Red Mask","Bag of Preparation","Pen Nib","Vajra","infinitespire:CheckeredPen","Onion Ring","Mummified Hand","ToxicTincture","halation:PromiseList","hubris:GlazedTorus","paleoftheancients:Timepiece","Ice Cream","Letter Opener","paleoftheancients:SoulOfTheShapes","aspiration:ChemicalBlood"],"acts_visited":["Exordium","TheCity","TheBeyond","paleoftheancients:PaleOfTheAncients"],"potions_floor_usage":[6,6,16,23,27,33,56,60,60,60,60,60],"damage_taken":[{"damage":0,"enemies":"conspire:RoseBush","floor":1,"turns":1},{"damage":0,"enemies":"Small Slimes","floor":2,"turns":1},{"damage":0,"enemies":"2 Louse","floor":3,"turns":1},{"damage":30,"enemies":"Lagavulin","floor":6,"turns":8},{"damage":10,"enemies":"3 Sentries","floor":8,"turns":17},{"damage":0,"enemies":"Large Slime","floor":9,"turns":10},{"damage":3,"enemies":"Large Slime","floor":11,"turns":11},{"damage":5,"enemies":"Lagavulin","floor":12,"turns":10},{"damage":11,"enemies":"2 Fungi Beasts","floor":13,"turns":4},{"damage":8,"enemies":"Blue Slaver","floor":14,"turns":4},{"damage":13,"enemies":"The Guardian","floor":16,"turns":10},{"damage":0,"enemies":"Chosen","floor":18,"turns":6},{"damage":16,"enemies":"Masked Bandits","floor":20,"turns":3},{"damage":1,"enemies":"conspire:SneckoGhost","floor":23,"turns":5},{"damage":8,"enemies":"2 Thieves","floor":25,"turns":4},{"damage":24,"enemies":"conspire:Head Lice","floor":27,"turns":5},{"damage":0,"enemies":"Cultist and Chosen","floor":29,"turns":2},{"damage":4,"enemies":"bossMod:newCollector","floor":33,"turns":5},{"damage":0,"enemies":"3 Shapes","floor":35,"turns":2},{"damage":0,"enemies":"conspire:MimicChest","floor":37,"turns":4},{"damage":0,"enemies":"Orb Walker","floor":41,"turns":1},{"damage":0,"enemies":"Nemesis","floor":46,"turns":3},{"damage":0,"enemies":"Maw","floor":48,"turns":4},{"damage":19,"enemies":"bossMod:newShapes","floor":50,"turns":6},{"damage":27,"enemies":"bossMod:newShapes","floor":51,"turns":6},{"damage":0,"enemies":"bossMod:newShapes","floor":52,"turns":5},{"damage":2,"enemies":"paleoftheancients:Thorton2","floor":53,"turns":4},{"damage":9,"enemies":"paleoftheancients:Thorton2","floor":56,"turns":8},{"damage":75,"enemies":"paleoftheancients:N","floor":60,"turns":6}],"seed_played":"-7452421467891089921","potions_obtained":[{"floor":1,"key":"FearPotion"},{"floor":2,"key":"Poison Potion"},{"floor":8,"key":"EssenceOfSteel"},{"floor":16,"key":"Guardian:BlockOnCardUsePotion"},{"floor":23,"key":"Fruit Juice"},{"floor":27,"key":"SteroidPotion"},{"floor":29,"key":"Fruit Juice"},{"floor":37,"key":"Weak Potion"},{"floor":41,"key":"Reflective Coating"},{"floor":51,"key":"Swift Potion"},{"floor":56,"key":"LiquidMemories"}],"is_trial":false,"path_per_floor":["M","M","M","?","?","E","?","E","MIM","R","M","E","M","M","R_BF","B",null,"M","$","?","?","?","E","R","M","T","E","$","M","R","T","R","B",null,"M","?","?","?","AVR","R","M","R","T","R","?","E","$","M","R","B","M","M","MIM","T","R","M","R","$","?","B",null],"character_chosen":"THE_SILENT","items_purchased":["Infinite Blades","Cloak And Dagger+1","MerchantsRug","DollysMirror","strawberrySpire:BrokenPrinter","Infinite Blades","Adrenaline","Predator","Phantasmal Killer+1","Noxious Fumes"],"campfire_rested":1,"item_purchase_floors":[19,19,19,19,28,47,58,58,58,58],"current_hp_per_floor":[70,70,70,63,66,39,39,29,31,54,53,50,44,38,38,27,91,93,93,79,79,79,84,84,79,79,58,58,61,61,61,61,69,122,126,114,118,108,108,108,108,108,108,108,69,71,71,73,73,126,117,128,132,132,132,134,134,134,134,104],"gold":11,"neow_bonus":"THREE_ENEMY_KILL","is_daily":false,"chose_seed":false,"campfire_upgraded":9,"win_rate":0.0,"timestamp":1608930830,"path_taken":["M","M","?","?","?","E","?","E","MIM","R","M","E","M","M","R_BF","BOSS","M","$","?","?","?","E","R","?","T","E","?","M","R","?","R","BOSS","M","?","?","?","AVR","R","M","R","T","R","?","E","?","M","R","BOSS","M","M","?","T","R","M","R","$","?","BOSS"],"items_purchased_type":["Card","Card","Relic","Relic","Relic","Card","Card","Card","Card","Card"],"build_version":"2020-12-22","purchased_purges":3,"victory":true,"max_hp_per_floor":[70,70,70,70,73,76,76,76,78,78,80,82,87,89,89,91,91,93,93,95,95,95,101,101,104,104,107,107,110,110,110,110,122,122,126,114,118,118,118,118,118,118,118,118,118,120,120,122,122,126,130,134,136,136,136,140,140,140,140,144],"card_choices":[{"not_picked":["StuffTheSpire:BumpUp","ReplayTheSpireMod:Shiv Toss","Slice"],"picked":"SKIP","floor":1},{"not_picked":["hubris:SlightOfHand","Dagger Throw"],"picked":"Sucker Punch","floor":2},{"not_picked":["PiercingWail","Poisoned Stab"],"picked":"Accuracy","floor":3},{"not_picked":["Dagger Throw","conspire:PoisonWeapons"],"picked":"Well Laid Plans","floor":6},{"not_picked":["strawberrySpire:SideSwipe","strawberrySpire:Pant"],"picked":"Crippling Poison","floor":8},{"not_picked":["Endless Agony","Crippling Poison"],"picked":"Cloak And Dagger","floor":9},{"not_picked":["Deadly Poison","strawberrySpire:Marathoner"],"picked":"Quick Slash","floor":11},{"not_picked":["Skewer","strawberrySpire:Pant"],"picked":"Escape Plan","floor":12},{"not_picked":["Reflex","strawberrySpire:Urgency"],"picked":"Noxious Fumes","floor":13},{"not_picked":["Draining Mist","Quick Slash"],"picked":"strawberrySpire:Grapple","floor":14},{"not_picked":["Phantasmal Killer","Tools of the Trade"],"picked":"strawberrySpire:HotShot","floor":16},{"not_picked":["Sucker Punch","Setup"],"picked":"Terror","floor":18},{"not_picked":["strawberrySpire:Pant","Sucker Punch"],"picked":"Noxious Fumes","floor":20},{"not_picked":["Calculated Gamble","strawberrySpire:Grapple"],"picked":"conspire:DoublingDagger","floor":23},{"not_picked":["Caltrops","Cloak And Dagger"],"picked":"Flying Knee","floor":25},{"not_picked":["Flechettes","strawberrySpire:Pant"],"picked":"Poisoned Stab","floor":27},{"not_picked":["conspire:PoisonWeapons","Quick Slash"],"picked":"InfectiousVector+1","floor":29},{"not_picked":["Dagger Throw+1","Underhanded Strike+1","PiercingWail+1"],"picked":"SKIP","floor":35},{"not_picked":["Mind Blast","expansioncontent:DarkVoid"],"picked":"expansioncontent:DefensiveStance","floor":38},{"not_picked":["strawberrySpire:NeglectedBlade","DemoMod:Deposit"],"picked":"Dark Shackles","floor":38},{"not_picked":["StuffTheSpire:ClusterCrunch+1","Dagger Throw"],"picked":"Predator","floor":41},{"not_picked":["conspire:PoisonWeapons","Deadly Poison+1"],"picked":"Noxious Fumes+1","floor":46},{"not_picked":["Slice","strawberrySpire:Slide+1","Predator+1"],"picked":"SKIP","floor":48},{"not_picked":["strawberrySpire:SpinKick","strawberrySpire:Insectonator+1","ShadowRift+1"],"picked":"SKIP","floor":51},{"not_picked":["Bane+1","Poisoned Stab+1","Dagger Throw+1"],"picked":"SKIP","floor":52},{"not_picked":["Outmaneuver","strawberrySpire:SideSwipe"],"picked":"Blade Dance","floor":53},{"not_picked":["StuffTheSpire:BrimstoneBlast","hubris:SlightOfHand+1","PiercingWail+1"],"picked":"SKIP","floor":56}],"player_experience":334042,"relics_obtained":[{"floor":6,"key":"halation:EternalFortune"},{"floor":6,"key":"strawberrySpire:CharschorBlot"},{"floor":7,"key":"ReplayTheSpireMod:Ring of Exchange"},{"floor":7,"key":"Ring of Misfortune"},{"floor":8,"key":"HeavenlyBonsai"},{"floor":9,"key":"Replay:Mystery Machine"},{"floor":12,"key":"vexMod:BarristanHead"},{"floor":13,"key":"halation:EternalFortune"},{"floor":15,"key":"aspiration:FetidBarrel"},{"floor":20,"key":"Red Mask"},{"floor":23,"key":"Blue Doll"},{"floor":26,"key":"Pen Nib"},{"floor":27,"key":"Vajra"},{"floor":31,"key":"infinitespire:CheckeredPen"},{"floor":33,"key":"halation:EternalFortune"},{"floor":37,"key":"Onion Ring"},{"floor":43,"key":"halation:PromiseList"},{"floor":46,"key":"hubris:GlazedTorus"},{"floor":51,"key":"paleoftheancients:SoulOfTheShapes"},{"floor":52,"key":"paleoftheancients:SoulOfTheCollector"},{"floor":53,"key":"Gambling Chip"},{"floor":54,"key":"aspiration:ChemicalBlood"},{"floor":56,"key":"paleoftheancients:SoulOfTheVixen"}],"event_choices":[{"damage_healed":0,"gold_gain":0,"player_choice":"Fought Bandits","damage_taken":0,"max_hp_gain":0,"max_hp_loss":0,"event_name":"Masked Bandits","floor":20,"gold_loss":0},{"damage_healed":0,"gold_gain":0,"player_choice":"Obtained Relic","damage_taken":0,"relics_obtained":["Bag of Preparation"],"max_hp_gain":0,"max_hp_loss":0,"event_name":"Addict","floor":21,"gold_loss":85},{"cards_removed":["Strike_G"],"damage_healed":0,"gold_gain":0,"player_choice":"Purged","damage_taken":0,"max_hp_gain":0,"max_hp_loss":0,"event_name":"Purifier","floor":22,"gold_loss":0},{"damage_healed":0,"gold_gain":0,"player_choice":"Memory 3","damage_taken":10,"max_hp_gain":0,"max_hp_loss":0,"event_name":"SensoryStone","floor":38,"gold_loss":0}],"is_beta":false,"boss_relics":[{"not_picked":["ChewingGum","halation:PlatinumPhoenix","vexMod:TimeEaterHat"]},{"not_picked":["infinitespire:Chaos","strawberrySpire:JuiceKeg"],"picked":"vexMod:Spyglass"}],"items_purged_floors":[19,39,47],"is_endless":false,"potions_floor_spawned":[1,2,8,16,23,27,29,37,41,48,51,56],"ascension_level":3}}