{"host":"lhth1efayex2023z","time":1608863452,"event":{"mods":["BaseMod","Colored Map","Googly Eyes","Minty Spire (QoL Compilation)","StSLib"],"gold_per_floor":[110,121,121,0,11,11,40,40,40,51,64,97,3,66,66,171,171,191,191,91,116,116,149,149,179,179,189,189,199,199,234,234,333,333,344,181,194,206,222,253,265,35,35,62,82,116,116,144,144,144],"floor_reached":51,"playtime":2266,"items_purged":["Defend_R","Strike_R","Bloodletting","Strike_R"],"score":1312,"play_id":"ae2ccff1-8de6-4bcd-b73e-1e2f3748ba9a","local_time":"20201224193052","is_ascension_mode":true,"campfire_choices":[{"data":"Armaments","floor":6,"key":"SMITH"},{"data":"Flame Barrier","floor":8,"key":"SMITH"},{"data":"Feed","floor":15,"key":"SMITH"},{"data":"Body Slam","floor":24,"key":"SMITH"},{"data":"Metallicize","floor":28,"key":"SMITH"},{"data":"Pommel Strike","floor":30,"key":"SMITH"},{"data":"Feel No Pain","floor":32,"key":"SMITH"},{"floor":49,"key":"RECALL"}],"circlet_count":0,"master_deck":["AscendersBane","Strike_R+1","Defend_R+1","Defend_R+1","Defend_R+1","Bash+1","Clash+1","Shockwave+1","Armaments+1","Pummel+1","Flame Barrier+1","Infernal Blade+1","Pommel Strike+1","Feed+1","Body Slam+1","Clash+1","Metallicize+1","Juggernaut+1","Feel No Pain+1","Iron Wave+1","Fiend Fire+1","Feel No Pain+1","Metallicize+1","Pommel Strike+1","Ghostly Armor+1","Shrug It Off+1","Power Through+1"],"relics":["Black Blood","Lizard Tail","Incense Burner","Mango","Regal Pillow","Mummified Hand","Velvet Choker","Anchor","Darkstone Periapt","Whetstone","Bottled Lightning","Lantern","Boot","HornCleat","InkBottle","Happy Flower","Mark of the Bloom","Sundial"],"acts_visited":["Exordium","TheCity","TheBeyond"],"potions_floor_usage":[11,12,16,16,16,16,33,33,37,41,46,50],"damage_taken":[{"damage":6,"enemies":"Cultist","floor":1,"turns":3},{"damage":7,"enemies":"Small Slimes","floor":2,"turns":4},{"damage":0,"enemies":"2 Louse","floor":5,"turns":3},{"damage":15,"enemies":"Gremlin Nob","floor":7,"turns":4},{"damage":9,"enemies":"Blue Slaver","floor":10,"turns":4},{"damage":0,"enemies":"Exordium Thugs","floor":11,"turns":4},{"damage":13,"enemies":"Lagavulin","floor":12,"turns":6},{"damage":38,"enemies":"Lagavulin Event","floor":14,"turns":8},{"damage":40,"enemies":"Slime Boss","floor":16,"turns":12},{"damage":19,"enemies":"Spheric Guardian","floor":18,"turns":4},{"damage":18,"enemies":"Slavers","floor":23,"turns":5},{"damage":3,"enemies":"Gremlin Leader","floor":25,"turns":6},{"damage":0,"enemies":"3 Byrds","floor":27,"turns":4},{"damage":16,"enemies":"Cultist and Chosen","floor":29,"turns":6},{"damage":1,"enemies":"Slavers","floor":31,"turns":4},{"damage":52,"enemies":"Automaton","floor":33,"turns":12},{"damage":12,"enemies":"Orb Walker","floor":35,"turns":4},{"damage":6,"enemies":"3 Shapes","floor":37,"turns":5},{"damage":21,"enemies":"Sphere and 2 Shapes","floor":38,"turns":5},{"damage":5,"enemies":"Spire Growth","floor":39,"turns":5},{"damage":6,"enemies":"Giant Head","floor":40,"turns":8},{"damage":0,"enemies":"Transient","floor":41,"turns":5},{"damage":4,"enemies":"Nemesis","floor":44,"turns":5},{"damage":21,"enemies":"4 Shapes","floor":45,"turns":5},{"damage":28,"enemies":"Reptomancer","floor":46,"turns":6},{"damage":7,"enemies":"Nemesis","floor":48,"turns":7},{"damage":44,"enemies":"Time Eater","floor":50,"turns":15}],"seed_played":"2607508635642973097","potions_obtained":[{"floor":2,"key":"BlessingOfTheForge"},{"floor":7,"key":"LiquidBronze"},{"floor":10,"key":"SkillPotion"},{"floor":11,"key":"DuplicationPotion"},{"floor":14,"key":"EntropicBrew"},{"floor":25,"key":"ElixirPotion"},{"floor":35,"key":"PowerPotion"},{"floor":37,"key":"PowerPotion"},{"floor":40,"key":"EssenceOfSteel"},{"floor":46,"key":"ElixirPotion"}],"is_trial":false,"path_per_floor":["M","M","?","$","M","R","E","R","T","M","M","E","$","?","R","B",null,"M","?","$","T","?","E","R","E","T","M","R","M","R","E","R","B",null,"M","$","M","M","M","E","M","$","T","E","M","E","?","E","R","B",null],"character_chosen":"IRONCLAD","items_purchased":["Armaments","Body Slam","Clash","Feel No Pain","Ghostly Armor"],"campfire_rested":0,"item_purchase_floors":[4,13,13,36,42],"current_hp_per_floor":[72,71,71,71,72,72,63,63,77,74,80,73,73,41,41,11,70,57,57,57,57,57,49,49,52,52,62,62,52,52,61,61,19,84,84,84,94,89,96,102,114,114,114,114,105,93,93,86,86,42],"gold":144,"neow_bonus":"ONE_RARE_RELIC","is_daily":false,"chose_seed":false,"campfire_upgraded":7,"win_rate":0.0,"timestamp":1608863452,"path_taken":["M","?","?","$","?","R","E","R","T","M","M","E","?","?","R","BOSS","M","?","$","?","?","E","R","E","T","M","R","?","R","E","R","BOSS","M","$","M","M","M","E","M","?","T","E","M","E","?","E","R","BOSS"],"items_purchased_type":["Card","Card","Card","Card","Card"],"build_version":"2020-12-22","purchased_purges":4,"victory":true,"max_hp_per_floor":[72,72,72,72,72,72,72,72,86,86,86,86,86,86,86,90,90,90,90,90,90,90,94,94,94,94,98,98,98,98,102,102,106,106,106,106,110,114,114,114,114,114,114,114,114,118,118,122,122,122],"card_choices":[{"not_picked":["True Grit","Pommel Strike"],"picked":"Clash","floor":1},{"not_picked":["Twin Strike","Anger"],"picked":"Bloodletting","floor":2},{"not_picked":["Disarm","Clash"],"picked":"Pummel","floor":5},{"not_picked":["Reckless Charge","Bloodletting"],"picked":"Flame Barrier","floor":7},{"not_picked":["True Grit","Clothesline"],"picked":"Infernal Blade","floor":10},{"not_picked":["Searing Blow","Flame Barrier"],"picked":"Pommel Strike","floor":11},{"not_picked":["Impervious","Uppercut"],"picked":"Feed","floor":12},{"not_picked":["True Grit","Body Slam"],"picked":"Metallicize","floor":14},{"not_picked":["Offering","Reaper"],"picked":"Juggernaut","floor":16},{"not_picked":["Sentinel","Warcry+1","Twin Strike"],"picked":"SKIP","floor":18},{"not_picked":["Pommel Strike","Warcry+1","Heavy Blade"],"picked":"SKIP","floor":23},{"not_picked":["Havoc","Combust","Bloodletting+1"],"picked":"SKIP","floor":25},{"not_picked":["Rupture+1","Headbutt+1","Clothesline"],"picked":"SKIP","floor":27},{"not_picked":["Headbutt","Wild Strike"],"picked":"Feel No Pain","floor":29},{"not_picked":["Perfected Strike+1","Uppercut+1"],"picked":"Iron Wave","floor":31},{"not_picked":["Demon Form","Corruption"],"picked":"Fiend Fire","floor":33},{"not_picked":["Searing Blow+1","Anger+1","Flex"],"picked":"SKIP","floor":35},{"not_picked":["True Grit+1","Rage+1"],"picked":"Metallicize","floor":37},{"not_picked":["Anger","Spot Weakness+1","Pommel Strike"],"picked":"SKIP","floor":38},{"not_picked":["Infernal Blade","Flex+1"],"picked":"Pommel Strike+1","floor":39},{"not_picked":["Blood for Blood","Ghostly Armor","Pommel Strike"],"picked":"SKIP","floor":40},{"not_picked":["Thunderclap+1","Rage","Headbutt"],"picked":"SKIP","floor":41},{"not_picked":["Clothesline","Seeing Red"],"picked":"Shrug It Off","floor":44},{"not_picked":["Havoc","Infernal Blade","Flame Barrier"],"picked":"SKIP","floor":45},{"not_picked":["Battle Trance+1","Wild Strike","Flame Barrier+1"],"picked":"SKIP","floor":46},{"not_picked":["Heavy Blade+1","Warcry+1"],"picked":"Power Through+1","floor":48}],"player_experience":394168,"relics_obtained":[{"floor":7,"key":"Incense Burner"},{"floor":9,"key":"Mango"},{"floor":12,"key":"Regal Pillow"},{"floor":14,"key":"Mummified Hand"},{"floor":21,"key":"Anchor"},{"floor":23,"key":"Darkstone Periapt"},{"floor":25,"key":"Whetstone"},{"floor":26,"key":"Bottled Lightning"},{"floor":31,"key":"Lantern"},{"floor":40,"key":"Boot"},{"floor":43,"key":"HornCleat"},{"floor":44,"key":"InkBottle"},{"floor":46,"key":"Happy Flower"},{"floor":48,"key":"Sundial"}],"event_choices":[{"damage_healed":0,"gold_gain":0,"cards_transformed":["Strike_R"],"player_choice":"Transformed","damage_taken":0,"max_hp_gain":0,"max_hp_loss":0,"event_name":"Transmorgrifier","floor":3,"gold_loss":0,"cards_obtained":["Shockwave"]},{"damage_healed":0,"gold_gain":0,"player_choice":"Searched \u00271\u0027 times","damage_taken":0,"max_hp_gain":0,"max_hp_loss":0,"event_name":"Dead Adventurer","floor":14,"gold_loss":0},{"cards_removed":["Strike_R"],"damage_healed":0,"gold_gain":0,"player_choice":"Purged","damage_taken":0,"max_hp_gain":0,"max_hp_loss":0,"event_name":"Purifier","floor":19,"gold_loss":0},{"damage_healed":0,"gold_gain":0,"player_choice":"Upgraded","damage_taken":0,"max_hp_gain":0,"max_hp_loss":0,"event_name":"Upgrade Shrine","floor":22,"gold_loss":0,"cards_upgraded":["Juggernaut"]},{"damage_healed":0,"gold_gain":0,"player_choice":"Upgrade","damage_taken":0,"relics_obtained":["Mark of the Bloom"],"max_hp_gain":0,"max_hp_loss":0,"event_name":"MindBloom","floor":47,"gold_loss":0,"cards_upgraded":["Defend_R","Defend_R","Defend_R","Clash","Shockwave","Pummel","Infernal Blade","Clash","Iron Wave","Fiend Fire","Feel No Pain","Metallicize","Ghostly Armor","Shrug It Off"]}],"is_beta":false,"boss_relics":[{"not_picked":["Runic Cube","SlaversCollar"],"picked":"Velvet Choker"},{"not_picked":["Busted Crown","SacredBark"],"picked":"Black Blood"}],"items_purged_floors":[4,20,36,42],"is_endless":false,"potions_floor_spawned":[2,7,10,11,14,25,29,31,35,37,40,46],"ascension_level":10}}