{"host":"hfxp6ue4pvwo3fit","time":1608866516,"event":{"mods":["AchievementEnabler","BaseMod","Colored Map","Colored Powertips","Highlight Path","Minty Spire (QoL Compilation)","StSLib","SuperFastMode"],"gold_per_floor":[115,115,129,129,20,20,20,47,47,47,75,75,85,112,112,191,191,206,206,219,239,82,82,82,82],"floor_reached":24,"playtime":614,"items_purged":[],"score":474,"play_id":"aa27409e-258d-4389-a8af-4f459f29d142","local_time":"20201224212156","is_ascension_mode":true,"campfire_choices":[{"data":"Bash","floor":6,"key":"SMITH"},{"data":"Pommel Strike","floor":12,"key":"SMITH"},{"data":"Rupture","floor":15,"key":"SMITH"},{"data":"Feed","floor":23,"key":"SMITH"}],"circlet_count":0,"master_deck":["AscendersBane","Strike_R","Strike_R","Strike_R","Strike_R","Strike_R+1","Defend_R+1","Defend_R","Defend_R","Defend_R","Bash+1","Havoc","Hemokinesis","Pommel Strike+1","Rupture+1","Metallicize","Corruption","Clothesline","Rupture","Feed+1"],"relics":["Burning Blood","NeowsBlessing","Mercury Hourglass","InkBottle","Strawberry","Question Card","Busted Crown"],"acts_visited":["Exordium","TheCity"],"potions_floor_usage":[14,16,19,20],"damage_taken":[{"damage":0,"enemies":"Small Slimes","floor":1,"turns":1},{"damage":0,"enemies":"2 Louse","floor":3,"turns":1},{"damage":0,"enemies":"3 Sentries","floor":8,"turns":1},{"damage":10,"enemies":"Gremlin Nob","floor":11,"turns":3},{"damage":7,"enemies":"Jaw Worm","floor":13,"turns":3},{"damage":18,"enemies":"Lagavulin","floor":14,"turns":7},{"damage":32,"enemies":"The Guardian","floor":16,"turns":7},{"damage":18,"enemies":"Spheric Guardian","floor":18,"turns":4},{"damage":20,"enemies":"3 Byrds","floor":20,"turns":5},{"damage":44,"enemies":"Snake Plant","floor":21,"turns":5},{"damage":66,"enemies":"Book of Stabbing","floor":24,"turns":4}],"seed_played":"2088760593491902780","potions_obtained":[{"floor":14,"key":"Weak Potion"},{"floor":18,"key":"LiquidMemories"},{"floor":19,"key":"BloodPotion"},{"floor":19,"key":"FairyPotion"}],"is_trial":false,"path_per_floor":["M","?","M","?","$","R","$","E","T","?","E","R","M","E","R","B",null,"M","?","M","M","$","R","E"],"character_chosen":"IRONCLAD","items_purchased":["PowerPotion","PowerPotion","Feed"],"campfire_rested":0,"item_purchase_floors":[5,5,22],"current_hp_per_floor":[74,79,80,56,56,56,56,62,62,62,65,65,64,52,52,26,72,60,77,63,25,25,25,0,0],"gold":82,"neow_bonus":"THREE_ENEMY_KILL","is_daily":false,"chose_seed":false,"campfire_upgraded":4,"win_rate":0.0,"timestamp":1608866516,"path_taken":["M","?","M","?","$","R","?","E","T","?","E","R","M","E","R","BOSS","M","?","?","M","$","R","E"],"items_purchased_type":["Potion","Potion","Card"],"build_version":"2020-12-22","purchased_purges":0,"victory":false,"max_hp_per_floor":[75,80,80,80,80,80,80,80,80,80,87,87,87,87,87,87,87,87,87,87,87,87,87,87,87],"card_choices":[{"not_picked":["Warcry","Dual Wield"],"picked":"Havoc","floor":1},{"not_picked":["Havoc","Twin Strike"],"picked":"Hemokinesis","floor":3},{"not_picked":["Heavy Blade","Iron Wave"],"picked":"Pommel Strike","floor":8},{"not_picked":["Clothesline","Flex"],"picked":"Rupture","floor":11},{"not_picked":["Sword Boomerang","Barricade"],"picked":"Metallicize","floor":13},{"not_picked":["Armaments","Warcry","Anger"],"picked":"SKIP","floor":14},{"not_picked":["Demon Form","Immolate","Double Tap"],"picked":"Corruption","floor":16},{"not_picked":["Armaments","Thunderclap"],"picked":"SKIP","floor":18},{"not_picked":["Rage"],"picked":"Clothesline","floor":20},{"not_picked":["Wild Strike"],"picked":"Rupture","floor":21}],"player_experience":430080,"relics_obtained":[{"floor":8,"key":"Mercury Hourglass"},{"floor":9,"key":"InkBottle"},{"floor":11,"key":"Strawberry"},{"floor":14,"key":"Question Card"}],"event_choices":[{"damage_healed":0,"gold_gain":0,"player_choice":"Donut","damage_taken":0,"max_hp_gain":5,"max_hp_loss":0,"event_name":"Big Fish","floor":2,"gold_loss":0},{"damage_healed":0,"gold_gain":0,"player_choice":"Entered Light","damage_taken":24,"max_hp_gain":0,"max_hp_loss":0,"event_name":"Shining Light","floor":4,"gold_loss":0,"cards_upgraded":["Defend_R","Strike_R"]},{"damage_healed":0,"gold_gain":0,"player_choice":"Ignored","damage_taken":0,"max_hp_gain":0,"max_hp_loss":0,"event_name":"Liars Game","floor":10,"gold_loss":0},{"damage_healed":0,"gold_gain":0,"player_choice":"Got Potions","damage_taken":0,"max_hp_gain":0,"max_hp_loss":0,"event_name":"Lab","floor":19,"gold_loss":0}],"is_beta":false,"boss_relics":[{"not_picked":["Velvet Choker","Astrolabe"],"picked":"Busted Crown"}],"items_purged_floors":[],"is_endless":false,"potions_floor_spawned":[11,13,14,18],"killed_by":"Book of Stabbing","ascension_level":20}}