{"host":"w01uex9uy9hwwtiw","time":1608893508,"event":{"mods":["BaseMod","Marisa（F雨　魔理沙）","Marked Mod","Minty Spire (QoL Compilation)","Remilia（蕾米莉亚）","Replay The Spire","RumiaBox-露米娅的神秘盒子","SIMod","StSLib","TestMod","The Cursed","vexMod","【遗物Mod】死灵法师NEW","【遗物卡牌】REMEMod","篝火指南","老伊莉雅"],"gold_per_floor":[119,119,69,123,147,147,182,274,274,274,304,334,334,352,352,465,465,502,502,524,524,554,597,625,69,119,119,119,18,33,33,33,175,175,205,115,137,174,205,205],"floor_reached":39,"playtime":3495,"items_purged":["Eruption"],"score":578,"play_id":"011c2aed-774e-4bca-8754-bf9996495818","local_time":"20201225185148","is_ascension_mode":false,"campfire_choices":[{"data":"PathToVictory","floor":6.0,"key":"SMITH"},{"data":"REME_CRH","floor":10.0,"key":"SMITH"},{"data":"Scrawl","floor":13.0,"key":"SMITH"},{"data":"PathToVictory","floor":15.0,"key":"SMITH"},{"data":"Replay:LoomingThreat","floor":27.0,"key":"SMITH"},{"floor":32.0,"key":"RECALL"}],"circlet_count":0,"master_deck":["Strike_P","Strike_P","Defend_P+1","Defend_P","Vigilance","Scrawl+1","EmptyMind+1","PathToVictory+1","Replay:LoomingThreat+1","MarkedMod:Acupuncture","REME_CRH+1","PathToVictory+1","FollowUp","Blasphemy","MarkedMod:GentlePulse+1","MarkedMod:GracefulMovements","Replay:DivineShield+1","EmptyMind+1","MarkedMod:GentlePulse","MarkedMod:PinPointDefense+1","LessonLearned","MarkedMod:GentlePulse+1","Halt+1"],"relics":["PureWater","testmod-TestBox","testmod-BatchProcessingSystem","testmod-Acrobat","REME_ArchaeologicalTools","Bottled Tornado","REME_DuelDisc","testmod-Justice","Oddly Smooth Stone","Dream Catcher","Membership Card","REME_ComplimentaryCards","REME_PuzzleBoxRelic","Nilry\u0027s Codex","Black Star"],"acts_visited":["Exordium","TheCity","TheBeyond"],"potions_floor_usage":[33,35,39,39],"damage_taken":[{"damage":0.0,"enemies":"Small Slimes","floor":1.0,"turns":2.0},{"damage":0.0,"enemies":"Jaw Worm","floor":5.0,"turns":2.0},{"damage":0.0,"enemies":"Gremlin Nob","floor":7.0,"turns":3.0},{"damage":0.0,"enemies":"Cultist","floor":8.0,"turns":1.0},{"damage":4.0,"enemies":"Exordium Thugs","floor":11.0,"turns":4.0},{"damage":13.0,"enemies":"Gremlin Gang","floor":12.0,"turns":2.0},{"damage":0.0,"enemies":"Large Slime","floor":14.0,"turns":1.0},{"damage":0.0,"enemies":"Slime Boss","floor":16.0,"turns":3.0},{"damage":0.0,"enemies":"3 Byrds","floor":18.0,"turns":1.0},{"damage":0.0,"enemies":"Spheric Guardian","floor":20.0,"turns":1.0},{"damage":0.0,"enemies":"Cultist and Chosen","floor":22.0,"turns":2.0},{"damage":0.0,"enemies":"REME_1_Revenger","floor":23.0,"turns":1.0},{"damage":0.0,"enemies":"Centurion and Healer","floor":24.0,"turns":1.0},{"damage":0.0,"enemies":"Snake Plant","floor":30.0,"turns":1.0},{"damage":0,"enemies":"Champ","floor":33,"turns":2},{"damage":0,"enemies":"Orb Walker","floor":35,"turns":1},{"damage":0,"enemies":"3 Shapes","floor":37,"turns":1},{"damage":0,"enemies":"Writhing Mass","floor":38,"turns":2},{"damage":99999,"enemies":"Orin","floor":39,"turns":3}],"seed_played":"7874841785035534361","potions_obtained":[{"floor":4.0,"key":"Fire Potion"},{"floor":4.0,"key":"Explosive Potion"},{"floor":5.0,"key":"SkillPotion"},{"floor":11.0,"key":"SteroidPotion"},{"floor":35,"key":"Fruit Juice"},{"floor":38,"key":"Adrenaline Potion"}],"is_trial":false,"path_per_floor":["M","?","?","?","M","R","E","M","T","R","M","M","R","M","R","B",null,"M","?","M","?","M","E","M","R","T","R","?","$","M","?","R","B",null,"M","?","M","M","?"],"character_chosen":"WATCHER","items_purchased":["Oddly Smooth Stone","Dream Catcher","Membership Card","Replay:DivineShield+1","REME_PuzzleBoxRelic","MarkedMod:GentlePulse"],"campfire_rested":0,"item_purchase_floors":[25,25,25,25,29,29],"current_hp_per_floor":[72,72,72,72,72,72,72,72,72,72,68,55,55,55,55,55,72,72,72,72,72,72,72,72,72,72,72,72,72,72,56,56,56,72,77,77,77,77,0,0],"gold":205,"neow_bonus":"TRANSFORM_CARD","is_daily":false,"chose_seed":false,"campfire_upgraded":5,"win_rate":0.0,"timestamp":1608893508,"path_taken":["M","?","?","?","M","R","E","M","T","R","M","?","R","M","R","BOSS","M","?","?","?","M","E","M","R","T","R","?","?","M","?","R","BOSS","M","?","?","M","?"],"items_purchased_type":["Relic","Relic","Relic","Card","Relic","Card"],"build_version":"2020-12-22","purchased_purges":1,"victory":false,"max_hp_per_floor":[72,72,72,72,72,72,72,72,72,72,72,72,72,72,72,72,72,72,72,72,72,72,72,72,72,72,72,72,72,72,72,72,72,72,77,77,77,77,77,77],"card_choices":[{"not_picked":["Prostrate","EmptyBody"],"picked":"PathToVictory","floor":1.0},{"not_picked":["Replay:BluntJabs","BowlingBash"],"picked":"MarkedMod:Acupuncture","floor":5.0},{"not_picked":["BowlingBash","MarkedMod:GracefulMovements"],"picked":"REME_CRH","floor":7.0},{"not_picked":["Wireheading","Crescendo","EmptyMind"],"picked":"SKIP","floor":8.0},{"not_picked":["EmptyBody","ThirdEye"],"picked":"PathToVictory","floor":11.0},{"not_picked":["Protect","EmptyMind"],"picked":"FollowUp","floor":12.0},{"not_picked":["Replay:Anticipation","Swivel","Worship"],"picked":"SKIP","floor":14.0},{"not_picked":["Alpha","Wish"],"picked":"Blasphemy","floor":16.0},{"not_picked":["FlurryOfBlows","Vengeance"],"picked":"MarkedMod:GentlePulse","floor":18.0},{"not_picked":["MarkedMod:Acupuncture","Study","CrushJoints"],"picked":"SKIP","floor":20.0},{"not_picked":["Halt","Replay:DivineShield+1","WheelKick+1"],"picked":"SKIP","floor":22.0},{"not_picked":["CutThroughFate","ForeignInfluence"],"picked":"MarkedMod:GracefulMovements","floor":23.0},{"not_picked":["Protect","Adaptation","Replay:DivineShield+1"],"picked":"SKIP","floor":24.0},{"not_picked":["DeusExMachina","FlurryOfBlows"],"picked":"MarkedMod:PinPointDefense+1","floor":30.0},{"not_picked":["Replay:AllIn","REME_WorshipGod"],"picked":"LessonLearned","floor":33},{"not_picked":["FollowUp+1","MentalFortress"],"picked":"MarkedMod:GentlePulse+1","floor":35},{"not_picked":["ThirdEye","Replay:ManipulateFuture","CrushJoints"],"picked":"SKIP","floor":37},{"not_picked":["CrushJoints+1","Replay:BluntJabs+1"],"picked":"Halt+1","floor":38}],"player_experience":107397,"relics_obtained":[{"floor":4.0,"key":"testmod-Acrobat"},{"floor":7.0,"key":"REME_ArchaeologicalTools"},{"floor":9.0,"key":"Bottled Tornado"},{"floor":23.0,"key":"testmod-Justice"},{"floor":31.0,"key":"Nilry\u0027s Codex"}],"event_choices":[{"damage_healed":0.0,"max_hp_gain":0.0,"max_hp_loss":0.0,"gold_gain":0.0,"cards_transformed":["Strike_P"],"event_name":"Living Wall","player_choice":"Change","floor":2.0,"gold_loss":0.0,"damage_taken":0.0,"cards_obtained":["Replay:LoomingThreat"]},{"cards_removed":["Strike_P"],"damage_healed":0.0,"max_hp_gain":0.0,"max_hp_loss":0.0,"gold_gain":0.0,"event_name":"The Cleric","player_choice":"Card Removal","floor":3.0,"gold_loss":50.0,"damage_taken":0.0},{"damage_healed":0.0,"max_hp_gain":0.0,"max_hp_loss":0.0,"gold_gain":0.0,"event_name":"N\u0027loth","player_choice":"Ignored","floor":19.0,"gold_loss":0.0,"damage_taken":0.0},{"damage_healed":0.0,"max_hp_gain":0.0,"max_hp_loss":0.0,"gold_gain":0.0,"event_name":"Vampires","player_choice":"Ignored","floor":21.0,"gold_loss":0.0,"damage_taken":0.0},{"damage_healed":0.0,"max_hp_gain":0.0,"max_hp_loss":0.0,"gold_gain":0.0,"event_name":"给自己的盒子","player_choice":"Swap Relic","floor":28.0,"relics_lost":["REME_ComplimentaryCards"],"gold_loss":0.0,"damage_taken":0.0,"relics_obtained":["REME_ComplimentaryCards"]},{"damage_healed":0.0,"max_hp_gain":0.0,"max_hp_loss":0.0,"gold_gain":0.0,"event_name":"Cursed Tome","player_choice":"Obtained Book","floor":31.0,"gold_loss":0.0,"damage_taken":16.0},{"cards_removed":["Defend_P"],"damage_healed":0,"gold_gain":0,"player_choice":"Upgrade and Remove","damage_taken":0,"max_hp_gain":0,"max_hp_loss":0,"event_name":"Designer","floor":36,"gold_loss":90,"cards_upgraded":["EmptyMind"]},{"damage_healed":0,"gold_gain":0,"player_choice":"Fight","damage_taken":0,"max_hp_gain":0,"max_hp_loss":0,"event_name":"OrinTheCat","floor":39,"gold_loss":0}],"is_beta":false,"boss_relics":[{"not_picked":["Philosopher\u0027s Stone","testmod-Fanaticism"],"picked":"REME_DuelDisc"},{"not_picked":["Snecko Eye","ReplayTheSpireMod:DimensionalGlitch"],"picked":"Black Star"}],"items_purged_floors":[25],"is_endless":false,"potions_floor_spawned":[5,11,12,16,20,24,35,38],"killed_by":"Orin","ascension_level":0}}