{"host":"5fasz840ryq7obdf","time":1608916706,"event":{"mods":["AchievementEnabler","BaseMod","Bestiary","Better Altar","Better Skull","Better Third Choice","BetterRewards","Block Reminder","Colored Powertips","Curses Come First","Minty Spire (QoL Compilation)","Quick Restart","Relic Stats","Shop Mod","Spicy Shops","StSLib"],"gold_per_floor":[33,18,18,36,0,0,0],"floor_reached":6,"playtime":238,"items_purged":[],"score":68,"play_id":"a5ed2eaf-2598-4424-bdf4-e5decad34f19","local_time":"20201225171826","is_ascension_mode":true,"campfire_choices":[],"circlet_count":0,"master_deck":["AscendersBane","Strike_G","Strike_G","Strike_G","Strike_G","Strike_G","Defend_G","Defend_G","Defend_G","Defend_G","Defend_G","Survivor","Neutralize","Panache","Deadly Poison+1","Accuracy","Footwork+1","Cloak And Dagger+1","Flash of Steel","Infinite Blades+1","Blur+1","A Thousand Cuts+1","Burn+1","Choke","Cloak And Dagger+1"],"relics":["Ring of the Snake","Toxic Egg 2","Mercury Hourglass","HandDrill","Mummified Hand","Frozen Egg 2","Nunchaku","Paper Crane"],"acts_visited":["Exordium"],"potions_floor_usage":[],"damage_taken":[{"damage":2,"enemies":"Small Slimes","floor":1,"turns":3},{"damage":4,"enemies":"Jaw Worm","floor":4,"turns":3},{"damage":12,"enemies":"Lagavulin","floor":6,"turns":2}],"seed_played":"-5878500583538455184","potions_obtained":[],"is_trial":false,"path_per_floor":["M","$","?","M","$","E"],"character_chosen":"THE_SILENT","items_purchased":["Toxic Egg 2","Mercury Hourglass","HandDrill","Panache","Deadly Poison+1","Accuracy","Mummified Hand","Frozen Egg 2","Footwork+1","Cloak And Dagger+1","Nunchaku","Flash of Steel","Paper Crane","Infinite Blades+1","A Thousand Cuts+1","Cloak And Dagger+1"],"campfire_rested":0,"item_purchase_floors":[0,0,0,0,0,0,0,0,0,0,0,0,0,0,2,5],"current_hp_per_floor":[15,15,15,11,11,0,0],"gold":0,"neow_bonus":"","is_daily":false,"chose_seed":false,"campfire_upgraded":0,"win_rate":0.0,"timestamp":1608916706,"path_taken":["M","$","?","M","$","E"],"items_purchased_type":["Relic","Relic","Relic","Card","Card","Card","Relic","Relic","Card","Card","Relic","Card","Relic","Card","Card","Card"],"build_version":"2020-12-22","purchased_purges":0,"victory":false,"max_hp_per_floor":[66,66,66,66,66,66,66],"relic_stats":{"Nunchaku":[1],"counters":[87,364],"Mummified Hand":[174],"HandDrill":[4],"obtain_stats":[{"TwistedFunnel":36,"CeramicFish":0,"Vajra":0,"Whetstone":6,"Sling":0,"Boot":40,"Blood Vial":8,"Sundial":48,"HandDrill":0,"Kunai":9,"Toxic Egg 2":0,"Pear":25,"Blue Candle":17,"Astrolabe":17,"Tingsha":42,"Pen Nib":40,"Paper Crane":30,"War Paint":31,"Du-Vu Doll":38,"Bronze Scales":23,"MutagenicStrength":20,"Pandora\u0027s Box":34,"Black Star":17,"StrikeDummy":27,"Meat on the Bone":19,"NlothsMask":20,"Darkstone Periapt":42,"Lantern":12,"Regal Pillow":12,"Torii":0,"StoneCalendar":17,"Mango":23,"Snake Skull":17,"Juzu Bracelet":26,"Cursed Key":34,"Ancient Tea Set":37,"Dream Catcher":8,"Nunchaku":0,"Mummified Hand":0,"Ninja Scroll":29,"Pantograph":41,"Toolbox":0,"Red Mask":20,"InkBottle":0,"Ring of the Snake":0,"Potion Belt":14,"The Specimen":44,"PreservedInsect":31,"Omamori":36,"Frozen Egg 2":46,"Odd Mushroom":11,"MawBank":9,"White Beast Statue":25,"Mercury Hourglass":0,"Peace Pipe":10,"Calling Bell":17,"Anchor":6,"Ornamental Fan":14,"Bloody Idol":19,"Orrery":47,"Turnip":0,"Bag of Marbles":30,"Membership Card":19,"Toy Ornithopter":47,"TungstenRod":25},{"TwistedFunnel":20,"CeramicFish":56,"Vajra":0,"Whetstone":60,"Sling":0,"Boot":23,"Blood Vial":6,"Sundial":27,"HandDrill":84,"Kunai":6,"Toxic Egg 2":84,"Pear":15,"Blue Candle":11,"Astrolabe":38,"Tingsha":80,"Pen Nib":79,"Paper Crane":17,"War Paint":18,"Du-Vu Doll":50,"Bronze Scales":41,"MutagenicStrength":67,"Pandora\u0027s Box":47,"Black Star":66,"StrikeDummy":16,"Meat on the Bone":12,"NlothsMask":39,"Darkstone Periapt":80,"Lantern":36,"Regal Pillow":63,"Torii":56,"StoneCalendar":11,"Mango":69,"Snake Skull":11,"Juzu Bracelet":15,"Cursed Key":19,"Ancient Tea Set":77,"Dream Catcher":61,"Nunchaku":84,"Mummified Hand":28,"Ninja Scroll":44,"Pantograph":51,"Toolbox":28,"Red Mask":13,"InkBottle":56,"Ring of the Snake":0,"Potion Belt":65,"The Specimen":25,"PreservedInsect":46,"Omamori":20,"Frozen Egg 2":26,"Odd Mushroom":35,"MawBank":61,"White Beast Statue":70,"Mercury Hourglass":84,"Peace Pipe":7,"Calling Bell":11,"Anchor":5,"Ornamental Fan":37,"Bloody Idol":39,"Orrery":53,"Turnip":56,"Bag of Marbles":17,"Membership Card":12,"Toy Ornithopter":26,"TungstenRod":43},{"TwistedFunnel":94,"CeramicFish":231,"Vajra":0,"Whetstone":241,"Sling":0,"Boot":107,"Blood Vial":27,"Sundial":124,"HandDrill":356,"Kunai":27,"Toxic Egg 2":356,"Pear":71,"Blue Candle":54,"Astrolabe":169,"Tingsha":333,"Pen Nib":328,"Paper Crane":82,"War Paint":86,"Du-Vu Doll":211,"Bronze Scales":180,"MutagenicStrength":270,"Pandora\u0027s Box":202,"Black Star":266,"StrikeDummy":76,"Meat on the Bone":60,"NlothsMask":173,"Darkstone Periapt":333,"Lantern":156,"Regal Pillow":250,"Torii":231,"StoneCalendar":54,"Mango":275,"Snake Skull":54,"Juzu Bracelet":71,"Cursed Key":90,"Ancient Tea Set":320,"Dream Catcher":246,"Nunchaku":356,"Mummified Hand":131,"Ninja Scroll":190,"Pantograph":214,"Toolbox":131,"Red Mask":63,"InkBottle":231,"Ring of the Snake":0,"Potion Belt":258,"The Specimen":115,"PreservedInsect":196,"Omamori":94,"Frozen Egg 2":120,"Odd Mushroom":153,"MawBank":246,"White Beast Statue":281,"Mercury Hourglass":356,"Peace Pipe":30,"Calling Bell":54,"Anchor":19,"Ornamental Fan":160,"Bloody Idol":173,"Orrery":220,"Turnip":231,"Bag of Marbles":82,"Membership Card":60,"Toy Ornithopter":120,"TungstenRod":186}],"Ring of the Snake":[161],"Mercury Hourglass":[24]},"card_choices":[{"not_picked":["Concentrate+1","Poisoned Stab"],"picked":"Blur+1","floor":1},{"not_picked":["Heel Hook","Outmaneuver+1"],"picked":"Choke","floor":4}],"player_experience":1095400,"relics_obtained":[],"event_choices":[{"damage_healed":15,"gold_gain":0,"player_choice":"Embrace Burn","damage_taken":0,"max_hp_gain":0,"max_hp_loss":66,"event_name":"betterThird:BetterShining","floor":3,"gold_loss":0}],"is_beta":false,"boss_relics":[],"items_purged_floors":[],"is_endless":false,"potions_floor_spawned":[],"killed_by":"Lagavulin","ascension_level":20}}