{"host":"z9grmtg2w0nmz8n1","time":1608871792,"event":{"mods":["Aspiration","Bard","BaseMod","Beaked The Cultist","Better Altar","Better Match","Better Note","Better Sensory Stone","Better Skull","Better Third Choice","BetterRewards","CCEM","Colored Map","Conspire","Downfall","GifTheSpireLib","Googly Eyes","Halation","Hermit","Highlight Path","Hubris","Hunter ??","Jedi Mod","Jorbs\u0027s Wanderer Trilogy","Mad Scientist","Marisa????????","Minty Spire (QoL Compilation)","Permanent Neow","Replay The Spire","Shade Mod","Shop Mod","Spicy Shops","StSLib","Stuff the Spire","The Bug Knight","The Construct","The Necromancer","The Runesmith","The Witch"],"gold_per_floor":[110,185,185,196,206,206,235,25,25,55,55,93,93,106,106,236,236,254,275,350,350,350],"floor_reached":21,"playtime":773,"items_purged":["Strike_B","Strike_B"],"score":223,"play_id":"8a996a77-8a76-49ce-a382-a8b230a8776a","local_time":"20201225024952","is_ascension_mode":true,"campfire_choices":[{"floor":6,"key":"RECALL"},{"floor":13,"key":"REST"},{"data":"Defragment","floor":15,"key":"SMITH"}],"circlet_count":0,"master_deck":["Strike_B","Strike_B","Defend_B","Defend_B","Defend_B","Defend_B","Zap+1","Dualcast","Ball Lightning","FIFO Queue","Defragment+1","Leap","Ball Lightning","Thunder Strike","ReplayTheSpireMod:Splinters"],"relics":["Cracked Core","NeowsBlessing","CCEMRelics:TinyMinotavrHorn","DataDisk","Golden Idol","StuffTheSpire:ForceGauntlet","conspire:RoyalGoblet","aspiration:HiddenCompartment"],"acts_visited":["Exordium","TheCity"],"potions_floor_usage":[19,19,21,21],"damage_taken":[{"damage":0,"enemies":"Cultist","floor":1,"turns":1},{"damage":0,"enemies":"Jaw Worm","floor":4,"turns":1},{"damage":0,"enemies":"2 Louse","floor":5,"turns":1},{"damage":40,"enemies":"Lagavulin","floor":7,"turns":6},{"damage":0,"enemies":"HollowMod:MossKnight","floor":12,"turns":4},{"damage":2,"enemies":"2 Fungi Beasts","floor":14,"turns":3},{"damage":21,"enemies":"Fading Forest","floor":16,"turns":11},{"damage":30,"enemies":"Shell Parasite","floor":18,"turns":5},{"damage":35,"enemies":"2 Thieves","floor":19,"turns":4},{"damage":5,"enemies":"Chosen and Byrds","floor":21,"turns":1}],"seed_played":"4281910936485961949","potions_obtained":[{"floor":4,"key":"PotionOfCapacity"},{"floor":12,"key":"Weak Potion"},{"floor":14,"key":"Cursed Concoction"},{"floor":19,"key":"Fire Potion"},{"floor":20,"key":"Toxic Potion"}],"is_trial":false,"path_per_floor":["M","?","?","M","M","R","E","$","T","?","?","E","R","M","R","B",null,"M","M","?","M"],"character_chosen":"DEFECT","items_purchased":["Defragment"],"campfire_rested":1,"item_purchase_floors":[8],"current_hp_per_floor":[75,64,64,64,64,64,24,24,24,24,24,24,44,42,42,31,69,39,4,4,0,0],"gold":350,"neow_bonus":"THREE_ENEMY_KILL","is_daily":false,"chose_seed":false,"campfire_upgraded":1,"win_rate":0.0,"timestamp":1608871792,"path_taken":["M","?","?","?","M","R","E","?","T","?","?","E","R","M","R","BOSS","M","M","?","M"],"items_purchased_type":["Card"],"build_version":"2020-12-22","purchased_purges":2,"victory":false,"max_hp_per_floor":[75,75,75,75,75,75,75,75,75,75,69,69,69,69,69,69,69,69,69,69,69,69],"card_choices":[{"not_picked":["Cold Snap","Rebound"],"picked":"Ball Lightning","floor":1},{"not_picked":["Consume","ReplayGash","jedi:blockon"],"picked":"SKIP","floor":4},{"not_picked":["Stack","aspiration:Polymerization","StuffTheSpire:Coldhearted"],"picked":"SKIP","floor":5},{"not_picked":["jedi:darknesscall","Compile Driver"],"picked":"FIFO Queue","floor":7},{"not_picked":["jedi:BurstFrost","StuffTheSpire:Plugnplay"],"picked":"Leap","floor":12},{"not_picked":["Compile Driver","FIFO Queue"],"picked":"Ball Lightning","floor":14},{"not_picked":["jedi:studyfrost","ReplayRNGCard"],"picked":"Thunder Strike","floor":16},{"not_picked":["Redo","ReplayTheSpireMod:System Scan","Streamline"],"picked":"SKIP","floor":18},{"not_picked":["Barrage","Consume","Turbo"],"picked":"SKIP","floor":19}],"player_experience":706180,"relics_obtained":[{"floor":7,"key":"CCEMRelics:TinyMinotavrHorn"},{"floor":12,"key":"StuffTheSpire:ForceGauntlet"},{"floor":20,"key":"aspiration:HiddenCompartment"}],"event_choices":[{"damage_healed":0,"gold_gain":75,"player_choice":"Gold","damage_taken":11,"max_hp_gain":0,"max_hp_loss":0,"event_name":"betterThird:BetterGoop","floor":2,"gold_loss":0},{"damage_healed":0,"gold_gain":0,"player_choice":"Upgraded","damage_taken":0,"max_hp_gain":0,"max_hp_loss":0,"event_name":"Upgrade Shrine","floor":3,"gold_loss":0,"cards_upgraded":["Zap"]},{"damage_healed":0,"gold_gain":30,"player_choice":"Searched \u00273\u0027 times","damage_taken":0,"relics_obtained":["DataDisk"],"max_hp_gain":0,"max_hp_loss":0,"event_name":"Dead Adventurer","floor":10,"gold_loss":0},{"damage_healed":0,"gold_gain":0,"player_choice":"Lose Max HP","damage_taken":0,"relics_obtained":["Golden Idol"],"max_hp_gain":0,"max_hp_loss":6,"event_name":"Golden Idol","floor":11,"gold_loss":0}],"is_beta":false,"boss_relics":[{"not_picked":["halation:Yufonium","hubris:TerracottaHorce"],"picked":"conspire:RoyalGoblet"}],"items_purged_floors":[8,8],"is_endless":false,"potions_floor_spawned":[4,12,14,16,19],"killed_by":"Chosen and Byrds","ascension_level":1}}