{"host":"e4wnmsyty9uvvtwf","time":1608902078,"event":{"mods":["Aspiration","BaseMod","Colored Map","Colored Powertips","Marisa£®ÏF”Í°°ƒß¿Ì…≥£©","Minty Spire (QoL Compilation)","Rare Cards Sparkle","Replay The Spire","StSLib"],"gold_per_floor":[113,131,111,31,42,42,54,68,122,142,142,142,142,174,174,245,245,260,260,185,13,33,33,33,33,33,33,49,49,49],"floor_reached":29,"playtime":786,"items_purged":[],"score":424,"play_id":"60b3e7d0-d452-478b-9e5d-4fbba03c9845","local_time":"20201225211438","is_ascension_mode":true,"campfire_choices":[{"data":"Cloak And Dagger","floor":6,"key":"SMITH"},{"data":"Neutralize","floor":11,"key":"SMITH"},{"data":"A Thousand Cuts","floor":13,"key":"SMITH"},{"floor":15,"key":"REST"},{"floor":24,"key":"REST"}],"circlet_count":0,"master_deck":["AscendersBane","Strike_G","Strike_G","Strike_G","Strike_G","Defend_G","Defend_G","Defend_G","Defend_G","Defend_G","Neutralize+1","Infinite Blades","Caltrops","Cloak And Dagger+1","Flying Knee","Outmaneuver","A Thousand Cuts+1","m_Survivalism","Finisher","Envenom","All Out Attack+1","Blade Dance","Slice"],"relics":["Ring of the Snake","Art of War","Replay:Mystery Machine","WristBlade","MutagenicStrength","Anchor","PrismaticShard","Oddly Smooth Stone"],"acts_visited":["Exordium","TheCity"],"potions_floor_usage":[14],"damage_taken":[{"damage":0,"enemies":"2 Louse","floor":1,"turns":4},{"damage":0,"enemies":"Cultist","floor":2,"turns":5},{"damage":2,"enemies":"Jaw Worm","floor":5,"turns":6},{"damage":4,"enemies":"Blue Slaver","floor":7,"turns":4},{"damage":6,"enemies":"2 Fungi Beasts","floor":8,"turns":4},{"damage":9,"enemies":"3 Louse","floor":10,"turns":4},{"damage":24,"enemies":"Gremlin Nob","floor":14,"turns":4},{"damage":22,"enemies":"Fading Forest","floor":16,"turns":11},{"damage":28,"enemies":"Spheric Guardian","floor":18,"turns":4},{"damage":0,"enemies":"Chosen","floor":22,"turns":3},{"damage":11,"enemies":"Snecko","floor":28,"turns":5},{"damage":20,"enemies":"3 Cultists","floor":29,"turns":4}],"seed_played":"-6247576248225064735","potions_obtained":[{"floor":1,"key":"Energy Potion"},{"floor":3,"key":"Energy Potion"},{"floor":16,"key":"Poison Potion"}],"is_trial":false,"path_per_floor":["M","M","?","$","M","R","M","M","T","M","R","?","R","E","R","B",null,"M","?","?","$","M","?","R","?","T","?","M","M"],"character_chosen":"THE_SILENT","items_purchased":["Caltrops","Anchor"],"campfire_rested":2,"item_purchase_floors":[4,21],"current_hp_per_floor":[65,65,65,65,63,63,59,53,53,44,44,44,44,20,41,41,64,36,36,36,36,36,36,57,45,45,25,14,0,0],"gold":49,"neow_bonus":"TEN_PERCENT_HP_BONUS","is_daily":false,"chose_seed":false,"campfire_upgraded":3,"win_rate":0.0,"timestamp":1608902078,"path_taken":["M","M","?","?","M","R","M","?","T","M","R","?","R","E","R","BOSS","M","?","?","$","M","?","R","?","T","?","M","M"],"items_purchased_type":["Card","Relic"],"build_version":"2020-12-22","purchased_purges":0,"victory":false,"max_hp_per_floor":[72,72,72,72,72,72,72,72,72,72,72,72,72,72,72,72,72,72,72,72,72,72,72,72,72,72,77,77,77,77],"card_choices":[{"not_picked":["ReplayTheSpireMod:Tripwire","Crippling Poison"],"picked":"Infinite Blades","floor":1},{"not_picked":["Quick Slash","Riddle With Holes","Underhanded Strike"],"picked":"SKIP","floor":2},{"not_picked":["Deflect","ReplayTheSpireMod:Scrap Shanks"],"picked":"Cloak And Dagger","floor":5},{"not_picked":["Dagger Spray","Hidden Blade"],"picked":"Flying Knee","floor":7},{"not_picked":["Underhanded Strike","Deadly Poison"],"picked":"Outmaneuver","floor":8},{"not_picked":["Poisoned Stab","Replay:Poison Smokescreen"],"picked":"A Thousand Cuts","floor":10},{"not_picked":["Sucker Punch","Slice"],"picked":"Finisher","floor":14},{"not_picked":["Poison Darts","Atom Bomb"],"picked":"Envenom","floor":16},{"not_picked":["PiercingWail","ReplayTheSpireMod:The Works","Crippling Poison"],"picked":"SKIP","floor":18},{"not_picked":["Choke+1","Poisoned Stab"],"picked":"All Out Attack+1","floor":22},{"not_picked":["Quick Slash+1","Cloak And Dagger"],"picked":"Slice","floor":25},{"not_picked":["Hologram","Replay:BluntJabs","Shrug It Off"],"picked":"SKIP","floor":28}],"player_experience":647355,"relics_obtained":[{"floor":9,"key":"Art of War"},{"floor":14,"key":"Replay:Mystery Machine"},{"floor":25,"key":"PrismaticShard"},{"floor":26,"key":"Oddly Smooth Stone"}],"event_choices":[{"damage_healed":0,"gold_gain":0,"player_choice":"Bought 1 Potion","damage_taken":0,"max_hp_gain":0,"max_hp_loss":0,"event_name":"The Woman in Blue","floor":3,"gold_loss":0},{"damage_healed":0,"gold_gain":0,"player_choice":"Inject Mutagens","damage_taken":0,"relics_obtained":["MutagenicStrength"],"max_hp_gain":0,"max_hp_loss":0,"event_name":"Drug Dealer","floor":19,"gold_loss":0},{"cards_removed":["Strike_G"],"damage_healed":0,"gold_gain":0,"player_choice":"Gave Gold","damage_taken":0,"max_hp_gain":0,"max_hp_loss":0,"event_name":"Beggar","floor":20,"gold_loss":75},{"damage_healed":0,"gold_gain":0,"player_choice":"Read","damage_taken":0,"max_hp_gain":0,"max_hp_loss":0,"event_name":"The Library","floor":23,"gold_loss":0,"cards_obtained":["Blade Dance"]},{"damage_healed":0,"gold_gain":0,"player_choice":"Shed Blood","damage_taken":25,"max_hp_gain":5,"max_hp_loss":0,"event_name":"Forgotten Altar","floor":27,"gold_loss":0}],"is_beta":false,"boss_relics":[{"not_picked":["aspiration:WatcherSkillbook","aspiration:DefectSkillbook"],"picked":"WristBlade"}],"items_purged_floors":[],"is_endless":false,"potions_floor_spawned":[1,7,16],"killed_by":"3 Cultists","ascension_level":18}}