{"host":"reretk0dz0kj8f1n","time":1608857008,"event":{"mods":["Arknights The Spire","BaseMod","Colored Map","Minty Spire (QoL Compilation)","StSLib"],"gold_per_floor":[118,68,81,6,6,181,181,216,216,216,216,216],"floor_reached":11,"playtime":318,"items_purged":["ats:Strike C"],"score":69,"play_id":"33743368-aa43-451a-bf16-412add4a917e","local_time":"20201225094328","is_ascension_mode":false,"campfire_choices":[{"data":"ats:Rapid Magazine","floor":7,"key":"SMITH"}],"circlet_count":0,"master_deck":["ats:Strike G","ats:Strike S","ats:Armor Crushing Shot","ats:Defend","ats:Defend","ats:Defend","ats:Defend","ats:Emotion Absorption","ats:Flexible Camouflage","ats:Rapid Magazine+1","ats:Overload","ats:Hammer On"],"relics":["ats:Sanity","Omamori","ats:Originium","ats:Military Tradition","MealTicket","Golden Idol"],"acts_visited":["Exordium"],"potions_floor_usage":[8,8],"damage_taken":[{"damage":2,"enemies":"2 Louse","floor":1,"turns":3},{"damage":5,"enemies":"Small Slimes","floor":3,"turns":4},{"damage":49,"enemies":"Lagavulin","floor":8,"turns":8},{"damage":26,"enemies":"3 Sentries","floor":11,"turns":4}],"seed_played":"-4990131901668867759","potions_obtained":[{"floor":1,"key":"Ancient Potion"},{"floor":3,"key":"Regen Potion"}],"is_trial":false,"path_per_floor":["M","?","M","$","?","?","R","E","T","?","E"],"character_chosen":"DOCTOR_CLASS","items_purchased":[],"campfire_rested":0,"item_purchase_floors":[],"current_hp_per_floor":[70,70,65,65,53,53,53,19,19,19,0,0],"gold":216,"neow_bonus":"THREE_CARDS","is_daily":false,"chose_seed":false,"campfire_upgraded":1,"win_rate":0.0,"timestamp":1608857008,"path_taken":["M","?","M","$","?","?","R","E","T","?","E"],"items_purchased_type":[],"build_version":"2020-12-22","purchased_purges":1,"victory":false,"max_hp_per_floor":[72,72,72,72,72,72,72,72,72,72,72,72],"card_choices":[{"not_picked":["ats:Leaping Hammer","ats:Childhood Dance"],"picked":"ats:Flexible Camouflage","floor":0},{"not_picked":["ats:Song Of Battle","ats:Hammer On"],"picked":"ats:Rapid Magazine","floor":1},{"not_picked":["ats:Guardian Obelisk","ats:Collapsing Strike"],"picked":"ats:Overload","floor":3},{"not_picked":["ats:Assault Order","ats:Ignite"],"picked":"ats:Hammer On","floor":8}],"player_experience":240214,"relics_obtained":[{"floor":8,"key":"ats:Originium"},{"floor":8,"key":"ats:Military Tradition"},{"floor":9,"key":"MealTicket"}],"event_choices":[{"cards_removed":["ats:Strike V"],"damage_healed":0,"gold_gain":0,"player_choice":"Card Removal","damage_taken":0,"max_hp_gain":0,"max_hp_loss":0,"event_name":"The Cleric","floor":2,"gold_loss":50},{"damage_healed":0,"gold_gain":0,"player_choice":"Success","damage_taken":12,"relics_obtained":["Omamori"],"max_hp_gain":0,"max_hp_loss":0,"event_name":"Scrap Ooze","floor":5,"gold_loss":0},{"damage_healed":0,"gold_gain":175,"player_choice":"AGREE","damage_taken":0,"max_hp_gain":0,"max_hp_loss":0,"event_name":"Liars Game","floor":6,"gold_loss":0,"cards_obtained":["Doubt"]},{"damage_healed":0,"gold_gain":0,"player_choice":"Take Wound","damage_taken":0,"relics_obtained":["Golden Idol"],"max_hp_gain":0,"max_hp_loss":0,"event_name":"Golden Idol","floor":10,"gold_loss":0,"cards_obtained":["Injury"]}],"is_beta":false,"boss_relics":[],"items_purged_floors":[4],"is_endless":false,"potions_floor_spawned":[1,3],"killed_by":"3 Sentries","ascension_level":0}}