{"host":"zh06ha8197vgjo02","time":1608896650,"event":{"mods":["AchievementEnabler","BaseMod","Better Skull","CapriCore","DeckTracker","GifTheSpireLib","Hermit","Koishi","Marisa£¨Ùöéë¡¡Øª×âÞÞ£©","Minty Spire (QoL Compilation)","Reimu£¨ÚÏ???£©","Remilia_Scarlet Moed£¨?Ú·×é?¡¤ÞÙ?Öô÷å£©3.3.5","StSLib","SuperFastMode","Td1madao Mod","The Bug Knight","The Cursed","The Dragon Tamer","The Immortal","TheBandit"],"gold_per_floor":[113,113,65,90,118,162,162,204,204,204,237,162,162,181,181,293,293,305,305,337,350,350,401,401,401,401],"floor_reached":25,"playtime":1026,"items_purged":["Injury"],"score":240,"play_id":"06293383-58de-4190-a83d-5457bfe00e58","local_time":"20201225204410","is_ascension_mode":true,"campfire_choices":[{"data":"MasterSpark","floor":7.0,"key":"SMITH"},{"floor":10.0,"key":"REST"},{"floor":13.0,"key":"REST"},{"data":"UpSweep","floor":15.0,"key":"SMITH"},{"floor":24.0,"key":"REST"}],"circlet_count":1,"master_deck":["Strike_MRS","Strike_MRS","Strike_MRS","Strike_MRS","Defend_MRS","Defend_MRS+1","Defend_MRS","Defend_MRS","MasterSpark+1","UpSweep+1","TreasureHunter","WitchLeyline","WitchOfGreed","Acceleration","AsteroidBelt","StarDustReverie+1","CollectingQuirk","CurseOfTheBell","ChargingUp","StarDustReverie"],"relics":["MiniHakkero","Toy Ornithopter","Circlet","Pantograph","Blue Candle","WingedGreaves","Matryoshka","Torii","Calling Bell","War Paint","The Courier","TungstenRod","Red Mask","Anchor","Bird Faced Urn","Vajra"],"acts_visited":["Exordium","TheCity"],"potions_floor_usage":[],"damage_taken":[{"damage":1.0,"enemies":"Cultist","floor":1.0,"turns":3.0},{"damage":0.0,"enemies":"Small Slimes","floor":4.0,"turns":3.0},{"damage":7.0,"enemies":"Jaw Worm","floor":5.0,"turns":4.0},{"damage":21.0,"enemies":"Lagavulin","floor":6.0,"turns":8.0},{"damage":44.0,"enemies":"Gremlin Nob","floor":8.0,"turns":5.0},{"damage":17.0,"enemies":"Blue Slaver","floor":11.0,"turns":5.0},{"damage":11.0,"enemies":"3 Louse","floor":14.0,"turns":3.0},{"damage":32.0,"enemies":"Slime Boss","floor":16.0,"turns":6.0},{"damage":0.0,"enemies":"Chosen","floor":18.0,"turns":3.0},{"damage":0.0,"enemies":"Masked Bandits","floor":20.0,"turns":3.0},{"damage":0.0,"enemies":"Spheric Guardian","floor":21.0,"turns":3.0},{"damage":86.0,"enemies":"Book of Stabbing","floor":23.0,"turns":8.0},{"damage":37,"enemies":"Slavers","floor":25,"turns":3}],"seed_played":"7390706707660324177","potions_obtained":[{"floor":4.0,"key":"ShroomBrew"},{"floor":5.0,"key":"Fruit Juice"},{"floor":6.0,"key":"SpeedPotion"},{"floor":8.0,"key":"LiquidMemories"},{"floor":11.0,"key":"ColorlessPotion"},{"floor":14.0,"key":"BlessingOfTheForge"},{"floor":16.0,"key":"Swift Potion"},{"floor":20.0,"key":"Regen Potion"},{"floor":21.0,"key":"BlessingOfTheForge"}],"is_trial":false,"path_per_floor":["M","?","$","M","M","E","R","E","T","R","M","$","R","M","R","B",null,"M","?","?","M","T","E","R","E"],"character_chosen":"MARISA","items_purchased":["WitchOfGreed"],"campfire_rested":3,"item_purchase_floors":[3],"current_hp_per_floor":[74,72,72,72,65,49,49,10,10,33,16,16,39,28,28,26,77,77,77,77,77,77,3,26,0,0],"gold":401,"neow_bonus":"THREE_RARE_CARDS","is_daily":false,"chose_seed":false,"campfire_upgraded":2,"win_rate":0.0,"timestamp":1608896650,"path_taken":["M","?","$","M","?","E","R","E","T","R","M","$","R","?","R","BOSS","M","?","?","M","?","E","R","E"],"items_purchased_type":["Card"],"build_version":"2020-12-22","purchased_purges":1,"victory":false,"max_hp_per_floor":[75,72,72,72,72,77,77,77,77,77,77,77,77,77,77,77,77,77,77,77,77,77,77,77,77,77],"card_choices":[{"not_picked":["BigCrunch","JA"],"picked":"TreasureHunter","floor":0.0},{"not_picked":["UnstableBomb","LuminesStrike"],"picked":"WitchLeyline","floor":1.0},{"not_picked":["EventHorizon","MilkyWay"],"picked":"Acceleration","floor":4.0},{"not_picked":["DoubleSpark","GrandCross"],"picked":"AsteroidBelt","floor":5.0},{"not_picked":["GravityBeat","IllusionStar"],"picked":"StarDustReverie","floor":6.0},{"not_picked":["WitchOfGreed","MachineGunSpark","GalacticHalo"],"picked":"SKIP","floor":8.0},{"not_picked":["GravityBeat","MachineGunSpark","DarkMatter"],"picked":"SKIP","floor":11.0},{"not_picked":["AsteroidBelt","WitchLeyline","StarBarrage"],"picked":"SKIP","floor":14.0},{"not_picked":["CasketOfStar","EscapeVelocity"],"picked":"CollectingQuirk","floor":16.0},{"not_picked":["ShootingEcho","IllusionStar+1","DarkMatter+1"],"picked":"SKIP","floor":18.0},{"not_picked":["GravityBeat+1","DarkMatter","WitchOfGreed"],"picked":"SKIP","floor":21.0},{"not_picked":["MaximisePower","IllusionStar+1"],"picked":"StarDustReverie","floor":23.0}],"player_experience":664391,"relics_obtained":[{"floor":6.0,"key":"Toy Ornithopter"},{"floor":6.0,"key":"ats:Originium"},{"floor":6.0,"key":"Pantograph"},{"floor":8.0,"key":"Blue Candle"},{"floor":8.0,"key":"ats:Originium"},{"floor":8.0,"key":"WingedGreaves"},{"floor":9.0,"key":"Matryoshka"},{"floor":16.0,"key":"Torii"},{"floor":17.0,"key":"War Paint"},{"floor":17.0,"key":"The Courier"},{"floor":17.0,"key":"TungstenRod"},{"floor":20.0,"key":"Red Mask"},{"floor":22.0,"key":"Anchor"},{"floor":22.0,"key":"Bird Faced Urn"},{"floor":23.0,"key":"ats:Originium"},{"floor":23.0,"key":"Vajra"}],"event_choices":[{"damage_healed":0.0,"max_hp_gain":0.0,"max_hp_loss":0.0,"gold_gain":0.0,"cards_transformed":["Parasite"],"event_name":"Transmorgrifier","player_choice":"Transformed","floor":2.0,"gold_loss":0.0,"damage_taken":0.0,"cards_obtained":["Injury"]},{"damage_healed":0.0,"max_hp_gain":0.0,"max_hp_loss":0.0,"gold_gain":0.0,"event_name":"The Library","player_choice":"Read","floor":19.0,"gold_loss":0.0,"damage_taken":0.0,"cards_obtained":["ChargingUp"]},{"damage_healed":0.0,"max_hp_gain":0.0,"max_hp_loss":0.0,"gold_gain":0.0,"event_name":"Masked Bandits","player_choice":"Fought Bandits","floor":20.0,"gold_loss":0.0,"damage_taken":0.0}],"is_beta":false,"boss_relics":[{"not_picked":["Coffee Dripper","Black Star"],"picked":"Calling Bell"}],"items_purged_floors":[12],"is_endless":false,"potions_floor_spawned":[14,16,20,21],"killed_by":"Slavers","ascension_level":1}}