{"host":"m6h67kf6cz80m3yv","time":1608863550,"event":{"mods":["BaseMod","Better Third Choice","BetterRewards","Colored Powertips","Downfall","Duelist Mod","Hermit","Marisa????????","Minty Spire (QoL Compilation)","Quick Restart","Shade Mod","Shop Mod","StSLib","SuperFastMode","The Servant 0.9.4"],"gold_per_floor":[111,128,128,128,128,128,143,184,184,184,184,215,295,336,336,456,456,487,487,487,487,505,535,215,278,353,353,353,353,49,49,49,144,144,176,176,203,47,47,47,74,92,92,122,122,141,141,141,141,141,141,141,31,96,96,96],"floor_reached":55,"playtime":3311,"items_purged":[],"score":1123,"play_id":"ad066a8b-cfaf-474a-879f-be53ab13d3d1","local_time":"20201225003230","is_ascension_mode":true,"campfire_choices":[{"floor":6,"key":"REST"},{"floor":15,"key":"REST"},{"floor":27,"key":"RECALL"},{"data":"hermit:Maintenance","floor":29,"key":"SMITH"},{"data":"hermit:Snapshot","floor":32,"key":"SMITH"},{"data":"Madness","floor":40,"key":"SMITH"},{"floor":47,"key":"REST"},{"data":"Madness","floor":49,"key":"SMITH"},{"data":"hermit:Headshot","floor":52,"key":"SMITH"}],"circlet_count":0,"master_deck":["hermit:Strike_Hermit+1","hermit:Strike_Hermit+1","hermit:Strike_Hermit+1","hermit:Strike_Hermit+1","hermit:Defend_Hermit+1","hermit:Defend_Hermit+1","hermit:Defend_Hermit+1","hermit:Defend_Hermit+1","hermit:Snapshot+1","hermit:Covet+1","hermit:Quickdraw+1","hermit:Enervate","hermit:Headshot+1","Burn","Injury","hermit:Maintenance+1","Parasite","hermit:ShadowCloak+1","hermit:DeadOrAlive","hermit:FinalCanter","hermit:CalledShot","hermit:Enervate+1","hermit:Glare+1","hermit:BigShot+1","hermit:GoldenBullet+1","hermit:Deadeye+1","hermit:Determination+1","Madness+1","Madness+1","hermit:Brawl+1","hermit:Brawl+1","hermit:Brawl+1","hermit:Dissolve"],"relics":["hermit:Momento","Incense Burner","Unceasing Top","Membership Card","Whetstone","Bloody Idol","PreservedInsect","Frozen Egg 2","Gambling Chip","Dead Branch","Toy Ornithopter","Nunchaku","Black Star","MutagenicStrength","Anchor","Art of War","Ice Cream","Boot","HandDrill","War Paint","Omamori","InkBottle","Calipers","Thread and Needle","Bottled Tornado","Sozu","Shuriken","Orichalcum","Blood Vial","Gremlin Horn","Potion Belt","Strawberry","Lantern","Sundial","Bottled Lightning"],"acts_visited":["Exordium","TheCity","TheBeyond","TheEnding"],"potions_floor_usage":[33,55],"damage_taken":[{"damage":0,"enemies":"2 Louse","floor":1,"turns":2},{"damage":1,"enemies":"Small Slimes","floor":2,"turns":3},{"damage":0,"enemies":"Jaw Worm","floor":7,"turns":2},{"damage":10,"enemies":"Lagavulin","floor":8,"turns":5},{"damage":0,"enemies":"Gremlin Nob","floor":12,"turns":2},{"damage":8,"enemies":"3 Sentries","floor":13,"turns":5},{"damage":13,"enemies":"Lagavulin","floor":14,"turns":4},{"damage":25,"enemies":"Hexaghost","floor":16,"turns":11},{"damage":12,"enemies":"3 Byrds","floor":18,"turns":5},{"damage":0,"enemies":"Chosen","floor":22,"turns":4},{"damage":24,"enemies":"Book of Stabbing","floor":23,"turns":4},{"damage":0,"enemies":"Gremlin Leader","floor":25,"turns":3},{"damage":39,"enemies":"Collector","floor":33,"turns":11},{"damage":0,"enemies":"3 Shapes","floor":35,"turns":3},{"damage":0,"enemies":"3 Darklings","floor":37,"turns":5},{"damage":22,"enemies":"Reptomancer","floor":41,"turns":5},{"damage":1,"enemies":"Writhing Mass","floor":42,"turns":5},{"damage":0,"enemies":"Giant Head","floor":44,"turns":5},{"damage":9,"enemies":"Transient","floor":46,"turns":5},{"damage":70,"enemies":"Time Eater","floor":50,"turns":9},{"damage":74,"enemies":"Shield and Spear","floor":54,"turns":5},{"damage":66,"enemies":"The Heart","floor":55,"turns":3}],"seed_played":"-3470759074383382406","potions_obtained":[{"floor":8,"key":"DuplicationPotion"},{"floor":13,"key":"FairyPotion"},{"floor":16,"key":"sneckomod:MuddlingPotion"}],"is_trial":false,"path_per_floor":["M","M","?","?","?","R","M","E","T","?","T","E","?","E","R","B",null,"M","?","?","?","M","E","$","E","T","R","?","R","$","?","R","B",null,"M","?","M","$","?","R","E","M","T","E","?","M","R","?","R","B",null,"R","$","E","B"],"character_chosen":"HERMIT","items_purchased":["hermit:Quickdraw","Membership Card","Whetstone","Ice Cream","Boot","HandDrill","hermit:Glare","Thread and Needle","hermit:BigShot+1","Bottled Tornado","Shuriken","hermit:Determination+1","Lantern","hermit:Brawl+1"],"campfire_rested":3,"item_purchase_floors":[0,0,0,24,24,24,24,30,30,30,38,38,53,53],"current_hp_per_floor":[40,39,39,39,27,49,49,39,39,57,57,57,49,36,58,33,75,63,63,63,63,68,49,49,59,64,64,64,64,64,64,64,35,75,75,75,75,75,66,66,49,55,55,69,69,67,82,82,82,12,82,82,82,18,0,0],"gold":96,"neow_bonus":"","is_daily":false,"chose_seed":false,"campfire_upgraded":5,"win_rate":0.0,"timestamp":1608863550,"path_taken":["M","M","?","?","?","R","M","E","T","?","?","E","?","E","R","BOSS","M","?","?","?","M","E","$","E","T","R","?","R","$","?","R","BOSS","M","?","M","$","?","R","E","M","T","E","?","M","R","?","R","BOSS","R","$","E","BOSS"],"items_purchased_type":["Card","Relic","Relic","Relic","Relic","Relic","Card","Relic","Card","Relic","Relic","Card","Relic","Card"],"build_version":"2020-12-22","purchased_purges":0,"victory":false,"max_hp_per_floor":[75,75,75,75,75,75,75,75,75,75,75,75,75,75,75,75,75,75,75,75,75,75,75,75,75,75,75,75,75,75,75,75,75,75,75,75,75,75,75,75,75,75,75,82,82,82,82,82,82,82,82,82,82,82,82,82],"card_choices":[{"not_picked":["hermit:HoleUp","hermit:Snipe"],"picked":"hermit:Enervate","floor":1},{"not_picked":["hermit:Quickdraw","hermit:Virtue"],"picked":"hermit:Headshot","floor":2},{"not_picked":["hermit:Desperado","hermit:TakeCover","hermit:LowProfile"],"picked":"SKIP","floor":7},{"not_picked":["hermit:TrackingShot","hermit:Enervate"],"picked":"hermit:Maintenance","floor":8},{"not_picked":["hermit:LowProfile","hermit:Snipe","hermit:Misfire"],"picked":"SKIP","floor":12},{"not_picked":["hermit:Enervate","hermit:Horror"],"picked":"hermit:ShadowCloak+1","floor":13},{"not_picked":["hermit:WideOpen","hermit:Coalescence"],"picked":"hermit:DeadOrAlive","floor":14},{"not_picked":["hermit:HeroicBravado","hermit:Adapt+1"],"picked":"hermit:FinalCanter","floor":16},{"not_picked":["hermit:HoleUp","hermit:Quickdraw"],"picked":"hermit:CalledShot","floor":18},{"not_picked":["hermit:Misfire","hermit:TakeCover+1"],"picked":"hermit:Enervate+1","floor":22},{"not_picked":["hermit:Midnight","hermit:Snipe","hermit:Reprieve"],"picked":"SKIP","floor":23},{"not_picked":["hermit:Coalescence","hermit:DeadOrAlive","hermit:Misfire"],"picked":"SKIP","floor":25},{"not_picked":["hermit:SprayPray","hermit:Ricochet"],"picked":"hermit:GoldenBullet+1","floor":35},{"not_picked":["hermit:WideOpen","hermit:GhostlyPresence+1"],"picked":"hermit:Deadeye+1","floor":37},{"not_picked":["hermit:Horror","hermit:TrackingShot+1"],"picked":"hermit:Brawl+1","floor":41},{"not_picked":["hermit:Ricochet+1","hermit:TakeCover+1"],"picked":"hermit:Maintenance","floor":42},{"not_picked":["hermit:DeadOrAlive","hermit:CalledShot+1","hermit:Glare+1"],"picked":"SKIP","floor":44},{"not_picked":["hermit:Enervate+1","hermit:HighCaliber+1"],"picked":"hermit:Brawl+1","floor":46},{"not_picked":["hermit:Dive+1","hermit:HoleUp"],"picked":"hermit:Dissolve","floor":54}],"player_experience":286600,"relics_obtained":[{"floor":8,"key":"Frozen Egg 2"},{"floor":11,"key":"Gambling Chip"},{"floor":12,"key":"Dead Branch"},{"floor":13,"key":"Toy Ornithopter"},{"floor":14,"key":"Nunchaku"},{"floor":23,"key":"Anchor"},{"floor":23,"key":"Art of War"},{"floor":25,"key":"War Paint"},{"floor":25,"key":"Omamori"},{"floor":26,"key":"InkBottle"},{"floor":41,"key":"Orichalcum"},{"floor":41,"key":"Blood Vial"},{"floor":43,"key":"Gremlin Horn"},{"floor":44,"key":"Potion Belt"},{"floor":44,"key":"Strawberry"},{"floor":54,"key":"Sundial"},{"floor":54,"key":"Bottled Lightning"}],"event_choices":[{"damage_healed":39,"gold_gain":0,"player_choice":"Embrace Burn","damage_taken":0,"max_hp_gain":0,"max_hp_loss":75,"event_name":"betterThird:BetterShining","floor":3,"gold_loss":0},{"damage_healed":0,"gold_gain":0,"player_choice":"Take Wound","damage_taken":0,"relics_obtained":["Golden Idol"],"max_hp_gain":0,"max_hp_loss":0,"event_name":"Golden Idol","floor":4,"gold_loss":0,"cards_obtained":["Injury"]},{"damage_healed":0,"gold_gain":0,"player_choice":"Relic ","damage_taken":12,"max_hp_gain":0,"max_hp_loss":0,"event_name":"betterThird:BetterScrap","floor":5,"gold_loss":0,"cards_obtained":["Die Die Die"]},{"damage_healed":18,"gold_gain":0,"player_choice":"Healed and dodged fight","damage_taken":0,"max_hp_gain":0,"max_hp_loss":0,"event_name":"Mushrooms","floor":10,"gold_loss":0,"cards_obtained":["Parasite"]},{"damage_healed":0,"gold_gain":0,"player_choice":"Searched \u00272\u0027 times","damage_taken":0,"max_hp_gain":0,"max_hp_loss":0,"event_name":"Dead Adventurer","floor":13,"gold_loss":0},{"damage_healed":0,"gold_gain":0,"player_choice":"Simplicity","damage_taken":0,"max_hp_gain":0,"max_hp_loss":7,"event_name":"betterThird:BetterWriting","floor":19,"gold_loss":0},{"damage_healed":0,"gold_gain":0,"player_choice":"Gave Idol","damage_taken":0,"relics_obtained":["Bloody Idol"],"max_hp_gain":0,"max_hp_loss":0,"event_name":"Forgotten Altar","floor":20,"relics_lost":["Golden Idol"],"gold_loss":0},{"damage_healed":0,"gold_gain":0,"player_choice":"Inject Mutagens","damage_taken":0,"relics_obtained":["MutagenicStrength"],"max_hp_gain":0,"max_hp_loss":0,"event_name":"Drug Dealer","floor":21,"gold_loss":0},{"damage_healed":0,"gold_gain":0,"player_choice":"Opened","damage_taken":0,"relics_obtained":["Calipers"],"max_hp_gain":0,"max_hp_loss":0,"event_name":"The Mausoleum","floor":28,"gold_loss":0},{"damage_healed":0,"gold_gain":0,"player_choice":"Ignored","damage_taken":0,"max_hp_gain":0,"max_hp_loss":0,"event_name":"Ghosts","floor":31,"gold_loss":0},{"damage_healed":0,"gold_gain":0,"player_choice":"Ignored","damage_taken":0,"max_hp_gain":0,"max_hp_loss":0,"event_name":"OrinTheCat","floor":36,"gold_loss":0},{"damage_healed":0,"gold_gain":0,"player_choice":"Embrace Madness","damage_taken":9,"max_hp_gain":0,"max_hp_loss":0,"event_name":"Winding Halls","floor":39,"gold_loss":0,"cards_obtained":["Madness","Madness"]},{"damage_healed":0,"gold_gain":0,"player_choice":"Memory 1","damage_taken":0,"max_hp_gain":0,"max_hp_loss":0,"event_name":"SensoryStone","floor":45,"gold_loss":0},{"cards_removed":["hermit:Maintenance"],"damage_healed":0,"gold_gain":0,"player_choice":"Offered Uncommon","damage_taken":0,"max_hp_gain":0,"max_hp_loss":0,"event_name":"Bonfire Elementals","floor":48,"gold_loss":0}],"is_beta":false,"boss_relics":[{"not_picked":["Tiny House","Astrolabe"],"picked":"Black Star"},{"not_picked":["SacredBark","Fusion Hammer"],"picked":"Sozu"}],"items_purged_floors":[],"is_endless":false,"potions_floor_spawned":[8,13,16,18,22,23,35,41,42],"killed_by":"The Heart","ascension_level":1}}