{"host":"dwyzfvnzfcqffr30","time":1608897862,"event":{"mods":["2.2 Compatiblity","Act Like it!","BaseMod","Beaked The Cultist","Better Altar","Better Match","Better Note","Better Sensory Stone","Better Skull","Better Third Choice","Clockwork Mod","Colored Map","Colored Powertips","Conspire","Downfall","Elementarium","GifTheSpireLib","Halation","Hermit","Hubris","Infinite Spire","Ironclad Rager","Jedi Mod","Menagerie","Mimic Mod","Minty Spire (QoL Compilation)","Permanent Neow","Random Character Button","Replay The Spire","Spicy Shops","StSLib","Stuff the Spire","The Construct","The Disciple","The Druid","The Marked","TheFirefly","Trackpad","vexMod"],"gold_per_floor":[445,445,488,34,50,82,82,113,147,183,183,226,69,69,69,168,168,189,219,219,251,251,294,330,368,391,432,432,493,493,539,539,670,670,726,726,726,134,158,199,229,271,271,316,353,353,407,407,407,407,407,407,22,55,73,73],"floor_reached":55,"playtime":38455,"items_purged":["ReplayTheSpireMod:RavenHex+1"],"score":1390,"play_id":"805fac1e-7915-477b-8996-4f3da7cc6ab7","local_time":"20201225040421","is_ascension_mode":true,"campfire_choices":[{"floor":7.0,"key":"REST"},{"floor":11.0,"key":"RECALL"},{"data":"beaked:Strike_Y","floor":15.0,"key":"SMITH"},{"floor":30.0,"key":"REST"},{"data":"beaked:Defend_Y","floor":32.0,"key":"SMITH"},{"floor":49.0,"key":"REST"}],"circlet_count":0,"master_deck":["AscendersBane","beaked:Strike_Y+2","beaked:Strike_Y+1","beaked:Strike_Y+1","beaked:Strike_Y+1","beaked:Strike_Y+1","beaked:Strike_Y+1","beaked:Defend_Y+2","beaked:Defend_Y+1","beaked:Defend_Y+1","beaked:Defend_Y+1","beaked:Ceremony+1","beaked:Ceremony+1","beaked:Ceremony+1","MasterReality+1","beaked:RitualOfBody+1","beaked:Resilience+1","beaked:Cower+1","beaked:BraceForImpact+1","beaked:Evade+1","beaked:AwakenedForm+1","beaked:MaddeningMurmurs+1","beaked:Foresight+1","beaked:BloodRitual+1","beaked:DigDeeper+1","beaked:CrazyRituals+1","beaked:Tweet+1","beaked:Caw+1","beaked:ScreechingChant+1","beaked:Insight+1","ReplayTheSpireMod:Wings of Steel+1","beaked:Hexing+1","beaked:MachineSpirit+1","infinitespire:SevenWalls+1","beaked:ScreechingChant+1"],"relics":["beaked:MendingPlumage","infinitespire:EvilPickle","Bottled Tornado","Quantum Egg","Frozen Egg 2","Toxic Egg 2","Molten Egg 2","Juzu Bracelet","hubris:EvacipatedBox","Menagerie:ShiftingBlessing","Akabeko","Snack Pack","ReplayTheSpireMod:Shallot","Simple Rune","Omamori","StuffTheSpire:Nightcore","StuffTheSpire:Saxophone","vexMod:BigBerry","hubris:Icosahedron","trackpad:PetRock","Ancient Tea Set","Golden Egg","SlaversCollar","PreservedInsect","Elementarium:ElementariumTrophy","sneckomod:SneckoTalon","trackpad:WondrousWand","trackpad:Mousetrap","halation:AfternoonTea","infinitespire:Lucky Rock","jedi:angrymask","infinitespire:PuzzleCube","hubris:Towel","Sling","halation:PromiseList","infinitespire:Joker Card"],"acts_visited":["Menagerie:Menagerie","Elementarium:Elementarium","TheBeyond","TheEnding"],"potions_floor_usage":[55],"damage_taken":[{"damage":0.0,"enemies":"Menagerie:StygianBoar","floor":1.0,"turns":4.0},{"damage":0.0,"enemies":"Menagerie:WhisperingWraith","floor":3.0,"turns":4.0},{"damage":4.0,"enemies":"Menagerie:MonstrousExperiment","floor":5.0,"turns":6.0},{"damage":50.0,"enemies":"Menagerie:Hydra","floor":6.0,"turns":8.0},{"damage":21.0,"enemies":"Menagerie:VoidReaper","floor":8.0,"turns":7.0},{"damage":21.0,"enemies":"Menagerie:KEEPER_AND_YOUNG_SUNEATER","floor":9.0,"turns":10.0},{"damage":49.0,"enemies":"Menagerie:MaskedSummoner","floor":10.0,"turns":13.0},{"damage":4.0,"enemies":"Menagerie:Hydra","floor":12.0,"turns":3.0},{"damage":18.0,"enemies":"Menagerie:Chimera","floor":16.0,"turns":11.0},{"damage":16.0,"enemies":"Elementarium:2_ELEMENTALS","floor":18.0,"turns":5.0},{"damage":37.0,"enemies":"Elementarium:Cyclone","floor":19.0,"turns":6.0},{"damage":8.0,"enemies":"Elementarium:RubyGolem","floor":21.0,"turns":4.0},{"damage":53.0,"enemies":"Elementarium:ElementalPortal","floor":23.0,"turns":13.0},{"damage":23.0,"enemies":"Elementarium:Hydrostalker","floor":24.0,"turns":8.0},{"damage":50.0,"enemies":"Elementarium:VOID_CORRUPTION_AND_ORB_OF_FIRE","floor":25.0,"turns":6.0},{"damage":30.0,"enemies":"Elementarium:VoidBeast","floor":27.0,"turns":5.0},{"damage":30.0,"enemies":"Elementarium:WarGolem","floor":29.0,"turns":4.0},{"damage":23.0,"enemies":"Elementarium:VOID_CORRUPTION_AND_TAR_GOLEM","floor":31.0,"turns":8.0},{"damage":91.0,"enemies":"Elementarium:PHOENIXES","floor":33.0,"turns":9.0},{"damage":42.0,"enemies":"3 Shapes","floor":35.0,"turns":6.0},{"damage":56.0,"enemies":"3 Darklings","floor":39.0,"turns":8.0},{"damage":58.0,"enemies":"R_Hoarder","floor":40.0,"turns":7.0},{"damage":51.0,"enemies":"Writhing Mass","floor":41.0,"turns":5.0},{"damage":14.0,"enemies":"Nemesis","floor":42.0,"turns":5.0},{"damage":42.0,"enemies":"R_Hoarder","floor":44.0,"turns":5.0},{"damage":57.0,"enemies":"Spire Growth","floor":45.0,"turns":6.0},{"damage":30.0,"enemies":"Giant Head","floor":47.0,"turns":6.0},{"damage":85.0,"enemies":"Awakened One","floor":50.0,"turns":11.0},{"damage":30.0,"enemies":"Shield and Spear","floor":54.0,"turns":2.0},{"damage":91,"enemies":"The Heart","floor":55,"turns":3}],"seed_played":"-1805967739286249306","potions_obtained":[{"floor":3.0,"key":"Adrenaline Potion"},{"floor":5.0,"key":"FearPotion"},{"floor":8.0,"key":"FearPotion"},{"floor":10.0,"key":"LiquidBronze"},{"floor":19.0,"key":"jedi:holywater"},{"floor":21.0,"key":"SpeedPotion"},{"floor":27.0,"key":"Fire Potion"},{"floor":29.0,"key":"EssenceOfSteel"},{"floor":39.0,"key":"Dexterity Potion"},{"floor":41.0,"key":"DuplicationPotion"},{"floor":44.0,"key":"champ:CounterPotion"}],"is_trial":false,"path_per_floor":["M","?","M","$","M","E","R","E","MIM","E","R","E","$","?","R_BF","B",null,"M","M","?","M","?","E","M","M","T","M","AVR","E","R","M","R","B",null,"M","?","?","$","M","E","M","E","T","E","M","?","E","?","R","B",null,"R","$","E","B"],"character_chosen":"BEAKED_THE_CULTIST","items_purchased":["Akabeko","Snack Pack","SteroidPotion","StuffTheSpire:Saxophone","trackpad:WondrousWand","beaked:MendingBrew","beaked:Insight+1","trackpad:Mousetrap","Milkshake","Sling","halation:PromiseList","ColorlessPotion","Energy Potion"],"campfire_rested":3,"item_purchase_floors":[4,4,4,13,38,38,38,38,38,53,53,53,53],"current_hp_per_floor":[50,41,50,50,50,17,32,42,50,42,42,50,50,50,50,50,80,75,61,61,72,57,70,84,54,54,52,52,36,61,79,79,56,78,61,66,66,66,61,42,24,70,70,59,38,18,39,39,64,76,83,83,83,55,0,0],"gold":73,"neow_bonus":"RANDOM_EVENT","is_daily":false,"chose_seed":false,"campfire_upgraded":2,"win_rate":0.0,"timestamp":1608897861,"path_taken":["M","?","M","$","M","E","R","E","MIM","E","R","E","$","?","R_BF","BOSS","M","M","?","M","?","E","M","M","T","M","AVR","E","R","M","R","BOSS","M","?","?","$","M","E","M","E","T","E","M","?","E","?","R","BOSS","R","$","E","BOSS"],"items_purchased_type":["Relic","Relic","Potion","Relic","Relic","Potion","Card","Relic","Potion","Relic","Relic","Potion","Potion"],"build_version":"2020-12-22","purchased_purges":1,"victory":false,"max_hp_per_floor":[50,50,50,50,50,50,50,50,50,50,50,50,50,50,50,50,80,80,80,80,80,85,85,85,85,85,85,85,85,85,85,85,85,85,85,85,85,85,85,85,85,85,85,85,85,85,85,85,85,85,85,85,85,85,85,85],"card_choices":[{"not_picked":["beaked:VigorBurst+1","beaked:StunningBlow+1"],"picked":"beaked:Resilience+1","floor":1.0},{"not_picked":["beaked:TuckingFeathers+1","beaked:Recite+1"],"picked":"beaked:Cower+1","floor":3.0},{"not_picked":["beaked:SacrificialScars+1","beaked:Daydream+1","beaked:HuntressSpirit+1"],"picked":"SKIP","floor":5.0},{"not_picked":["beaked:SacrificialScars+1","beaked:Daydream+1","beaked:HuntressSpirit+1"],"picked":"SKIP","floor":5.0},{"not_picked":["beaked:CursingBlood+1","beaked:StunningBlow+1"],"picked":"beaked:BraceForImpact+1","floor":6.0},{"not_picked":["beaked:Redirect+1","beaked:Windmill+1"],"picked":"ReplayTheSpireMod:RavenHex+1","floor":8.0},{"not_picked":["beaked:Tradeoff+1","beaked:Windmill+1"],"picked":"beaked:Evade+1","floor":9.0},{"not_picked":["beaked:Recite+1","beaked:FakeOut+1","beaked:DigDeep+1"],"picked":"SKIP","floor":10.0},{"not_picked":["beaked:SurvivalInstinct+1","beaked:Redirect+1","beaked:Brainwash+1"],"picked":"SKIP","floor":12.0},{"not_picked":["beaked:SurvivalInstinct+1","beaked:Redirect+1","beaked:Brainwash+1"],"picked":"SKIP","floor":12.0},{"not_picked":["beaked:Caw+1","beaked:SacrificialScars+1"],"picked":"beaked:AwakenedForm+1","floor":16.0},{"not_picked":["beaked:BraceForImpact+1","beaked:WindBringer+1"],"picked":"beaked:MaddeningMurmurs+1","floor":18.0},{"not_picked":["beaked:Tradeoff+1","beaked:FakeOut+1"],"picked":"beaked:Foresight+1","floor":19.0},{"not_picked":["beaked:Foresight+1","beaked:Cower+1","beaked:Evade+1"],"picked":"SKIP","floor":21.0},{"not_picked":["beaked:Resilience+1","beaked:FakeOut+1"],"picked":"beaked:BloodRitual+1","floor":23.0},{"not_picked":["beaked:HuntressEssence+1","beaked:Roost+1"],"picked":"beaked:DigDeeper+1","floor":24.0},{"not_picked":["beaked:Foresight+1","beaked:Resilience+1"],"picked":"beaked:CrazyRituals+1","floor":25.0},{"not_picked":["beaked:Overpower+1","beaked:Devastation+1"],"picked":"beaked:Tweet+1","floor":27.0},{"not_picked":["beaked:SacrificialDive+1","beaked:Poke+1"],"picked":"beaked:Caw+1","floor":29.0},{"not_picked":["beaked:Recite+1","beaked:Tradeoff+1","beaked:Insight+1"],"picked":"SKIP","floor":31.0},{"not_picked":["beaked:SacrificialScars+1","beaked:KnowThyFoe+1"],"picked":"beaked:ScreechingChant+1","floor":33.0},{"not_picked":["beaked:SurvivalInstinct+1","beaked:DigDeeper+1","beaked:Cower+1"],"picked":"SKIP","floor":35.0},{"not_picked":["beaked:Cower+1","beaked:MimicHuntress+1","beaked:Brace+1"],"picked":"SKIP","floor":39.0},{"not_picked":["beaked:Caw+1","beaked:Overpower+1"],"picked":"ReplayTheSpireMod:Wings of Steel+1","floor":40.0},{"not_picked":["beaked:Struggle+1","ReplayTheSpireMod:Wings of Steel+1"],"picked":"beaked:Hexing+1","floor":41.0},{"not_picked":["beaked:Daydream+1","beaked:RuinSticks+1","beaked:Insight+1"],"picked":"SKIP","floor":42.0},{"not_picked":["ReplayTheSpireMod:Prepare the Ceremony+1","beaked:CrazyRituals+1"],"picked":"beaked:MachineSpirit+1","floor":44.0},{"not_picked":["beaked:Negation+1","beaked:RuinSticks+1","beaked:Resilience+1"],"picked":"SKIP","floor":45.0},{"not_picked":["infinitespire:Fortify","infinitespire:Punishment"],"picked":"infinitespire:SevenWalls","floor":46.0},{"not_picked":["beaked:StickSmack+1","beaked:Devastation+1","beaked:Poke+1"],"picked":"SKIP","floor":47.0},{"not_picked":["beaked:MachineSpirit+1","beaked:StunningBlow+1"],"picked":"beaked:ScreechingChant+1","floor":54.0}],"player_experience":2367608,"relics_obtained":[{"floor":6.0,"key":"ReplayTheSpireMod:Shallot"},{"floor":8.0,"key":"Simple Rune"},{"floor":10.0,"key":"Omamori"},{"floor":12.0,"key":"StuffTheSpire:Nightcore"},{"floor":23.0,"key":"trackpad:PetRock"},{"floor":26.0,"key":"Ancient Tea Set"},{"floor":29.0,"key":"PreservedInsect"},{"floor":40.0,"key":"halation:AfternoonTea"},{"floor":42.0,"key":"infinitespire:Lucky Rock"},{"floor":43.0,"key":"jedi:angrymask"},{"floor":44.0,"key":"infinitespire:PuzzleCube"},{"floor":54.0,"key":"infinitespire:Joker Card"}],"event_choices":[{"damage_healed":0.0,"max_hp_gain":0.0,"max_hp_loss":10.0,"gold_gain":0.0,"event_name":"betterThird:BetterWriting","player_choice":"Simplicity","floor":0.0,"gold_loss":0.0,"damage_taken":0.0},{"damage_healed":0.0,"max_hp_gain":0.0,"max_hp_loss":0.0,"gold_gain":0.0,"event_name":"Menagerie:LunarGift","player_choice":"Touch","floor":2.0,"gold_loss":0.0,"damage_taken":9.0,"relics_obtained":["Menagerie:ShiftingBlessing"]},{"damage_healed":0.0,"max_hp_gain":0.0,"max_hp_loss":0.0,"gold_gain":0.0,"event_name":"Menagerie:CorruptingLight","player_choice":"Ignored","floor":14.0,"gold_loss":0.0,"damage_taken":0.0},{"damage_healed":0.0,"max_hp_gain":5.0,"max_hp_loss":0.0,"gold_gain":0.0,"event_name":"Elementarium:RadiantAltar","player_choice":"Sacrifice","floor":22.0,"gold_loss":0.0,"damage_taken":20.0},{"damage_healed":5.0,"max_hp_gain":0.0,"max_hp_loss":0.0,"gold_gain":0.0,"event_name":"betterSkull:BetterSkull","player_choice":"LEAVE ","floor":36.0,"gold_loss":0.0,"damage_taken":0.0,"cards_upgraded":[],"relics_obtained":[]}],"is_beta":false,"boss_relics":[{"not_picked":["conspire:RunicOctahedron","conspire:SeveredTorchhead","halation:ForbiddenBikini"],"picked":"vexMod:BigBerry"},{"not_picked":["hubris:HollowSoul","StuffTheSpire:Kangaroo","halation:Risk"],"picked":"sneckomod:SneckoTalon"}],"items_purged_floors":[28],"is_endless":false,"potions_floor_spawned":[3,5,8,10,19,21,27,29,39,41,44],"killed_by":"The Heart","ascension_level":10}}