{"host":"951sez6ulsv0fw1i","time":1608938777,"event":{"mods":["2.2 Compatiblity","Act Like it!","Aspiration","BaseMod","Better Third Choice","BetterRewards","CCEM","CapriCore","Conspire","Downfall","Gensokyo","Googly Eyes","Hermit","Infinite Spire","JesterMod","Luminous","Marisa????????","Minty Spire (QoL Compilation)","Potionbrewer","Reimu??????","Spicy Shops","StSLib","The Cursed","The Immortal","The Marked","The Runesmith","The Servant 0.9.4","TheVacant"],"gold_per_floor":[111,61,61,72,87,87,117,117,143,171,205,215,225,235,235,330,330,343,103,103,103,122,152,152,181,204,204,51,51,61,79,79,183,183,203,223,257,275,275,308,363,363,363,383,398,398,433,452,452,452,452,452,45,80,80],"floor_reached":56,"playtime":2180,"items_purged":["Pain"],"score":1147,"play_id":"41d41ffa-3395-4a91-8eab-93d0f0cd2a55","local_time":"20201226002617","is_ascension_mode":false,"campfire_choices":[{"data":"theVacant:EyePoke","floor":6.0,"key":"SMITH"},{"data":"theVacant:PitOfDespair","floor":8.0,"key":"SMITH"},{"data":"theVacant:Rejection","floor":15.0,"key":"SMITH"},{"data":"RitualDagger","floor":24.0,"key":"SMITH"},{"floor":27.0,"key":"REST"},{"data":"theVacant:Rejection","floor":32.0,"key":"SMITH"},{"floor":42,"key":"RECALL"},{"data":"theVacant:Exorcise","floor":46,"key":"SMITH"},{"floor":49,"key":"REST"},{"data":"theVacant:Release","floor":52,"key":"SMITH"}],"circlet_count":0,"master_deck":["theVacant:VacantStarterStrike","theVacant:VacantStarterStrike","theVacant:VacantStarterStrike","theVacant:VacantStarterDefend","theVacant:Release+1","theVacant:Crunch","theVacant:EyePoke+1","theVacant:PitOfDespair+1","theVacant:Recover","theVacant:ShutAway","theVacant:GraveDigger","theVacant:Rejection+1","theVacant:Expand","theVacant:GraveWave","theVacant:Rejection+1","theVacant:ReaperStrike+1","theVacant:Barrage","RitualDagger+1","theVacant:Reconnect","infinitespire:SevenWalls+1","theVacant:TheAnvil","theVacant:ShutAway","Shame","theVacant:VoidEmbrace+1","theVacant:ShriekingBlast+1","theVacant:Voidstone","theVacant:OnSecondThought+1","theVacant:IntoTheAbyss+1","theVacant:EyePoke+1","theVacant:Cower+1","theVacant:Dig","theVacant:Spinshield+1","infinitespire:Menacing","theVacant:VoidForm","theVacant:ShriekingBlast+1","theVacant:Exorcise+1","theVacant:Threat+1","theVacant:LashOut+1","theVacant:Jab+1"],"relics":["theVacant:BrassGoblet","TungstenRod","Odd Mushroom","RuthlessExorcism:ReiMu","aspiration:MobileForge","Toy Ornithopter","WarpedTongs","aspiration:Stabinomicon","Molten Egg 2","Runesmith:AutoHammer","Tiny Chest","Astrolabe","Strawberry","Potion Belt","Bag of Preparation","conspire:GiftBox","HornCleat","potionbrewer:Keyblade","Bottled Lightning","Runesmith:Nanobots"],"acts_visited":["Exordium","TheCity","TheBeyond","TheEnding"],"potions_floor_usage":[55,55,55,55,55],"damage_taken":[{"damage":2.0,"enemies":"2 Louse","floor":1.0,"turns":2.0},{"damage":0.0,"enemies":"Small Slimes","floor":4.0,"turns":4.0},{"damage":0.0,"enemies":"Cultist","floor":5.0,"turns":3.0},{"damage":10.0,"enemies":"The Mushroom Lair","floor":10.0,"turns":4.0},{"damage":6.0,"enemies":"Gremlin Nob","floor":11.0,"turns":3.0},{"damage":3.0,"enemies":"3 Louse","floor":12.0,"turns":2.0},{"damage":0.0,"enemies":"2 Fungi Beasts","floor":13.0,"turns":2.0},{"damage":8.0,"enemies":"Gremlin Gang","floor":14.0,"turns":3.0},{"damage":5.0,"enemies":"Slime Boss","floor":16.0,"turns":6.0},{"damage":17.0,"enemies":"Shell Parasite","floor":18.0,"turns":5.0},{"damage":15.0,"enemies":"2 Thieves","floor":22.0,"turns":2.0},{"damage":22.0,"enemies":"Book of Stabbing","floor":23.0,"turns":4.0},{"damage":40.0,"enemies":"Nightmare","floor":25.0,"turns":5.0},{"damage":0.0,"enemies":"3 Cultists","floor":30.0,"turns":3.0},{"damage":14.0,"enemies":"Centurion and Healer","floor":31.0,"turns":2.0},{"damage":6.0,"enemies":"conspire:MysteriousRune","floor":33.0,"turns":5.0},{"damage":0,"enemies":"3 Darklings","floor":35,"turns":2},{"damage":0,"enemies":"Orb Walker","floor":36,"turns":1},{"damage":0,"enemies":"conspire:MimicChest","floor":37,"turns":2},{"damage":0,"enemies":"Maw","floor":38,"turns":4},{"damage":25,"enemies":"Nemesis","floor":40,"turns":5},{"damage":0,"enemies":"Jaw Worm Horde","floor":44,"turns":1},{"damage":9,"enemies":"3 Darklings","floor":45,"turns":3},{"damage":42,"enemies":"Nightmare","floor":47,"turns":7},{"damage":0,"enemies":"Maw","floor":48,"turns":1},{"damage":0,"enemies":"Time Eater","floor":50,"turns":1},{"damage":2,"enemies":"Shield and Spear","floor":54,"turns":2},{"damage":26,"enemies":"The Heart","floor":55,"turns":3}],"seed_played":"-6106029141085806793","potions_obtained":[{"floor":1.0,"key":"PowerPotion"},{"floor":4.0,"key":"champ:CounterPotion"},{"floor":5.0,"key":"champ:CounterPotion"},{"floor":11.0,"key":"champ:CounterPotion"},{"floor":12.0,"key":"potionbrewer:ToxicPotion"},{"floor":30.0,"key":"SpeedPotion"},{"floor":33.0,"key":"Regen Potion"},{"floor":38,"key":"champ:CounterPotion"},{"floor":44,"key":"Block Potion"},{"floor":48,"key":"sneckomod:MuddlingPotion"},{"floor":54,"key":"potionbrewer:BoundlessPotion"}],"is_trial":false,"path_per_floor":["M","?","?","M","M","R","?","R","T","?","E","M","M","M","R","B",null,"M","$","?","?","M","E","R","NM","T","R","$","?","M","M","R","B",null,"M","M","?","M","?","E","T","R","T","M","M","R","NM","M","R","B",null,"R","$","E","B",null],"character_chosen":"THE_VACANT","items_purchased":["Toy Ornithopter","theVacant:Barrage","theVacant:ShutAway","potionbrewer:Keyblade","Bottled Lightning"],"campfire_rested":2,"item_purchase_floors":[19,19,28,53,53],"current_hp_per_floor":[86,86,86,86,86,86,86,86,86,79,78,75,75,72,72,74,90,79,79,74,74,59,46,46,14,14,42,42,42,46,32,32,26,96,96,96,103,106,80,55,55,55,55,55,48,48,6,6,38,38,108,108,108,106,82],"gold":80,"neow_bonus":"TEN_PERCENT_HP_BONUS","is_daily":false,"chose_seed":false,"campfire_upgraded":7,"win_rate":0.0,"timestamp":1608938777,"path_taken":["M","?","?","M","M","R","?","R","T","?","E","M","?","M","R","BOSS","M","$","?","?","?","E","R","NM","T","R","?","?","M","M","R","BOSS","M","M","?","?","?","E","?","R","T","M","?","R","NM","?","R","BOSS","R","$","E","BOSS"],"items_purchased_type":["Relic","Card","Card","Relic","Relic"],"build_version":"2020-12-22","purchased_purges":1,"victory":true,"max_hp_per_floor":[88,88,88,88,88,88,88,88,88,88,88,88,88,88,88,90,90,93,93,93,93,93,93,93,96,96,96,96,96,96,96,96,96,96,96,96,103,106,106,106,106,106,106,106,108,108,108,108,108,108,108,108,108,108,108],"card_choices":[{"not_picked":["theVacant:WaitInWrath","theVacant:Cower"],"picked":"theVacant:EyePoke","floor":1.0},{"not_picked":["theVacant:Fling","theVacant:Spinshield"],"picked":"theVacant:PitOfDespair","floor":4.0},{"not_picked":["theVacant:FranticBlow","theVacant:SpiritOrb"],"picked":"theVacant:Recover","floor":5.0},{"not_picked":["theVacant:Fling","theVacant:BattleScars"],"picked":"theVacant:ShutAway","floor":10.0},{"not_picked":["theVacant:Enrage","theVacant:Acceptance"],"picked":"theVacant:GraveDigger","floor":11.0},{"not_picked":["theVacant:Dig","theVacant:CursedBlast"],"picked":"theVacant:Rejection","floor":12.0},{"not_picked":["theVacant:FranticBlow","theVacant:Whip"],"picked":"theVacant:Expand","floor":13.0},{"not_picked":["theVacant:Unearth","theVacant:Whip"],"picked":"theVacant:GraveWave","floor":14.0},{"not_picked":["theVacant:DimensionTear","theVacant:TimeSkip"],"picked":"theVacant:Rejection","floor":16.0},{"not_picked":["theVacant:FranticBlow","theVacant:Thoughtseize+1"],"picked":"theVacant:ReaperStrike+1","floor":18.0},{"not_picked":["theVacant:GraveWave","theVacant:Throttle"],"picked":"theVacant:Reconnect","floor":22.0},{"not_picked":["theVacant:TwistFate","theVacant:Necromancy","theVacant:BattleScars"],"picked":"SKIP","floor":23.0},{"not_picked":["infinitespire:Menacing","infinitespire:TheBestDefense"],"picked":"infinitespire:SevenWalls+1","floor":25.0},{"not_picked":["theVacant:Spinshield","theVacant:Fortify"],"picked":"theVacant:TheAnvil","floor":25.0},{"not_picked":["theVacant:Enrage","theVacant:IntoTheAbyss+1"],"picked":"theVacant:VoidEmbrace+1","floor":30.0},{"not_picked":["theVacant:Acceptance","theVacant:Snowball+1"],"picked":"theVacant:ShriekingBlast+1","floor":31.0},{"not_picked":["theVacant:Rejection","theVacant:DarkStrike+1"],"picked":"theVacant:Voidstone","floor":33.0},{"not_picked":["theVacant:OnSecondThought","theVacant:Fortify"],"picked":"theVacant:Cower+1","floor":35},{"not_picked":["theVacant:GraveWave+1","theVacant:Jab+1"],"picked":"theVacant:Dig","floor":36},{"not_picked":["theVacant:BattleScars+1","theVacant:Immaterialize"],"picked":"theVacant:Spinshield+1","floor":38},{"not_picked":["infinitespire:Gouge","infinitespire:FutureSight"],"picked":"infinitespire:Menacing","floor":39},{"not_picked":["theVacant:Expand+1","theVacant:Enrage","theVacant:OnSecondThought"],"picked":"SKIP","floor":40},{"not_picked":["theVacant:Prevent","theVacant:Voidstone"],"picked":"theVacant:VoidForm","floor":43},{"not_picked":["theVacant:CursedBlast+1","theVacant:FranticBlow+1"],"picked":"theVacant:ShriekingBlast+1","floor":44},{"not_picked":["theVacant:BattleScars+1","theVacant:EyePoke+1"],"picked":"theVacant:Exorcise","floor":45},{"not_picked":["infinitespire:FutureSight","infinitespire:TheBestDefense"],"picked":"infinitespire:SealOfDarkness+","floor":47},{"not_picked":["theVacant:Necromancy","theVacant:Fortify"],"picked":"theVacant:Threat+1","floor":47},{"not_picked":["theVacant:IntoTheAbyss","theVacant:Fortify"],"picked":"theVacant:LashOut+1","floor":48},{"not_picked":["theVacant:Spinshield","theVacant:Enrage"],"picked":"theVacant:Jab+1","floor":54}],"player_experience":528575,"relics_obtained":[{"floor":10.0,"key":"Odd Mushroom"},{"floor":11.0,"key":"RuthlessExorcism:ReiMu"},{"floor":23.0,"key":"aspiration:Stabinomicon"},{"floor":25.0,"key":"Molten Egg 2"},{"floor":26.0,"key":"Runesmith:AutoHammer"},{"floor":37,"key":"Strawberry"},{"floor":40,"key":"Potion Belt"},{"floor":41,"key":"Bag of Preparation"},{"floor":43,"key":"conspire:GiftBox"},{"floor":47,"key":"HornCleat"},{"floor":54,"key":"Runesmith:Nanobots"}],"event_choices":[{"cards_removed":["theVacant:VacantStarterDefend"],"damage_healed":0.0,"max_hp_gain":0.0,"max_hp_loss":0.0,"gold_gain":0.0,"event_name":"The Cleric","player_choice":"Card Removal","floor":2.0,"gold_loss":50.0,"damage_taken":0.0},{"damage_healed":0.0,"max_hp_gain":0.0,"max_hp_loss":0.0,"gold_gain":30.0,"event_name":"Dead Adventurer","player_choice":"Searched \u00273\u0027 times","floor":7.0,"gold_loss":0.0,"damage_taken":0.0,"relics_obtained":["TungstenRod"]},{"damage_healed":0.0,"max_hp_gain":0.0,"max_hp_loss":0.0,"gold_gain":0.0,"event_name":"Mushrooms","player_choice":"Fought Mushrooms","floor":10.0,"gold_loss":0.0,"damage_taken":0.0},{"damage_healed":0.0,"max_hp_gain":0.0,"max_hp_loss":0.0,"gold_gain":0.0,"event_name":"betterThird:BetterNest","player_choice":"Dagger","floor":20.0,"gold_loss":0.0,"damage_taken":6.0,"cards_obtained":["RitualDagger"]},{"damage_healed":0.0,"max_hp_gain":0.0,"max_hp_loss":0.0,"gold_gain":0.0,"event_name":"Accursed Blacksmith","player_choice":"Rummage","floor":21.0,"gold_loss":0.0,"damage_taken":0.0,"relics_obtained":["WarpedTongs"],"cards_obtained":["Pain"]},{"damage_healed":0.0,"max_hp_gain":0.0,"max_hp_loss":0.0,"gold_gain":0.0,"event_name":"Addict","player_choice":"Stole Relic","floor":29.0,"gold_loss":0.0,"damage_taken":0.0,"relics_obtained":["Tiny Chest"],"cards_obtained":["Shame"]}],"is_beta":false,"boss_relics":[{"not_picked":["aspiration:PoetsPen_weak","Ectoplasm"],"picked":"aspiration:MobileForge"},{"not_picked":["aspiration:ServantSkillbook","RedLine:ReiMu"],"picked":"Astrolabe"}],"items_purged_floors":[28],"is_endless":false,"potions_floor_spawned":[1,4,5,11,12,18,30,33,36,38,44,48,54],"ascension_level":0}}