{"host":"6to0pdz5g3mubtyg","time":1608890204,"event":{"mods":["Act Like it!","Aspiration","BaseMod","BetterRewards","Colored Map","Energized Spire","Hallownest","Highlight Path","Infinite Spire","Jorbs\u0027s Wanderer Trilogy","Minty Spire (QoL Compilation)","Shade Mod","StSLib","The Animator","The Blue Laboratory","The Bug Knight"],"gold_per_floor":[119,69,69,80,93,127,127,158,158,187,38,57,73,88,88,184,134,147,147,147,147,147,172,172,183,263,290,302,332,344,384,396,503,515,540,552,552],"floor_reached":36,"playtime":1983,"items_purged":["Strike_B"],"score":462,"play_id":"c55581f2-c58f-4234-904c-532217557663","local_time":"20201225025644","is_ascension_mode":true,"campfire_choices":[{"floor":15.0,"key":"REST"},{"floor":24.0,"key":"DIG"},{"floor":28.0,"key":"DIG"},{"floor":30.0,"key":"DIG"},{"floor":32.0,"key":"DIG"}],"circlet_count":0,"master_deck":["Strike_B+1","Strike_B+1","Defend_B+1","Defend_B+1","Defend_B+1","Defend_B+1","Zap","Dualcast","Melter","Gash","Reprogram","infinitespire:Gouge","BootSequence","Scrape","Genetic Algorithm","All For One","Strike_B+1","Leap","Writhe","Decay","FTL","Gash","Gash","Seek","All For One"],"relics":["Cracked Core","infinitespire:ShieldingShard","Ancient Tea Set","Shovel","aspiration:SeaSaltIceCream","NeowsBlessing","energizedSpire:HugeHouse","Du-Vu Doll","Meat on the Bone","Peace Pipe","infinitespire:CheckeredPen","MawBank","Unceasing Top","Vajra","Pantograph","Emotion Chip","aspiration:RunicSpoon"],"acts_visited":["Exordium","TheCity","TheBeyond"],"potions_floor_usage":[],"damage_taken":[{"damage":1.0,"enemies":"Cultist","floor":1.0,"turns":4.0},{"damage":0.0,"enemies":"Small Slimes","floor":4.0,"turns":3.0},{"damage":0.0,"enemies":"2 Louse","floor":5.0,"turns":1.0},{"damage":14.0,"enemies":"Gremlin Nob","floor":6.0,"turns":3.0},{"damage":31.0,"enemies":"3 Sentries","floor":8.0,"turns":7.0},{"damage":3.0,"enemies":"Lagavulin","floor":10.0,"turns":7.0},{"damage":0.0,"enemies":"Blue Slaver","floor":12.0,"turns":1.0},{"damage":0.0,"enemies":"Large Slime","floor":13.0,"turns":1.0},{"damage":0.0,"enemies":"2 Fungi Beasts","floor":14.0,"turns":1.0},{"damage":28.0,"enemies":"The Guardian","floor":16.0,"turns":8.0},{"damage":0.0,"enemies":"Shell Parasite","floor":18.0,"turns":4.0},{"damage":4.0,"enemies":"Book of Stabbing","floor":23.0,"turns":5.0},{"damage":0.0,"enemies":"Spheric Guardian","floor":25.0,"turns":2.0},{"damage":36.0,"enemies":"Nightmare","floor":27.0,"turns":6.0},{"damage":0.0,"enemies":"Snake Plant","floor":29.0,"turns":2.0},{"damage":23.0,"enemies":"Book of Stabbing","floor":31.0,"turns":5.0},{"damage":41.0,"enemies":"Champ","floor":33.0,"turns":9.0},{"damage":9.0,"enemies":"3 Shapes","floor":35.0,"turns":3.0},{"damage":0,"enemies":"infinitespire:Three Voidlings","floor":36,"turns":2},{"damage":61,"enemies":"Nightmare_Alpha","floor":36,"turns":6}],"seed_played":"2668999073763314468","potions_obtained":[{"floor":0.0,"key":"Strength Potion"},{"floor":0.0,"key":"SteroidPotion"},{"floor":0.0,"key":"blueLaboratory:CreativityPotion"},{"floor":8.0,"key":"EssenceOfSteel"},{"floor":12.0,"key":"GamblersBrew"},{"floor":14.0,"key":"PowerPotion"},{"floor":16.0,"key":"blueLaboratory:NullPotion"},{"floor":23.0,"key":"Explosive Potion"},{"floor":27.0,"key":"blueLaboratory:EmptyBottle"}],"is_trial":false,"path_per_floor":["M","?","?","M","M","E","?","E","T","E","$","M","M","M","R","B",null,"M","?","?","?","?","E","R","M","T","NM","R","M","R","E","R","B",null,"M","?"],"character_chosen":"DEFECT","items_purchased":["Scrape"],"campfire_rested":1,"item_purchase_floors":[11],"current_hp_per_floor":[74,74,74,74,74,60,43,12,12,9,9,9,9,9,31,3,70,70,70,70,70,70,66,66,66,66,42,42,42,42,31,31,27,70,61,0,0],"gold":552,"neow_bonus":"THREE_SMALL_POTIONS","is_daily":false,"chose_seed":false,"campfire_upgraded":0,"win_rate":0.0,"timestamp":1608890204,"path_taken":["M","?","?","M","M","E","?","E","T","E","$","M","M","M","R","BOSS","M","?","?","?","?","E","R","M","T","NM","R","M","R","E","R","BOSS","M","?"],"items_purchased_type":["Card"],"build_version":"2020-12-22","purchased_purges":1,"victory":false,"max_hp_per_floor":[75,75,75,75,75,75,75,75,75,75,75,75,75,75,75,75,70,70,70,70,70,70,70,70,70,70,70,70,70,70,70,70,70,70,70,70,70],"card_choices":[{"not_picked":["Coolheaded","Blizzard"],"picked":"Melter","floor":1.0},{"not_picked":["Force Field","Tempest","Steam Power"],"picked":"SKIP","floor":4.0},{"not_picked":["Stack","Go for the Eyes"],"picked":"Gash","floor":5.0},{"not_picked":["Undo","Barrage"],"picked":"Reprogram","floor":6.0},{"not_picked":["infinitespire:NeuralNetwork","infinitespire:Collect"],"picked":"infinitespire:Gouge","floor":7.0},{"not_picked":["Seek","Steam"],"picked":"BootSequence","floor":8.0},{"not_picked":["Compile Driver","Heatsinks"],"picked":"Sweeping Beam","floor":10.0},{"not_picked":["Sunder","Redo","Streamline"],"picked":"SKIP","floor":12.0},{"not_picked":["Chaos","Conserve Battery","Cold Snap"],"picked":"SKIP","floor":13.0},{"not_picked":["Chaos","Compile Driver"],"picked":"Genetic Algorithm","floor":14.0},{"not_picked":["Meteor Strike","Multi-Cast"],"picked":"All For One","floor":16.0},{"not_picked":["Steam Power+1","Cold Snap","Force Field"],"picked":"SKIP","floor":18.0},{"not_picked":["Coolheaded","Aggregate"],"picked":"Gash","floor":23.0},{"not_picked":["Turbo+1","Cold Snap","Conserve Battery"],"picked":"SKIP","floor":25.0},{"not_picked":["Barrage","Stack"],"picked":"Gash","floor":27.0},{"not_picked":["Sweeping Beam","Cold Snap"],"picked":"Seek","floor":29.0},{"not_picked":["Streamline+1","Auto Shields","Double Energy"],"picked":"SKIP","floor":31.0},{"not_picked":["Machine Learning","Seek"],"picked":"All For One","floor":33.0},{"not_picked":["Conserve Battery","Stack","Streamline+1"],"picked":"SKIP","floor":35.0}],"player_experience":225485,"relics_obtained":[{"floor":6.0,"key":"infinitespire:ShieldingShard"},{"floor":8.0,"key":"Ancient Tea Set"},{"floor":9.0,"key":"Shovel"},{"floor":10.0,"key":"aspiration:SeaSaltIceCream"},{"floor":23.0,"key":"Meat on the Bone"},{"floor":24.0,"key":"Peace Pipe"},{"floor":26.0,"key":"infinitespire:CheckeredPen"},{"floor":27.0,"key":"MawBank"},{"floor":28.0,"key":"Unceasing Top"},{"floor":30.0,"key":"Vajra"},{"floor":31.0,"key":"Pantograph"},{"floor":32.0,"key":"Emotion Chip"}],"event_choices":[{"cards_removed":["Strike_B"],"damage_healed":0.0,"max_hp_gain":0.0,"max_hp_loss":0.0,"gold_gain":0.0,"event_name":"The Cleric","player_choice":"Card Removal","floor":2.0,"gold_loss":50.0,"damage_taken":0.0},{"damage_healed":0.0,"max_hp_gain":0.0,"max_hp_loss":0.0,"gold_gain":0.0,"event_name":"Golden Idol","player_choice":"Ignored","floor":3.0,"gold_loss":0.0,"damage_taken":0.0},{"damage_healed":0.0,"max_hp_gain":0.0,"max_hp_loss":0.0,"gold_gain":0.0,"event_name":"The Mausoleum","player_choice":"Opened","floor":19.0,"gold_loss":0.0,"damage_taken":0.0,"relics_obtained":["Du-Vu Doll"],"cards_obtained":["Writhe"]},{"damage_healed":0.0,"max_hp_gain":0.0,"max_hp_loss":0.0,"gold_gain":0.0,"event_name":"Forgotten Altar","player_choice":"Smashed Altar","floor":20.0,"gold_loss":0.0,"damage_taken":0.0,"cards_obtained":["Decay"]},{"damage_healed":0.0,"max_hp_gain":0.0,"max_hp_loss":0.0,"gold_gain":0.0,"event_name":"Back to Basics","player_choice":"Simplicity","floor":21.0,"gold_loss":0.0,"damage_taken":0.0,"cards_upgraded":["Strike_B","Strike_B","Defend_B","Defend_B","Defend_B","Defend_B","Strike_B"]},{"damage_healed":0.0,"max_hp_gain":0.0,"max_hp_loss":0.0,"gold_gain":0.0,"event_name":"The Library","player_choice":"Read","floor":22.0,"gold_loss":0.0,"damage_taken":0.0,"cards_obtained":["FTL"]}],"is_beta":false,"boss_relics":[{"not_picked":["Cursed Key","SlaversCollar"],"picked":"energizedSpire:HugeHouse"},{"not_picked":["energizedSpire:SpiderWeb","aspiration:Stellarator"],"picked":"aspiration:RunicSpoon"}],"items_purged_floors":[11],"is_endless":true,"potions_floor_spawned":[8,12,14,16,23,27,31],"killed_by":"Nightmare_Alpha","ascension_level":1}}