{"host":"6ko66ogg91i6g7xq","time":1608890919,"event":{"mods":["AchievementEnabler","Act Like it!","BaseMod","Colored Map","Colored Powertips","Downfall","Hermit","Minty Spire (QoL Compilation)","Quick Restart","Relic Stats","StSLib","The Jungle","everything is the same but u backflip on backflip"],"gold_per_floor":[119,133,110,110,110,138,138,157,157,157,157,183,207,172,172,291,354,372,50,64,64,64,97,118,152,152,193,193,213,213,231,231,350,350,366,0,19,19,19,19],"floor_reached":39,"playtime":1291,"items_purged":[],"score":508,"play_id":"86c0df7c-46b3-4428-aa92-55427f3356d3","local_time":"20201225050839","is_ascension_mode":true,"campfire_choices":[{"floor":7,"key":"DIG"},{"data":"1","floor":11,"key":"LIFT"},{"floor":15,"key":"RECALL"},{"floor":28,"key":"REST"},{"floor":30,"key":"REST"},{"floor":32,"key":"REST"}],"circlet_count":0,"master_deck":["Strike_G+1","Strike_G+1","Strike_G+1","Strike_G+1","Strike_G+1","Defend_G+1","Defend_G+1","Defend_G+1","Defend_G+1","Defend_G+1","Survivor","Neutralize","Blade Dance","Deadly Poison+1","Blade Dance","Footwork","Envenom","Adrenaline","Dagger Spray","Noxious Fumes","Backstab+1","Noxious Fumes","Crippling Poison","Finisher+1","Blade Dance+1","Backstab+1","Accuracy","Corpse Explosion","Noxious Fumes"],"relics":["Ring of the Serpent","NeowsBlessing","Shovel","Bird Faced Urn","Girya","Golden Idol","Odd Mushroom","Tiny House","Molten Egg 2","Orichalcum","Snake Skull","Sundial","Tiny Chest","Lizard Tail"],"acts_visited":["Exordium","TheCity","TheBeyond"],"potions_floor_usage":[20,24,25,27,33,33],"damage_taken":[{"damage":0,"enemies":"Small Slimes","floor":1,"turns":1},{"damage":0,"enemies":"Cultist","floor":2,"turns":1},{"damage":0,"enemies":"Lagavulin","floor":6,"turns":1},{"damage":0,"enemies":"2 Louse","floor":8,"turns":3},{"damage":6,"enemies":"The Mushroom Lair","floor":12,"turns":4},{"damage":3,"enemies":"Large Slime","floor":13,"turns":5},{"damage":47,"enemies":"The Guardian","floor":16,"turns":11},{"damage":0,"enemies":"3 Byrds","floor":18,"turns":4},{"damage":22,"enemies":"2 Thieves","floor":20,"turns":3},{"damage":18,"enemies":"Gremlin Leader","floor":23,"turns":5},{"damage":12,"enemies":"Shelled Parasite and Fungi","floor":24,"turns":5},{"damage":18,"enemies":"Book of Stabbing","floor":25,"turns":3},{"damage":35,"enemies":"Slavers","floor":27,"turns":5},{"damage":12,"enemies":"Snake Plant","floor":29,"turns":2},{"damage":6,"enemies":"Cultist and Chosen","floor":31,"turns":2},{"damage":33,"enemies":"Collector","floor":33,"turns":5},{"damage":24,"enemies":"3 Darklings","floor":35,"turns":2},{"damage":4,"enemies":"Orb Walker","floor":37,"turns":3},{"damage":24,"enemies":"Maw","floor":39,"turns":4}],"seed_played":"6039180871299036376","potions_obtained":[{"floor":8,"key":"SpeedPotion"},{"floor":12,"key":"Ancient Potion"},{"floor":13,"key":"Ancient Potion"},{"floor":17,"key":"CunningPotion"},{"floor":23,"key":"Regen Potion"},{"floor":24,"key":"SteroidPotion"},{"floor":31,"key":"Explosive Potion"},{"floor":33,"key":"Weak Potion"}],"is_trial":false,"path_per_floor":["M","M","$","?","$","E","R","M","T","?","R","?","M","?","R","B",null,"M","$","M","?","?","E","M","E","T","E","R","M","R","M","R","B",null,"M","$","M","?","M"],"character_chosen":"THE_SILENT","items_purchased":["Blade Dance","Noxious Fumes","Molten Egg 2","Noxious Fumes","Lizard Tail"],"campfire_rested":3,"item_purchase_floors":[3,19,19,36,36],"current_hp_per_floor":[70,70,70,70,70,70,70,70,70,53,53,49,48,65,65,22,75,75,75,53,53,53,43,52,36,36,5,27,17,39,35,57,32,75,51,51,49,54,36,36],"gold":19,"neow_bonus":"THREE_ENEMY_KILL","is_daily":false,"chose_seed":false,"campfire_upgraded":0,"win_rate":0.0,"timestamp":1608890919,"path_taken":["M","M","$","?","?","E","R","?","T","?","R","?","M","?","R","BOSS","M","$","M","?","?","E","?","E","T","E","R","M","R","M","R","BOSS","M","$","?","?","?"],"items_purchased_type":["Card","Card","Relic","Card","Relic"],"build_version":"2020-12-22","purchased_purges":0,"victory":false,"max_hp_per_floor":[70,70,70,70,70,70,70,70,70,70,70,70,70,70,70,70,75,75,75,75,75,75,75,75,75,75,75,75,75,75,75,75,75,75,75,75,75,75,75,75],"relic_stats":{"Lizard Tail":0,"Shovel":1,"counters":[19,69],"Golden Idol":119,"Sundial":[0],"Bird Faced Urn":[48],"Tiny Chest":0,"Snake Skull":[74],"Orichalcum":[132],"obtain_stats":[{"Girya":9,"Tiny House":17,"NeowsBlessing":0,"Golden Idol":10,"Snake Skull":25,"Odd Mushroom":12,"Orichalcum":23,"Lizard Tail":36,"Shovel":6,"Sundial":26,"Bird Faced Urn":7,"Molten Egg 2":19,"Tiny Chest":27,"Ring of the Serpent":34,"Ring of the Snake":0},{"Girya":4,"Tiny House":7,"NeowsBlessing":0,"Golden Idol":4,"Snake Skull":12,"Odd Mushroom":5,"Orichalcum":10,"Lizard Tail":17,"Shovel":3,"Sundial":12,"Bird Faced Urn":3,"Molten Egg 2":8,"Tiny Chest":13,"Ring of the Serpent":16,"Ring of the Snake":0},{"Girya":6,"Tiny House":26,"NeowsBlessing":0,"Golden Idol":6,"Snake Skull":46,"Odd Mushroom":10,"Orichalcum":38,"Lizard Tail":62,"Shovel":3,"Sundial":46,"Bird Faced Urn":3,"Molten Egg 2":30,"Tiny Chest":51,"Ring of the Serpent":60,"Ring of the Snake":0}]},"card_choices":[{"not_picked":["PiercingWail","Bane"],"picked":"Blade Dance","floor":1},{"not_picked":["Bouncing Flask","Setup"],"picked":"Deadly Poison","floor":2},{"not_picked":["Slice","Eviscerate"],"picked":"Footwork","floor":6},{"not_picked":["Flying Knee","Slice","Predator"],"picked":"SKIP","floor":8},{"not_picked":["Sucker Punch","Outmaneuver"],"picked":"Envenom","floor":13},{"not_picked":["Storm of Steel","Bullet Time"],"picked":"Adrenaline","floor":16},{"not_picked":["Dash","Concentrate"],"picked":"Dagger Spray","floor":17},{"not_picked":["Backflip+1","Underhanded Strike"],"picked":"Blade Dance","floor":18},{"not_picked":["Dodge and Roll","Masterful Stab+1"],"picked":"Backstab+1","floor":20},{"not_picked":["Dodge and Roll","Expertise"],"picked":"Crippling Poison","floor":23},{"not_picked":["Backflip+1","Deflect+1"],"picked":"Finisher+1","floor":24},{"not_picked":["Sucker Punch+1","Slice+1"],"picked":"Blade Dance+1","floor":25},{"not_picked":["Poisoned Stab+1","Eviscerate+1"],"picked":"Backstab+1","floor":27},{"not_picked":["Choke+1","Flying Knee+1","Concentrate"],"picked":"SKIP","floor":29},{"not_picked":["Skewer+1","Dodge and Roll"],"picked":"Accuracy","floor":31},{"not_picked":["A Thousand Cuts","Venomology"],"picked":"Corpse Explosion","floor":33},{"not_picked":["Deflect","Slice+1","Backstab+1"],"picked":"SKIP","floor":35},{"not_picked":["Dodge and Roll+1","Skewer+1","Riddle With Holes+1"],"picked":"SKIP","floor":37}],"player_experience":245107,"relics_obtained":[{"floor":6,"key":"Shovel"},{"floor":7,"key":"Bird Faced Urn"},{"floor":9,"key":"Girya"},{"floor":12,"key":"Odd Mushroom"},{"floor":23,"key":"Orichalcum"},{"floor":25,"key":"Snake Skull"},{"floor":26,"key":"Sundial"},{"floor":27,"key":"Tiny Chest"}],"event_choices":[{"damage_healed":0,"gold_gain":0,"player_choice":"Forge","damage_taken":0,"max_hp_gain":0,"max_hp_loss":0,"event_name":"Accursed Blacksmith","floor":4,"gold_loss":0,"cards_upgraded":["Deadly Poison"]},{"damage_healed":0,"gold_gain":0,"player_choice":"Take Damage","damage_taken":17,"relics_obtained":["Golden Idol"],"max_hp_gain":0,"max_hp_loss":0,"event_name":"Golden Idol","floor":10,"gold_loss":0},{"damage_healed":0,"gold_gain":0,"player_choice":"Fought Mushrooms","damage_taken":0,"max_hp_gain":0,"max_hp_loss":0,"event_name":"Mushrooms","floor":12,"gold_loss":0},{"damage_healed":17,"gold_gain":0,"player_choice":"Healed","damage_taken":0,"max_hp_gain":0,"max_hp_loss":0,"event_name":"The Cleric","floor":14,"gold_loss":35},{"damage_healed":0,"gold_gain":0,"player_choice":"Simplicity","damage_taken":0,"max_hp_gain":0,"max_hp_loss":0,"event_name":"Back to Basics","floor":21,"gold_loss":0,"cards_upgraded":["Strike_G","Strike_G","Strike_G","Strike_G","Strike_G","Defend_G","Defend_G","Defend_G","Defend_G"]},{"damage_healed":0,"gold_gain":0,"player_choice":"Copied","damage_taken":0,"max_hp_gain":0,"max_hp_loss":0,"event_name":"Duplicator","floor":22,"gold_loss":0,"cards_obtained":["Noxious Fumes"]},{"cards_removed":["Blade Dance"],"damage_healed":5,"gold_gain":0,"player_choice":"Offered Common","damage_taken":0,"max_hp_gain":0,"max_hp_loss":0,"event_name":"Bonfire Elementals","floor":38,"gold_loss":0},{"cards_removed":["Blade Dance"],"damage_healed":5,"gold_gain":0,"player_choice":"Offered Special","damage_taken":0,"max_hp_gain":0,"max_hp_loss":0,"event_name":"Bonfire Elementals","floor":38,"gold_loss":0}],"is_beta":false,"boss_relics":[{"not_picked":["Pandora\u0027s Box","Fusion Hammer"],"picked":"Tiny House"},{"not_picked":["HoveringKite","Philosopher\u0027s Stone"],"picked":"Ring of the Serpent"}],"items_purged_floors":[],"is_endless":false,"potions_floor_spawned":[8,12,13,23,24,31,33],"killed_by":"Maw","ascension_level":2}}