{"host":"pg2biz4zy3df4ctj","time":1608857330,"event":{"mods":["BaseMod","Minty Spire (QoL Compilation)","Quick Restart","Random Character Button"],"gold_per_floor":[15,35,53,71,71,71,101,101,101,131,131,159,172,44,44,140,140,153,28,23,36,49,49,49],"floor_reached":23,"playtime":1375,"items_purged":["Strike_R","Strike_R"],"score":355,"play_id":"a75e0bdb-d325-4d67-b883-a68cd7443684","local_time":"20201224164850","is_ascension_mode":true,"campfire_choices":[{"data":"Armaments","floor":6.0,"key":"SMITH"},{"floor":8.0,"key":"REST"},{"data":"Uppercut","floor":11.0,"key":"SMITH"},{"data":"True Grit","floor":15.0,"key":"SMITH"}],"circlet_count":0,"master_deck":["AscendersBane","Strike_R","Strike_R","Strike_R","Defend_R","Defend_R+1","Defend_R","Defend_R","Bash","Juggernaut","Ghostly Armor+1","Armaments+1","Searing Blow","Uppercut+1","Seeing Red","Flex","True Grit","True Grit+1","Offering","True Grit+1","Shrug It Off","True Grit+1","Pommel Strike+1"],"relics":["Black Blood","HornCleat","Pantograph","Frozen Egg 2","War Paint","Lizard Tail"],"acts_visited":["Exordium","TheCity"],"potions_floor_usage":[20,23],"damage_taken":[{"damage":15.0,"enemies":"2 Louse","floor":1.0,"turns":4.0},{"damage":0.0,"enemies":"Cultist","floor":2.0,"turns":5.0},{"damage":5.0,"enemies":"Small Slimes","floor":3.0,"turns":4.0},{"damage":20.0,"enemies":"3 Louse","floor":4.0,"turns":6.0},{"damage":42.0,"enemies":"Gremlin Nob","floor":7.0,"turns":6.0},{"damage":21.0,"enemies":"3 Sentries","floor":10.0,"turns":9.0},{"damage":20.0,"enemies":"Gremlin Nob","floor":12.0,"turns":5.0},{"damage":6.0,"enemies":"Looter","floor":13.0,"turns":4.0},{"damage":76.0,"enemies":"Hexaghost","floor":16.0,"turns":20.0},{"damage":25.0,"enemies":"Spheric Guardian","floor":18.0,"turns":4.0},{"damage":13,"enemies":"2 Thieves","floor":20,"turns":5},{"damage":30,"enemies":"Snecko","floor":21,"turns":7},{"damage":26,"enemies":"Shelled Parasite and Fungi","floor":22,"turns":15},{"damage":59,"enemies":"Slavers","floor":23,"turns":6}],"seed_played":"3818846113463887058","potions_obtained":[{"floor":1.0,"key":"FairyPotion"},{"floor":7.0,"key":"Fruit Juice"},{"floor":10.0,"key":"ColorlessPotion"},{"floor":16.0,"key":"Energy Potion"},{"floor":18.0,"key":"Regen Potion"},{"floor":21,"key":"PowerPotion"}],"is_trial":false,"path_per_floor":["M","M","M","M","?","R","E","R","T","E","R","E","M","$","R","B",null,"M","$","M","M","M","E"],"character_chosen":"IRONCLAD","items_purchased":["True Grit","Shrug It Off"],"campfire_rested":1,"item_purchase_floors":[14,19],"current_hp_per_floor":[63,69,70,56,56,56,25,50,50,35,35,21,21,21,21,46,75,62,62,75,57,43,0,0],"gold":49,"neow_bonus":"THREE_RARE_CARDS","is_daily":false,"chose_seed":false,"campfire_upgraded":3,"win_rate":0.0,"timestamp":1608857330,"path_taken":["M","M","M","M","?","R","E","R","T","E","R","E","M","?","R","BOSS","M","$","M","M","M","E"],"items_purchased_type":["Card","Card"],"build_version":"2020-12-22","purchased_purges":2,"victory":false,"max_hp_per_floor":[80,80,80,80,80,80,85,85,85,85,85,85,85,85,85,85,85,85,85,85,85,85,85,85],"card_choices":[{"not_picked":["Fiend Fire","Impervious"],"picked":"Juggernaut","floor":0.0},{"not_picked":["Sword Boomerang","True Grit"],"picked":"Ghostly Armor","floor":1.0},{"not_picked":["Feel No Pain","Clash"],"picked":"Armaments","floor":2.0},{"not_picked":["Anger","Twin Strike"],"picked":"Searing Blow","floor":3.0},{"not_picked":["Armaments","Dark Embrace"],"picked":"Uppercut","floor":4.0},{"not_picked":["Anger","Fire Breathing"],"picked":"Seeing Red","floor":7.0},{"not_picked":["Pommel Strike","Uppercut","Corruption+1"],"picked":"SKIP","floor":10.0},{"not_picked":["Warcry","Searing Blow"],"picked":"Flex","floor":12.0},{"not_picked":["Rampage","Rage"],"picked":"True Grit","floor":13.0},{"not_picked":["Exhume","Bludgeon"],"picked":"Offering","floor":16.0},{"not_picked":["Seeing Red","Uppercut"],"picked":"True Grit+1","floor":18.0},{"not_picked":["Headbutt","Heavy Blade"],"picked":"True Grit+1","floor":20},{"not_picked":["Rage","Wild Strike","Sword Boomerang"],"picked":"SKIP","floor":21},{"not_picked":["Evolve+1","Sword Boomerang"],"picked":"Pommel Strike+1","floor":22}],"player_experience":565899,"relics_obtained":[{"floor":5.0,"key":"HornCleat"},{"floor":7.0,"key":"Pantograph"},{"floor":9.0,"key":"Frozen Egg 2"},{"floor":10.0,"key":"War Paint"},{"floor":12.0,"key":"Lizard Tail"}],"event_choices":[{"damage_healed":0.0,"max_hp_gain":0.0,"max_hp_loss":0.0,"gold_gain":0.0,"event_name":"Wheel of Change","player_choice":"Relic","floor":5.0,"gold_loss":0.0,"damage_taken":0.0}],"is_beta":false,"boss_relics":[{"not_picked":["Velvet Choker","Calling Bell"],"picked":"Black Blood"}],"items_purged_floors":[14,19],"is_endless":false,"potions_floor_spawned":[1,7,10,16,18,21],"killed_by":"Slavers","ascension_level":11}}