{"host":"z34yzn8hj4ic20ef","time":1608914237,"event":{"mods":["AchievementEnabler","BaseMod","Minty Spire (QoL Compilation)","StSLib","SuperFastMode"],"gold_per_floor":[111,121,140,150,169,169,203,203,203,218,132,163,163,182,182,182,182],"floor_reached":16,"playtime":539,"items_purged":[],"score":228,"play_id":"b92dd879-bda3-4205-bc5f-73deb00ea978","local_time":"20201226013717","is_ascension_mode":true,"campfire_choices":[{"data":"Crippling Poison","floor":6,"key":"SMITH"},{"data":"Noxious Fumes","floor":8,"key":"SMITH"},{"data":"Dagger Spray","floor":15,"key":"SMITH"}],"circlet_count":0,"master_deck":["AscendersBane","Strike_G","Strike_G","Strike_G","Strike_G","Strike_G","Defend_G","Defend_G","Defend_G","Defend_G","Defend_G","Survivor","Neutralize","Crippling Poison+1","Flying Knee","Acrobatics","Expertise","Dagger Spray+1","Noxious Fumes+1","Leg Sweep","Reflex","Reflex","Regret","Deadly Poison"],"relics":["Coffee Dripper","Mango","Ninja Scroll","Smiling Mask","Ginger"],"acts_visited":["Exordium"],"potions_floor_usage":[7,12,16],"damage_taken":[{"damage":1,"enemies":"Cultist","floor":1,"turns":4},{"damage":0,"enemies":"Small Slimes","floor":2,"turns":4},{"damage":0,"enemies":"Jaw Worm","floor":3,"turns":4},{"damage":10,"enemies":"Large Slime","floor":4,"turns":7},{"damage":1,"enemies":"Looter","floor":5,"turns":4},{"damage":5,"enemies":"Lagavulin","floor":7,"turns":7},{"damage":11,"enemies":"Exordium Wildlife","floor":10,"turns":3},{"damage":21,"enemies":"Gremlin Nob","floor":12,"turns":4},{"damage":0,"enemies":"Large Slime","floor":14,"turns":5},{"damage":24,"enemies":"Slime Boss","floor":16,"turns":4}],"seed_played":"-280641827315254412","potions_obtained":[{"floor":2,"key":"Poison Potion"},{"floor":3,"key":"CultistPotion"},{"floor":14,"key":"BlessingOfTheForge"}],"is_trial":false,"path_per_floor":["M","M","M","M","M","R","E","R","T","M","$","E","?","M","R","B"],"character_chosen":"THE_SILENT","items_purchased":["Reflex"],"campfire_rested":0,"item_purchase_floors":[11],"current_hp_per_floor":[58,58,58,48,47,47,56,56,56,45,45,24,24,24,24,0,0],"gold":182,"neow_bonus":"BOSS_RELIC","is_daily":false,"chose_seed":false,"campfire_upgraded":3,"win_rate":0.0,"timestamp":1608914237,"path_taken":["M","M","M","?","M","R","E","R","T","M","$","E","?","M","R","BOSS"],"items_purchased_type":["Card"],"build_version":"2020-12-22","purchased_purges":0,"victory":false,"max_hp_per_floor":[66,66,66,66,66,66,80,80,80,80,80,80,80,80,80,80,80],"card_choices":[{"not_picked":["Quick Slash","All Out Attack"],"picked":"Crippling Poison","floor":1},{"not_picked":["Cloak And Dagger","Prepared"],"picked":"Flying Knee","floor":2},{"not_picked":["Deflect","Quick Slash"],"picked":"Acrobatics","floor":3},{"not_picked":["Quick Slash","Choke"],"picked":"Expertise","floor":4},{"not_picked":["Escape Plan","Dodge and Roll"],"picked":"Dagger Spray","floor":5},{"not_picked":["Slice","Bullet Time"],"picked":"Noxious Fumes","floor":7},{"not_picked":["Dagger Throw","Bane"],"picked":"Leg Sweep","floor":10},{"not_picked":["Blur","Infinite Blades"],"picked":"Reflex","floor":12},{"not_picked":["PiercingWail","Escape Plan"],"picked":"Deadly Poison","floor":14}],"player_experience":675419,"relics_obtained":[{"floor":7,"key":"Mango"},{"floor":9,"key":"Ninja Scroll"},{"floor":12,"key":"Smiling Mask"}],"event_choices":[{"damage_healed":0,"gold_gain":0,"player_choice":"Box","damage_taken":0,"relics_obtained":["Ginger"],"max_hp_gain":0,"max_hp_loss":0,"event_name":"Big Fish","floor":13,"gold_loss":0,"cards_obtained":["Regret"]}],"is_beta":false,"boss_relics":[],"items_purged_floors":[],"is_endless":false,"potions_floor_spawned":[2,3,5,14],"killed_by":"Slime Boss","ascension_level":20}}