{"host":"0oumjlzv5vsa909w","time":1608871140,"event":{"mods":["AchievementEnabler","BaseMod","Colored Map","Colored Powertips","DeckTracker","Minty Spire (QoL Compilation)","Quick Restart","StSLib","SuperFastMode"],"gold_per_floor":[114,289,303,59,76,109,109,9,32,32,45,70,84,117,117,247,247,268,268,268,282,106,106,106,106,129,164,164,204,204,219,219,219,219],"floor_reached":33,"playtime":1271,"items_purged":["Doubt","Injury","Decay"],"score":425,"play_id":"db7743ec-bfbc-4269-8e35-2a8f2237b87b","local_time":"20201225133900","is_ascension_mode":true,"campfire_choices":[{"data":"Rampage","floor":10.0,"key":"SMITH"},{"floor":15.0,"key":"REST"},{"data":"Barricade","floor":23,"key":"SMITH"},{"data":"Entrench","floor":25,"key":"SMITH"},{"floor":28,"key":"REST"},{"floor":32,"key":"REST"}],"circlet_count":0,"master_deck":["Strike_R+1","Strike_R+1","Strike_R+1","Strike_R+1","Strike_R+1","Defend_R+1","Defend_R+1","Defend_R+1","Defend_R+1","Bash","Flash of Steel","Inflame","Evolve","Flex","Entrench+1","Rampage+1","Shrug It Off","Wild Strike","Wild Strike","Barricade+1","Heavy Blade","Ghostly Armor+1","Shockwave+1","Exhume"],"relics":["Burning Blood","TheAbacus","Nunchaku","Golden Idol","Happy Flower","Bottled Lightning","Mark of Pain","Omamori","Calipers","Tiny Chest"],"acts_visited":["Exordium","TheCity"],"potions_floor_usage":[21,21,27,30],"damage_taken":[{"damage":0.0,"enemies":"Small Slimes","floor":1.0,"turns":3.0},{"damage":7.0,"enemies":"Jaw Worm","floor":3.0,"turns":3.0},{"damage":6.0,"enemies":"2 Louse","floor":5.0,"turns":2.0},{"damage":30.0,"enemies":"3 Sentries","floor":6.0,"turns":9.0},{"damage":18.0,"enemies":"Red Slaver","floor":11.0,"turns":5.0},{"damage":1.0,"enemies":"2 Fungi Beasts","floor":12.0,"turns":3.0},{"damage":14.0,"enemies":"3 Louse","floor":13.0,"turns":4.0},{"damage":7.0,"enemies":"Lagavulin","floor":14.0,"turns":4.0},{"damage":54.0,"enemies":"Hexaghost","floor":16.0,"turns":11.0},{"damage":19.0,"enemies":"Spheric Guardian","floor":18.0,"turns":4.0},{"damage":15,"enemies":"2 Thieves","floor":21,"turns":4},{"damage":36,"enemies":"Slavers","floor":27,"turns":9},{"damage":15,"enemies":"Gremlin Leader","floor":29,"turns":13},{"damage":27,"enemies":"Colosseum Slavers","floor":30,"turns":4},{"damage":11,"enemies":"Centurion and Healer","floor":31,"turns":6},{"damage":52,"enemies":"Collector","floor":33,"turns":5}],"seed_played":"1749155383294484215","potions_obtained":[{"floor":3.0,"key":"Weak Potion"},{"floor":5.0,"key":"Swift Potion"},{"floor":6.0,"key":"EntropicBrew"},{"floor":16.0,"key":"FearPotion"},{"floor":18.0,"key":"AttackPotion"},{"floor":27,"key":"LiquidBronze"},{"floor":31,"key":"Weak Potion"}],"is_trial":false,"path_per_floor":["M","?","M","$","M","E","?","$","T","R","M","M","M","E","R","B",null,"M","?","?","M","$","R","$","R","T","E","R","E","?","M","R","B"],"character_chosen":"IRONCLAD","items_purchased":["TheAbacus","Flex","BloodPotion"],"campfire_rested":3,"item_purchase_floors":[4,4,22],"current_hp_per_floor":[78,78,77,77,77,53,53,53,53,53,41,46,38,37,61,13,63,50,50,50,41,41,41,41,41,41,27,51,42,21,16,40,0,0],"gold":219,"neow_bonus":"RANDOM_COLORLESS","is_daily":false,"chose_seed":false,"campfire_upgraded":3,"win_rate":0.0,"timestamp":1608871140,"path_taken":["M","?","M","$","M","E","?","$","T","R","?","M","M","E","R","BOSS","M","?","?","?","?","R","$","R","T","E","R","E","?","M","R","BOSS"],"items_purchased_type":["Relic","Card","Potion"],"build_version":"2020-12-22","purchased_purges":3,"victory":false,"max_hp_per_floor":[80,80,80,80,80,80,80,80,80,80,80,80,80,80,80,80,80,80,80,80,80,80,80,80,80,80,80,80,80,80,80,80,80,80],"card_choices":[{"not_picked":["Blind","Dark Shackles"],"picked":"Flash of Steel","floor":0.0},{"not_picked":["Whirlwind","Body Slam"],"picked":"Inflame","floor":1.0},{"not_picked":["Bloodletting","Fire Breathing"],"picked":"Evolve","floor":3.0},{"not_picked":["Wild Strike","Searing Blow"],"picked":"Entrench","floor":5.0},{"not_picked":["True Grit","Pummel"],"picked":"Rampage","floor":6.0},{"not_picked":["Combust","Evolve","Bloodletting"],"picked":"SKIP","floor":11.0},{"not_picked":["Warcry","Feel No Pain"],"picked":"Shrug It Off","floor":12.0},{"not_picked":["True Grit","Iron Wave"],"picked":"Wild Strike","floor":13.0},{"not_picked":["Intimidate","Body Slam"],"picked":"Wild Strike","floor":14.0},{"not_picked":["Offering","Brutality"],"picked":"Barricade","floor":16.0},{"not_picked":["True Grit+1","Shockwave"],"picked":"Heavy Blade","floor":18.0},{"not_picked":["Cleave","Shockwave"],"picked":"Ghostly Armor+1","floor":21},{"not_picked":["Reckless Charge","True Grit"],"picked":"Shockwave+1","floor":27},{"not_picked":["Clothesline","Twin Strike+1"],"picked":"Exhume","floor":29},{"not_picked":["Sever Soul","Perfected Strike+1","Sentinel"],"picked":"SKIP","floor":31}],"player_experience":457876,"relics_obtained":[{"floor":6.0,"key":"Nunchaku"},{"floor":9.0,"key":"Happy Flower"},{"floor":14.0,"key":"Bottled Lightning"},{"floor":26,"key":"Omamori"},{"floor":27,"key":"Calipers"},{"floor":29,"key":"Tiny Chest"}],"event_choices":[{"damage_healed":0.0,"max_hp_gain":0.0,"max_hp_loss":0.0,"gold_gain":175.0,"event_name":"Liars Game","player_choice":"AGREE","floor":2.0,"gold_loss":0.0,"damage_taken":0.0,"cards_obtained":["Doubt"]},{"damage_healed":0.0,"max_hp_gain":0.0,"max_hp_loss":0.0,"gold_gain":0.0,"event_name":"Golden Idol","player_choice":"Take Wound","floor":7.0,"gold_loss":0.0,"damage_taken":0.0,"relics_obtained":["Golden Idol"],"cards_obtained":["Injury"]},{"damage_healed":0.0,"max_hp_gain":0.0,"max_hp_loss":0.0,"gold_gain":0.0,"event_name":"Back to Basics","player_choice":"Simplicity","floor":19.0,"gold_loss":0.0,"damage_taken":0.0,"cards_upgraded":["Strike_R","Strike_R","Strike_R","Strike_R","Strike_R","Defend_R","Defend_R","Defend_R","Defend_R"]},{"damage_healed":0,"gold_gain":0,"player_choice":"Cursed","damage_taken":0,"max_hp_gain":0,"max_hp_loss":0,"event_name":"Wheel of Change","floor":20,"gold_loss":0,"cards_obtained":["Decay"]},{"damage_healed":0,"gold_gain":0,"player_choice":"Fight","damage_taken":0,"max_hp_gain":0,"max_hp_loss":0,"event_name":"Colosseum","floor":30,"gold_loss":0},{"damage_healed":0,"gold_gain":0,"player_choice":"Fled From Nobs","damage_taken":0,"max_hp_gain":0,"max_hp_loss":0,"event_name":"Colosseum","floor":30,"gold_loss":0}],"is_beta":false,"boss_relics":[{"not_picked":["Empty Cage","Astrolabe"],"picked":"Mark of Pain"}],"items_purged_floors":[4,8,22],"is_endless":false,"potions_floor_spawned":[3,5,6,13,16,18,27,31],"killed_by":"Collector","ascension_level":9}}