{"host":"iak1zw6udsaqx1iy","time":1608890325,"event":{"mods":["BaseMod","Hermit","KinomotoSakuraMod(木之本樱)","Minty Spire (QoL Compilation)","Replay The Spire","StSLib","The Alterego","The Cursed","The Servant 0.9.4","WarShipGirlsR/战舰少女R mod"],"gold_per_floor":[119,119,136,151,151,151,166,166,212,232,252,295,315,329,329,460,460,474,474,474,497,521,521,545,545,569,594,594,617,61,74,74,204,304,322,336,359,117,136,136,150,150,150,150,335,366,381,305,305,305],"floor_reached":51,"playtime":5330,"items_purged":["Injury"],"score":912,"play_id":"2eed205c-322b-445e-8317-88ae3f1f6909","local_time":"20201225175845","is_ascension_mode":false,"campfire_choices":[{"data":"Exchange","floor":6.0,"key":"SMITH"},{"data":"Defy","floor":8.0,"key":"SMITH"},{"data":"BestPractice","floor":15.0,"key":"SMITH"},{"data":"Revamp","floor":23.0,"key":"SMITH"},{"data":"Defy","floor":25.0,"key":"SMITH"},{"floor":32.0,"key":"REST"},{"data":"Defy","floor":40.0,"key":"SMITH"},{"data":"Luminosity","floor":42.0,"key":"SMITH"},{"data":"PendulumOfEternity","floor":44.0,"key":"SMITH"},{"floor":49.0,"key":"REST"}],"circlet_count":0,"master_deck":["Defend_S","Defend_S","Defend_S","Defend_S","KidneyShot","Exchange+1","Potential","Defy+1","FastForward","Hightail","DoubleEdge","Spin","TimeWarp","BestPractice+1","Potential","PendulumOfEternity+1","Revamp+1","Bite","Bite","Bite","Bite","Bite","Defy+1","Unruled+1","Advance+1","SurpressingFire+1","ShiftingGears","ReturningBlade","Defy+1","TimeWarp","Initiator","Luminosity+1","BottledTime+1","Barrier+1","ShatteredReality+1","Luminosity+1","Rewind+1","MurderousAura","MurderousAura","Moonlight","FloweringNight"],"relics":["Uniform","Golden Idol","Pen Nib","Strawberry","alterego_mod:FleetingLove","ReplayTheSpireMod:Lightbulb","Nloth\u0027s Gift","ReplayTheSpireMod:TigerMarble","Matryoshka","Replay:Wanted Poster","Onion Ring","Oddly Smooth Stone","Meat on the Bone","Happy Flower","Art of War"],"acts_visited":["Exordium","TheCity","TheBeyond"],"potions_floor_usage":[50,50,50,50,50,50],"damage_taken":[{"damage":7.0,"enemies":"Small Slimes","floor":1.0,"turns":5.0},{"damage":0.0,"enemies":"Cultist","floor":3.0,"turns":4.0},{"damage":0.0,"enemies":"Jaw Worm","floor":4.0,"turns":4.0},{"damage":0.0,"enemies":"Large Slime","floor":7.0,"turns":6.0},{"damage":2.0,"enemies":"Blue Slaver","floor":10.0,"turns":4.0},{"damage":0.0,"enemies":"Lots of Slimes","floor":11.0,"turns":5.0},{"damage":2.0,"enemies":"Gremlin Nob","floor":12.0,"turns":5.0},{"damage":0.0,"enemies":"2 Fungi Beasts","floor":13.0,"turns":2.0},{"damage":3.0,"enemies":"Exordium Wildlife","floor":14.0,"turns":3.0},{"damage":15.0,"enemies":"Slime Boss","floor":16.0,"turns":7.0},{"damage":18.0,"enemies":"Shell Parasite","floor":18.0,"turns":3.0},{"damage":0.0,"enemies":"Spheric Guardian","floor":21.0,"turns":3.0},{"damage":16.0,"enemies":"Chosen and Byrds","floor":22.0,"turns":8.0},{"damage":30.0,"enemies":"Sentry and Sphere","floor":24.0,"turns":6.0},{"damage":10.0,"enemies":"Centurion and Healer","floor":27.0,"turns":6.0},{"damage":17.0,"enemies":"Cultist and Chosen","floor":29.0,"turns":7.0},{"damage":7.0,"enemies":"Snake Plant","floor":31.0,"turns":5.0},{"damage":32.0,"enemies":"Pondfish","floor":33.0,"turns":11.0},{"damage":5.0,"enemies":"3 Darklings","floor":35.0,"turns":4.0},{"damage":6.0,"enemies":"Orb Walker","floor":36.0,"turns":2.0},{"damage":15.0,"enemies":"Writhing Mass","floor":37.0,"turns":7.0},{"damage":14.0,"enemies":"Transient","floor":39.0,"turns":5.0},{"damage":3.0,"enemies":"Sphere and 2 Shapes","floor":41.0,"turns":6.0},{"damage":35.0,"enemies":"Reptomancer","floor":46.0,"turns":7.0},{"damage":0.0,"enemies":"Maw","floor":47.0,"turns":7.0},{"damage":32,"enemies":"Time Eater","floor":50,"turns":11}],"seed_played":"-1792333117507109178","potions_obtained":[{"floor":2.0,"key":"Death Potion"},{"floor":2.0,"key":"EssenceOfSteel"},{"floor":2.0,"key":"Death Potion"},{"floor":12.0,"key":"Doom Potion"},{"floor":16.0,"key":"Energy Potion"},{"floor":21.0,"key":"SpeedPotion"},{"floor":22.0,"key":"Ancient Potion"},{"floor":36.0,"key":"EntropicBrew"},{"floor":45.0,"key":"BlessingOfTheForge"},{"floor":45.0,"key":"Venom Potion"}],"is_trial":false,"path_per_floor":["M","?","M","M","?","R","M","R","T","M","M","E","M","M","R","B",null,"M","?","?","M","M","R","M","R","T","M","?","M","$","M","R","B",null,"M","M","M","$","M","R","M","R","T","R","?","E","M","?","R","B",null],"character_chosen":"THE_SERVANT","items_purchased":["ReplayTheSpireMod:TigerMarble","Matryoshka","ReturningBlade","Defy","Onion Ring"],"campfire_rested":2,"item_purchase_floors":[30,30,30,30,38],"current_hp_per_floor":[64,64,64,64,64,64,64,64,64,62,62,67,67,64,64,49,78,60,60,54,54,50,50,30,30,30,33,33,34,34,32,48,34,54,54,50,49,49,46,46,53,53,53,53,40,29,35,35,51,33],"gold":305,"neow_bonus":"TEN_PERCENT_HP_BONUS","is_daily":false,"chose_seed":false,"campfire_upgraded":8,"win_rate":0.0,"timestamp":1608890325,"path_taken":["M","?","M","?","?","R","M","R","T","M","M","E","M","M","R","BOSS","M","?","?","M","M","R","M","R","T","M","?","M","$","M","R","BOSS","M","M","M","?","M","R","M","R","T","R","?","E","M","?","R","BOSS"],"items_purchased_type":["Relic","Relic","Card","Card","Relic"],"build_version":"2020-12-22","purchased_purges":1,"victory":true,"max_hp_per_floor":[71,71,71,71,71,71,71,71,71,71,71,78,78,78,78,78,78,78,78,54,54,54,54,54,54,54,54,54,54,54,54,54,54,54,54,54,54,54,54,54,54,54,54,54,54,54,54,54,54,54],"card_choices":[{"not_picked":["TimeWarp","Rearm"],"picked":"Potential","floor":1.0},{"not_picked":["DualDimension","Starlight"],"picked":"Defy","floor":3.0},{"not_picked":["GearUp","BottledTime"],"picked":"FastForward","floor":4.0},{"not_picked":["Misdirection","GearUp"],"picked":"Hightail","floor":7.0},{"not_picked":["StarChef","Barrier"],"picked":"DoubleEdge","floor":10.0},{"not_picked":["Snipe","Potential"],"picked":"Spin","floor":11.0},{"not_picked":["ForgedInTime","WasteNot"],"picked":"TimeWarp","floor":12.0},{"not_picked":["Alleviate","Replace"],"picked":"BestPractice","floor":13.0},{"not_picked":["WasteNot","Revamp"],"picked":"Potential","floor":14.0},{"not_picked":["SoulSculpture","Initiator"],"picked":"PendulumOfEternity","floor":16.0},{"not_picked":["Potential","Misdirection"],"picked":"Revamp","floor":18.0},{"not_picked":["DoubleEdge","Shuttle"],"picked":"Defy","floor":21.0},{"not_picked":["TimeWarp+1","DualDimension"],"picked":"Unruled+1","floor":22.0},{"not_picked":["DoubleEdge","StarChef"],"picked":"Advance+1","floor":24.0},{"not_picked":["Starlight","Unruled"],"picked":"SurpressingFire+1","floor":27.0},{"not_picked":["Read","TimeWarp"],"picked":"ShiftingGears","floor":29.0},{"not_picked":["Rearm","Solidify"],"picked":"TimeWarp","floor":31.0},{"not_picked":["Deny","LightFlow"],"picked":"Initiator","floor":33.0},{"not_picked":["Ricochet","Moonlight+1"],"picked":"Luminosity","floor":35.0},{"not_picked":["FastForward","Revamp+1"],"picked":"BottledTime+1","floor":36.0},{"not_picked":["Shuttle+1","RealityMarble+1"],"picked":"Barrier+1","floor":37.0},{"not_picked":["Hightail","Duplication"],"picked":"ShatteredReality+1","floor":39.0},{"not_picked":["BottledTime+1","Advance"],"picked":"Luminosity+1","floor":41.0},{"not_picked":["ShatteredReality+1","Read"],"picked":"Rewind+1","floor":45.0},{"not_picked":["Rewind","ReturningBlade+1"],"picked":"MurderousAura","floor":45.0},{"not_picked":["ShatteredReality","Unruled"],"picked":"MurderousAura","floor":45.0},{"not_picked":["Solidify","GearUp"],"picked":"Moonlight","floor":46.0},{"not_picked":["Alleviate+1","Sabotage+1"],"picked":"FloweringNight","floor":47.0}],"player_experience":234594,"relics_obtained":[{"floor":9.0,"key":"Pen Nib"},{"floor":12.0,"key":"Strawberry"},{"floor":26.0,"key":"ReplayTheSpireMod:Lightbulb"},{"floor":43.0,"key":"Oddly Smooth Stone"},{"floor":43.0,"key":"Meat on the Bone"},{"floor":46.0,"key":"Happy Flower"}],"event_choices":[{"damage_healed":0.0,"max_hp_gain":0.0,"max_hp_loss":0.0,"gold_gain":0.0,"event_name":"Lab","player_choice":"Got Potions","floor":2.0,"gold_loss":0.0,"damage_taken":0.0},{"damage_healed":0.0,"max_hp_gain":0.0,"max_hp_loss":0.0,"gold_gain":0.0,"event_name":"Golden Idol","player_choice":"Take Wound","floor":5.0,"gold_loss":0.0,"damage_taken":0.0,"relics_obtained":["Golden Idol"],"cards_obtained":["Injury"]},{"damage_healed":0.0,"max_hp_gain":0.0,"max_hp_loss":0.0,"gold_gain":0.0,"event_name":"爱的神圣花园","player_choice":"Choice 1","floor":19.0,"gold_loss":0.0,"damage_taken":0.0,"relics_obtained":["alterego_mod:FleetingLove"]},{"damage_healed":0.0,"max_hp_gain":0.0,"max_hp_loss":24.0,"gold_gain":0.0,"event_name":"Vampires","player_choice":"Became a vampire","floor":20.0,"gold_loss":0.0,"damage_taken":0.0,"cards_obtained":["Bite","Bite","Bite","Bite","Bite"]},{"damage_healed":0.0,"max_hp_gain":0.0,"max_hp_loss":0.0,"gold_gain":0.0,"event_name":"N\u0027loth","player_choice":"Traded Relic","floor":28.0,"relics_lost":["MysterySword"],"gold_loss":0.0,"damage_taken":0.0,"relics_obtained":["Nloth\u0027s Gift"]},{"damage_healed":0.0,"max_hp_gain":0.0,"max_hp_loss":0.0,"gold_gain":0.0,"event_name":"WeMeetAgain","player_choice":"Paid Gold","floor":48.0,"gold_loss":76.0,"damage_taken":0.0,"relics_obtained":["Art of War"]}],"is_beta":false,"boss_relics":[{"not_picked":["Ring of Chaos","Runic Dome"],"picked":"MysterySword"},{"not_picked":["ChewingGum","Runic Pyramid"],"picked":"Replay:Wanted Poster"}],"items_purged_floors":[30],"is_endless":false,"potions_floor_spawned":[4,7,12,13,14,16,21,22,24,29,36,47],"ascension_level":0}}