{"host":"utqe55yv0jihe4d6","time":1608864827,"event":{"mods":["2.2 Compatiblity","AchievementEnabler","BaseMod","Block Reminder","Colored Map","Colored Powertips","Minty Spire (QoL Compilation)","Quick Restart","Rare Cards Sparkle","Relic Stats","SuperFastMode"],"gold_per_floor":[115,127,127,143,143,143,178,191,191,216,228,240,266,309,321,405,417,442,369,381,2,2,30,30,30,30,48,48,73,73,83,83,83,83],"floor_reached":33,"playtime":1132,"items_purged":["Pain"],"score":586,"play_id":"6ecaca94-f436-4e0f-8197-750c84f7d5f2","local_time":"20201224215347","is_ascension_mode":true,"campfire_choices":[{"data":"Neutralize","floor":6,"key":"SMITH"},{"floor":12,"key":"REST"},{"data":"Envenom","floor":15,"key":"SMITH"},{"data":"After Image","floor":24,"key":"SMITH"},{"data":"Acrobatics","floor":30,"key":"SMITH"},{"data":"Calculated Gamble","floor":32,"key":"SMITH"}],"circlet_count":0,"master_deck":["AscendersBane","Strike_G+1","Strike_G+1","Strike_G+1","Strike_G+1","Strike_G+1","Defend_G+1","Defend_G+1","Defend_G+1","Defend_G+1","Defend_G+1","Survivor","Neutralize+1","Predator+1","Dagger Spray+1","Poisoned Stab","Blade Dance","Deadly Poison","Envenom+1","Dash","Venomology","After Image+1","Calculated Gamble+1","Acrobatics+1","PiercingWail"],"relics":["Ring of the Snake","NeowsBlessing","WarpedTongs","Akabeko","StrikeDummy","MawBank","Lizard Tail","Cursed Key","Eternal Feather","Lantern","PreservedInsect","Whetstone"],"acts_visited":["Exordium","TheCity"],"potions_floor_usage":[7,10,14,18,23,23,27,29,33,33,33],"damage_taken":[{"damage":0,"enemies":"2 Louse","floor":1,"turns":1},{"damage":0,"enemies":"Cultist","floor":2,"turns":1},{"damage":1,"enemies":"Small Slimes","floor":4,"turns":1},{"damage":12,"enemies":"3 Sentries","floor":7,"turns":6},{"damage":7,"enemies":"Looter","floor":8,"turns":3},{"damage":5,"enemies":"Lots of Slimes","floor":10,"turns":4},{"damage":1,"enemies":"2 Fungi Beasts","floor":13,"turns":2},{"damage":13,"enemies":"Gremlin Nob","floor":14,"turns":3},{"damage":28,"enemies":"Hexaghost","floor":16,"turns":8},{"damage":3,"enemies":"3 Byrds","floor":18,"turns":3},{"damage":39,"enemies":"Gremlin Leader","floor":23,"turns":7},{"damage":12,"enemies":"Chosen","floor":27,"turns":4},{"damage":6,"enemies":"Slavers","floor":29,"turns":5},{"damage":0,"enemies":"Centurion and Healer","floor":31,"turns":5},{"damage":89,"enemies":"Collector","floor":33,"turns":12}],"seed_played":"6039335678183024930","potions_obtained":[{"floor":4,"key":"Fruit Juice"},{"floor":7,"key":"Strength Potion"},{"floor":8,"key":"ColorlessPotion"},{"floor":11,"key":"Poison Potion"},{"floor":14,"key":"SmokeBomb"},{"floor":23,"key":"Poison Potion"},{"floor":27,"key":"Weak Potion"}],"is_trial":false,"path_per_floor":["M","M","?","M","?","R","E","M","T","M","?","R","M","E","R","B",null,"M","?","?","$","?","E","R","?","T","M","T","E","R","M","R","B"],"character_chosen":"THE_SILENT","items_purchased":["Lantern","After Image"],"campfire_rested":1,"item_purchase_floors":[21,21],"current_hp_per_floor":[59,59,59,58,40,40,33,26,26,21,21,42,41,28,28,35,62,59,59,39,39,39,34,46,46,46,34,34,28,43,43,58,0,0],"gold":83,"neow_bonus":"THREE_ENEMY_KILL","is_daily":false,"chose_seed":false,"campfire_upgraded":5,"win_rate":0.0,"timestamp":1608864827,"path_taken":["M","M","?","?","?","R","E","M","T","M","?","R","?","E","R","BOSS","M","?","?","$","?","E","R","?","T","M","?","E","R","M","R","BOSS"],"items_purchased_type":["Relic","Card"],"build_version":"2020-12-22","purchased_purges":1,"victory":false,"max_hp_per_floor":[66,66,66,66,66,66,71,71,71,71,71,71,71,71,71,71,71,71,71,76,76,76,76,76,76,76,76,76,76,76,76,76,76,76],"relic_stats":{"Lizard Tail":35,"counters":[15,65],"Eternal Feather":42,"PreservedInsect":42,"Whetstone":["Dagger Spray","Predator"],"MawBank":144,"Cursed Key":0,"obtain_stats":[{"Lizard Tail":14,"Lantern":21,"NeowsBlessing":0,"Eternal Feather":19,"PreservedInsect":23,"Whetstone":29,"StrikeDummy":7,"MawBank":9,"Cursed Key":17,"Akabeko":5,"Ring of the Snake":0,"WarpedTongs":3},{"Lizard Tail":8,"Lantern":10,"NeowsBlessing":0,"Eternal Feather":10,"PreservedInsect":11,"Whetstone":13,"StrikeDummy":4,"MawBank":5,"Cursed Key":9,"Akabeko":3,"Ring of the Snake":0,"WarpedTongs":2},{"Lizard Tail":21,"Lantern":32,"NeowsBlessing":0,"Eternal Feather":32,"PreservedInsect":39,"Whetstone":48,"StrikeDummy":9,"MawBank":12,"Cursed Key":29,"Akabeko":3,"Ring of the Snake":0,"WarpedTongs":2}],"Ring of the Snake":[30],"WarpedTongs":[56]},"card_choices":[{"not_picked":["Outmaneuver","Endless Agony"],"picked":"Predator","floor":1},{"not_picked":["Backflip","Predator"],"picked":"Dagger Spray","floor":2},{"not_picked":["Prepared","Deflect"],"picked":"Poisoned Stab","floor":4},{"not_picked":["Prepared","Flying Knee"],"picked":"Blade Dance","floor":7},{"not_picked":["Dodge and Roll","Deflect"],"picked":"Deadly Poison","floor":8},{"not_picked":["Well Laid Plans","Slice"],"picked":"Envenom","floor":10},{"not_picked":["Poisoned Stab","Cloak And Dagger","Sucker Punch"],"picked":"SKIP","floor":13},{"not_picked":["Unload","Heel Hook"],"picked":"Dash","floor":14},{"not_picked":["Grand Finale","Envenom"],"picked":"Venomology","floor":16},{"not_picked":["Sucker Punch","Deflect","Underhanded Strike"],"picked":"SKIP","floor":18},{"not_picked":["Escape Plan","Terror"],"picked":"Calculated Gamble","floor":23},{"not_picked":["Skewer","Prepared"],"picked":"Acrobatics","floor":27},{"not_picked":["Concentrate+1","Slice"],"picked":"PiercingWail","floor":29},{"not_picked":["Underhanded Strike","Quick Slash","Sucker Punch"],"picked":"SKIP","floor":31}],"player_experience":2851106,"relics_obtained":[{"floor":7,"key":"StrikeDummy"},{"floor":9,"key":"MawBank"},{"floor":14,"key":"Lizard Tail"},{"floor":23,"key":"PreservedInsect"},{"floor":29,"key":"Whetstone"}],"event_choices":[{"damage_healed":0,"gold_gain":0,"player_choice":"Rummage","damage_taken":0,"relics_obtained":["WarpedTongs"],"max_hp_gain":0,"max_hp_loss":0,"event_name":"Accursed Blacksmith","floor":3,"gold_loss":0,"cards_obtained":["Pain"]},{"damage_healed":0,"gold_gain":0,"player_choice":"Success","damage_taken":18,"relics_obtained":["Akabeko"],"max_hp_gain":0,"max_hp_loss":0,"event_name":"Scrap Ooze","floor":5,"gold_loss":0},{"damage_healed":0,"gold_gain":0,"player_choice":"Got Potions","damage_taken":0,"max_hp_gain":0,"max_hp_loss":0,"event_name":"Lab","floor":11,"gold_loss":0},{"damage_healed":0,"gold_gain":0,"player_choice":"Obtained Relic","damage_taken":0,"relics_obtained":["Eternal Feather"],"max_hp_gain":0,"max_hp_loss":0,"event_name":"Addict","floor":19,"gold_loss":85},{"damage_healed":0,"gold_gain":0,"player_choice":"Shed Blood","damage_taken":25,"max_hp_gain":5,"max_hp_loss":0,"event_name":"Forgotten Altar","floor":20,"gold_loss":0},{"damage_healed":0,"gold_gain":0,"player_choice":"Ignored","damage_taken":0,"max_hp_gain":0,"max_hp_loss":0,"event_name":"The Mausoleum","floor":22,"gold_loss":0},{"damage_healed":0,"gold_gain":0,"player_choice":"Simplicity","damage_taken":0,"max_hp_gain":0,"max_hp_loss":0,"event_name":"Back to Basics","floor":25,"gold_loss":0,"cards_upgraded":["Strike_G","Strike_G","Strike_G","Strike_G","Strike_G","Defend_G","Defend_G","Defend_G","Defend_G","Defend_G"]}],"is_beta":false,"boss_relics":[{"not_picked":["Velvet Choker","SacredBark"],"picked":"Cursed Key"}],"items_purged_floors":[21],"is_endless":false,"potions_floor_spawned":[4,7,8,14,23,27,29],"killed_by":"Collector","ascension_level":20}}