{"host":"wfy07lporsqrbz3r","time":1608892446,"event":{"mods":["BaseMod","Minty Spire (QoL Compilation)","Replay The Spire","StSLib"],"gold_per_floor":[113,113,38,38,38,70,70,220,220,145,145,172,188,202,202,202,202],"floor_reached":16,"playtime":354,"items_purged":["Doubt"],"score":304,"play_id":"fd23a0fb-cf72-404f-a3c5-dafe162eed04","local_time":"20201225183406","is_ascension_mode":true,"campfire_choices":[{"data":"Neutralize","floor":11,"key":"SMITH"},{"data":"Strike_G","floor":15,"key":"PURGE"}],"circlet_count":0,"master_deck":["AscendersBane","Strike_G","Strike_G","Strike_G","Defend_G","Defend_G","Defend_G+1","Survivor+1","Neutralize+1","Dagger Throw","Dagger Spray","Acrobatics","Underhanded Strike","Deflect"],"relics":["Ring of the Snake","NeowsBlessing","InkBottle","War Paint","Gremlin Horn"],"acts_visited":["Exordium"],"potions_floor_usage":[16],"damage_taken":[{"damage":0.0,"enemies":"2 Louse","floor":1.0,"turns":1.0},{"damage":0.0,"enemies":"Gremlin Nob","floor":6.0,"turns":1.0},{"damage":0,"enemies":"Lagavulin","floor":12,"turns":1},{"damage":1,"enemies":"Jaw Worm","floor":13,"turns":3},{"damage":0,"enemies":"Small Slimes","floor":14,"turns":2},{"damage":46,"enemies":"Hexaghost","floor":16,"turns":14}],"seed_played":"9015901128309390257","potions_obtained":[{"floor":6.0,"key":"Poison Potion"}],"is_trial":false,"path_per_floor":["M","?","?","$","?","E","?","?","T","$","R","E","M","M","R","B"],"character_chosen":"THE_SILENT","items_purchased":[],"campfire_rested":0,"item_purchase_floors":[],"current_hp_per_floor":[59,59,59,59,52,52,52,52,52,52,52,52,51,51,51,5,5],"gold":202,"neow_bonus":"THREE_ENEMY_KILL","is_daily":false,"chose_seed":false,"campfire_upgraded":1,"win_rate":0.0,"timestamp":1608892446,"path_taken":["M","?","?","$","?","E","?","?","T","$","R","E","M","?","R","BOSS"],"items_purchased_type":[],"build_version":"2020-12-22","purchased_purges":1,"victory":false,"max_hp_per_floor":[66,66,66,66,66,66,66,66,66,66,66,66,66,66,66,66,66],"card_choices":[{"not_picked":["Outmaneuver","Cloak And Dagger"],"picked":"Dagger Throw","floor":1.0},{"not_picked":["Deflect","Expertise"],"picked":"Dagger Spray","floor":6.0},{"not_picked":["Poisoned Stab","Riddle With Holes"],"picked":"Acrobatics","floor":12},{"not_picked":["Bouncing Flask","Sucker Punch"],"picked":"Underhanded Strike","floor":13},{"not_picked":["Flying Knee","Outmaneuver"],"picked":"Deflect","floor":14}],"player_experience":709324,"relics_obtained":[{"floor":6.0,"key":"InkBottle"},{"floor":9,"key":"War Paint"},{"floor":12,"key":"Gremlin Horn"}],"event_choices":[{"cards_removed":["Strike_G"],"damage_healed":0.0,"max_hp_gain":0.0,"max_hp_loss":0.0,"gold_gain":0.0,"event_name":"The Cleric","player_choice":"Card Removal","floor":3.0,"gold_loss":75.0,"damage_taken":0.0},{"cards_removed":["Defend_G"],"damage_healed":0.0,"max_hp_gain":0.0,"max_hp_loss":0.0,"gold_gain":0.0,"event_name":"Golden Wing","player_choice":"Card Removal","floor":5.0,"gold_loss":0.0,"damage_taken":7.0},{"damage_healed":0,"gold_gain":150,"player_choice":"AGREE","damage_taken":0,"max_hp_gain":0,"max_hp_loss":0,"event_name":"Liars Game","floor":8,"gold_loss":0,"cards_obtained":["Doubt"]}],"is_beta":false,"boss_relics":[],"items_purged_floors":[10],"is_endless":false,"potions_floor_spawned":[6],"killed_by":"Hexaghost","ascension_level":19}}