{"host":"mi0eibewekhugwl1","time":1608887956,"event":{"mods":["AchievementEnabler","BaseMod","Colored Map","Colored Powertips","DeckTracker","Keyboard Shortcuts","Minty Spire (QoL Compilation)","Quick Restart","Rare Cards Sparkle","Relic Stats","StSLib","SuperFastMode","everything is the same but u backflip on backflip"],"gold_per_floor":[219,235,62,73,83,83,8,8,77,96,112,112,127,138,138,215,215,233,233,245,245,258,258,273,273,352,352,352],"floor_reached":27,"playtime":1178,"items_purged":[],"score":418,"play_id":"0c51b410-0533-4ef0-a58d-e03c057372ac","local_time":"20201225181916","is_ascension_mode":true,"campfire_choices":[{"data":"Whirlwind","floor":6,"key":"SMITH"},{"data":"Bash","floor":8,"key":"SMITH"},{"data":"Evolve","floor":12,"key":"SMITH"},{"data":"Fire Breathing","floor":15,"key":"SMITH"},{"floor":23,"key":"REST"}],"circlet_count":0,"master_deck":["AscendersBane","Strike_R+1","Strike_R+1","Strike_R+1","Defend_R+1","Defend_R+1","Defend_R+1","Bash+1","Pommel Strike","Evolve+1","Whirlwind+1","Fire Breathing+1","Inflame","Second Wind","Ghostly Armor","Evolve","Wild Strike","Pommel Strike+1"],"relics":["Burning Blood","Bag of Marbles","Sozu","Bottled Tornado"],"acts_visited":["Exordium","TheCity"],"potions_floor_usage":[14,16],"damage_taken":[{"damage":14,"enemies":"Jaw Worm","floor":1,"turns":4},{"damage":3,"enemies":"Small Slimes","floor":2,"turns":3},{"damage":3,"enemies":"2 Louse","floor":4,"turns":4},{"damage":27,"enemies":"Large Slime","floor":5,"turns":6},{"damage":0,"enemies":"3 Louse","floor":10,"turns":1},{"damage":0,"enemies":"Lots of Slimes","floor":11,"turns":1},{"damage":0,"enemies":"Gremlin Gang","floor":13,"turns":1},{"damage":19,"enemies":"Large Slime","floor":14,"turns":4},{"damage":85,"enemies":"Hexaghost","floor":16,"turns":11},{"damage":33,"enemies":"2 Thieves","floor":18,"turns":3},{"damage":0,"enemies":"Chosen","floor":20,"turns":3},{"damage":30,"enemies":"Shelled Parasite and Fungi","floor":22,"turns":6},{"damage":10,"enemies":"Cultist and Chosen","floor":24,"turns":4},{"damage":46,"enemies":"Snecko","floor":27,"turns":4}],"seed_played":"8211931392490859716","potions_obtained":[{"floor":1,"key":"ElixirPotion"},{"floor":10,"key":"BloodPotion"},{"floor":14,"key":"FairyPotion"}],"is_trial":false,"path_per_floor":["M","M","$","M","M","R","?","R","T","M","M","R","M","M","R","B",null,"M","?","M","?","M","R","M","?","T","M"],"character_chosen":"IRONCLAD","items_purchased":["Bag of Marbles"],"campfire_rested":1,"item_purchase_floors":[3],"current_hp_per_floor":[60,63,63,66,45,45,45,45,45,51,57,57,63,65,65,12,59,32,32,38,38,14,36,32,32,32,0,0],"gold":352,"neow_bonus":"HUNDRED_GOLD","is_daily":false,"chose_seed":false,"campfire_upgraded":4,"win_rate":0.0,"timestamp":1608887956,"path_taken":["M","M","$","M","M","R","?","R","T","M","M","R","M","M","R","BOSS","M","?","M","?","M","R","M","?","T","M"],"items_purchased_type":["Relic"],"build_version":"2020-12-22","purchased_purges":0,"victory":false,"max_hp_per_floor":[75,75,75,75,75,75,75,75,75,75,75,75,75,75,75,75,75,75,75,75,75,75,75,75,75,75,75,75],"relic_stats":{"Sozu":2,"counters":[14,55],"obtain_stats":[{"Sozu":17,"Bag of Marbles":3,"Bottled Tornado":26,"Burning Blood":0},{"Sozu":9,"Bag of Marbles":2,"Bottled Tornado":13,"Burning Blood":0},{"Sozu":35,"Bag of Marbles":7,"Bottled Tornado":51,"Burning Blood":0}],"Burning Blood":78},"card_choices":[{"not_picked":["Blood for Blood","Body Slam","Clash"],"picked":"SKIP","floor":1},{"not_picked":["Shrug It Off","Heavy Blade"],"picked":"Pommel Strike","floor":2},{"not_picked":["Seeing Red","True Grit"],"picked":"Evolve","floor":4},{"not_picked":["Headbutt","Ghostly Armor"],"picked":"Whirlwind","floor":5},{"not_picked":["Uppercut","Heavy Blade"],"picked":"Fire Breathing","floor":10},{"not_picked":["True Grit","Perfected Strike"],"picked":"Inflame","floor":11},{"not_picked":["Cleave","Combust","Heavy Blade"],"picked":"SKIP","floor":13},{"not_picked":["Juggernaut","Havoc"],"picked":"Second Wind","floor":14},{"not_picked":["Searing Blow","Headbutt","Warcry"],"picked":"SKIP","floor":18},{"not_picked":["Body Slam+1","Second Wind","Dropkick"],"picked":"SKIP","floor":20},{"not_picked":["Flex","Headbutt"],"picked":"Wild Strike","floor":22},{"not_picked":["Disarm","Body Slam"],"picked":"Pommel Strike+1","floor":24}],"player_experience":1702832,"relics_obtained":[{"floor":26,"key":"Bottled Tornado"}],"event_choices":[{"cards_removed":["Strike_R"],"damage_healed":0,"gold_gain":0,"player_choice":"Card Removal","damage_taken":0,"max_hp_gain":0,"max_hp_loss":0,"event_name":"The Cleric","floor":7,"gold_loss":75},{"damage_healed":0,"gold_gain":0,"player_choice":"Simplicity","damage_taken":0,"max_hp_gain":0,"max_hp_loss":0,"event_name":"Back to Basics","floor":19,"gold_loss":0,"cards_upgraded":["Strike_R","Strike_R","Strike_R","Strike_R","Defend_R","Defend_R","Defend_R","Defend_R"]},{"damage_healed":0,"gold_gain":0,"cards_transformed":["Strike_R","Defend_R"],"player_choice":"Became Test Subject","damage_taken":0,"max_hp_gain":0,"max_hp_loss":0,"event_name":"Drug Dealer","floor":21,"gold_loss":0,"cards_obtained":["Ghostly Armor","Evolve"]},{"damage_healed":0,"gold_gain":0,"player_choice":"Ignored","damage_taken":0,"max_hp_gain":0,"max_hp_loss":0,"event_name":"The Mausoleum","floor":25,"gold_loss":0}],"is_beta":false,"boss_relics":[{"not_picked":["Empty Cage","Tiny House"],"picked":"Sozu"}],"items_purged_floors":[],"is_endless":false,"potions_floor_spawned":[1,10,14,20,24],"killed_by":"Snecko","ascension_level":20}}