{"host":"a61r67bv2jut9r88","time":1608868933,"event":{"mods":["AchievementEnabler","BaseMod","Marisa£®ÏF”Í°°ƒß¿Ì…≥£©","Minty Spire (QoL Compilation)","Replay The Spire","Shop Mod","StSLib","SuperFastMode","The Bug Knight","The Cursed","The Servant 0.9.4"],"gold_per_floor":[128,128,163,10,43,102,133,179,203,48,93,168,372,381,381,496,505,521,284,284,316,595,595,623,667,716,716,408,451,460,388,388,508,508,519,51,63,63,112,112,198,69,69,0,85,116,209,209,289,410,410,410],"floor_reached":51,"playtime":1897,"items_purged":["Voices","RefractionSpark+1"],"score":860,"play_id":"1197c2f1-08b8-4a6c-8e05-1b0107dd1ba7","local_time":"20201225120213","daily_mods":["SealedDeck","Vintage","Colorless Cards","Heirloom","Flight"],"is_ascension_mode":false,"campfire_choices":[{"floor":15.0,"key":"REST"},{"floor":23.0,"key":"REST"},{"data":"1","floor":27.0,"key":"LIFT"},{"data":"2","floor":32,"key":"LIFT"},{"data":"3","floor":40,"key":"LIFT"}],"circlet_count":1,"master_deck":["EnergyFlow+1","GrandCross","WitchOfGreed","GrandCross+1","SporeBomb+1","LuminesStrike+1","MysteriousBeam","CurseOfTheBell","Bandage Up+1","Robbery","Necronomicurse","MillisecondPulsars","BlazingStar+1","Replay:Sssssssssshield+1"],"relics":["MiniHakkero","Girya","Pen Nib","CeramicFish","Membership Card","HollowMod:PaleOreRelic","ReplayTheSpireMod:Ninjato","Replay:Ringing Soul","Snack Pack","Potion Belt","Lee\u0027s Waffle","Whetstone","HollowMod:QueensCombRelic","ReplayTheSpireMod:Ring of Exchange","Replay:Grab Bag","SlaversCollar","Circlet","SacredBark","Calling Bell","Regal Pillow","HollowMod:LifeEnderRelic","TungstenRod","Replay:Kaleidoscope","Orichalcum","Garlic","MealTicket","Kunai","SproutingBranch","Strawberry","Happy Flower","Pocketwatch","Guide Book","Replay:Bottled Snecko","Necronomicon","Bronze Scales","Frozen Eye","Art of War","Astrolabe","Smiling Mask","CatCart","War Paint","Nunchaku","Calipers","Red Mask","Pet Ghost","Question Card","Lizard Tail","Replay:Arrowhead","Strange Spoon"],"acts_visited":["Exordium","TheCity","TheBeyond","Exordium"],"potions_floor_usage":[35,37,46],"damage_taken":[{"damage":0.0,"enemies":"Cultist","floor":1.0,"turns":2.0},{"damage":7.0,"enemies":"2 Louse","floor":3.0,"turns":2.0},{"damage":5.0,"enemies":"Small Slimes","floor":5.0,"turns":2.0},{"damage":9.0,"enemies":"Replay:BlueRogue","floor":6.0,"turns":2.0},{"damage":0.0,"enemies":"Blue Slaver","floor":7.0,"turns":1.0},{"damage":0.0,"enemies":"3 Sentries","floor":8.0,"turns":2.0},{"damage":0.0,"enemies":"Gremlin Nob","floor":11.0,"turns":2.0},{"damage":35.0,"enemies":"The Guardian","floor":16.0,"turns":4.0},{"damage":8.0,"enemies":"Chosen","floor":18.0,"turns":3.0},{"damage":11.0,"enemies":"Snake Plant","floor":21.0,"turns":3.0},{"damage":0.0,"enemies":"Gremlin Leader","floor":24.0,"turns":2.0},{"damage":0.0,"enemies":"Book of Stabbing","floor":25.0,"turns":2.0},{"damage":9.0,"enemies":"Centurion and Healer","floor":29.0,"turns":3.0},{"damage":6,"enemies":"Collector","floor":33,"turns":3},{"damage":30,"enemies":"3 Shapes","floor":35,"turns":3},{"damage":0,"enemies":"3 Darklings","floor":37,"turns":2},{"damage":1,"enemies":"Orin","floor":39,"turns":3},{"damage":0,"enemies":"Giant Head","floor":41,"turns":3},{"damage":48,"enemies":"Sphere and 2 Shapes","floor":45,"turns":4},{"damage":0,"enemies":"R_Hoarder","floor":46,"turns":3},{"damage":0,"enemies":"Giant Head","floor":47,"turns":3},{"damage":10,"enemies":"Mind Bloom Boss Battle","floor":49,"turns":3},{"damage":10,"enemies":"Replay:Hell Engine","floor":50,"turns":3}],"seed_played":"-314221211492168488","potions_obtained":[{"floor":1.0,"key":"ColorlessPotion"},{"floor":3.0,"key":"Doom Potion"},{"floor":3.0,"key":"Weak Potion"},{"floor":5.0,"key":"LifebloodPotion"},{"floor":8.0,"key":"ShroomBrew"},{"floor":11.0,"key":"Flashbang"},{"floor":11.0,"key":"PowerPotion"},{"floor":16.0,"key":"ColorlessPotion"},{"floor":16.0,"key":"LiquidMemories"},{"floor":35,"key":"FearPotion"},{"floor":37,"key":"EntropicBrew"},{"floor":47,"key":"Swift Potion"}],"is_trial":true,"path_per_floor":["M","?","M","$","M","E","M","E","T","$","E","?","?","?","R","B",null,"M","$","?","M","?","R","E","E","T","R","$","M","?","$","R","B",null,"M","$","M","?","?","R","E","$","T","?","M","E","E","$","R","B",null],"character_chosen":"MARISA","items_purchased":["Membership Card","Lee\u0027s Waffle","Whetstone","Orichalcum","Garlic","Happy Flower","Pocketwatch","Guide Book","Bronze Scales","Astrolabe","Nunchaku"],"campfire_rested":2,"item_purchase_floors":[4,10,10,19,19,28,28,28,31,36,42],"current_hp_per_floor":[75,75,68,68,67,62,62,66,66,82,54,43,30,33,50,26,60,52,52,52,45,20,53,63,66,73,73,73,70,61,76,76,75,79,57,75,82,73,81,81,82,82,82,82,50,81,82,82,76,82,82,82],"gold":410,"neow_bonus":"","is_daily":false,"chose_seed":false,"campfire_upgraded":0,"win_rate":0.0,"timestamp":1608868933,"path_taken":["M","?","?","$","M","E","M","E","T","$","E","?","?","?","R","BOSS","M","$","?","M","?","R","E","E","T","R","$","?","?","$","R","BOSS","M","$","M","?","?","R","E","?","T","?","M","E","E","$","R","BOSS"],"items_purchased_type":["Relic","Relic","Relic","Relic","Relic","Relic","Relic","Relic","Relic","Relic","Relic"],"build_version":"2020-12-22","purchased_purges":2,"victory":false,"max_hp_per_floor":[75,75,75,75,75,75,75,75,75,82,54,54,54,57,57,57,60,60,60,60,60,63,63,63,66,73,73,73,73,76,76,76,79,79,79,82,82,82,82,82,82,82,82,82,82,82,82,82,82,82,82,82],"card_choices":[{"not_picked":["6A","BlazeAway"],"picked":"DC","floor":6.0},{"not_picked":["Impatience","ReplayTheSpireMod:Necrogeddon","ManaConvection"],"picked":"SKIP","floor":8.0},{"not_picked":["BinaryStars","WitchLeyline","OneTimeOff"],"picked":"SKIP","floor":11.0},{"not_picked":["Bandage Up","WitchOfGreed","IllusionStar"],"picked":"SKIP","floor":24.0},{"not_picked":["ShootTheMoon","DarkSpark"],"picked":"Robbery","floor":25.0},{"not_picked":["Panache","Secret Weapon"],"picked":"MillisecondPulsars","floor":33},{"not_picked":["GalacticHalo","HandOfGreed","IllusionStar"],"picked":"SKIP","floor":41},{"not_picked":["PowerUp+1","The Bomb","OpenUniverse+1"],"picked":"SKIP","floor":46},{"not_picked":["SprinkleStarSeal","WitchLeyline+1","Orbital","DC+1"],"picked":"SKIP","floor":47}],"player_experience":453026,"relics_obtained":[{"floor":1.0,"key":"Pen Nib"},{"floor":3.0,"key":"CeramicFish"},{"floor":5.0,"key":"HollowMod:PaleOreRelic"},{"floor":6.0,"key":"ReplayTheSpireMod:Ninjato"},{"floor":7.0,"key":"Replay:Ringing Soul"},{"floor":8.0,"key":"Snack Pack"},{"floor":9.0,"key":"Potion Belt"},{"floor":11.0,"key":"HollowMod:QueensCombRelic"},{"floor":14.0,"key":"ReplayTheSpireMod:Ring of Exchange"},{"floor":17.0,"key":"Regal Pillow"},{"floor":17.0,"key":"HollowMod:LifeEnderRelic"},{"floor":17.0,"key":"TungstenRod"},{"floor":18.0,"key":"Replay:Kaleidoscope"},{"floor":21.0,"key":"MealTicket"},{"floor":24.0,"key":"Kunai"},{"floor":25.0,"key":"SproutingBranch"},{"floor":26.0,"key":"Strawberry"},{"floor":29.0,"key":"Replay:Bottled Snecko"},{"floor":30,"key":"Necronomicon"},{"floor":35,"key":"Art of War"},{"floor":37,"key":"Smiling Mask"},{"floor":39,"key":"CatCart"},{"floor":41,"key":"War Paint"},{"floor":43,"key":"Calipers"},{"floor":45,"key":"Pet Ghost"},{"floor":46,"key":"Question Card"},{"floor":47,"key":"Lizard Tail"},{"floor":49,"key":"Replay:Arrowhead"}],"event_choices":[{"damage_healed":0.0,"max_hp_gain":0.0,"max_hp_loss":0.0,"gold_gain":0.0,"event_name":"Accursed Blacksmith","player_choice":"Forge","floor":2.0,"gold_loss":0.0,"damage_taken":0.0,"cards_upgraded":["EnergyFlow"]},{"damage_healed":0.0,"max_hp_gain":0.0,"max_hp_loss":0.0,"gold_gain":75.0,"event_name":"World of Goop","player_choice":"Gather Gold","floor":12.0,"gold_loss":0.0,"damage_taken":11.0},{"cards_removed":["EarthLightRay"],"damage_healed":0.0,"max_hp_gain":0.0,"max_hp_loss":0.0,"gold_gain":0.0,"event_name":"Back to Basics","player_choice":"Elegance","floor":20.0,"gold_loss":0.0,"damage_taken":0.0},{"damage_healed":0.0,"max_hp_gain":0.0,"max_hp_loss":0.0,"gold_gain":270.0,"event_name":"Knowing Skull","player_choice":"CARD GOLD GOLD GOLD ","floor":22.0,"potions_obtained":[],"gold_loss":0.0,"damage_taken":33.0,"cards_obtained":["Bandage Up"]},{"damage_healed":0,"gold_gain":0,"player_choice":"Obtained Book","damage_taken":16,"max_hp_gain":0,"max_hp_loss":0,"event_name":"Cursed Tome","floor":30,"gold_loss":0},{"damage_healed":0,"gold_gain":0,"player_choice":"Memory 3","damage_taken":10,"max_hp_gain":0,"max_hp_loss":0,"event_name":"SensoryStone","floor":38,"gold_loss":0},{"damage_healed":0,"gold_gain":0,"player_choice":"Fight","damage_taken":0,"max_hp_gain":0,"max_hp_loss":0,"event_name":"OrinTheCat","floor":39,"gold_loss":0},{"damage_healed":0,"gold_gain":0,"player_choice":"Paid","damage_taken":0,"relics_obtained":["Red Mask"],"max_hp_gain":0,"max_hp_loss":0,"event_name":"Tomb of Lord Red Mask","floor":44,"gold_loss":69},{"damage_healed":0,"gold_gain":0,"player_choice":"Fight","damage_taken":0,"max_hp_gain":0,"max_hp_loss":0,"event_name":"MindBloom","floor":49,"gold_loss":0}],"is_beta":false,"boss_relics":[{"not_picked":["Empty Cage","Snecko Heart"],"picked":"Replay:Grab Bag"},{"not_picked":["Busted Crown","Cursed Key"],"picked":"SlaversCollar"},{"not_picked":["Fusion Hammer","Coffee Dripper"],"picked":"Circlet"},{"not_picked":["Ring of Chaos","Honey Jar"],"picked":"SacredBark"},{"not_picked":["ExperimentalFamiliar","Snecko Eye"],"picked":"Calling Bell"},{"not_picked":["Replay:Bronze Core","Cauldron"],"picked":"Frozen Eye"},{"not_picked":["Chemical X","Medical Kit"],"picked":"Strange Spoon"}],"items_purged_floors":[19,42],"is_endless":true,"potions_floor_spawned":[3,5,8,11,16,21,25,29,35,37,47,49],"ascension_level":0}}