{"host":"v4s5k3c6jywmeofl","time":1608876702,"event":{"mods":["Act Like it!","BaseMod","Colored Map","Downfall","Gensokyo","Hallownest","Hermit","Marisa????????","Minty Spire (QoL Compilation)","Quick Restart","Random Character Button","Rare Cards Sparkle","Replay The Spire","StSLib","The Animator","The Bug Knight","The Cursed","The Hierophant","The Servant 0.9.4"],"gold_per_floor":[115,115,131,131,61,86,86,111,111,127,127,75,86,39,39,137,137,153,153,153,163,123,151,151,151,205,160,195,195,215,82,82,82,82],"floor_reached":33,"playtime":1134,"items_purged":["Gensokyo:AllTheWorldsEvil"],"score":327,"play_id":"46743f79-2db8-4c9a-9487-a108e26d6345","local_time":"20201225011142","is_ascension_mode":true,"campfire_choices":[{"data":"Inflame","floor":11,"key":"SMITH"},{"floor":15,"key":"DIG"},{"floor":25,"key":"REST"},{"floor":32,"key":"REST"}],"circlet_count":0,"master_deck":["Strike_R","Strike_R","Strike_R","Strike_R+1","Strike_R","Defend_R","Defend_R","Defend_R","Defend_R","Bash+1","Thunderclap","Inflame+1","Pommel Strike","Uppercut","Life Link","Pommel Strike","Replay:Undeath\u0027s Touch","Flex+1","Offering","Pommel Strike","Rampage","Hemokinesis+1","ReplayTheSpireMod:Muscle Training+1","Flex","Infernal Blade+1","Inflame","Inflame"],"relics":["Burning Blood","NeowsBlessing","Strawberry","MealTicket","Gensokyo:OccultBall","PreservedInsect","Bronze Scales","Snecko Eye","Gensokyo:RedStar","Calipers","Gensokyo:ConquerorOfFear","Replay:Rubber Ducky","Dream Catcher"],"acts_visited":["Gensokyo:Gensokyo","Gensokyo:Gensokyoer"],"potions_floor_usage":[33,33,33],"damage_taken":[{"damage":0,"enemies":"Gensokyo:Python","floor":1,"turns":1},{"damage":0,"enemies":"Gensokyo:3_Fairies","floor":3,"turns":2},{"damage":0,"enemies":"Gensokyo:Mamizou","floor":6,"turns":2},{"damage":16,"enemies":"Gensokyo:Cirno","floor":8,"turns":6},{"damage":3,"enemies":"Gensokyo:2_Kodama","floor":10,"turns":3},{"damage":18,"enemies":"Gensokyo:2_Rabbits","floor":13,"turns":4},{"damage":71,"enemies":"Gensokyo:Yukari","floor":16,"turns":9},{"damage":0,"enemies":"Gensokyo:Chomper","floor":18,"turns":2},{"damage":0,"enemies":"Gensokyo:CosmicMonolith","floor":21,"turns":3},{"damage":55,"enemies":"Gensokyo:Tenshi","floor":23,"turns":3},{"damage":40,"enemies":"Gensokyo:Reisen","floor":28,"turns":6},{"damage":23,"enemies":"Gensokyo:Wraith","floor":30,"turns":3},{"damage":47,"enemies":"Gensokyo:Kaguya","floor":33,"turns":4}],"seed_played":"1142076048342984808","potions_obtained":[{"floor":6,"key":"FearPotion"},{"floor":8,"key":"sneckomod:MuddlingPotion"},{"floor":10,"key":"Venom Potion"},{"floor":21,"key":"LifebloodPotion"}],"is_trial":false,"path_per_floor":["M","?","M","?","?","E","?","E","T","M","R","$","M","$","R_BF","B",null,"M","?","?","M","?","E","?","R","T","$","E","?","M","$","R","B"],"character_chosen":"IRONCLAD","items_purchased":["Pommel Strike","Flex","Flex","Inflame"],"campfire_rested":2,"item_purchase_floors":[12,14,27,31],"current_hp_per_floor":[80,80,80,77,77,83,83,73,73,76,76,87,75,87,87,22,87,87,87,87,87,87,38,38,64,64,79,45,45,28,43,69,0,0],"gold":82,"neow_bonus":"THREE_ENEMY_KILL","is_daily":false,"chose_seed":false,"campfire_upgraded":1,"win_rate":0.0,"timestamp":1608876702,"path_taken":["M","?","M","?","?","E","?","E","T","?","R","$","M","?","R_BF","BOSS","M","?","?","M","?","E","?","R","T","?","E","?","?","$","R","BOSS"],"items_purchased_type":["Card","Card","Card","Card"],"build_version":"2020-12-22","purchased_purges":1,"victory":false,"max_hp_per_floor":[80,80,80,87,87,87,87,87,87,87,87,87,87,87,87,87,87,87,87,87,87,87,87,87,87,87,87,87,87,87,87,87,44,44],"card_choices":[{"not_picked":["Clash","Warcry"],"picked":"Thunderclap","floor":1},{"not_picked":["Twin Strike","Thunderclap"],"picked":"Inflame","floor":2},{"not_picked":["ReplayTheSpireMod:Strike From Hell","Fire Breathing"],"picked":"Uppercut","floor":2},{"not_picked":["Combust","Twin Strike"],"picked":"Pommel Strike","floor":3},{"not_picked":["Anger","Iron Wave"],"picked":"Uppercut","floor":6},{"not_picked":["Clash","Power Through","Impervious"],"picked":"SKIP","floor":8},{"not_picked":["ReplayTheSpireMod:Corrosion Curse","Anger"],"picked":"Life Link","floor":10},{"not_picked":["Flame Barrier","Headbutt"],"picked":"Replay:Undeath\u0027s Touch","floor":13},{"not_picked":["Impervious","Brutality"],"picked":"Offering","floor":16},{"not_picked":["Fire Breathing","Anger"],"picked":"Pommel Strike","floor":18},{"not_picked":["Ghostly Armor","Power Through"],"picked":"Hemokinesis+1","floor":21},{"not_picked":["Thunderclap+1","Double Tap"],"picked":"ReplayTheSpireMod:Muscle Training+1","floor":23},{"not_picked":["Armaments","Body Slam"],"picked":"Infernal Blade+1","floor":28},{"not_picked":["Whirlwind","Shrug It Off","Perfected Strike"],"picked":"SKIP","floor":30}],"player_experience":146993,"relics_obtained":[{"floor":6,"key":"MealTicket"},{"floor":8,"key":"PreservedInsect"},{"floor":15,"key":"Bronze Scales"},{"floor":16,"key":"Gensokyo:OccultBall"},{"floor":23,"key":"Calipers"},{"floor":26,"key":"Replay:Rubber Ducky"},{"floor":28,"key":"Gensokyo:ConquerorOfFear"},{"floor":28,"key":"Dream Catcher"}],"event_choices":[],"is_beta":false,"boss_relics":[{"not_picked":["Ooze Armor","Replay:Drink Me"],"picked":"Snecko Eye"}],"items_purged_floors":[31],"is_endless":false,"potions_floor_spawned":[6,8,10,16,21,28,30],"killed_by":"Gensokyo:Kaguya","ascension_level":1}}