{"host":"o3b7ow6d1xe49css","time":1608899401,"event":{"mods":["Act Like it!","Aspiration","BaseMod","Bestiary","Better Altar","Better Match","Better Note","Better Sensory Stone","Better Skull","Better Third Choice","Colored Powertips","Conspire","Energized Spire","Force Act Four","GifTheSpireLib","Halation","Hermit","Hubris","Infinite Spire","Lobotomy","Minty Spire (QoL Compilation)","Quick Restart","Replay The Spire","Spicy Shops","Spikes Relics","StSLib","Stuff the Spire","The Blue Laboratory","Wandering Minibosses","vexMod"],"gold_per_floor":[118,137,239,239,252,284,310,342,342,342,370,395,430,465,465,568,568,586,586,739,285,285,285,312,346,346,346,380,414,414,440,440,539,539,551,571,571,753,753,785,814,845,845,880,951,985,71,103,103,208,208,208,51,84,189],"floor_reached":56,"playtime":2858,"items_purged":["Strike_R","Strike_R","Defend_R"],"score":2194,"play_id":"8a49bff9-d111-46a6-b3a7-09b8700b4fea","local_time":"20201225033001","daily_mods":["Heirloom","Flight","Elite Swarm"],"is_ascension_mode":true,"campfire_choices":[{"data":"BarbarianYell","floor":10,"key":"SMITH"},{"data":"Bash","floor":10,"key":"SMITH"},{"data":"Demon Form+1","floor":15,"key":"SMITH"},{"data":"Defend_R","floor":15,"key":"SMITH"},{"floor":23,"key":"RECALL"},{"data":"1","floor":27,"key":"LIFT"},{"data":"2","floor":30,"key":"LIFT"},{"data":"3","floor":32,"key":"LIFT"},{"data":"infinitespire:Fortify","floor":49,"key":"SMITH"},{"data":"Spot Weakness","floor":49,"key":"SMITH"},{"data":"Anger","floor":52,"key":"SMITH"},{"data":"Replay:Undeath\u0027s Touch","floor":52,"key":"SMITH"}],"circlet_count":0,"master_deck":["Strike_R","Defend_R","Defend_R+1","Bash+1","MeatLantern","Replay:Undeath\u0027s Touch+1","Anger+1","UniverseFragment","BarbarianYell+1","OSAHOGD","Immolate","Demon Form+2","OldLady","Juggernaut+1","Brutality+1","conspire:Purge+1","Spot Weakness+1","Disarm+1","Disarm","hubris:StunningStrike+1","hubris:StunningStrike+1","Reaper+1","Impervious+1","Reaper+1","Bloodletting+1","Offering+1","infinitespire:Fortify+1","Offering+1","Sword Boomerang+1","After Image+1","Adrenaline+1"],"relics":["Burning Blood","Ring of Chaos","hubris:Potato","CogitoBucket","halation:BottledLove","Golden Egg","aspiration:DSix","Replay:Arrowhead","halation:SelfBoilingWater","Frozen Egg 2","conspire:InfiniteJournal","Bag of Marbles","vexMod:TanglingVine","BehaviorAdjustment","halation:NonexistentMirror","Sling","vexMod:PaidLearning","ReplayTheSpireMod:TigerMarble","Girya","halation:BlackBeret","conspire:GlowingRock","HornCleat","StuffTheSpire:Barrel","StuffTheSpire:Wildfire","Ooze Armor","SpikesRelics:ToyHorsey","StuffTheSpire:OldFever","Unceasing Top","Bronze Scales","wanderingMiniBosses:LockLocket","AtMidnight","LuminousBracelet","Gambling Chip","StuffTheSpire:ForceGauntlet","infinitespire:Bottled Soul","hubris:CrystalStatue","Matryoshka","aspiration:SilentSkillbook","Ring of Chaos","ReplayTheSpireMod:Spearhead","aspiration:AnachronicSnailShell"],"acts_visited":["Exordium","TheCity","TheBeyond","Exordium","TheEnding"],"potions_floor_usage":[6,7,11,13,25,29,42,48,54,55,55,55],"damage_taken":[{"damage":10,"enemies":"Jaw Worm","floor":1,"turns":6},{"damage":0,"enemies":"Small Slimes","floor":2,"turns":3},{"damage":1,"enemies":"Cultist","floor":3,"turns":5},{"damage":0,"enemies":"Lots of Slimes","floor":5,"turns":1},{"damage":28,"enemies":"Lagavulin","floor":6,"turns":6},{"damage":5,"enemies":"3 Sentries","floor":7,"turns":2},{"damage":22,"enemies":"Lagavulin","floor":8,"turns":6},{"damage":0,"enemies":"Gremlin Nob","floor":11,"turns":2},{"damage":5,"enemies":"3 Sentries","floor":12,"turns":3},{"damage":0,"enemies":"Gremlin Nob","floor":13,"turns":2},{"damage":10,"enemies":"3 Sentries","floor":14,"turns":4},{"damage":0,"enemies":"Hexaghost","floor":16,"turns":6},{"damage":0,"enemies":"3 Byrds","floor":18,"turns":1},{"damage":10,"enemies":"2 Thieves","floor":20,"turns":6},{"damage":30,"enemies":"Nightmare","floor":24,"turns":4},{"damage":0,"enemies":"Slavers","floor":25,"turns":1},{"damage":24,"enemies":"Gremlin Leader","floor":28,"turns":5},{"damage":16,"enemies":"Slavers","floor":29,"turns":4},{"damage":19,"enemies":"Book of Stabbing","floor":31,"turns":5},{"damage":0,"enemies":"Champ","floor":33,"turns":8},{"damage":0,"enemies":"3 Shapes","floor":35,"turns":1},{"damage":0,"enemies":"3 Darklings","floor":36,"turns":2},{"damage":32,"enemies":"Spire Growth","floor":38,"turns":6},{"damage":3,"enemies":"R_Hoarder","floor":40,"turns":6},{"damage":1,"enemies":"Nightmare","floor":41,"turns":5},{"damage":1,"enemies":"Nemesis","floor":42,"turns":5},{"damage":0,"enemies":"Giant Head","floor":44,"turns":3},{"damage":8,"enemies":"Jaw Worm Horde","floor":45,"turns":4},{"damage":11,"enemies":"R_Hoarder","floor":46,"turns":4},{"damage":0,"enemies":"Reptomancer","floor":48,"turns":1},{"damage":0,"enemies":"Replay:Hell Engine","floor":50,"turns":5},{"damage":17,"enemies":"Shield and Spear","floor":54,"turns":4},{"damage":0,"enemies":"The Heart","floor":55,"turns":4}],"seed_played":"-7464214921776705340","potions_obtained":[{"floor":2,"key":"Block Potion"},{"floor":5,"key":"blueLaboratory:NullPotion"},{"floor":8,"key":"Cursed Concoction"},{"floor":12,"key":"Explosive Potion"},{"floor":14,"key":"GamblersBrew"},{"floor":25,"key":"ElixirPotion"},{"floor":28,"key":"SkillPotion"},{"floor":29,"key":"Swift Potion"},{"floor":31,"key":"LiquidBronze"},{"floor":42,"key":"Toxic Potion"},{"floor":44,"key":"PowerPotion"},{"floor":54,"key":"AttackPotion"}],"is_trial":true,"path_per_floor":["M","M","M","?","M","E","E","E","T","R","E","E","E","E","R","B",null,"M","AVR","M","$","?","R","NM","E","T","R","E","E","R","E","R","B",null,"M","M","AVR","M","?","E","NM","E","T","E","M","E","$","E","R","B",null,"R","$","E","B",null],"character_chosen":"IRONCLAD","items_purchased":["Sling","vexMod:PaidLearning","ReplayTheSpireMod:TigerMarble","StuffTheSpire:ForceGauntlet","infinitespire:Bottled Soul","hubris:CrystalStatue","Swift Potion","ReplayTheSpireMod:Spearhead"],"campfire_rested":0,"item_purchase_floors":[21,21,21,47,47,47,47,53],"current_hp_per_floor":[76,80,80,80,80,58,59,43,43,43,49,50,56,52,52,58,75,80,80,76,76,76,76,52,58,58,58,61,68,68,72,72,80,80,80,80,80,76,76,79,80,80,80,80,93,88,88,95,95,95,95,95,95,78,85],"gold":189,"neow_bonus":"","is_daily":false,"chose_seed":false,"campfire_upgraded":8,"win_rate":0.0,"timestamp":1608899401,"path_taken":["M","M","M","?","M","E","E","E","T","R","E","E","E","E","R","BOSS","M","AVR","M","$","?","R","NM","E","T","R","E","E","R","E","R","BOSS","M","M","AVR","?","?","E","NM","E","T","E","?","E","$","E","R","BOSS","R","$","E","BOSS"],"items_purchased_type":["Relic","Relic","Relic","Relic","Relic","Relic","Potion","Relic"],"build_version":"2020-12-22","purchased_purges":3,"victory":true,"max_hp_per_floor":[80,80,80,80,80,80,80,80,80,80,80,80,80,80,80,80,80,80,80,80,80,80,80,80,80,80,80,80,80,80,80,80,80,80,80,80,80,80,80,80,80,80,80,80,95,95,95,95,95,95,95,95,95,85,85],"card_choices":[{"not_picked":["NakedNest","ShyLook"],"picked":"MeatLantern","floor":1},{"not_picked":["Thunderclap","Flex"],"picked":"Replay:Undeath\u0027s Touch","floor":1},{"not_picked":["Wellcheers","SpiderBud"],"picked":"Scorched","floor":2},{"not_picked":["Pommel Strike","Headbutt"],"picked":"Anger","floor":2},{"not_picked":["MHz","ShyLook","Murderer"],"picked":"Singing Bowl","floor":3},{"not_picked":["HeroicMonk","Bloodbath"],"picked":"UniverseFragment","floor":3},{"not_picked":["Perfected Strike","Twin Strike"],"picked":"BarbarianYell","floor":3},{"not_picked":["Bloodbath","BeautyBeast"],"picked":"OSAHOGD","floor":5},{"not_picked":["StuffTheSpire:Incineration","Clothesline","Bludgeon"],"picked":"SKIP","floor":5},{"not_picked":["PunishingBird","BeautyBeast","FairyFestival"],"picked":"Singing Bowl","floor":6},{"not_picked":["Juggernaut","Eclipse"],"picked":"Immolate","floor":6},{"not_picked":["Murderer","BeautyBeast","WallGazer"],"picked":"Singing Bowl","floor":7},{"not_picked":["Replay:Many Hands","Double Tap"],"picked":"Demon Form","floor":7},{"not_picked":["CrumblingArmor","BeautyBeast"],"picked":"OldLady","floor":8},{"not_picked":["Immolate","Hemogenesis"],"picked":"Juggernaut","floor":8},{"not_picked":["PunishingBird","CrumblingArmor","VoidDream"],"picked":"Singing Bowl","floor":11},{"not_picked":["Eclipse","Double Tap"],"picked":"Brutality","floor":11},{"not_picked":["SnowQueen","CrumblingArmor","ShyLook"],"picked":"Singing Bowl","floor":12},{"not_picked":["Immolate","Juggernaut+1","Demonic Infusion"],"picked":"SKIP","floor":12},{"not_picked":["Alriune","WallGazer","QueenOfHatred"],"picked":"Singing Bowl","floor":13},{"not_picked":["Feed","Hemogenesis","Double Tap"],"picked":"SKIP","floor":13},{"not_picked":["Impervious","Juggernaut+1"],"picked":"conspire:Purge","floor":14},{"not_picked":["HeroicMonk","FairyFestival","CherryBlossoms"],"picked":"Singing Bowl","floor":16},{"not_picked":["MeltingLove","GalaxyChild","ShyLook"],"picked":"Singing Bowl","floor":18},{"not_picked":["BarbarianYell+1","Flex+1"],"picked":"Spot Weakness","floor":18},{"not_picked":["DespairKnight","BigBadWolf","QueenBee"],"picked":"Singing Bowl","floor":20},{"not_picked":["Sentinel+1","StuffTheSpire:Incineration"],"picked":"Disarm","floor":20},{"not_picked":["Exhume","Hemogenesis"],"picked":"hubris:StunningStrike","floor":24},{"not_picked":["NothingThere","Wellcheers","FairyFestival"],"picked":"Singing Bowl","floor":24},{"not_picked":["Replay:Many Hands","Immolate"],"picked":"Reaper","floor":25},{"not_picked":["Scarecrow","BigBadWolf","LongBird"],"picked":"Singing Bowl","floor":25},{"not_picked":["WallGazer","ShyLook","CherryBlossoms"],"picked":"Singing Bowl","floor":28},{"not_picked":["Demon Form+1","Barricade+1","hubris:StunningStrike"],"picked":"SKIP","floor":28},{"not_picked":["BlackArmy","LittleHelper","Bloodbath"],"picked":"Singing Bowl","floor":29},{"not_picked":["Bludgeon","Reaper"],"picked":"Impervious","floor":29},{"not_picked":["Yin","BlackSwan","Woodsman"],"picked":"Singing Bowl","floor":31},{"not_picked":["Impervious","Hemogenesis"],"picked":"Reaper","floor":31},{"not_picked":["SnowQueen","NothingThere","WhiteNight"],"picked":"Singing Bowl","floor":33},{"not_picked":["Shockwave","Iron Wave+1"],"picked":"Bloodletting+1","floor":35},{"not_picked":["ReplayReversal","StuffTheSpire:Incineration","StuffTheSpire:Pyroclast"],"picked":"SKIP","floor":36},{"not_picked":["CherryBlossoms","Variant","LittlePrince"],"picked":"Singing Bowl","floor":38},{"not_picked":["Warcry+1","Intimidate+1","Havoc"],"picked":"SKIP","floor":38},{"not_picked":["WhiteNight","MeltingLove","SpiderBud"],"picked":"Singing Bowl","floor":40},{"not_picked":["hubris:StunningStrike","Barricade+1"],"picked":"Offering","floor":40},{"not_picked":["hubris:Fate","infinitespire:SealOfDarkness+"],"picked":"infinitespire:Fortify","floor":41},{"not_picked":["NothingThere","WhiteNight","BeautyBeast"],"picked":"Singing Bowl","floor":41},{"not_picked":["Immolate","Reaper","Corruption+1"],"picked":"SKIP","floor":41},{"not_picked":["Impervious","Demonic Infusion"],"picked":"Offering","floor":42},{"not_picked":["Impervious","Reaper","Eclipse"],"picked":"SKIP","floor":44},{"not_picked":["Perfected Strike+1","Clothesline"],"picked":"Sword Boomerang+1","floor":45},{"not_picked":["Feed","Brutality+1","Exhume"],"picked":"SKIP","floor":46},{"not_picked":["Eclipse","Impervious","Exhume"],"picked":"SKIP","floor":48},{"not_picked":["aspiration:Lunge","Reaper","Feed"],"picked":"After Image+1","floor":54},{"not_picked":["Envenom+1","Malaise","Fiend Fire"],"picked":"Adrenaline","floor":55}],"player_experience":1873528,"relics_obtained":[{"floor":6,"key":"halation:BottledLove"},{"floor":7,"key":"Golden Egg"},{"floor":8,"key":"aspiration:DSix"},{"floor":9,"key":"Replay:Arrowhead"},{"floor":11,"key":"halation:SelfBoilingWater"},{"floor":12,"key":"Frozen Egg 2"},{"floor":13,"key":"conspire:InfiniteJournal"},{"floor":14,"key":"Bag of Marbles"},{"floor":24,"key":"Girya"},{"floor":25,"key":"halation:BlackBeret"},{"floor":26,"key":"conspire:GlowingRock"},{"floor":28,"key":"HornCleat"},{"floor":29,"key":"StuffTheSpire:Barrel"},{"floor":31,"key":"StuffTheSpire:Wildfire"},{"floor":40,"key":"SpikesRelics:ToyHorsey"},{"floor":41,"key":"StuffTheSpire:OldFever"},{"floor":42,"key":"Unceasing Top"},{"floor":44,"key":"Bronze Scales"},{"floor":45,"key":"wanderingMiniBosses:LockLocket"},{"floor":45,"key":"AtMidnight"},{"floor":46,"key":"Gambling Chip"},{"floor":48,"key":"Matryoshka"},{"floor":54,"key":"aspiration:AnachronicSnailShell"}],"event_choices":[{"damage_healed":0,"gold_gain":0,"player_choice":"LEAVE","damage_taken":0,"max_hp_gain":0,"max_hp_loss":0,"event_name":"betterThird:BetterScrap","floor":4,"gold_loss":0,"cards_obtained":["Hello World"]},{"cards_removed":["Strike_R"],"damage_healed":0,"gold_gain":0,"player_choice":"Give","damage_taken":0,"max_hp_gain":0,"max_hp_loss":0,"event_name":"betterNote:BetterNote","floor":22,"gold_loss":0,"cards_obtained":["Strike_R"]},{"damage_healed":0,"gold_gain":0,"player_choice":"Forge","damage_taken":0,"max_hp_gain":0,"max_hp_loss":0,"event_name":"Accursed Blacksmith","floor":39,"gold_loss":0,"cards_upgraded":["Disarm"]}],"is_beta":false,"boss_relics":[{"not_picked":["aspiration:DefectSkillbook","energizedSpire:MagnifyingGlass"],"picked":"vexMod:TanglingVine"},{"not_picked":["halation:Risk","halation:Yufonium"],"picked":"Ooze Armor"},{"not_picked":["Snecko Heart","Calling Bell"],"picked":"aspiration:SilentSkillbook"}],"items_purged_floors":[19,37,47],"is_endless":true,"potions_floor_spawned":[2,5,8,12,14,25,28,29,31,33,38,42,44,46,48,54],"ascension_level":5}}