{"host":"9tzam4717zt8ei1o","time":1608883707,"event":{"mods":["BaseMod","Colored Map","Keyboard Shortcuts","Minty Spire (QoL Compilation)","Quick Restart","StSLib","SuperFastMode"],"gold_per_floor":[367,384,26,46,58,58,77,103,103,117,133,133,108,128,128,205,205,176,194,194,212,58,58,58,58,58],"floor_reached":25,"playtime":644,"items_purged":["Strike_R","Strike_R"],"score":418,"play_id":"eb4644df-410a-4c09-8129-cdff6e675f8a","local_time":"20201225170827","is_ascension_mode":true,"campfire_choices":[{"data":"Uppercut","floor":6.0,"key":"SMITH"},{"data":"Evolve","floor":12.0,"key":"SMITH"},{"floor":15.0,"key":"REST"},{"floor":23.0,"key":"REST"}],"circlet_count":0,"master_deck":["AscendersBane","Strike_R","Strike_R","Strike_R","Defend_R","Defend_R","Defend_R","Defend_R","Bash","Uppercut+1","Evolve+1","Entrench+1","Pommel Strike","Shrug It Off+1","Armaments+1","Hemokinesis","Blood for Blood","Fire Breathing","Second Wind+1","Barricade","Intimidate+1","Body Slam+1"],"relics":["Burning Blood","Toxic Egg 2","Bag of Preparation","Runic Dome"],"acts_visited":["Exordium","TheCity"],"potions_floor_usage":[],"damage_taken":[{"damage":2.0,"enemies":"Cultist","floor":1.0,"turns":4.0},{"damage":0.0,"enemies":"2 Louse","floor":2.0,"turns":3.0},{"damage":10.0,"enemies":"Small Slimes","floor":4.0,"turns":3.0},{"damage":31.0,"enemies":"Red Slaver","floor":5.0,"turns":5.0},{"damage":9.0,"enemies":"3 Louse","floor":7.0,"turns":4.0},{"damage":35.0,"enemies":"Lagavulin","floor":8.0,"turns":10.0},{"damage":3.0,"enemies":"Looter","floor":10.0,"turns":3.0},{"damage":22.0,"enemies":"Lots of Slimes","floor":11.0,"turns":7.0},{"damage":13.0,"enemies":"Exordium Thugs","floor":13.0,"turns":4.0},{"damage":6.0,"enemies":"3 Louse","floor":14.0,"turns":4.0},{"damage":27.0,"enemies":"Hexaghost","floor":16.0,"turns":8.0},{"damage":15.0,"enemies":"2 Thieves","floor":18.0,"turns":4.0},{"damage":32.0,"enemies":"Spheric Guardian","floor":19.0,"turns":6.0},{"damage":2.0,"enemies":"Chosen and Byrds","floor":21.0,"turns":6.0},{"damage":61,"enemies":"Slavers","floor":25,"turns":3}],"seed_played":"3700392210439931254","potions_obtained":[{"floor":4.0,"key":"FairyPotion"},{"floor":10.0,"key":"Swift Potion"},{"floor":11.0,"key":"Strength Potion"}],"is_trial":false,"path_per_floor":["M","M","$","M","M","R","M","E","T","M","M","R","M","M","R","B",null,"M","M","?","M","$","R","?","E"],"character_chosen":"IRONCLAD","items_purchased":["Toxic Egg 2","Body Slam"],"campfire_rested":2,"item_purchase_floors":[3,22],"current_hp_per_floor":[54,60,60,56,31,31,28,28,28,31,15,15,8,8,30,9,59,50,24,24,28,28,50,50,0,0],"gold":58,"neow_bonus":"TWO_FIFTY_GOLD","is_daily":false,"chose_seed":false,"campfire_upgraded":2,"win_rate":0.0,"timestamp":1608883707,"path_taken":["M","M","$","M","M","R","?","E","T","M","M","R","M","M","R","BOSS","M","M","?","M","$","R","?","E"],"items_purchased_type":["Relic","Card"],"build_version":"2020-12-22","purchased_purges":2,"victory":false,"max_hp_per_floor":[75,75,75,75,75,75,75,75,75,75,75,75,75,75,75,75,75,75,75,75,75,75,75,75,75,75],"card_choices":[{"not_picked":["Armaments","Intimidate"],"picked":"Uppercut","floor":1.0},{"not_picked":["Body Slam","Clash"],"picked":"Evolve","floor":2.0},{"not_picked":["Cleave","Pommel Strike"],"picked":"Entrench+1","floor":4.0},{"not_picked":["Sword Boomerang","Iron Wave"],"picked":"Pommel Strike","floor":5.0},{"not_picked":["Cleave","Feel No Pain"],"picked":"Shrug It Off+1","floor":7.0},{"not_picked":["Rage+1","Dropkick"],"picked":"Armaments+1","floor":8.0},{"not_picked":["Pommel Strike","Heavy Blade"],"picked":"Hemokinesis","floor":10.0},{"not_picked":["Perfected Strike","Uppercut"],"picked":"Blood for Blood","floor":11.0},{"not_picked":["Combust","Reaper"],"picked":"Fire Breathing","floor":13.0},{"not_picked":["Anger","Metallicize"],"picked":"Second Wind+1","floor":14.0},{"not_picked":["Double Tap+1","Brutality"],"picked":"Barricade","floor":16.0},{"not_picked":["Heavy Blade","Armaments+1","Headbutt"],"picked":"SKIP","floor":18.0},{"not_picked":["Searing Blow+1","Whirlwind+1","Thunderclap"],"picked":"SKIP","floor":19.0},{"not_picked":["Rampage","Iron Wave"],"picked":"Intimidate+1","floor":21.0}],"player_experience":113998,"relics_obtained":[{"floor":8.0,"key":"Bag of Preparation"}],"event_choices":[{"damage_healed":0.0,"max_hp_gain":0.0,"max_hp_loss":0.0,"gold_gain":0.0,"event_name":"The Mausoleum","player_choice":"Ignored","floor":20.0,"gold_loss":0.0,"damage_taken":0.0},{"damage_healed":0.0,"max_hp_gain":0.0,"max_hp_loss":0.0,"gold_gain":0.0,"event_name":"Upgrade Shrine","player_choice":"Upgraded","floor":24.0,"gold_loss":0.0,"damage_taken":0.0,"cards_upgraded":["Body Slam"]}],"is_beta":false,"boss_relics":[{"not_picked":["Snecko Eye","SacredBark"],"picked":"Runic Dome"}],"items_purged_floors":[3,22],"is_endless":false,"potions_floor_spawned":[4,10,11,13],"killed_by":"Slavers","ascension_level":20}}