{"host":"ocy7z4248lncoz2b","time":1608856343,"event":{"mods":["BaseMod","Beaked The Cultist","Bestiary","Better Match","Better Sensory Stone","Better Third Choice","BetterRewards","Clockwork Mod","Colored Map","Colored Powertips","Conspire","Curses Come First","Downfall","Friendly Minions","Gremlin Mod","Highlight Path","Hubris","Infinite Spire","Jorbs\u0027s Wanderer Trilogy","Marisa????????","Mimic Mod","Minty Spire (QoL Compilation)","READ ME - Guardian Mod","Rare Cards Sparkle","Replay The Spire","Shop Mod","Spicy Shops","Spikes Relics","StSLib","SuperFastMode","The Administrix","The Blue Laboratory","The Construct","The Jungle","The Servant 0.9.4","The Wild Card","WarShipGirlsR/????R mod"],"gold_per_floor":[118,135,147,16,33,33,60,60,99,99,125,141,169,169,169,278,278,300,318,243,280,280,321,356,368,403,448,460,452,592,93,93,208,208,237,280,15,15,58,58,68,68],"floor_reached":41,"playtime":1992,"items_purged":["Strike_G","Strike_G","Strike_G"],"score":471,"play_id":"19389fec-0e11-4c76-92df-25b354027067","local_time":"20201225093223","is_ascension_mode":false,"campfire_choices":[{"data":"Replay:Bag of Tricks","floor":6.0,"key":"SMITH"},{"floor":8.0,"key":"REST"},{"data":"conspire:DoublingDagger","floor":10.0,"key":"SMITH"},{"floor":15.0,"key":"REST"},{"floor":28,"key":"RECALL"},{"floor":32,"key":"REST"}],"circlet_count":0,"master_deck":["Strike_G","Defend_G","Defend_G","Defend_G","Defend_G","Defend_G","Survivor","Neutralize","Strike_B","Replay:Bag of Tricks+1","hubris:Sniper","Backstab","Catalyst","ReplayTheSpireMod:Shiv Toss","hubris:Counter+1","conspire:DoublingDagger+1","Prepared","Corpse Explosion","PiercingWail","Crippling Poison","Replay:Bag of Tricks","Hidden Blade","InfectiousVector+1","Distraction+1","ReplayTheSpireMod:Echoes of Time","Blur","Wraith Form v2","PiercingWail","Infinite Blades","Wraith Form v2","Venomology","hubris:Disease","Burst","hubris:Rewind","Dramatic Entrance","AdministrixMod:Daybreak","Infinite Blades","Adrenaline","Fluid Movement","Backstab","Fluid Movement+1"],"relics":["Ring of the Snake","infinitespire:EmpoweringShard","Replay:Bandana","hubris:Icosahedron","Ring of Chaos","ReplayTheSpireMod:EnergyBall","Strawberry","Quantum Egg","MerchantsRug","DollysMirror","Replay:Grab Bag","Philosopher\u0027s Stone","conspire:SlowCooker","HoveringKite","ReplayTheSpireMod:SealedPack","Du-Vu Doll","CrustySpines"],"acts_visited":["Exordium","TheCity","TheBeyond"],"potions_floor_usage":[23,23,23,27,33,36],"damage_taken":[{"damage":6.0,"enemies":"Small Slimes","floor":1.0,"turns":3.0},{"damage":2.0,"enemies":"Cultist","floor":2.0,"turns":4.0},{"damage":0.0,"enemies":"Jaw Worm","floor":3.0,"turns":3.0},{"damage":8.0,"enemies":"Exordium Thugs","floor":5.0,"turns":5.0},{"damage":25.0,"enemies":"3 Sentries","floor":7.0,"turns":12.0},{"damage":0.0,"enemies":"2 Fungi Beasts","floor":9.0,"turns":5.0},{"damage":0.0,"enemies":"2 Fungi Beasts","floor":12.0,"turns":3.0},{"damage":21.0,"enemies":"Lagavulin","floor":13.0,"turns":4.0},{"damage":26,"enemies":"The Guardian","floor":16,"turns":7},{"damage":0,"enemies":"Chosen","floor":18,"turns":4},{"damage":27,"enemies":"2 Thieves","floor":19,"turns":3},{"damage":0,"enemies":"Centurion and Healer","floor":21,"turns":3},{"damage":13,"enemies":"Slavers","floor":23,"turns":4},{"damage":0,"enemies":"3 Cultists","floor":24,"turns":3},{"damage":28,"enemies":"Shelled Parasite and Fungi","floor":27,"turns":5},{"damage":3,"enemies":"Cultist and Chosen","floor":30,"turns":3},{"damage":22,"enemies":"hubris:MusketHawk","floor":33,"turns":8},{"damage":18,"enemies":"3 Shapes","floor":35,"turns":8},{"damage":54,"enemies":"conspire:MimicChest","floor":36,"turns":7},{"damage":1,"enemies":"3 Darklings","floor":39,"turns":3},{"damage":13,"enemies":"4 Shapes","floor":41,"turns":1}],"seed_played":"-5368037670816022999","potions_obtained":[{"floor":3.0,"key":"blueLaboratory:BottleOfRum"},{"floor":5.0,"key":"Block Potion"},{"floor":7.0,"key":"Block Potion"},{"floor":13.0,"key":"blueLaboratory:BottledHope"},{"floor":21,"key":"Flashbang"},{"floor":24,"key":"Weak Potion"},{"floor":36,"key":"Swift Potion"}],"is_trial":false,"path_per_floor":["M","M","M","$","M","R","E","R","MIM","R","T","M","E","?","R","B",null,"M","M","?","M","?","E","M","AVR","T","M","R","?","M","$","R","B",null,"M","?","$","?","M","?","M"],"character_chosen":"THE_SILENT","items_purchased":["ReplayTheSpireMod:Shiv Toss","hubris:Counter+1","Quantum Egg","Infinite Blades","MerchantsRug","DollysMirror","Fluid Movement","Backstab","CrustySpines"],"campfire_rested":3,"item_purchase_floors":[4,4,31,31,31,31,37,37,37],"current_hp_per_floor":[64,62,62,62,54,54,29,50,50,50,50,50,29,29,50,24,70,70,43,43,43,43,30,30,30,37,9,9,9,6,6,29,7,77,59,5,5,5,4,4,0,0],"gold":68,"neow_bonus":"THREE_RARE_CARDS","is_daily":false,"chose_seed":false,"campfire_upgraded":2,"win_rate":0.0,"timestamp":1608856343,"path_taken":["M","M","M","$","M","R","E","R","MIM","R","?","M","E","?","R","BOSS","M","M","?","M","?","E","M","AVR","T","?","R","?","M","$","R","BOSS","M","?","$","?","M","?","M"],"items_purchased_type":["Card","Card","Relic","Card","Relic","Relic","Card","Card","Relic"],"build_version":"2020-12-22","purchased_purges":3,"victory":false,"max_hp_per_floor":[70,70,70,70,70,70,70,70,70,70,70,70,70,70,70,70,70,70,70,70,70,70,70,70,70,77,77,77,77,77,77,77,77,77,77,77,77,77,77,77,77,77],"card_choices":[{"not_picked":["Poison Darts","Venomology"],"picked":"Replay:Bag of Tricks","floor":0.0},{"not_picked":["Sneak Up","Sucker Punch"],"picked":"hubris:Sniper","floor":1.0},{"not_picked":["Flying Knee","ReplayTheSpireMod:Scrap Shanks"],"picked":"Backstab","floor":2.0},{"not_picked":["hubris:SlightOfHand","Bane"],"picked":"Catalyst","floor":3.0},{"not_picked":["Reflex","Quick Slash"],"picked":"conspire:DoublingDagger","floor":5.0},{"not_picked":["Quick Slash","Flying Knee"],"picked":"Prepared","floor":7.0},{"not_picked":["Prepared","Backflip"],"picked":"Corpse Explosion","floor":9.0},{"not_picked":["Sucker Punch","Poisoned Stab"],"picked":"PiercingWail","floor":12.0},{"not_picked":["ReplayTheSpireMod:Speed Training","Dagger Throw"],"picked":"Crippling Poison","floor":13.0},{"not_picked":["ReplayTheSpireMod:Necrosis","Die Die Die"],"picked":"Replay:Bag of Tricks","floor":16},{"not_picked":["All Out Attack","Slice"],"picked":"Hidden Blade","floor":18},{"not_picked":["Bouncing Flask","Backflip"],"picked":"InfectiousVector+1","floor":19},{"not_picked":["Predator","Dagger Throw+1","Prepared"],"picked":"SKIP","floor":21},{"not_picked":["Deflect","Phantasmal Killer","Backflip"],"picked":"SKIP","floor":23},{"not_picked":["Deadly Poison+1","ReplayTheSpireMod:The Works"],"picked":"Distraction+1","floor":24},{"not_picked":["Dagger Spray","Sucker Punch","ReplayTheSpireMod:Shiv Toss"],"picked":"SKIP","floor":27},{"not_picked":[],"picked":"Blur","floor":29},{"not_picked":[],"picked":"Wraith Form v2","floor":29},{"not_picked":["hubris:SlightOfHand","hubris:Sniper"],"picked":"PiercingWail","floor":30},{"not_picked":["Poison Darts","Tools of the Trade"],"picked":"Venomology","floor":33},{"not_picked":["ReplayTheSpireMod:Necrosis","Poison Darts"],"picked":"Burst","floor":34},{"not_picked":["infinitespire:TheBestDefense","infinitespire:FutureSight"],"picked":"hubris:Rewind","floor":34},{"not_picked":["expansioncontent:SuperHexaguard","expansioncontent:FaceSlap"],"picked":"Dramatic Entrance","floor":34},{"not_picked":["Zap","Clockwork:Tinker"],"picked":"AdministrixMod:Daybreak","floor":34},{"not_picked":["Dodge and Roll","Reflex"],"picked":"Infinite Blades","floor":35},{"not_picked":["Poisoned Stab","Sneak Up+1"],"picked":"Adrenaline","floor":36},{"not_picked":["PiercingWail+1","Draining Mist"],"picked":"Fluid Movement+1","floor":39}],"player_experience":301323,"relics_obtained":[{"floor":7.0,"key":"infinitespire:EmpoweringShard"},{"floor":11.0,"key":"ReplayFunnel"},{"floor":13.0,"key":"Replay:Bandana"},{"floor":23,"key":"MawBank"},{"floor":26,"key":"Strawberry"},{"floor":36,"key":"Du-Vu Doll"}],"event_choices":[{"cards_removed":["hexamod:Strike"],"damage_healed":0,"gold_gain":0,"player_choice":"Gave Gold","damage_taken":0,"max_hp_gain":0,"max_hp_loss":0,"event_name":"Beggar","floor":20,"gold_loss":75},{"cards_removed":["Strike_G"],"damage_healed":0,"gold_gain":0,"player_choice":"Purged","damage_taken":0,"max_hp_gain":0,"max_hp_loss":0,"event_name":"Purifier","floor":22,"gold_loss":0}],"is_beta":false,"boss_relics":[{"not_picked":["hubris:TerracottaHorce","Cursed Key"],"picked":"Snecko Eye"},{"not_picked":["hubris:CrackedHourglass","Coffee Dripper"],"picked":"Replay:Grab Bag"},{"not_picked":["Fusion Hammer","CosmicIsotope"],"picked":"Philosopher\u0027s Stone"},{"not_picked":["Velvet Choker","ReplayTheSpireMod:DimensionalGlitch"],"picked":"conspire:SlowCooker"},{"not_picked":["SlaversCollar","conspire:SpecialSausage"],"picked":"HoveringKite"},{"not_picked":["construct:ClawGrip","hubris:ScarierMask"],"picked":"ReplayTheSpireMod:SealedPack"}],"items_purged_floors":[25,31,37],"is_endless":false,"potions_floor_spawned":[3,5,7,13,21,24,36],"killed_by":"4 Shapes","ascension_level":0}}