{"host":"g2lr277mwibby3fj","time":1608902534,"event":{"mods":["BaseMod","Googly Eyes","Minty Spire (QoL Compilation)","StSLib","TestMod"],"gold_per_floor":[112,187,34,34,34,34,63,63,63,82,110,42,60,89,89,191,191,206,206,206,566,585,585,619,632,632,317,329,429,307,321,321,416,416,429,479,498,161,172,172,198,198,244,276,276,288,21,21,21,21],"floor_reached":51,"playtime":1790,"items_purged":["Strike_R","Strike_R","Strike_R","Strike_R"],"score":980,"play_id":"4231c1ba-d873-4dd7-82eb-2ee624970eff","local_time":"20201225212214","is_ascension_mode":true,"campfire_choices":[{"data":"Bash","floor":6.0,"key":"SMITH"},{"data":"Whirlwind","floor":8.0,"key":"SMITH"},{"data":"Pommel Strike","floor":15.0,"key":"SMITH"},{"data":"Armaments","floor":23.0,"key":"SMITH"},{"data":"Bludgeon","floor":32.0,"key":"SMITH"},{"floor":40.0,"key":"DIG"},{"data":"Feel No Pain","floor":49,"key":"SMITH"}],"circlet_count":0,"master_deck":["Defend_R","Defend_R","Defend_R","Defend_R","Bash+1","Whirlwind+1","Pommel Strike+1","Battle Trance","Burning Pact","Double Tap","Armaments+1","Bludgeon+1","Impervious","Demon Form","Backflip+1","Regret","Clumsy","Doubt","Impervious+1","Feel No Pain+1","Pain"],"relics":["Burning Blood","testmod-TestBox","NeowsBlessing","Lantern","testmod-HeartOfDaVinci","Art of War","Akabeko","Meat on the Bone","Snecko Eye","Shovel","testmod-Antiphasic","The Courier","testmod-MagicalMallet","testmod-Brilliant","Toxic Egg 2","ClockworkSouvenir","testmod-Recursion","Tingsha","testmod-Fortitude","testmod-Laevatain","Pen Nib","testmod-IndustrialRevolution","testmod-Nyarlathotep","testmod-AssaultLearning","WarpedTongs"],"acts_visited":["Exordium","TheCity","TheBeyond"],"potions_floor_usage":[50,50,50],"damage_taken":[{"damage":0.0,"enemies":"Small Slimes","floor":1.0,"turns":1.0},{"damage":0.0,"enemies":"Gremlin Nob","floor":7.0,"turns":1.0},{"damage":0.0,"enemies":"2 Louse","floor":10.0,"turns":2.0},{"damage":36.0,"enemies":"Lagavulin","floor":11.0,"turns":5.0},{"damage":0.0,"enemies":"Cultist","floor":13.0,"turns":1.0},{"damage":0.0,"enemies":"Gremlin Nob","floor":14.0,"turns":2.0},{"damage":64.0,"enemies":"Hexaghost","floor":16.0,"turns":9.0},{"damage":0.0,"enemies":"Chosen","floor":18.0,"turns":2.0},{"damage":0.0,"enemies":"Spheric Guardian","floor":22.0,"turns":2.0},{"damage":0.0,"enemies":"Slavers","floor":24.0,"turns":1.0},{"damage":0.0,"enemies":"Chosen and Byrds","floor":25.0,"turns":3.0},{"damage":0.0,"enemies":"Snake Plant","floor":28.0,"turns":1.0},{"damage":0.0,"enemies":"Colosseum Slavers","floor":29.0,"turns":1.0},{"damage":6.0,"enemies":"Colosseum Nobs","floor":29.0,"turns":4.0},{"damage":0.0,"enemies":"Sentry and Sphere","floor":31.0,"turns":1.0},{"damage":13.0,"enemies":"Collector","floor":33.0,"turns":4.0},{"damage":0.0,"enemies":"3 Shapes","floor":35.0,"turns":1.0},{"damage":0.0,"enemies":"Mind Bloom Boss Battle","floor":36.0,"turns":4.0},{"damage":0.0,"enemies":"3 Darklings","floor":37.0,"turns":1.0},{"damage":0.0,"enemies":"4 Shapes","floor":39.0,"turns":2.0},{"damage":0,"enemies":"Reptomancer","floor":41,"turns":2},{"damage":42,"enemies":"Nemesis","floor":44,"turns":3},{"damage":13,"enemies":"Transient","floor":46,"turns":5},{"damage":54,"enemies":"Awakened One","floor":50,"turns":11}],"seed_played":"6461445334291360907","potions_obtained":[{"floor":1.0,"key":"Regen Potion"},{"floor":11.0,"key":"Dexterity Potion"},{"floor":14.0,"key":"Explosive Potion"},{"floor":36.0,"key":"PowerPotion"},{"floor":39.0,"key":"testmod-TimePotion"}],"is_trial":false,"path_per_floor":["M","?","$","?","?","R","E","R","T","M","E","$","M","E","R","B",null,"M","?","?","?","M","R","E","M","T","$","M","?","$","M","R","B",null,"M","?","M","$","M","R","E","?","T","E","?","M","$","?","R","B",null],"character_chosen":"IRONCLAD","items_purchased":["LiquidMemories","Battle Trance","testmod-MagicalMallet","Bludgeon","ClockworkSouvenir","testmod-Fortitude","Feel No Pain","testmod-AssaultLearning"],"campfire_rested":0,"item_purchase_floors":[3,12,27,27,30,38,47,47],"current_hp_per_floor":[80,69,69,74,74,74,80,80,80,85,55,55,61,67,67,21,85,85,85,85,49,55,55,61,67,67,67,73,79,79,85,85,78,85,85,85,85,85,85,85,85,81,81,50,40,45,45,45,45,28],"gold":21,"neow_bonus":"THREE_ENEMY_KILL","is_daily":false,"chose_seed":false,"campfire_upgraded":6,"win_rate":0.0,"timestamp":1608902534,"path_taken":["M","?","$","?","?","R","E","R","T","?","E","?","M","E","R","BOSS","M","?","?","?","?","R","E","M","T","$","M","?","$","M","R","BOSS","M","?","M","$","M","R","E","?","T","E","?","M","$","?","R","BOSS"],"items_purchased_type":["Potion","Card","Relic","Card","Relic","Relic","Card","Relic"],"build_version":"2020-12-22","purchased_purges":4,"victory":true,"max_hp_per_floor":[80,80,80,85,85,85,85,85,85,85,85,85,85,85,85,85,85,85,85,85,85,85,85,85,85,85,85,85,85,85,85,85,85,85,85,85,85,85,85,85,85,81,81,86,86,86,86,86,86,91],"card_choices":[{"not_picked":["Clothesline","Clash","Headbutt"],"picked":"SKIP","floor":1.0},{"not_picked":["Iron Wave","Bloodletting"],"picked":"Whirlwind","floor":7.0},{"not_picked":["Warcry","Rage"],"picked":"Pommel Strike","floor":10.0},{"not_picked":["Warcry","Clash","Exhume"],"picked":"SKIP","floor":11.0},{"not_picked":["Flex","Cleave","True Grit"],"picked":"SKIP","floor":13.0},{"not_picked":["Whirlwind","Pommel Strike"],"picked":"Burning Pact","floor":14.0},{"not_picked":["Corruption","Immolate"],"picked":"Double Tap","floor":16.0},{"not_picked":["Iron Wave+1","Clash","Warcry"],"picked":"SKIP","floor":18.0},{"not_picked":["Spot Weakness","Dropkick+1"],"picked":"Armaments","floor":22.0},{"not_picked":["Battle Trance","Havoc+1","Twin Strike"],"picked":"SKIP","floor":24.0},{"not_picked":["Perfected Strike","Armaments+1","Thunderclap+1"],"picked":"SKIP","floor":25.0},{"not_picked":["Armaments+1","Sword Boomerang"],"picked":"Impervious","floor":28.0},{"not_picked":["Havoc+1","Hemokinesis","Headbutt"],"picked":"SKIP","floor":31.0},{"not_picked":["Juggernaut","Immolate"],"picked":"Demon Form","floor":33.0},{"not_picked":["Combust","Seeing Red+1","Infernal Blade+1"],"picked":"SKIP","floor":35.0},{"not_picked":["Searing Blow+1","Sword Boomerang+1","Iron Wave"],"picked":"SKIP","floor":37.0},{"not_picked":["Intimidate+1","Pommel Strike+1","Clash"],"picked":"SKIP","floor":39.0},{"not_picked":["Dual Wield+1","Thunderclap+1","Reckless Charge"],"picked":"SKIP","floor":41},{"not_picked":["Fire Breathing+1","Flex+1"],"picked":"Impervious+1","floor":44},{"not_picked":["Seeing Red+1","Spot Weakness+1","Wild Strike"],"picked":"SKIP","floor":46}],"player_experience":482168,"relics_obtained":[{"floor":7.0,"key":"testmod-HeartOfDaVinci"},{"floor":9.0,"key":"Art of War"},{"floor":11.0,"key":"Akabeko"},{"floor":14.0,"key":"Meat on the Bone"},{"floor":24.0,"key":"testmod-Antiphasic"},{"floor":26.0,"key":"The Courier"},{"floor":29.0,"key":"testmod-Brilliant"},{"floor":29.0,"key":"Toxic Egg 2"},{"floor":36.0,"key":"Tingsha"},{"floor":40.0,"key":"testmod-Laevatain"},{"floor":41,"key":"Pen Nib"},{"floor":43,"key":"testmod-IndustrialRevolution"},{"floor":44,"key":"testmod-Nyarlathotep"}],"event_choices":[{"damage_healed":0.0,"max_hp_gain":0.0,"max_hp_loss":0.0,"gold_gain":75.0,"event_name":"World of Goop","player_choice":"Gather Gold","floor":2.0,"gold_loss":0.0,"damage_taken":11.0},{"damage_healed":0.0,"max_hp_gain":5.0,"max_hp_loss":0.0,"gold_gain":0.0,"event_name":"Big Fish","player_choice":"Donut","floor":4.0,"gold_loss":0.0,"damage_taken":0.0},{"damage_healed":0.0,"max_hp_gain":0.0,"max_hp_loss":0.0,"gold_gain":0.0,"event_name":"WeMeetAgain","player_choice":"Gave Potion","floor":5.0,"gold_loss":0.0,"damage_taken":0.0,"relics_obtained":["Lantern"]},{"cards_removed":["Strike_R"],"damage_healed":0.0,"max_hp_gain":0.0,"max_hp_loss":0.0,"gold_gain":0.0,"event_name":"Back to Basics","player_choice":"Elegance","floor":19.0,"gold_loss":0.0,"damage_taken":0.0},{"damage_healed":0.0,"max_hp_gain":0.0,"max_hp_loss":0.0,"gold_gain":0.0,"event_name":"The Mausoleum","player_choice":"Opened","floor":20.0,"gold_loss":0.0,"damage_taken":0.0,"relics_obtained":["Shovel"]},{"damage_healed":0.0,"max_hp_gain":0.0,"max_hp_loss":0.0,"gold_gain":360.0,"event_name":"Knowing Skull","player_choice":"GOLD GOLD GOLD GOLD ","floor":21.0,"potions_obtained":[],"gold_loss":0.0,"damage_taken":36.0,"cards_obtained":[]},{"damage_healed":0.0,"max_hp_gain":0.0,"max_hp_loss":0.0,"gold_gain":0.0,"event_name":"Colosseum","player_choice":"Fight","floor":29.0,"gold_loss":0.0,"damage_taken":0.0},{"damage_healed":0.0,"max_hp_gain":0.0,"max_hp_loss":0.0,"gold_gain":0.0,"event_name":"Colosseum","player_choice":"Fought Nobs","floor":29.0,"gold_loss":0.0,"damage_taken":0.0},{"damage_healed":0.0,"max_hp_gain":0.0,"max_hp_loss":0.0,"gold_gain":0.0,"event_name":"MindBloom","player_choice":"Fight","floor":36.0,"gold_loss":0.0,"damage_taken":0.0},{"damage_healed":0,"gold_gain":0,"player_choice":"Max HP","damage_taken":0,"max_hp_gain":0,"max_hp_loss":4,"event_name":"Winding Halls","floor":42,"gold_loss":0},{"damage_healed":0,"gold_gain":0,"player_choice":"Memory 3","damage_taken":10,"max_hp_gain":0,"max_hp_loss":0,"event_name":"SensoryStone","floor":45,"gold_loss":0},{"damage_healed":0,"gold_gain":0,"player_choice":"Rummage","damage_taken":0,"relics_obtained":["WarpedTongs"],"max_hp_gain":0,"max_hp_loss":0,"event_name":"Accursed Blacksmith","floor":48,"gold_loss":0,"cards_obtained":["Pain"]}],"is_beta":false,"boss_relics":[{"not_picked":["Inserter","Empty Cage"],"picked":"Snecko Eye"},{"not_picked":["testmod-BatchProcessingSystem","testmod-NegativeEmotionEnhancer"],"picked":"testmod-Recursion"}],"items_purged_floors":[3,27,38,47],"is_endless":false,"potions_floor_spawned":[1,11,14,16,24,25,29,33,36,39,41],"ascension_level":1}}