{"host":"raai0vtvcfkt8csp","time":1608924052,"event":{"mods":["2.2 Compatiblity","AchievementEnabler","BaseMod","Block Reminder","DeckTracker","Defective Defect","GifTheSpireLib","Minty Spire (QoL Compilation)","Quick Restart","Random Character Button","Rare Cards Sparkle","StSLib","Unceasing Turn Reminder"],"gold_per_floor":[118,2,13,13,13,56,81,117,141,73,96,1,14,54,54,54,54],"floor_reached":16,"playtime":944,"items_purged":[],"score":152,"play_id":"fd73f2b1-2068-4d27-8c95-aefbd646c2a0","local_time":"20201225202052","is_ascension_mode":true,"campfire_choices":[{"floor":15,"key":"REST"}],"circlet_count":0,"master_deck":["Strike_R","Strike_R","Strike_R","Strike_R","Strike_R","Defend_R","Defend_R","Defend_R","Defend_R","Bash","Whirlwind","Combust","Rampage","Iron Wave","Evolve","Bludgeon","Ghostly Armor","Hemokinesis","Flash of Steel","Flame Barrier","Juggernaut"],"relics":["Burning Blood","NeowsBlessing","Golden Idol","Nunchaku","Orichalcum","PreservedInsect","The Courier"],"acts_visited":["Exordium"],"potions_floor_usage":[8],"damage_taken":[{"damage":0,"enemies":"Jaw Worm","floor":1,"turns":1},{"damage":0,"enemies":"Small Slimes","floor":3,"turns":1},{"damage":0,"enemies":"3 Sentries","floor":6,"turns":2},{"damage":3,"enemies":"2 Louse","floor":7,"turns":2},{"damage":21,"enemies":"Lagavulin","floor":8,"turns":7},{"damage":14,"enemies":"Exordium Thugs","floor":11,"turns":6},{"damage":7,"enemies":"Looter","floor":13,"turns":3},{"damage":12,"enemies":"3 Sentries","floor":14,"turns":6},{"damage":67,"enemies":"The Guardian","floor":16,"turns":9}],"seed_played":"-9016117394774065725","potions_obtained":[{"floor":3,"key":"ColorlessPotion"},{"floor":6,"key":"Regen Potion"},{"floor":13,"key":"FearPotion"},{"floor":14,"key":"EssenceOfSteel"}],"is_trial":false,"path_per_floor":["M","$","M","?","?","E","M","E","T","$","M","$","M","E","R","B"],"character_chosen":"IRONCLAD","items_purchased":["Combust","Rampage","Ghostly Armor","Flash of Steel"],"campfire_rested":1,"item_purchase_floors":[2,2,10,12],"current_hp_per_floor":[80,80,80,80,60,66,69,54,54,54,46,46,45,39,63,0,0],"gold":54,"neow_bonus":"THREE_ENEMY_KILL","is_daily":false,"chose_seed":false,"campfire_upgraded":0,"win_rate":0.0,"timestamp":1608924052,"path_taken":["M","$","M","?","?","E","M","E","T","?","M","$","M","E","R","BOSS"],"items_purchased_type":["Card","Card","Card","Card"],"build_version":"2020-12-22","purchased_purges":0,"victory":false,"max_hp_per_floor":[80,80,80,80,80,80,80,80,80,80,80,80,80,80,80,80,80],"card_choices":[{"not_picked":["Clash","Pummel"],"picked":"Whirlwind","floor":1},{"not_picked":["Warcry","Havoc"],"picked":"Iron Wave","floor":3},{"not_picked":["Perfected Strike","Clothesline"],"picked":"Evolve","floor":6},{"not_picked":["Feel No Pain","Headbutt"],"picked":"Bludgeon","floor":7},{"not_picked":["Anger","Burning Pact","Twin Strike"],"picked":"SKIP","floor":8},{"not_picked":["Warcry","Iron Wave"],"picked":"Hemokinesis","floor":11},{"not_picked":["Body Slam","Dark Embrace"],"picked":"Flame Barrier","floor":13},{"not_picked":["True Grit","Sword Boomerang"],"picked":"Juggernaut","floor":14}],"player_experience":452728,"relics_obtained":[{"floor":6,"key":"Nunchaku"},{"floor":8,"key":"Orichalcum"},{"floor":9,"key":"PreservedInsect"},{"floor":14,"key":"The Courier"}],"event_choices":[{"damage_healed":0,"gold_gain":0,"player_choice":"Ignored","damage_taken":0,"max_hp_gain":0,"max_hp_loss":0,"event_name":"Golden Wing","floor":4,"gold_loss":0},{"damage_healed":0,"gold_gain":0,"player_choice":"Take Damage","damage_taken":20,"relics_obtained":["Golden Idol"],"max_hp_gain":0,"max_hp_loss":0,"event_name":"Golden Idol","floor":5,"gold_loss":0}],"is_beta":false,"boss_relics":[],"items_purged_floors":[],"is_endless":false,"potions_floor_spawned":[3,6,13,14],"killed_by":"The Guardian","ascension_level":1}}