{"host":"d7b3eqpbli5gspou","time":1608863019,"event":{"mods":["2.2 Compatiblity","BaseMod","Colored Map","Colored Powertips","Downfall","Minty Spire (QoL Compilation)","Quick Restart","Random Character Button","Random Character Mod","Relic Sorter","StSLib"],"gold_per_floor":[99,118,131,23,39,73,73,88,88,99,99,199,199,212,225,330,330,330,346,365,365,103,103,103,103,103,118,118,132,132,152,170,270,270,270,286,303,303,413,425,498,798,818,834,834,854,854,120,134,134,134,134],"floor_reached":50,"playtime":13273,"items_purged":["Slimebound:Defend_Slimebound","Slimebound:Strike_Slimebound","Slimebound:Strike_Slimebound"],"score":525,"play_id":"ad53ae06-6cf2-4423-9c26-78e574c7a759","local_time":"20201224212339","is_ascension_mode":false,"campfire_choices":[{"data":"Slimebound:Split","floor":1,"key":"SMITH"},{"data":"expansioncontent:CaCaw","floor":9,"key":"SMITH"},{"floor":13,"key":"REST"},{"data":"Slimebound:LeechEnergy","floor":18,"key":"SMITH"},{"floor":25,"key":"REST"},{"data":"Slimebound:CheckThePlaybook","floor":30,"key":"SMITH"},{"data":"Slimebound:RainOfGoop","floor":35,"key":"SMITH"},{"data":"Slimebound:SamplingLick","floor":47,"key":"SMITH"}],"circlet_count":0,"master_deck":["Slimebound:Strike_Slimebound","Slimebound:Tackle","Slimebound:Defend_Slimebound","Slimebound:Defend_Slimebound","Slimebound:Defend_Slimebound","Slimebound:Split+1","Slimebound:CorrosiveSpit+1","Slimebound:LeechEnergy+1","Slimebound:LeechEnergy","Slimebound:SplitBruiser","expansioncontent:CaCaw+1","Slimebound:MegaLick","Slimebound:LeechEnergy","Slimebound:Nibble","Slimebound:SlimeTap","Slimebound:OneTwoCombo","Slimebound:SamplingLick+1","Slimebound:LeechEnergy+1","expansioncontent:Corrupt","Slimebound:CheckThePlaybook+1","Slimebound:MegaLick","Slimebound:RainOfGoop+1","Slimebound:Schlurp+1","Slimebound:Nibble+1","Slimebound:FinishingTackle+1","Slimebound:OozeBath","Slimebound:ItLooksTasty+1","Slimebound:SamplingLick","Slimebound:SpikyOuterGoop","Slimebound:RollThrough","Parasite","Slimebound:RainOfGoop+1","Slimebound:AcidTongue+1"],"relics":["Slimebound:AbsorbEndCombatUpgraded","Ornamental Fan","Kunai","Black Star","Pear","Slimebound:MaxSlimesRelic","Singing Bowl","Bag of Marbles","Sling","Incense Burner"],"acts_visited":["Exordium","TheCity","TheBeyond"],"potions_floor_usage":[10,27,27,32,33,43],"damage_taken":[{"damage":8,"enemies":"Cultist","floor":2,"turns":3},{"damage":14,"enemies":"Jaw Worm","floor":3,"turns":3},{"damage":20,"enemies":"downfall:FleeingMerchant","floor":4,"turns":4},{"damage":6,"enemies":"2 Louse","floor":5,"turns":3},{"damage":29,"enemies":"3 Sentries","floor":6,"turns":4},{"damage":20,"enemies":"Red Slaver","floor":8,"turns":4},{"damage":5,"enemies":"Exordium Thugs","floor":10,"turns":3},{"damage":8,"enemies":"Large Slime","floor":14,"turns":4},{"damage":8,"enemies":"Red Slaver","floor":15,"turns":3},{"damage":49,"enemies":"downfall:Silent","floor":16,"turns":7},{"damage":19,"enemies":"Shell Parasite","floor":19,"turns":3},{"damage":18,"enemies":"3 Byrds","floor":20,"turns":4},{"damage":16,"enemies":"downfall:FleeingMerchant","floor":22,"turns":4},{"damage":28,"enemies":"Snecko","floor":27,"turns":5},{"damage":10,"enemies":"Cultist and Chosen","floor":29,"turns":3},{"damage":27,"enemies":"Snake Plant","floor":31,"turns":4},{"damage":25,"enemies":"Centurion and Healer","floor":32,"turns":4},{"damage":46,"enemies":"downfall:Defect","floor":33,"turns":7},{"damage":30,"enemies":"3 Darklings","floor":36,"turns":4},{"damage":18,"enemies":"3 Shapes","floor":37,"turns":4},{"damage":45,"enemies":"downfall:FleeingMerchant","floor":39,"turns":4},{"damage":13,"enemies":"3 Darklings","floor":40,"turns":3},{"damage":39,"enemies":"Jaw Worm Horde","floor":43,"turns":3},{"damage":40,"enemies":"Writhing Mass","floor":44,"turns":5},{"damage":30,"enemies":"Maw","floor":46,"turns":7},{"damage":32,"enemies":"Spire Growth","floor":49,"turns":4},{"damage":91,"enemies":"downfall:Ironclad","floor":50,"turns":9}],"seed_played":"-5463954546660854548","potions_obtained":[{"floor":2,"key":"LiquidBronze"},{"floor":5,"key":"DistilledChaos"},{"floor":6,"key":"hexamod:EctoCoolerPotion"},{"floor":14,"key":"EntropicBrew"},{"floor":27,"key":"sneckomod:MuddlingPotion"},{"floor":29,"key":"hexamod:EctoCoolerPotion"},{"floor":32,"key":"SpeedPotion"},{"floor":36,"key":"Regen Potion"},{"floor":44,"key":"SpeedPotion"}],"is_trial":false,"path_per_floor":["R","M","M","$","M","E","T","M","R","M","?","?","R","M","M","B",null,"R","M","M","?","$","?","T","R","?","M","?","M","R","M","M","B",null,"R","M","M","?","$","M","T","?","M","M","?","M","R","$","M","B"],"character_chosen":"SLIMEBOUND","items_purchased":["expansioncontent:CaCaw","expansioncontent:Corrupt","Slimebound:SamplingLick","Slimebound:SpikyOuterGoop","Bag of Marbles","Sling","Incense Burner"],"campfire_rested":2,"item_purchase_floors":[4,22,39,39,48,48,48],"current_hp_per_floor":[60,60,60,50,50,43,43,37,37,34,34,34,52,58,58,37,60,60,54,52,52,58,37,47,68,68,46,46,54,54,47,46,30,70,70,70,70,70,53,70,70,70,70,46,46,72,72,72,61,0,0,0],"gold":134,"neow_bonus":"UPGRADE_CARD","is_daily":false,"chose_seed":false,"campfire_upgraded":6,"win_rate":0.0,"timestamp":1608863019,"path_taken":["R","?","M","$","M","E","T","?","R","?","?","?","R","?","M","BOSS","R","M","M","?","$","?","T","R","?","?","?","M","R","M","M","BOSS","R","M","M","?","$","M","T","?","M","?","?","M","R","$","M","BOSS"],"items_purchased_type":["Card","Card","Card","Card","Relic","Relic","Relic"],"build_version":"2020-12-22","purchased_purges":3,"victory":false,"max_hp_per_floor":[60,60,60,60,60,60,60,60,60,60,60,60,60,60,60,60,60,60,60,60,60,60,60,70,70,70,70,70,70,70,70,70,70,70,70,70,70,70,70,70,70,70,72,72,72,72,72,72,74,74,74,74],"card_choices":[{"not_picked":["Slimebound:LevelUp","Slimebound:ProtectTheBoss"],"picked":"Slimebound:LeechEnergy","floor":2},{"not_picked":["Slimebound:FinishingTackle","Slimebound:ComboTackle"],"picked":"Slimebound:LeechEnergy","floor":3},{"not_picked":["Slimebound:SelfFormingGoo","Slimebound:BestDefense"],"picked":"Slimebound:SplitBruiser","floor":4},{"not_picked":["Slimebound:SamplingLick","Slimebound:FinishingTackle"],"picked":"Slimebound:MegaLick","floor":5},{"not_picked":["Slimebound:GrowthPunch","Slimebound:LeechingTouch"],"picked":"Slimebound:LeechEnergy","floor":6},{"not_picked":["Slimebound:FirmFortitude","Slimebound:GrowthPunch"],"picked":"Slimebound:Nibble","floor":8},{"not_picked":["Slimebound:PressTheAttack","Slimebound:ComboTackle","Slimebound:SlimeSpikes"],"picked":"SKIP","floor":10},{"not_picked":["Slimebound:ComboTackle","Slimebound:LeechEnergy","Slimebound:RollThrough"],"picked":"SKIP","floor":14},{"not_picked":["Slimebound:ComboTackle","Slimebound:Equalize"],"picked":"Slimebound:SlimeTap","floor":15},{"not_picked":["Slimebound:RallyTheTroops","Slimebound:PrepareCrush"],"picked":"Slimebound:OneTwoCombo","floor":16},{"not_picked":["Slimebound:Grow","Slimebound:GoopSpray"],"picked":"Slimebound:SamplingLick","floor":19},{"not_picked":["Slimebound:GoopSpray","Slimebound:SlimeBrawl"],"picked":"Slimebound:LeechEnergy+1","floor":20},{"not_picked":["Slimebound:SplitLeeching+1","Slimebound:LeechingTouch","Slimebound:GoopTackle"],"picked":"SKIP","floor":22},{"not_picked":["Slimebound:SplitAcid","Slimebound:ItLooksTasty"],"picked":"Slimebound:RainOfGoop","floor":27},{"not_picked":["Slimebound:SplitLeeching","Slimebound:SplitMire"],"picked":"Slimebound:Schlurp+1","floor":29},{"not_picked":["Slimebound:CheckThePlaybook","Slimebound:SlimeBrawl"],"picked":"Slimebound:Nibble+1","floor":31},{"not_picked":["Slimebound:ComboTackle","Slimebound:LeechingTouch"],"picked":"Slimebound:FinishingTackle+1","floor":32},{"not_picked":["Slimebound:PrepareCrush","Slimebound:SlimeSlap"],"picked":"Slimebound:OozeBath","floor":33},{"not_picked":["Slimebound:GoopSpray","Slimebound:SplitMire","Slimebound:PressTheAttack"],"picked":"SKIP","floor":36},{"not_picked":["Slimebound:GoopSpray+1","Slimebound:ItLooksTasty+1","Slimebound:FinishingTackle+1"],"picked":"SKIP","floor":37},{"not_picked":["Slimebound:LeechEnergy","Slimebound:GrowthPunch+1"],"picked":"Slimebound:ItLooksTasty+1","floor":39},{"not_picked":["Slimebound:SplitAcid+1","Slimebound:ComboTackle"],"picked":"Slimebound:RollThrough","floor":40},{"not_picked":["Slimebound:SlimeBrawl","Slimebound:Chomp","Slimebound:PrepareCrush"],"picked":"Singing Bowl","floor":43},{"not_picked":["Slimebound:GrowthPunch","Slimebound:SplitLeeching+1"],"picked":"Slimebound:RainOfGoop+1","floor":44},{"not_picked":["Slimebound:ViciousTackle","Slimebound:RollThrough+1"],"picked":"Slimebound:AcidTongue+1","floor":46},{"not_picked":["Slimebound:LeechingTouch+1","Slimebound:SlimeSpikes+1","Slimebound:LeadByExample+1"],"picked":"Singing Bowl","floor":49}],"player_experience":53921,"relics_obtained":[{"floor":6,"key":"Ornamental Fan"},{"floor":7,"key":"Kunai"},{"floor":24,"key":"Pear"},{"floor":38,"key":"Slimebound:MaxSlimesRelic"},{"floor":41,"key":"Singing Bowl"}],"event_choices":[{"damage_healed":0,"gold_gain":0,"player_choice":"Ignored","damage_taken":0,"max_hp_gain":0,"max_hp_loss":0,"event_name":"Vampires","floor":21,"gold_loss":0},{"damage_healed":0,"gold_gain":0,"player_choice":"Copied","damage_taken":0,"max_hp_gain":0,"max_hp_loss":0,"event_name":"Duplicator","floor":26,"gold_loss":0,"cards_obtained":["Slimebound:MegaLick"]},{"damage_healed":0,"gold_gain":300,"player_choice":"Gold","damage_taken":0,"max_hp_gain":0,"max_hp_loss":0,"event_name":"Wheel of Change","floor":42,"gold_loss":0},{"cards_removed":["Slimebound:GoopTackle"],"damage_healed":0,"gold_gain":0,"player_choice":"Removed Attack","damage_taken":0,"max_hp_gain":0,"max_hp_loss":0,"event_name":"Falling","floor":45,"gold_loss":0}],"is_beta":false,"boss_relics":[{"not_picked":["Calling Bell","Empty Cage"],"picked":"Black Star"},{"not_picked":["SacredBark","Fusion Hammer"],"picked":"Slimebound:AbsorbEndCombatUpgraded"}],"items_purged_floors":[22,39,48],"is_endless":false,"potions_floor_spawned":[2,5,6,14,27,29,32,36,44,49],"killed_by":"downfall:Ironclad","ascension_level":0}}