{"host":"fj97s2ebyjeio3oc","time":1608937289,"event":{"mods":["AchievementEnabler","BaseMod","Colored Map","Colored Powertips","Hermit","Hubris","Infinite Spire","Koishi","Minty Spire (QoL Compilation)","StSLib","The Animator","The Bug Knight","The Cursed","The Disciple","The Jungle","The Necromancer"],"gold_per_floor":[109,109,109,128,53,84,84,84,107,126,126,126,126,152,152,255,255,272,286,286,300,300,300,13,13,13,24,24,44,12,12,12,111,111,123,23,23,23,23,23,23,23,100,129,129,146,0,10,10,10],"floor_reached":51,"playtime":3070,"items_purged":["Strike_B","Strike_B","Strike_B","Strike_B","Defend_B"],"score":871,"play_id":"07e34765-92f2-4412-88bd-39914b5ec791","local_time":"20201226000129","is_ascension_mode":true,"campfire_choices":[{"floor":11,"key":"REST"},{"floor":13,"key":"REST"},{"data":"Static Discharge","floor":15,"key":"SMITH"},{"floor":23,"key":"RECALL"},{"floor":25,"key":"REST"},{"data":"infinitespire:Oblivion","floor":28,"key":"SMITH"},{"floor":32,"key":"REST"},{"floor":40,"key":"REST"},{"data":"hubris:Rewind","floor":41,"key":"SMITH"},{"data":"Apotheosis","floor":42,"key":"SMITH"},{"floor":49,"key":"REST"}],"circlet_count":0,"master_deck":["Defend_B","Defend_B","Defend_B","Zap+1","Dualcast","White Noise","Static Discharge+1","Gash","infinitespire:UltimateForm","Cold Snap","Reboot","Gash","Machine Learning","Consume","infinitespire:Oblivion+1","Defragment","Ball Lightning","Lockon","Creative AI","Recycle","Enlightenment","Apotheosis+1","hubris:Rewind+1","Coolheaded+1","Gash"],"relics":["Cracked Core","hubris:Metronome","Strawberry","Anchor","CaptainsWheel","Black Star","Sozu","WingedGreaves","Orichalcum","The Courier","Runic Dome","hubris:Towel","infinitespire:SolderingIron","infinitespire:ShieldingShard","Pantograph","Red Mask"],"acts_visited":["Exordium","TheCity","TheBeyond"],"potions_floor_usage":[10,16,21,27,27],"damage_taken":[{"damage":4,"enemies":"Small Slimes","floor":1,"turns":4},{"damage":7,"enemies":"Jaw Worm","floor":4,"turns":2},{"damage":25,"enemies":"3 Sentries","floor":6,"turns":7},{"damage":9,"enemies":"infinitespire:Voidling","floor":10,"turns":4},{"damage":11,"enemies":"Lagavulin","floor":14,"turns":5},{"damage":34,"enemies":"Slime Boss","floor":16,"turns":10},{"damage":1,"enemies":"Chosen","floor":18,"turns":5},{"damage":12,"enemies":"3 Byrds","floor":19,"turns":3},{"damage":28,"enemies":"Snecko","floor":21,"turns":5},{"damage":8,"enemies":"Chosen and Byrds","floor":27,"turns":5},{"damage":9,"enemies":"Snake Plant","floor":29,"turns":3},{"damage":56,"enemies":"hubris:MusketHawk","floor":33,"turns":7},{"damage":9,"enemies":"Orb Walker","floor":35,"turns":3},{"damage":1,"enemies":"HollowMod:StalkingDevout","floor":44,"turns":5},{"damage":11,"enemies":"3 Darklings","floor":46,"turns":4},{"damage":16,"enemies":"Jaw Worm Horde","floor":48,"turns":4},{"damage":28,"enemies":"Donu and Deca","floor":50,"turns":7}],"seed_played":"7442149149213207515","potions_obtained":[{"floor":4,"key":"Dexterity Potion"},{"floor":6,"key":"SneckoOil"},{"floor":14,"key":"DuplicationPotion"},{"floor":19,"key":"SkillPotion"},{"floor":21,"key":"DuplicationPotion"}],"is_trial":false,"path_per_floor":["M","?","?","M","$","E","?","$","T","M","R","T","R","E","R","B",null,"M","M","?","M","AVR","R","$","R","T","M","R","M","$","?","R","B",null,"M","$","?","?","AVR","R","R","R","T","E","?","M","?","M","R","B",null],"character_chosen":"DEFECT","items_purchased":["Defragment","Orichalcum","Lockon"],"campfire_rested":6,"item_purchase_floors":[24,24,30],"current_hp_per_floor":[64,69,69,62,62,37,17,12,19,10,36,36,62,51,51,17,70,69,57,57,29,29,29,29,55,55,47,47,38,38,38,64,8,67,58,58,58,48,48,74,74,74,74,73,73,62,62,46,72,59],"gold":10,"neow_bonus":"UPGRADE_CARD","is_daily":false,"chose_seed":false,"campfire_upgraded":4,"win_rate":0.0,"timestamp":1608937289,"path_taken":["M","?","?","M","$","E","?","?","T","?","R","?","R","E","R","BOSS","M","M","?","M","AVR","R","$","R","T","M","R","M","$","?","R","BOSS","M","$","?","?","AVR","R","R","R","T","E","?","?","?","M","R","BOSS"],"items_purchased_type":["Card","Relic","Card"],"build_version":"2020-12-22","purchased_purges":5,"victory":true,"max_hp_per_floor":[75,80,80,80,80,80,80,80,87,87,87,87,87,87,87,87,87,87,87,87,87,87,87,87,87,87,87,87,87,87,87,87,87,87,87,87,87,87,87,87,87,87,87,87,87,87,87,87,87,87],"card_choices":[{"not_picked":["Scrape","Stack"],"picked":"White Noise","floor":1},{"not_picked":["Scrape","Fusion"],"picked":"Static Discharge","floor":4},{"not_picked":["Sweeping Beam","Aggregate"],"picked":"Gash","floor":6},{"not_picked":["infinitespire:FinalStrike","infinitespire:SealOfDarkness+"],"picked":"infinitespire:UltimateForm","floor":7},{"not_picked":["Hologram","Fusion"],"picked":"Cold Snap","floor":10},{"not_picked":["Rebound","Steam","Sunder"],"picked":"SKIP","floor":14},{"not_picked":["hubris:SpecializedCircuitry","hubris:DoWhile"],"picked":"Reboot","floor":16},{"not_picked":["Leap","Consume"],"picked":"Gash","floor":18},{"not_picked":["Barrage+1","Streamline"],"picked":"Machine Learning","floor":19},{"not_picked":["Heatsinks+1","Gash"],"picked":"Consume","floor":21},{"not_picked":["Beam Cell","Darkness+1"],"picked":"Ball Lightning","floor":27},{"not_picked":["Beam Cell","Turbo","FTL"],"picked":"SKIP","floor":29},{"not_picked":["Echo Form","Biased Cognition"],"picked":"Creative AI","floor":33},{"not_picked":["Cold Snap+1","Scrape+1"],"picked":"Recycle","floor":35},{"not_picked":["Trip","Flash of Steel"],"picked":"Enlightenment","floor":38},{"not_picked":["Metamorphosis","Forethought"],"picked":"hubris:EnhanceAbility","floor":38},{"not_picked":["Madness","Thinking Ahead"],"picked":"Apotheosis","floor":38},{"not_picked":["Reboot","Scrape+1"],"picked":"Coolheaded+1","floor":44},{"not_picked":["Barrage+1","Reinforced Body"],"picked":"Gash","floor":46},{"not_picked":["Compile Driver","Reinforced Body+1","Steam+1"],"picked":"SKIP","floor":48}],"player_experience":446091,"relics_obtained":[{"floor":6,"key":"hubris:Metronome"},{"floor":9,"key":"Strawberry"},{"floor":12,"key":"Anchor"},{"floor":14,"key":"CaptainsWheel"},{"floor":26,"key":"The Courier"},{"floor":43,"key":"infinitespire:SolderingIron"},{"floor":44,"key":"infinitespire:ShieldingShard"},{"floor":44,"key":"Pantograph"}],"event_choices":[{"damage_healed":0,"gold_gain":0,"player_choice":"Donut","damage_taken":0,"max_hp_gain":5,"max_hp_loss":0,"event_name":"Big Fish","floor":2,"gold_loss":0},{"damage_healed":0,"gold_gain":0,"player_choice":"Ignored","damage_taken":0,"max_hp_gain":0,"max_hp_loss":0,"event_name":"Cursed Tome","floor":31,"gold_loss":0},{"damage_healed":0,"gold_gain":0,"player_choice":"Memory 3","damage_taken":10,"max_hp_gain":0,"max_hp_loss":0,"event_name":"SensoryStone","floor":38,"gold_loss":0},{"cards_removed":["hubris:EnhanceAbility"],"damage_healed":0,"gold_gain":0,"player_choice":"Purged","damage_taken":0,"max_hp_gain":0,"max_hp_loss":0,"event_name":"Purifier","floor":45,"gold_loss":0},{"damage_healed":0,"gold_gain":0,"player_choice":"Paid","damage_taken":0,"relics_obtained":["Red Mask"],"max_hp_gain":0,"max_hp_loss":0,"event_name":"Tomb of Lord Red Mask","floor":47,"gold_loss":146}],"is_beta":false,"boss_relics":[{"not_picked":["SacredBark","Snecko Eye"],"picked":"Black Star"},{"not_picked":["infinitespire:Cupcake","hubris:CrackedHourglass"],"picked":"Runic Dome"}],"items_purged_floors":[5,8,22,24,36],"is_endless":false,"potions_floor_spawned":[4,6,14,19,21,29,33,35,46],"ascension_level":7}}