{"host":"sum4dy402bbv9y4o","time":1608927176,"event":{"mods":["Aspiration","BaseMod","Conspire","Highlight Path","Minty Spire (QoL Compilation)","StSLib"],"gold_per_floor":[117,35,0,0,0,25,25,53,53,65,94,106,129,153,165,253,265,288,300,328,357,62,62,77,77,77,77,77,77,93,103,103,180,180,190,11,31,31,44,44,70,87,87,105,105,105,105],"floor_reached":46,"playtime":1714,"items_purged":["Strike_P"],"score":1070,"play_id":"22bb36c7-2fea-478d-8165-2134f634e696","local_time":"20201225231256","is_ascension_mode":true,"campfire_choices":[{"data":"Eruption","floor":7,"key":"SMITH"},{"data":"Vigilance","floor":10,"key":"SMITH"},{"data":"Consecrate","floor":12,"key":"SMITH"},{"data":"FlurryOfBlows","floor":15,"key":"SMITH"},{"data":"EmptyBody","floor":23,"key":"SMITH"},{"data":"EmptyBody","floor":25,"key":"SMITH"},{"floor":28,"key":"REST"},{"floor":32,"key":"REST"},{"data":"Buffer","floor":40,"key":"SMITH"}],"circlet_count":0,"master_deck":["AscendersBane","Strike_P+1","Defend_P","Eruption+1","Vigilance+1","Halt","EmptyBody+1","FollowUp","FearNoEvil","SandsOfTime+1","Consecrate+1","FlurryOfBlows+1","EmptyBody+1","Brilliance","Consecrate+1","LessonLearned","Nirvana","EmptyBody+1","FlurryOfBlows+1","Flying Knee","Choke","Bouncing Flask","Gash","Buffer+1","TalkToTheHand","Halt","Brilliance","FlyingSleeves+1","Evaluate"],"relics":["PureWater","NeowsBlessing","Mummified Hand","conspire:DecoderRing","MawBank","aspiration:DefectSkillbook","InkBottle","SacredBark","conspire:BottledYoYo","Ice Cream"],"acts_visited":["Exordium","TheCity","TheBeyond"],"potions_floor_usage":[11,20,33,33,33,33,39,41],"damage_taken":[{"damage":0,"enemies":"Cultist","floor":1,"turns":1},{"damage":0,"enemies":"Lagavulin","floor":6,"turns":1},{"damage":0,"enemies":"3 Sentries","floor":8,"turns":2},{"damage":2,"enemies":"2 Louse","floor":11,"turns":3},{"damage":0,"enemies":"Small Slimes","floor":13,"turns":1},{"damage":14,"enemies":"Red Slaver","floor":14,"turns":3},{"damage":12,"enemies":"The Guardian","floor":16,"turns":7},{"damage":2,"enemies":"Chosen","floor":18,"turns":3},{"damage":0,"enemies":"Spheric Guardian","floor":20,"turns":3},{"damage":28,"enemies":"Snake Plant","floor":21,"turns":4},{"damage":2,"enemies":"Chosen and Byrds","floor":24,"turns":3},{"damage":23,"enemies":"conspire:HollyBat","floor":30,"turns":7},{"damage":0,"enemies":"Snake Plant","floor":31,"turns":2},{"damage":44,"enemies":"conspire:MysteriousRune","floor":33,"turns":5},{"damage":7,"enemies":"3 Shapes","floor":35,"turns":2},{"damage":0,"enemies":"Orb Walker","floor":37,"turns":2},{"damage":0,"enemies":"Spire Growth","floor":39,"turns":4},{"damage":0,"enemies":"Giant Head","floor":41,"turns":7},{"damage":25,"enemies":"Maw","floor":42,"turns":6},{"damage":0,"enemies":"Sphere and 2 Shapes","floor":44,"turns":5},{"damage":16,"enemies":"Nemesis","floor":46,"turns":2}],"seed_played":"6652243995292739604","potions_obtained":[{"floor":6,"key":"Block Potion"},{"floor":11,"key":"CultistPotion"},{"floor":16,"key":"Block Potion"},{"floor":18,"key":"LiquidMemories"},{"floor":33,"key":"LiquidBronze"},{"floor":35,"key":"Block Potion"},{"floor":41,"key":"BlessingOfTheForge"}],"is_trial":false,"path_per_floor":["M","$","?","$","?","E","R","E","T","R","M","R","M","M","R","B",null,"M","?","M","M","$","R","M","R","T","?","R","?","M","M","R","B",null,"M","$","M","?","M","R","E","M","T","M","?","E"],"character_chosen":"WATCHER","items_purchased":["EmptyBody","FollowUp","Nirvana","EmptyBody","EntropicBrew","TalkToTheHand","Halt","PowerPotion"],"campfire_rested":2,"item_purchase_floors":[2,2,22,22,22,36,36,36],"current_hp_per_floor":[61,61,68,68,68,68,68,68,68,68,66,66,66,52,52,40,61,59,59,59,31,31,31,29,29,29,29,49,49,26,26,46,2,52,45,45,45,41,41,41,41,16,16,16,16,0,0],"gold":105,"neow_bonus":"THREE_ENEMY_KILL","is_daily":false,"chose_seed":false,"campfire_upgraded":7,"win_rate":0.0,"timestamp":1608927176,"path_taken":["M","$","?","$","?","E","R","E","T","R","M","R","M","?","R","BOSS","M","?","M","?","$","R","M","R","T","?","R","?","M","M","R","BOSS","M","$","M","?","M","R","E","M","T","M","?","E"],"items_purchased_type":["Card","Card","Card","Card","Potion","Card","Card","Potion"],"build_version":"2020-12-22","purchased_purges":1,"victory":false,"max_hp_per_floor":[68,68,68,68,68,68,68,68,68,68,68,68,68,68,68,68,68,68,68,68,68,68,68,68,68,68,68,68,68,68,68,68,68,68,68,68,68,68,68,68,68,68,68,68,68,68,68],"card_choices":[{"not_picked":["ClearTheMind","FlurryOfBlows"],"picked":"Halt","floor":1},{"not_picked":["SandsOfTime","EmptyBody"],"picked":"FearNoEvil","floor":6},{"not_picked":["Establishment","EmptyMind"],"picked":"SandsOfTime","floor":8},{"not_picked":["JustLucky","PathToVictory"],"picked":"Consecrate","floor":11},{"not_picked":["Halt","Crescendo"],"picked":"FlurryOfBlows","floor":13},{"not_picked":["WreathOfFlame","PathToVictory"],"picked":"EmptyBody","floor":14},{"not_picked":["DeusExMachina","SpiritShield"],"picked":"Brilliance","floor":16},{"not_picked":["Rebound","Double Energy","Go for the Eyes"],"picked":"Consecrate+1","floor":18},{"not_picked":["Collect+1","Sweeping Beam","Stack","CrushJoints"],"picked":"SKIP","floor":20},{"not_picked":["Consecrate","Hologram","Beam Cell"],"picked":"LessonLearned","floor":21},{"not_picked":["Gash","EmptyMind","Establishment"],"picked":"FlurryOfBlows","floor":24},{"not_picked":["Chill","Double Energy","Conserve Battery"],"picked":"Gash","floor":30},{"not_picked":["Glacier","Fasting2","Undo","Redo"],"picked":"SKIP","floor":31},{"not_picked":["Thunder Strike","MasterReality","Judgement"],"picked":"Buffer","floor":33},{"not_picked":["Barrage","Leap","Coolheaded+1","Redo"],"picked":"SKIP","floor":35},{"not_picked":["Ball Lightning","BowlingBash+1","CarveReality"],"picked":"Brilliance","floor":37},{"not_picked":["Sweeping Beam","Beam Cell","Doom and Gloom","PathToVictory"],"picked":"SKIP","floor":39},{"not_picked":["Turbo","Hello World","Redo"],"picked":"FlyingSleeves+1","floor":41},{"not_picked":["Double Energy","Streamline","Pray+1"],"picked":"Evaluate","floor":42},{"not_picked":["BowlingBash","Streamline","ReachHeaven","Chaos"],"picked":"SKIP","floor":44}],"player_experience":2842934,"relics_obtained":[{"floor":6,"key":"Mummified Hand"},{"floor":8,"key":"conspire:DecoderRing"},{"floor":9,"key":"MawBank"},{"floor":26,"key":"InkBottle"},{"floor":41,"key":"conspire:BottledYoYo"},{"floor":43,"key":"Ice Cream"}],"event_choices":[{"damage_healed":17,"gold_gain":0,"player_choice":"Healed","damage_taken":0,"max_hp_gain":0,"max_hp_loss":0,"event_name":"The Cleric","floor":3,"gold_loss":35},{"cards_removed":["Defend_P"],"damage_healed":0,"gold_gain":0,"player_choice":"Purged","damage_taken":0,"max_hp_gain":0,"max_hp_loss":0,"event_name":"Purifier","floor":5,"gold_loss":0},{"damage_healed":0,"gold_gain":0,"player_choice":"Forge","damage_taken":0,"max_hp_gain":0,"max_hp_loss":0,"event_name":"Accursed Blacksmith","floor":19,"gold_loss":0,"cards_upgraded":["EmptyBody"]},{"damage_healed":0,"gold_gain":0,"player_choice":"Ignored","damage_taken":0,"max_hp_gain":0,"max_hp_loss":0,"event_name":"Cursed Tome","floor":27,"gold_loss":0},{"damage_healed":0,"gold_gain":0,"player_choice":"Leave","damage_taken":0,"max_hp_gain":0,"max_hp_loss":0,"event_name":"conspire:Investor","floor":38,"gold_loss":0},{"cards_removed":["Defend_P"],"damage_healed":0,"gold_gain":0,"player_choice":"Purged","damage_taken":0,"max_hp_gain":0,"max_hp_loss":0,"event_name":"Purifier","floor":45,"gold_loss":0}],"is_beta":false,"boss_relics":[{"not_picked":["aspiration:FutureDiary","conspire:SeveredTorchhead"],"picked":"aspiration:DefectSkillbook"},{"not_picked":["Fusion Hammer","HolyWater"],"picked":"SacredBark"}],"items_purged_floors":[22],"is_endless":false,"potions_floor_spawned":[6,11,16,18,30,31,33,35,41],"killed_by":"Nemesis","ascension_level":20}}