{"host":"pjgcdp3h1plnbocs","time":1608909835,"event":{"mods":["AchievementEnabler","BaseMod","Colored Map","Highlight Path","Minty Spire (QoL Compilation)"],"gold_per_floor":[113,127,178,353,303,303,314,349,349,378,378,8,42,55,55,154,154,174,74,90,15,35,67,82,82,82],"floor_reached":25,"playtime":886,"items_purged":["Strike_R","Strike_R"],"score":301,"play_id":"fd7dc508-490b-4896-baec-bbd7484e67f1","local_time":"20201225162355","is_ascension_mode":true,"campfire_choices":[{"data":"Bash","floor":6,"key":"SMITH"},{"floor":11,"key":"REST"},{"data":"Limit Break","floor":15,"key":"SMITH"}],"circlet_count":0,"master_deck":["Strike_R+1","Strike_R","Strike_R+1","Defend_R","Defend_R","Defend_R","Bash+1","Panache","Iron Wave","Inflame","Limit Break+1","Cleave","Thunderclap","Reaper"],"relics":["Burning Blood","Tiny Chest","Bag of Marbles","MealTicket","Mercury Hourglass","Whetstone","ClockworkSouvenir","Boot","SlaversCollar","Shuriken"],"acts_visited":["Exordium","TheCity"],"potions_floor_usage":[8,10,23,25],"damage_taken":[{"damage":1,"enemies":"Cultist","floor":1,"turns":4},{"damage":7,"enemies":"Jaw Worm","floor":2,"turns":3},{"damage":0,"enemies":"2 Louse","floor":7,"turns":2},{"damage":40,"enemies":"3 Sentries","floor":8,"turns":10},{"damage":20,"enemies":"Lagavulin","floor":10,"turns":5},{"damage":24,"enemies":"Gremlin Nob","floor":13,"turns":4},{"damage":1,"enemies":"Looter","floor":14,"turns":2},{"damage":41,"enemies":"The Guardian","floor":16,"turns":10},{"damage":26,"enemies":"3 Byrds","floor":18,"turns":4},{"damage":32,"enemies":"Shell Parasite","floor":20,"turns":5},{"damage":28,"enemies":"Snake Plant","floor":22,"turns":5},{"damage":36,"enemies":"Slavers","floor":23,"turns":4},{"damage":28,"enemies":"Cultist and Chosen","floor":24,"turns":6},{"damage":41,"enemies":"Book of Stabbing","floor":25,"turns":3}],"seed_played":"8405642350029679353","potions_obtained":[{"floor":2,"key":"Strength Potion"},{"floor":7,"key":"SteroidPotion"},{"floor":16,"key":"Strength Potion"},{"floor":18,"key":"SkillPotion"}],"is_trial":false,"path_per_floor":["M","M","T","?","?","R","M","E","T","E","R","$","E","M","R","B",null,"M","$","M","?","M","E","M","E"],"character_chosen":"IRONCLAD","items_purchased":["Whetstone","ClockworkSouvenir"],"campfire_rested":1,"item_purchase_floors":[12,12],"current_hp_per_floor":[61,60,60,60,60,60,66,32,32,18,42,57,39,44,44,9,62,53,68,51,51,38,35,25,0,0],"gold":82,"neow_bonus":"RANDOM_COLORLESS_2","is_daily":false,"chose_seed":false,"campfire_upgraded":2,"win_rate":0.0,"timestamp":1608909835,"path_taken":["M","M","?","?","?","R","M","E","T","E","R","$","E","M","R","BOSS","M","$","M","?","M","E","M","E"],"items_purchased_type":["Relic","Relic"],"build_version":"2020-12-22","purchased_purges":2,"victory":false,"max_hp_per_floor":[80,80,80,80,80,80,80,80,80,80,80,80,80,80,80,80,80,80,80,80,80,80,80,80,80,80],"card_choices":[{"not_picked":["Secret Weapon","Sadistic Nature"],"picked":"Panache","floor":0},{"not_picked":["Shockwave","Havoc","Carnage"],"picked":"SKIP","floor":1},{"not_picked":["Armaments","Flame Barrier"],"picked":"Iron Wave","floor":2},{"not_picked":["Cleave","Wild Strike"],"picked":"Inflame","floor":7},{"not_picked":["Burning Pact","Warcry"],"picked":"Limit Break","floor":8},{"not_picked":["Perfected Strike","Twin Strike"],"picked":"Cleave","floor":10},{"not_picked":["Heavy Blade","Corruption"],"picked":"Thunderclap","floor":13},{"not_picked":["Thunderclap","Sword Boomerang","Armaments"],"picked":"SKIP","floor":14},{"not_picked":["Bludgeon","Brutality"],"picked":"Reaper","floor":16},{"not_picked":["Twin Strike","Armaments","Perfected Strike"],"picked":"SKIP","floor":18},{"not_picked":["Armaments","Wild Strike","Cleave"],"picked":"SKIP","floor":20},{"not_picked":["Perfected Strike+1","Second Wind","Rage"],"picked":"SKIP","floor":22},{"not_picked":["Juggernaut","Feel No Pain","Inflame"],"picked":"SKIP","floor":23},{"not_picked":["Sword Boomerang","Fire Breathing","Iron Wave"],"picked":"SKIP","floor":24}],"player_experience":145794,"relics_obtained":[{"floor":3,"key":"Tiny Chest"},{"floor":8,"key":"Bag of Marbles"},{"floor":9,"key":"MealTicket"},{"floor":10,"key":"Mercury Hourglass"},{"floor":13,"key":"Boot"},{"floor":23,"key":"Shuriken"}],"event_choices":[{"damage_healed":0,"gold_gain":175,"player_choice":"AGREE","damage_taken":0,"max_hp_gain":0,"max_hp_loss":0,"event_name":"Liars Game","floor":4,"gold_loss":0,"cards_obtained":["Doubt"]},{"cards_removed":["Doubt"],"damage_healed":0,"gold_gain":0,"player_choice":"Card Removal","damage_taken":0,"max_hp_gain":0,"max_hp_loss":0,"event_name":"The Cleric","floor":5,"gold_loss":50},{"cards_removed":["Defend_R"],"damage_healed":0,"gold_gain":0,"player_choice":"Gave Gold","damage_taken":0,"max_hp_gain":0,"max_hp_loss":0,"event_name":"Beggar","floor":21,"gold_loss":75}],"is_beta":false,"boss_relics":[{"not_picked":["Snecko Eye","Calling Bell"],"picked":"SlaversCollar"}],"items_purged_floors":[12,19],"is_endless":false,"potions_floor_spawned":[2,7,16,18],"killed_by":"Book of Stabbing","ascension_level":5}}