{"host":"Charlie","time":1608940149,"event":{"mods":["Aspiration","BaseMod","Better Match","Better Skull","Better Third Choice","BetterRewards","ChefMod","Colored Map","Colored Powertips","Conspire","Curses Come First","Downfall","Ekko","Friendly Minions","Halation","Hermit","Hubris","Infinite Spire","Luminous","Melee Mod","Minty Spire (QoL Compilation)","Quick Restart","Rare Cards Sparkle","Relic Stats","Robot Space Explorer","Shade Mod","Spicy Shops","StSLib","SuperFastMode","Synergy Search","The Animator","The Blue Laboratory","The Caster","The Cursed","The Dragon Tamer","The Factory","The Gatherer","The Jungle","The Marked","The Necromancer","Unceasing Turn Reminder","vexMod","??????REMEMod"],"gold_per_floor":[109,109,122,136,136,136,136,136,136,165,184,210,16,44,44,139,139,156,131,131,143,169,169,195,195,195,195,195,228,244,261,261,368,368,383,5,41,51,101,134,152,152,152,152,16,27,44,76,76,83],"floor_reached":51,"playtime":2719,"items_purged":["Pain","theMarked:Strike","theMarked:Strike"],"score":961,"play_id":"0a87ea21-1fa7-4e12-a813-5079299cfaa9","local_time":"20201225154909","is_ascension_mode":false,"campfire_choices":[{"data":"theMarked:MaelstromOfLightning","floor":6,"key":"SMITH"},{"data":"theMarked:SummonStrength","floor":15,"key":"SMITH"},{"data":"theMarked:EternalStudent","floor":23,"key":"SMITH"},{"data":"theMarked:ComboAttacks","floor":27,"key":"SMITH"},{"floor":32,"key":"REST"},{"data":"Calculated Gamble","floor":44,"key":"SMITH"},{"floor":49,"key":"REST"}],"circlet_count":0,"master_deck":["theMarked:BanishingWave","theMarked:Strike","theMarked:Strike","theMarked:Defend","theMarked:Defend","theMarked:SoldierOfQuellstein","Requiem+1","theMarked:WardOff","Calculated Gamble+1","Flying Knee","theMarked:Electrify","theMarked:MaelstromOfLightning+1","theMarked:ReduceFriction","theMarked:Overcharge","theMarked:SummonStrength+1","theMarked:ComboAttacks+1","theMarked:EternalStudent+1","theMarked:WardOff+1","theMarked:Electrocute","theMarked:BanishingStrike","theMarked:BanishingStrike+1","theMarked:Defy","theMarked:Panic+1","theMarked:Electrocute","theMarked:Generate+1","hubris:DuctTapeCard","theMarked:Levitate"],"relics":["theMarked:ArtifactOfAir","REME_ComplimentaryCards","NeowsBlessing","WarpedTongs","Vajra","Bag of Preparation","vexMod:Dragonfruit","Letter Opener","Membership Card","halation:SelfBoilingWater","Calling Bell","aspiration:Lifesprig","aspiration:DSix","hubris:TinFlute","vexMod:MysteryBossChallenge","hexamod:IceCube","hubris:FunFungus","Mango","Vajra","Art of War","FaceOfCleric","halation:IllGainedPizza","Black Star","PreservedInsect","halation:LettersToHer","Omamori","REME_CardOfGreed","Bird Faced Urn","halation:VictoryRuler","Anchor","Lantern","Vajra","hubris:DuctTape","Sling","theMarked:DemonDagger","halation:AfternoonTea"],"acts_visited":["Exordium","TheCity","TheBeyond"],"potions_floor_usage":[14,16,16,31,33,37,40,40,50],"damage_taken":[{"damage":0,"enemies":"Small Slimes","floor":1,"turns":1},{"damage":0,"enemies":"2 Louse","floor":3,"turns":1},{"damage":0,"enemies":"Cultist","floor":4,"turns":1},{"damage":9,"enemies":"3 Sentries","floor":10,"turns":4},{"damage":0,"enemies":"2 Fungi Beasts","floor":11,"turns":1},{"damage":1,"enemies":"Lagavulin","floor":12,"turns":2},{"damage":16,"enemies":"Gremlin Nob","floor":14,"turns":3},{"damage":22,"enemies":"The Guardian","floor":16,"turns":7},{"damage":0,"enemies":"3 Byrds","floor":18,"turns":1},{"damage":0,"enemies":"2 Thieves","floor":21,"turns":3},{"damage":17,"enemies":"Masked Bandits","floor":22,"turns":4},{"damage":40,"enemies":"Gremlin Leader","floor":24,"turns":5},{"damage":7,"enemies":"Slavers","floor":29,"turns":2},{"damage":5,"enemies":"Shelled Parasite and Fungi","floor":30,"turns":2},{"damage":12,"enemies":"Centurion and Healer","floor":31,"turns":2},{"damage":0,"enemies":"Automaton","floor":33,"turns":4},{"damage":0,"enemies":"Orb Walker","floor":35,"turns":1},{"damage":18,"enemies":"conspire:MimicChest","floor":37,"turns":4},{"damage":0,"enemies":"3 Darklings","floor":38,"turns":1},{"damage":0,"enemies":"Mind Bloom Boss Battle","floor":39,"turns":2},{"damage":9,"enemies":"Nemesis","floor":40,"turns":3},{"damage":40,"enemies":"Writhing Mass","floor":41,"turns":3},{"damage":0,"enemies":"Sphere and 2 Shapes","floor":46,"turns":1},{"damage":0,"enemies":"Maw","floor":47,"turns":4},{"damage":0,"enemies":"Giant Head","floor":48,"turns":2},{"damage":43,"enemies":"Time Eater","floor":50,"turns":4}],"seed_played":"-4399389744551598275","potions_obtained":[{"floor":1,"key":"champ:CounterPotion"},{"floor":10,"key":"champ:CounterPotion"},{"floor":12,"key":"blueLaboratory:AbyssPotion"},{"floor":14,"key":"blueLaboratory:PolymorphPotion"},{"floor":21,"key":"Swift Potion"},{"floor":22,"key":"blueLaboratory:BottleOfVodka"},{"floor":24,"key":"SkillPotion"},{"floor":39,"key":"Strength Potion"},{"floor":40,"key":"Strength Potion"},{"floor":41,"key":"Energy Potion"}],"is_trial":false,"path_per_floor":["M","?","M","M","?","R","?","?","T","E","M","E","$","E","R","B",null,"M","?","?","M","?","R","E","?","T","R","?","E","M","M","R","B",null,"M","$","?","M","?","E","M","?","T","R","$","M","M","E","R","B",null],"character_chosen":"THE_DEFAULT","items_purchased":["Membership Card","PreservedInsect","halation:LettersToHer","Omamori","REME_CardOfGreed","blueLaboratory:FrostheartPotion","Sling"],"campfire_rested":2,"item_purchase_floors":[13,36,36,36,36,36,45],"current_hp_per_floor":[70,70,70,70,70,70,70,70,70,66,66,65,65,49,49,27,75,75,75,75,75,58,58,34,34,34,34,34,28,24,14,41,42,93,94,94,77,78,83,82,50,50,50,50,50,53,63,64,94,65],"gold":83,"neow_bonus":"THREE_ENEMY_KILL","is_daily":false,"chose_seed":false,"campfire_upgraded":5,"win_rate":0.0,"timestamp":1608940149,"path_taken":["M","?","M","M","?","R","?","?","T","E","?","E","$","E","R","BOSS","M","?","?","?","?","R","E","?","T","R","?","E","M","M","R","BOSS","M","?","?","?","?","E","M","?","T","R","$","M","M","E","R","BOSS"],"items_purchased_type":["Relic","Relic","Relic","Relic","Relic","Potion","Relic"],"build_version":"2020-12-18","purchased_purges":3,"victory":true,"max_hp_per_floor":[70,70,70,70,70,70,70,70,70,75,75,75,75,75,75,75,75,75,75,75,75,75,75,89,89,89,89,89,90,91,92,92,93,93,94,94,95,96,97,98,99,99,99,99,99,100,101,102,102,103],"relic_stats":{"FaceOfCleric":14,"counters":[26,68],"Bird Faced Urn":[18],"PreservedInsect":172,"Bag of Preparation":[46],"Art of War":[3],"Black Star":2,"Letter Opener":[218],"obtain_stats":[{"aspiration:Lifesprig":17,"Lantern":40,"Vajra":8,"Mango":24,"Bag of Preparation":9,"Sling":45,"FaceOfCleric":28,"halation:VictoryRuler":39,"hubris:FunFungus":22,"aspiration:DSix":17,"halation:LettersToHer":36,"hubris:TinFlute":17,"theMarked:DemonDagger":48,"NeowsBlessing":0,"hubris:DuctTape":43,"vexMod:MysteryBossChallenge":19,"halation:IllGainedPizza":29,"PreservedInsect":36,"Omamori":36,"Letter Opener":12,"halation:SelfBoilingWater":14,"WarpedTongs":7,"vexMod:Dragonfruit":10,"Calling Bell":17,"theMarked:ArtifactOfAir":0,"Anchor":40,"Bird Faced Urn":37,"Art of War":26,"Black Star":34,"Membership Card":13,"REME_CardOfGreed":36,"halation:AfternoonTea":48,"hexamod:IceCube":19,"REME_ComplimentaryCards":0},{"aspiration:Lifesprig":8,"Lantern":21,"Vajra":3,"Mango":12,"Bag of Preparation":3,"Sling":22,"FaceOfCleric":12,"halation:VictoryRuler":20,"hubris:FunFungus":11,"aspiration:DSix":8,"halation:LettersToHer":17,"hubris:TinFlute":8,"theMarked:DemonDagger":25,"NeowsBlessing":0,"hubris:DuctTape":22,"vexMod:MysteryBossChallenge":9,"halation:IllGainedPizza":13,"PreservedInsect":17,"Omamori":17,"Letter Opener":6,"halation:SelfBoilingWater":7,"WarpedTongs":3,"vexMod:Dragonfruit":4,"Calling Bell":8,"theMarked:ArtifactOfAir":0,"Anchor":21,"Bird Faced Urn":18,"Art of War":12,"Black Star":16,"Membership Card":6,"REME_CardOfGreed":17,"halation:AfternoonTea":25,"hexamod:IceCube":9,"REME_ComplimentaryCards":0},{"aspiration:Lifesprig":20,"Lantern":54,"Vajra":3,"Mango":33,"Bag of Preparation":3,"Sling":57,"FaceOfCleric":33,"halation:VictoryRuler":51,"hubris:FunFungus":28,"aspiration:DSix":20,"halation:LettersToHer":44,"hubris:TinFlute":20,"theMarked:DemonDagger":64,"NeowsBlessing":0,"hubris:DuctTape":57,"vexMod:MysteryBossChallenge":21,"halation:IllGainedPizza":35,"PreservedInsect":44,"Omamori":44,"Letter Opener":10,"halation:SelfBoilingWater":13,"WarpedTongs":3,"vexMod:Dragonfruit":7,"Calling Bell":20,"theMarked:ArtifactOfAir":0,"Anchor":54,"Bird Faced Urn":48,"Art of War":33,"Black Star":43,"Membership Card":10,"REME_CardOfGreed":44,"halation:AfternoonTea":64,"hexamod:IceCube":21,"REME_ComplimentaryCards":0}],"WarpedTongs":[65]},"card_choices":[{"not_picked":["theMarked:WastefulAttack","theMarked:Parkour"],"picked":"theMarked:WardOff","floor":1},{"not_picked":["theMarked:Panic","theMarked:Polarize"],"picked":"theMarked:Electrify","floor":3},{"not_picked":["theMarked:SwordAndMagic","theMarked:ParalyzingBlade"],"picked":"theMarked:MaelstromOfLightning","floor":4},{"not_picked":["theMarked:SwordAndMagic","theMarked:ShockingTouch"],"picked":"theMarked:ReduceFriction","floor":10},{"not_picked":["theMarked:SelfDefenseTraining","theMarked:CreepingChasm"],"picked":"theMarked:Overcharge","floor":11},{"not_picked":["theMarked:ChainLightning","theMarked:GodGivenPower"],"picked":"theMarked:SummonStrength","floor":12},{"not_picked":["theMarked:GodGivenPower","theMarked:ResourceFulStrike"],"picked":"theMarked:ComboAttacks","floor":14},{"not_picked":["theMarked:TakeOffHeels","theMarked:UnarmedFury"],"picked":"theMarked:EternalStudent","floor":16},{"not_picked":["theMarked:Frustration","theMarked:Opportunist"],"picked":"theMarked:WardOff+1","floor":18},{"not_picked":["theMarked:KeepCalmAndFightOn","theMarked:WardOff"],"picked":"theMarked:Electrocute","floor":21},{"not_picked":["theMarked:LightningStrikesTwice","theMarked:Reabsorb"],"picked":"theMarked:BanishingStrike","floor":24},{"not_picked":["theMarked:Static+1","theMarked:UnarmedFury","theMarked:ElectricStrings"],"picked":"SKIP","floor":29},{"not_picked":["theMarked:MagicAdept","theMarked:Parkour+1","theMarked:ChainLightning"],"picked":"SKIP","floor":30},{"not_picked":["theMarked:Aftermath","theMarked:Parkour+1"],"picked":"theMarked:BanishingStrike+1","floor":31},{"not_picked":["theMarked:Snap","theMarked:FavorableWinds"],"picked":"theMarked:Defy","floor":33},{"not_picked":["theMarked:ResourceFulStrike+1","theMarked:Reabsorb+1","theMarked:TwofoldDefense+1"],"picked":"SKIP","floor":35},{"not_picked":["theMarked:SwordAndMagic","theMarked:EmpowerWeapon"],"picked":"theMarked:Panic+1","floor":37},{"not_picked":["theMarked:BanishingStrike","theMarked:ElectricStrings+1","theMarked:SwordAndMagic+1"],"picked":"SKIP","floor":38},{"not_picked":["theMarked:RepellingDischarge","theMarked:HeightenedSenses+1"],"picked":"theMarked:Electrocute","floor":40},{"not_picked":["theMarked:HeightenedSenses+1","theMarked:RogueSparks+1"],"picked":"theMarked:Generate+1","floor":41},{"not_picked":["theMarked:ElectricStrings","theMarked:MysticalArsenal+1","theMarked:TwofoldDefense"],"picked":"SKIP","floor":46},{"not_picked":["theMarked:ChainLightning+1","theMarked:Improvise+1","theMarked:Reabsorb"],"picked":"SKIP","floor":47},{"not_picked":["theMarked:WastefulAttack+1","theMarked:Parkour+1"],"picked":"theMarked:Levitate","floor":48}],"player_experience":451793,"relics_obtained":[{"floor":9,"key":"Bag of Preparation"},{"floor":10,"key":"vexMod:Dragonfruit"},{"floor":12,"key":"Letter Opener"},{"floor":14,"key":"halation:SelfBoilingWater"},{"floor":17,"key":"aspiration:Lifesprig"},{"floor":17,"key":"aspiration:DSix"},{"floor":17,"key":"hubris:TinFlute"},{"floor":22,"key":"hubris:FunFungus"},{"floor":24,"key":"Mango"},{"floor":26,"key":"Art of War"},{"floor":29,"key":"halation:IllGainedPizza"},{"floor":37,"key":"Bird Faced Urn"},{"floor":39,"key":"halation:VictoryRuler"},{"floor":40,"key":"Anchor"},{"floor":40,"key":"Lantern"},{"floor":43,"key":"halation:LettersToHer"},{"floor":43,"key":"hubris:DuctTape"},{"floor":48,"key":"theMarked:DemonDagger"},{"floor":48,"key":"halation:AfternoonTea"}],"event_choices":[{"damage_healed":0,"gold_gain":0,"player_choice":"Grow","damage_taken":0,"max_hp_gain":0,"max_hp_loss":0,"event_name":"Living Wall","floor":5,"gold_loss":0,"cards_upgraded":["Requiem"]},{"damage_healed":0,"gold_gain":0,"player_choice":"Rummage","damage_taken":0,"relics_obtained":["WarpedTongs"],"max_hp_gain":0,"max_hp_loss":0,"event_name":"Accursed Blacksmith","floor":7,"gold_loss":0,"cards_obtained":["Pain"]},{"damage_healed":0,"gold_gain":0,"cards_transformed":["Concentrate"],"player_choice":"Transformed","damage_taken":0,"max_hp_gain":0,"max_hp_loss":0,"event_name":"Transmorgrifier","floor":20,"gold_loss":0,"cards_obtained":["theMarked:SuspiciousRaven"]},{"damage_healed":0,"gold_gain":0,"player_choice":"Fought Bandits","damage_taken":0,"max_hp_gain":0,"max_hp_loss":0,"event_name":"Masked Bandits","floor":22,"gold_loss":0},{"damage_healed":0,"gold_gain":0,"player_choice":"Trade","damage_taken":0,"relics_obtained":["FaceOfCleric"],"max_hp_gain":0,"max_hp_loss":0,"event_name":"FaceTrader","floor":28,"gold_loss":0},{"damage_healed":0,"gold_gain":0,"player_choice":"Fight","damage_taken":0,"max_hp_gain":0,"max_hp_loss":0,"event_name":"MindBloom","floor":39,"gold_loss":0}],"is_beta":true,"boss_relics":[{"not_picked":["vexMod:CursedCompass","hubris:Backtick"],"picked":"Calling Bell"},{"not_picked":["halation:Prosthetics","vexMod:RockOfEvil"],"picked":"Black Star"}],"items_purged_floors":[13,36,45],"is_endless":false,"potions_floor_spawned":[1,10,12,14,21,22,24,39,40,41],"ascension_level":0}}