{"host":"ywbsnexmk111etbw","time":1608912679,"event":{"mods":["Act Like it!","BaseMod","Beaked The Cultist","Colored Powertips","Curses Come First","Downfall","Hubris","Infinite Spire","Marisa????????","Minty Spire (QoL Compilation)","Pale of the Ancients","Permanent Neow","Replay The Spire","StSLib","The Cursed","The Dragon Tamer","The Mystic","The Necromancer","Wandering Minibosses"],"gold_per_floor":[114,114,125,125,140,167,167,199,271,271,271,289,28,28,28,126,126,154,154,154,53,55,55,92,92,165,195,220,78,80,80],"floor_reached":30,"playtime":1088,"items_purged":[],"score":395,"play_id":"faefbfa8-dc79-411f-a2ed-0fb2727a8077","local_time":"20201225111119","is_ascension_mode":true,"campfire_choices":[{"floor":7,"key":"REST"},{"floor":10,"key":"REST"},{"floor":15,"key":"REST"},{"floor":23,"key":"REST"},{"floor":25,"key":"REST"}],"circlet_count":0,"master_deck":["beaked:Strike_Y","beaked:Strike_Y+1","beaked:Strike_Y","beaked:Strike_Y","beaked:Strike_Y","beaked:Strike_Y+1","beaked:Defend_Y","beaked:Defend_Y","beaked:Defend_Y","beaked:Defend_Y+1","beaked:Ceremony","beaked:Ceremony","beaked:Ceremony","beaked:KnowThyFoe","beaked:DesperateSwing","beaked:Tweet","beaked:WindBringer","beaked:WildInstinct","beaked:DigDeep","Pain","beaked:StickSmack","ReplayTheSpireMod:Owlgaze","Injury","Writhe","Pain","beaked:MimicMachine+1","ReplayTheSpireMod:Prepare the Ceremony","beaked:Sacrifice","beaked:Windmill+1","ReplayTheSpireMod:IOU"],"relics":["beaked:MendingPlumage","hubris:MedicalManual","Blood Vial","infinitespire:FocusingShard","WarpedTongs","infinitespire:CheckeredPen","Replay:Ancient Bell","Replay:Bandana","hubris:TinFlute","hubris:GlazedTorus","Replay:Blank Codex","Replay:Wax Seal","Snack Pack","Bottled Lightning"],"acts_visited":["Exordium","TheCity"],"potions_floor_usage":[22,24,24,28,30],"damage_taken":[{"damage":14,"enemies":"2 Louse","floor":1,"turns":3},{"damage":16,"enemies":"Jaw Worm","floor":3,"turns":4},{"damage":13,"enemies":"infinitespire:Voidling","floor":5,"turns":4},{"damage":26,"enemies":"Replay:BlueRogue","floor":6,"turns":5},{"damage":44,"enemies":"3 Sentries","floor":8,"turns":4},{"damage":2,"enemies":"Large Slime","floor":12,"turns":4},{"damage":21,"enemies":"Fading Forest","floor":16,"turns":11},{"damage":40,"enemies":"2 Thieves","floor":18,"turns":4},{"damage":0,"enemies":"Chosen","floor":22,"turns":1},{"damage":20,"enemies":"Book of Stabbing","floor":24,"turns":4},{"damage":22,"enemies":"3 Cultists","floor":27,"turns":4},{"damage":54,"enemies":"Centurion and Healer","floor":28,"turns":8},{"damage":18,"enemies":"Shelled Parasite and Fungi","floor":30,"turns":3}],"seed_played":"6934137705562709460","potions_obtained":[{"floor":8,"key":"infinitespire:BlackPotion"},{"floor":12,"key":"sneckomod:MuddlingPotion"},{"floor":18,"key":"AttackPotion"},{"floor":24,"key":"Regen Potion"},{"floor":28,"key":"Weak Potion"}],"is_trial":false,"path_per_floor":["M","?","M","?","M","E","R","E","T","R","?","M","$","?","R","B",null,"M","?","?","$","M","R","E","R","T","M","M","$","M"],"character_chosen":"BEAKED_THE_CULTIST","items_purchased":["infinitespire:CheckeredPen","SmokeBomb","Bottled Lightning"],"campfire_rested":5,"item_purchase_floors":[13,21,29],"current_hp_per_floor":[40,40,33,33,38,28,43,6,6,21,21,30,30,20,35,50,50,18,2,2,2,4,19,15,30,30,25,8,8,0,0],"gold":80,"neow_bonus":"ONE_RANDOM_RARE_CARD","is_daily":false,"chose_seed":false,"campfire_upgraded":0,"win_rate":0.0,"timestamp":1608912679,"path_taken":["M","?","M","?","M","E","R","E","T","R","?","?","$","?","R","BOSS","M","?","?","$","M","R","E","R","T","M","M","?","M"],"items_purchased_type":["Relic","Potion","Relic"],"build_version":"2020-12-22","purchased_purges":0,"victory":false,"max_hp_per_floor":[50,50,50,50,50,50,50,50,50,50,50,50,50,50,50,50,50,50,50,50,50,50,50,50,50,50,50,50,50,50,50],"card_choices":[{"not_picked":["beaked:Brace","beaked:Windmill"],"picked":"beaked:DesperateSwing","floor":1},{"not_picked":["beaked:Negation","beaked:Redirect"],"picked":"beaked:Tweet","floor":3},{"not_picked":["beaked:Tradeoff","beaked:WarriorSpirit"],"picked":"beaked:WindBringer","floor":5},{"not_picked":["beaked:Brainwash","beaked:MachineSpirit"],"picked":"beaked:WildInstinct","floor":6},{"not_picked":["beaked:Redirect","beaked:FeelMyPain"],"picked":"beaked:DigDeep","floor":8},{"not_picked":["beaked:SurvivalInstinct","beaked:CrazyRituals"],"picked":"beaked:StickSmack","floor":12},{"not_picked":["beaked:SacrificialScars","beaked:Sacrifice"],"picked":"ReplayTheSpireMod:Owlgaze","floor":16},{"not_picked":["Replay:Hysterical Blindness","Pain"],"picked":"Injury","floor":17},{"not_picked":["hubris:Greed","Spreading Infection"],"picked":"Writhe","floor":17},{"not_picked":["ReplayTheSpireMod:Doomed","ReplayTheSpireMod:Restless Dread"],"picked":"Pain","floor":17},{"not_picked":["beaked:Insight","beaked:SurvivalInstinct"],"picked":"beaked:MimicMachine+1","floor":18},{"not_picked":["beaked:Negation+1","ReplayTheSpireMod:RavenHex"],"picked":"ReplayTheSpireMod:Prepare the Ceremony","floor":24},{"not_picked":["beaked:SurvivalInstinct","beaked:Insight"],"picked":"beaked:Sacrifice","floor":27},{"not_picked":["beaked:Redirect","beaked:Evade"],"picked":"beaked:Windmill+1","floor":28}],"player_experience":146677,"relics_obtained":[{"floor":6,"key":"hubris:MedicalManual"},{"floor":8,"key":"Blood Vial"},{"floor":9,"key":"infinitespire:FocusingShard"},{"floor":19,"key":"Replay:Blank Codex"},{"floor":24,"key":"Replay:Wax Seal"},{"floor":26,"key":"Snack Pack"}],"event_choices":[{"damage_healed":0,"gold_gain":0,"player_choice":"Leave","damage_taken":0,"max_hp_gain":0,"max_hp_loss":0,"event_name":"The Cleric","floor":4,"gold_loss":0},{"damage_healed":0,"gold_gain":0,"player_choice":"Rummage","damage_taken":0,"relics_obtained":["WarpedTongs"],"max_hp_gain":0,"max_hp_loss":0,"event_name":"Accursed Blacksmith","floor":11,"gold_loss":0,"cards_obtained":["Pain"]},{"damage_healed":0,"gold_gain":0,"player_choice":"Entered Light","damage_taken":10,"max_hp_gain":0,"max_hp_loss":0,"event_name":"Shining Light","floor":14,"gold_loss":0,"cards_upgraded":["beaked:Strike_Y","beaked:Strike_Y"]},{"damage_healed":0,"gold_gain":0,"player_choice":"Obtained Book","damage_taken":16,"max_hp_gain":0,"max_hp_loss":0,"event_name":"Cursed Tome","floor":19,"gold_loss":0}],"is_beta":false,"boss_relics":[{"not_picked":["beaked:SacredDeck","hubris:VirtuousBlindfold"],"picked":"Replay:Ancient Bell"},{"not_picked":["hubris:ToyBattleship","War Paint"],"picked":"Replay:Bandana"},{"not_picked":["infinitespire:EmpoweringShard","Molten Egg 2"],"picked":"hubris:TinFlute"},{"not_picked":["Bird Faced Urn","infinitespire:Lychee Nut"],"picked":"hubris:GlazedTorus"}],"items_purged_floors":[],"is_endless":false,"potions_floor_spawned":[8,12,18,24,28],"killed_by":"Shelled Parasite and Fungi","ascension_level":1}}