{"host":"cfluht5kr2kfk9p9","time":1608883439,"event":{"mods":["ATMod(阿瑾Mod)","BaseMod","GungeonMod","Highlight Path","Koishi","Minty Spire (QoL Compilation)","Quick Restart","Rare Cards Sparkle","Relic Stats","Replay The Spire","RumiaBox-露米娅的神秘盒子","Spicy Shops","StSLib","TestMod","The Alterego","UnlockEverythingMod","[IsaacMod]以撒尖塔","【功能Mod】混沌之环修复补丁","【遗物卡牌】REMEMod"],"gold_per_floor":[117,117,117,192,19,39,69,82,106,161,161,216,216,216,216,318,318,353,413,481,546,582,639,118,216,216,29,29,79,138,232,232,347,347,393,163,259,259,309,374,418,516,539,539,678,803,852,53,53,103,128,128,128,39,132,257],"floor_reached":57,"playtime":2618,"items_purged":["Strike_P","Strike_P+1","Defend_P","REME_CurseOfMatryoshka+1","Strike_P","Strike_P","Establishment+1","Tantrum+1"],"score":3188,"play_id":"68d5ce45-2cbe-4a46-a1d4-c8abc8334596","local_time":"20201225160359","is_ascension_mode":true,"campfire_choices":[{"data":"Eruption","floor":11.0,"key":"SMITH"},{"data":"Omniscience","floor":15.0,"key":"SMITH"},{"data":"EmptyMind","floor":28.0,"key":"SMITH"},{"data":"AT_RealColorLess","floor":32.0,"key":"SMITH"},{"data":"Adaptation","floor":44,"key":"SMITH"},{"floor":49,"key":"RECALL"},{"floor":53,"key":"REST"}],"circlet_count":0,"master_deck":["AscendersBane","AT_FamilyPortrait+1","Omniscience+1","FlurryOfBlows+1","EmptyMind+1","LessonLearned+1","AT_OneInchPunch+1","AT_RealColorLess+1","WheelKick+1","FearNoEvil+1","Tantrum+1","Adaptation+1","REME_BodyOfCthun+1","DeusExMachina+1","Replay:LoomingThreat+1","Devotion+1","MentalFortress+1","TalkToTheHand+1","Parasite"],"relics":["PureWater","HushsDoor","REME_ComplimentaryCards","SteamSale","testmod-Alchemist","NeowsBlessing","GodSword3","DemoMod:PinkGuonStone","AT_MibuBalloonWealth","PreservedInsect","GodSword7","DemoMod:PoisonVial","Void","Philosopher\u0027s Stone","Golden Egg","AnarchistCookbook","Incense Burner","DemoMod:GlassGuonStoneRelic","Simple Rune","Matryoshka","DeathBook","Lizard Tail","Du-Vu Doll","Sling","Ccalipers","AT_GoldPhoenixTree","Ring of Hypnosis","Smiling Mask","Golden Idol","AT_TrinityForce","SatanicBible","DemoMod:MeatBun","Replay:Bottled Snecko","SumBook","Replay:Rubber Ducky","ReplayTheSpireMod:Lightbulb","Medical Kit","DemoMod:GreenGuonStone","InkBottle","REME_LimitBreaker","Chemical X","testmod-InfectionSource"],"acts_visited":["Exordium","TheCity","TheBeyond","TheEnding"],"potions_floor_usage":[56,56,56],"damage_taken":[{"damage":0.0,"enemies":"2 Louse","floor":1.0,"turns":2.0},{"damage":0.0,"enemies":"Small Slimes","floor":6.0,"turns":1.0},{"damage":0.0,"enemies":"Gremlin Nob","floor":7.0,"turns":1.0},{"damage":0.0,"enemies":"Jaw Worm","floor":8.0,"turns":2.0},{"damage":0.0,"enemies":"Replay:BlueRogue","floor":10.0,"turns":3.0},{"damage":0.0,"enemies":"Gremlin Nob","floor":12.0,"turns":1.0},{"damage":10.0,"enemies":"Hexaghost","floor":16.0,"turns":6.0},{"damage":0.0,"enemies":"Spheric Guardian","floor":18.0,"turns":2.0},{"damage":4.0,"enemies":"2 Thieves","floor":19.0,"turns":2.0},{"damage":0.0,"enemies":"Chosen and Byrds","floor":20.0,"turns":2.0},{"damage":9.0,"enemies":"Centurion and Healer","floor":21.0,"turns":2.0},{"damage":0.0,"enemies":"Snake Plant","floor":22.0,"turns":1.0},{"damage":0.0,"enemies":"Replay:Snechameleon","floor":23.0,"turns":2.0},{"damage":0.0,"enemies":"Shelled Parasite and Fungi","floor":25.0,"turns":2.0},{"damage":0.0,"enemies":"Book of Stabbing","floor":30.0,"turns":1.0},{"damage":0.0,"enemies":"3 Cultists","floor":31.0,"turns":1.0},{"damage":42,"enemies":"Champ","floor":33,"turns":4},{"damage":0,"enemies":"Orb Walker","floor":35,"turns":1},{"damage":0,"enemies":"3 Shapes","floor":37,"turns":2},{"damage":0,"enemies":"Maw","floor":39,"turns":1},{"damage":0,"enemies":"R_Hoarder","floor":40,"turns":1},{"damage":0,"enemies":"Writhing Mass","floor":41,"turns":1},{"damage":0,"enemies":"Jaw Worm Horde","floor":42,"turns":2},{"damage":0,"enemies":"3 Darklings","floor":45,"turns":1},{"damage":9,"enemies":"4 Shapes","floor":46,"turns":1},{"damage":0,"enemies":"Donu and Deca","floor":50,"turns":1},{"damage":0,"enemies":"Time Eater","floor":51,"turns":2},{"damage":0,"enemies":"Shield and Spear","floor":55,"turns":1},{"damage":0,"enemies":"Delirium","floor":56,"turns":3}],"seed_played":"-299325561258263481","potions_obtained":[{"floor":6.0,"key":"BottledMiracle"},{"floor":8.0,"key":"PowerPotion"},{"floor":16.0,"key":"Ancient Potion"},{"floor":20.0,"key":"EssenceOfSteel"},{"floor":23.0,"key":"Elixir"},{"floor":25.0,"key":"Adrenaline Potion"},{"floor":31.0,"key":"AttackPotion"}],"is_trial":false,"path_per_floor":["M","?","?","?","$","M","E","M","T","E","R","E","T","?","R","B",null,"M","M","M","M","M","E","$","M","T","$","R","?","E","M","R","B",null,"M","$","M","?","M","E","M","M","T","R","M","M","T","$","R","B","B",null,"R","$","E","B",null],"character_chosen":"WATCHER","items_purchased":["GodSword3","Matryoshka","DeathBook","Lizard Tail","REME_GoldPotion","Sling","Ccalipers","AT_GoldPhoenixTree","SatanicBible","Tantrum","DemoMod:MeatBun","Tantrum","Medical Kit","DemoMod:GreenGuonStone","MentalFortress","InkBottle","REME_LimitBreaker","Chemical X","TalkToTheHand"],"campfire_rested":1,"item_purchase_floors":[5,24,24,24,24,27,27,27,34,34,36,36,48,48,48,48,48,48,54],"current_hp_per_floor":[61,54,54,43,43,43,43,50,50,50,50,50,50,50,50,40,66,66,62,62,61,61,61,61,61,61,61,61,61,61,61,61,19,48,48,57,57,57,57,57,57,57,57,57,57,48,48,48,48,48,48,55,57,57,57,57],"gold":257,"neow_bonus":"THREE_ENEMY_KILL","is_daily":false,"chose_seed":false,"campfire_upgraded":5,"win_rate":0.0,"timestamp":1608883439,"path_taken":["M","?","?","?","$","M","E","M","T","E","R","E","?","?","R","BOSS","M","M","M","M","M","E","$","M","T","$","R","?","E","?","R","BOSS","M","$","M","?","M","E","M","?","T","R","M","M","?","$","R","BOSS","BOSS","R","$","E","BOSS"],"items_purchased_type":["Relic","Relic","Relic","Relic","Potion","Relic","Relic","Relic","Relic","Card","Relic","Card","Relic","Relic","Card","Relic","Relic","Relic","Card"],"build_version":"2020-12-22","purchased_purges":8,"victory":true,"max_hp_per_floor":[68,68,68,68,68,68,68,75,75,75,75,75,75,75,75,75,75,75,75,75,75,75,75,75,75,75,75,75,75,75,75,75,75,57,57,57,57,57,57,57,57,57,57,57,57,57,57,57,57,57,57,57,57,57,57,57],"relic_stats":{"Lizard Tail":0,"counters":[29,52],"Golden Idol":131,"PreservedInsect":268,"Chemical X":[1],"Smiling Mask":550,"Medical Kit":[2],"obtain_stats":[{"DemoMod:GreenGuonStone":48,"Damocles":7,"Golden Egg":18,"AT_ATBox":0,"DemoMod:PoisonVial":12,"AT_MibuBalloonWealth":9,"DemoMod:GlassGuonStoneRelic":6,"Sling":27,"SatanicBible":34,"Lizard Tail":24,"Ccalipers":27,"Philosopher\u0027s Stone":17,"testmod-InfectionSource":55,"Void":14,"KeepersGift":0,"testmod-TestBox":0,"Ring of Hypnosis":29,"DemoMod:ChaffGrenade":26,"REME_LimitBreaker":48,"SteamSale":0,"Du-Vu Doll":26,"DemoMod:MeatBun":36,"Simple Rune":23,"GodSword7":10,"HushsDoor":0,"GodSword3":5,"AnarchistCookbook":19,"Regal Pillow":30,"Incense Burner":20,"Smiling Mask":29,"Replay:Rubber Ducky":43,"DeathBook":24,"testmod-Alchemist":0,"Matryoshka":24,"AT_TrinityForce":34,"Replay:Bottled Snecko":40,"Chemical X":48,"InkBottle":48,"SumBook":43,"NeowsBlessing":0,"Golden Idol":29,"AT_GoldPhoenixTree":27,"DemoMod:PinkGuonStone":8,"PreservedInsect":10,"Ring of Greed":29,"Medical Kit":48,"D4":12,"PureWater":0,"ReplayTheSpireMod:Lightbulb":47,"REME_ComplimentaryCards":0},{"DemoMod:GreenGuonStone":25,"Damocles":3,"Golden Egg":8,"AT_ATBox":0,"DemoMod:PoisonVial":6,"AT_MibuBalloonWealth":4,"DemoMod:GlassGuonStoneRelic":2,"Sling":14,"SatanicBible":17,"Lizard Tail":13,"Ccalipers":14,"Philosopher\u0027s Stone":7,"testmod-InfectionSource":28,"Void":6,"KeepersGift":0,"testmod-TestBox":0,"Ring of Hypnosis":14,"DemoMod:ChaffGrenade":14,"REME_LimitBreaker":25,"SteamSale":0,"Du-Vu Doll":14,"DemoMod:MeatBun":18,"Simple Rune":13,"GodSword7":5,"HushsDoor":0,"GodSword3":1,"AnarchistCookbook":9,"Regal Pillow":15,"Incense Burner":10,"Smiling Mask":14,"Replay:Rubber Ducky":23,"DeathBook":13,"testmod-Alchemist":0,"Matryoshka":13,"AT_TrinityForce":17,"Replay:Bottled Snecko":21,"Chemical X":25,"InkBottle":25,"SumBook":23,"NeowsBlessing":0,"Golden Idol":14,"AT_GoldPhoenixTree":14,"DemoMod:PinkGuonStone":4,"PreservedInsect":5,"Ring of Greed":14,"Medical Kit":25,"D4":6,"PureWater":0,"ReplayTheSpireMod:Lightbulb":25,"REME_ComplimentaryCards":0},{"DemoMod:GreenGuonStone":45,"Damocles":4,"Golden Egg":18,"AT_ATBox":0,"DemoMod:PoisonVial":10,"AT_MibuBalloonWealth":6,"DemoMod:GlassGuonStoneRelic":3,"Sling":29,"SatanicBible":35,"Lizard Tail":27,"Ccalipers":29,"Philosopher\u0027s Stone":16,"testmod-InfectionSource":49,"Void":10,"KeepersGift":0,"testmod-TestBox":0,"Ring of Hypnosis":29,"DemoMod:ChaffGrenade":29,"REME_LimitBreaker":45,"SteamSale":0,"Du-Vu Doll":29,"DemoMod:MeatBun":36,"Simple Rune":27,"GodSword7":9,"HushsDoor":0,"GodSword3":2,"AnarchistCookbook":20,"Regal Pillow":30,"Incense Burner":22,"Smiling Mask":29,"Replay:Rubber Ducky":43,"DeathBook":27,"testmod-Alchemist":0,"Matryoshka":27,"AT_TrinityForce":35,"Replay:Bottled Snecko":40,"Chemical X":45,"InkBottle":45,"SumBook":43,"NeowsBlessing":0,"Golden Idol":29,"AT_GoldPhoenixTree":29,"DemoMod:PinkGuonStone":6,"PreservedInsect":9,"Ring of Greed":29,"Medical Kit":45,"D4":10,"PureWater":0,"ReplayTheSpireMod:Lightbulb":45,"REME_ComplimentaryCards":0}],"InkBottle":[23]},"card_choices":[{"not_picked":["Protect","Evaluate","Crescendo"],"picked":"SKIP","floor":1.0},{"not_picked":["REME_MusicOfDeath","Meditate"],"picked":"FlurryOfBlows","floor":6.0},{"not_picked":["Worship","BowlingBash"],"picked":"EmptyMind","floor":7.0},{"not_picked":["WreathOfFlame","Protect"],"picked":"LessonLearned","floor":8.0},{"not_picked":["Replay:AtTheReady","Wireheading"],"picked":"AT_OneInchPunch","floor":10.0},{"not_picked":["JustLucky","ThirdEye","Evaluate"],"picked":"SKIP","floor":12.0},{"not_picked":["Blasphemy","Alpha"],"picked":"AT_RealColorLess","floor":16.0},{"not_picked":["EmptyBody","Crescendo","FlurryOfBlows"],"picked":"SKIP","floor":18.0},{"not_picked":["Perseverance","CrushJoints","Replay:BluntJabs"],"picked":"SKIP","floor":19.0},{"not_picked":["PathToVictory","CutThroughFate"],"picked":"WheelKick","floor":20.0},{"not_picked":["ClearTheMind","CrushJoints+1","Evaluate"],"picked":"SKIP","floor":21.0},{"not_picked":["AT_SoftenMuscles","Study","FollowUp"],"picked":"SKIP","floor":22.0},{"not_picked":["EmptyMind","Prostrate"],"picked":"FearNoEvil","floor":23.0},{"not_picked":["WindmillStrike","Replay:BluntJabs","Swivel"],"picked":"SKIP","floor":25.0},{"not_picked":["Replay:LoomingThreat","WheelKick+1","Replay:DivineShield"],"picked":"SKIP","floor":30.0},{"not_picked":["JustLucky","Protect","Replay:ManipulateFuture"],"picked":"SKIP","floor":31.0},{"not_picked":["JustLucky","Protect","Replay:ManipulateFuture"],"picked":"SKIP","floor":31.0},{"not_picked":["FollowUp","EmptyBody","FlyingSleeves"],"picked":"SKIP","floor":35},{"not_picked":["Halt","Protect"],"picked":"Adaptation","floor":37},{"not_picked":["testmod-PocketStoneCalender","Mind Blast"],"picked":"REME_BodyOfCthun","floor":38},{"not_picked":["Replay:AtTheReady","Replay:BluntJabs+1","FlurryOfBlows+1"],"picked":"SKIP","floor":39},{"not_picked":["EmptyFist+1","WheelKick","Replay:ManipulateFuture"],"picked":"SKIP","floor":40},{"not_picked":["AT_SoftenMuscles","Replay:Hum","FlyingSleeves+1"],"picked":"SKIP","floor":41},{"not_picked":["PathToVictory+1","Indignation+1","Swivel+1"],"picked":"SKIP","floor":42},{"not_picked":["REME_MusicOfDeath+1","SandsOfTime","Halt+1"],"picked":"SKIP","floor":45},{"not_picked":["SpiritShield","Replay:BluntJabs+1","PathToVictory"],"picked":"SKIP","floor":46},{"not_picked":["FlyingSleeves","Nirvana","DeceiveReality"],"picked":"SKIP","floor":55}],"player_experience":16333,"relics_obtained":[{"floor":7.0,"key":"Damocles"},{"floor":8.0,"key":"DemoMod:PinkGuonStone"},{"floor":9.0,"key":"AT_MibuBalloonWealth"},{"floor":10.0,"key":"PreservedInsect"},{"floor":10.0,"key":"GodSword7"},{"floor":12.0,"key":"DemoMod:PoisonVial"},{"floor":12.0,"key":"D4"},{"floor":18.0,"key":"Golden Egg"},{"floor":19.0,"key":"AnarchistCookbook"},{"floor":20.0,"key":"Incense Burner"},{"floor":23.0,"key":"Simple Rune"},{"floor":26.0,"key":"DemoMod:ChaffGrenade"},{"floor":26.0,"key":"Du-Vu Doll"},{"floor":29.0,"key":"Ring of Hypnosis"},{"floor":29.0,"key":"Ring of Greed"},{"floor":29.0,"key":"Smiling Mask"},{"floor":29.0,"key":"Golden Idol"},{"floor":30.0,"key":"Regal Pillow"},{"floor":40,"key":"Replay:Bottled Snecko"},{"floor":43,"key":"SumBook"},{"floor":43,"key":"Replay:Rubber Ducky"},{"floor":47,"key":"ReplayTheSpireMod:Lightbulb"},{"floor":55,"key":"testmod-InfectionSource"}],"event_choices":[{"cards_removed":["Defend_P"],"damage_healed":0.0,"max_hp_gain":0.0,"max_hp_loss":0.0,"gold_gain":0.0,"event_name":"Golden Wing","player_choice":"Card Removal","floor":2.0,"gold_loss":0.0,"damage_taken":7.0},{"damage_healed":0.0,"max_hp_gain":0.0,"max_hp_loss":0.0,"gold_gain":75.0,"event_name":"World of Goop","player_choice":"Gather Gold","floor":4.0,"gold_loss":0.0,"damage_taken":11.0},{"damage_healed":0.0,"max_hp_gain":0.0,"max_hp_loss":0.0,"gold_gain":0.0,"event_name":"给自己的盒子","player_choice":"Swap Relic","floor":14.0,"relics_lost":["D4"],"gold_loss":0.0,"damage_taken":0.0,"relics_obtained":["Void"]},{"damage_healed":0,"gold_gain":0,"player_choice":"Memory 1","damage_taken":0,"max_hp_gain":0,"max_hp_loss":0,"event_name":"SensoryStone","floor":38,"gold_loss":0}],"is_beta":false,"boss_relics":[{"not_picked":["testmod-Nine","Ectoplasm"],"picked":"Philosopher\u0027s Stone"},{"not_picked":[]},{"not_picked":["Empty Cage","Astrolabe"],"picked":"AT_TrinityForce"},{"not_picked":[]}],"items_purged_floors":[5,24,27,34,36,36,48,54],"is_endless":false,"potions_floor_spawned":[6,8,16,20,23,25,30,31,33,39,42,45],"ascension_level":20}}