{"host":"iml8x8es9od4zowg","time":1608906350,"event":{"mods":["BaseMod","Minty Spire (QoL Compilation)","StSLib","The Jungle","¡¼?Úª?ø«¡½REMEMod"],"gold_per_floor":[118,131,131,56,67,102,120,151,151,179,193,210,210,210,210,306,306,316,316,216,216,59,59,79,79,79,110,110,133,159,175,175,270,270,286,303,303,1,18,18,47,67,67,67,67,80,80,93,93,93,93,93,35,62,62],"floor_reached":56,"playtime":2939,"items_purged":["Strike_G","Parasite"],"score":1283,"play_id":"4fc0f988-1754-4f56-9c13-8aeba2b0b222","local_time":"20201225232550","is_ascension_mode":true,"campfire_choices":[{"floor":15,"key":"REST"},{"floor":23,"key":"REST"},{"data":"Apotheosis","floor":25,"key":"SMITH"},{"floor":28,"key":"REST"},{"floor":32,"key":"DIG"},{"floor":40,"key":"RECALL"},{"floor":44,"key":"REST"},{"floor":47,"key":"DIG"},{"floor":49,"key":"DIG"},{"floor":52,"key":"DIG"}],"circlet_count":0,"master_deck":["Strike_G","Strike_G","Strike_G","Strike_G","Defend_G","Defend_G","Defend_G","Defend_G","Defend_G+1","Survivor","Neutralize","Apotheosis+1","Bouncing Flask","Deadly Poison+1","Bane","Deadly Poison","Backflip+1","Corpse Explosion+1","Backstab+1","Corpse Explosion","PiercingWail+1","Deflect","Catalyst","Outmaneuver","Prepared+1","Unload","Finesse","Catalyst","Cloak And Dagger","Outmaneuver","Apotheosis+1","Dodge and Roll+1","Footwork+1","Catalyst"],"relics":["Ring of the Snake","REME_ComplimentaryCards","NeowsBlessing","Tingsha","Pear","Turnip","Frozen Egg 2","Question Card","SlaversCollar","Shovel","DollysMirror","Dream Catcher","Akabeko","Omamori","Bag of Marbles","WristBlade","Snake Skull","ClockworkSouvenir","CaptainsWheel","The Courier","Tough Bandages","Gambling Chip","Mummified Hand","War Paint"],"acts_visited":["Exordium","Exordium","TheBeyond","TheEnding"],"potions_floor_usage":[16,24,27,41,48,55,55],"damage_taken":[{"damage":0,"enemies":"Jaw Worm","floor":1,"turns":1},{"damage":0,"enemies":"Cultist","floor":2,"turns":1},{"damage":0,"enemies":"2 Louse","floor":5,"turns":1},{"damage":18,"enemies":"Gremlin Nob","floor":6,"turns":4},{"damage":5,"enemies":"Large Slime","floor":7,"turns":5},{"damage":20,"enemies":"3 Sentries","floor":8,"turns":7},{"damage":17,"enemies":"Lagavulin","floor":10,"turns":5},{"damage":3,"enemies":"Exordium Wildlife","floor":11,"turns":4},{"damage":4,"enemies":"Blue Slaver","floor":12,"turns":4},{"damage":11,"enemies":"Slime Boss","floor":16,"turns":14},{"damage":24,"enemies":"theJungle:Flameango_and_Byrd","floor":18,"turns":6},{"damage":13,"enemies":"theJungle:MUSHROOMGANG","floor":24,"turns":2},{"damage":15,"enemies":"theJungle:Cassacara","floor":27,"turns":5},{"damage":0,"enemies":"theJungle:2_Phrogs","floor":30,"turns":4},{"damage":0,"enemies":"theJungle:2_Snecko_Cultists","floor":31,"turns":2},{"damage":23,"enemies":"theJungle:QueenSpyder","floor":33,"turns":11},{"damage":0,"enemies":"3 Darklings","floor":35,"turns":1},{"damage":0,"enemies":"3 Shapes","floor":36,"turns":3},{"damage":16,"enemies":"Transient","floor":39,"turns":5},{"damage":19,"enemies":"Reptomancer","floor":41,"turns":5},{"damage":0,"enemies":"Jaw Worm Horde","floor":42,"turns":2},{"damage":4,"enemies":"Spire Growth","floor":46,"turns":4},{"damage":0,"enemies":"Sphere and 2 Shapes","floor":48,"turns":3},{"damage":33,"enemies":"Donu and Deca","floor":50,"turns":7},{"damage":19,"enemies":"Shield and Spear","floor":54,"turns":5},{"damage":6,"enemies":"The Heart","floor":55,"turns":4}],"seed_played":"-6874524451779099228","potions_obtained":[{"floor":2,"key":"DistilledChaos"},{"floor":7,"key":"Dexterity Potion"},{"floor":11,"key":"SteroidPotion"},{"floor":18,"key":"Regen Potion"},{"floor":30,"key":"Block Potion"},{"floor":31,"key":"FearPotion"},{"floor":41,"key":"CunningPotion"},{"floor":42,"key":"LiquidMemories"},{"floor":46,"key":"Weak Potion"},{"floor":54,"key":"GhostInAJar"}],"is_trial":false,"path_per_floor":["M","M","?","$","M","E","M","E","T","E","M","M","?","?","R","B",null,"M","?","$","?","$","R","M","R","T","E","R","T","E","M","R","B",null,"M","M","?","$","M","R","E","M","T","R","?","M","R","M","R","B",null,"R","$","E","B",null],"character_chosen":"THE_SILENT","items_purchased":["DollysMirror","Snake Skull","ClockworkSouvenir","Catalyst"],"campfire_rested":4,"item_purchase_floors":[22,38,38,53],"current_hp_per_floor":[70,70,70,70,70,62,57,37,37,20,17,13,33,17,41,30,80,56,56,56,38,38,61,57,57,57,42,65,65,65,65,65,42,77,77,77,77,77,61,61,42,42,42,65,65,61,61,61,61,28,77,77,77,58,52],"gold":62,"neow_bonus":"THREE_ENEMY_KILL","is_daily":false,"chose_seed":false,"campfire_upgraded":1,"win_rate":0.0,"timestamp":1608906350,"path_taken":["M","M","?","$","M","E","M","E","T","E","M","?","?","?","R","BOSS","M","?","$","?","?","R","M","R","T","E","R","?","E","M","R","BOSS","M","M","?","?","?","R","E","M","T","R","?","?","R","M","R","BOSS","R","$","E","BOSS"],"items_purchased_type":["Relic","Relic","Relic","Card"],"build_version":"2020-12-22","purchased_purges":2,"victory":true,"max_hp_per_floor":[70,70,70,70,70,80,80,80,80,80,80,80,80,80,80,80,80,80,80,77,77,77,77,77,77,77,77,77,77,77,77,77,77,77,77,77,77,77,77,77,77,77,77,77,77,77,77,77,77,77,77,77,77,77,77],"card_choices":[{"not_picked":["Outmaneuver","Quick Slash"],"picked":"Bouncing Flask","floor":1},{"not_picked":["Flying Knee","Quick Slash"],"picked":"Deadly Poison","floor":2},{"not_picked":["Poisoned Stab","Deflect"],"picked":"Bane","floor":5},{"not_picked":["Grand Finale","Dodge and Roll","Flying Knee"],"picked":"SKIP","floor":6},{"not_picked":["Dodge and Roll","Bane","Sucker Punch"],"picked":"SKIP","floor":7},{"not_picked":["Underhanded Strike","Sucker Punch"],"picked":"Deadly Poison","floor":8},{"not_picked":["Eviscerate","Bane","Poisoned Stab"],"picked":"SKIP","floor":10},{"not_picked":["Slice","Envenom+1","Dagger Spray","REME_GreenPollution+1"],"picked":"SKIP","floor":11},{"not_picked":["REME_ShadowStrike","Finisher","Slice"],"picked":"Backflip","floor":12},{"not_picked":["Storm of Steel","Malaise","Grand Finale"],"picked":"Corpse Explosion","floor":16},{"not_picked":["Underhanded Strike","Setup","Finisher"],"picked":"Backstab+1","floor":18},{"not_picked":["Finisher+1","Deflect","Bane+1"],"picked":"PiercingWail+1","floor":24},{"not_picked":["Acrobatics","Predator","Caltrops+1"],"picked":"Deflect","floor":27},{"not_picked":["Bane+1","Acrobatics","Dodge and Roll"],"picked":"Catalyst","floor":28},{"not_picked":["A Thousand Cuts+1","Phantasmal Killer","Heel Hook","Poisoned Stab"],"picked":"SKIP","floor":30},{"not_picked":["Sucker Punch","Cloak And Dagger","REME_ShadowStrike"],"picked":"Outmaneuver","floor":31},{"not_picked":["Riddle With Holes","Flying Knee+1","Caltrops+1","REME_ShadowStrike"],"picked":"SKIP","floor":35},{"not_picked":["Concentrate","Blade Dance+1","Flying Knee"],"picked":"Prepared+1","floor":36},{"not_picked":["Outmaneuver+1","Dodge and Roll+1","Choke"],"picked":"Catalyst","floor":39},{"not_picked":["All Out Attack","Dagger Spray","After Image+1"],"picked":"Cloak And Dagger","floor":41},{"not_picked":["Endless Agony","Cloak And Dagger","Deadly Poison"],"picked":"Outmaneuver","floor":42},{"not_picked":["PiercingWail+1","Distraction+1","Infinite Blades+1"],"picked":"Dodge and Roll+1","floor":46},{"not_picked":["Infinite Blades+1","Dagger Spray","Deflect"],"picked":"Footwork+1","floor":48},{"not_picked":["Dagger Spray+1","Underhanded Strike+1","Heel Hook+1","Flechettes+1"],"picked":"SKIP","floor":54}],"player_experience":477442,"relics_obtained":[{"floor":6,"key":"Pear"},{"floor":8,"key":"Turnip"},{"floor":9,"key":"Frozen Egg 2"},{"floor":10,"key":"Question Card"},{"floor":27,"key":"Dream Catcher"},{"floor":29,"key":"Akabeko"},{"floor":30,"key":"Omamori"},{"floor":32,"key":"Bag of Marbles"},{"floor":41,"key":"CaptainsWheel"},{"floor":43,"key":"The Courier"},{"floor":47,"key":"Tough Bandages"},{"floor":49,"key":"Gambling Chip"},{"floor":52,"key":"Mummified Hand"},{"floor":54,"key":"War Paint"}],"event_choices":[{"damage_healed":0,"gold_gain":0,"player_choice":"Gave Potion","damage_taken":0,"relics_obtained":["Tingsha"],"max_hp_gain":0,"max_hp_loss":0,"event_name":"WeMeetAgain","floor":3,"gold_loss":0},{"damage_healed":20,"gold_gain":0,"player_choice":"Healed and dodged fight","damage_taken":0,"max_hp_gain":0,"max_hp_loss":0,"event_name":"Mushrooms","floor":13,"gold_loss":0,"cards_obtained":["Parasite"]},{"damage_healed":0,"gold_gain":0,"player_choice":"Entered Light","damage_taken":16,"max_hp_gain":0,"max_hp_loss":0,"event_name":"Shining Light","floor":14,"gold_loss":0,"cards_upgraded":["Backflip","Deadly Poison"]},{"damage_healed":0,"gold_gain":0,"player_choice":"2 cards matched","damage_taken":0,"max_hp_gain":0,"max_hp_loss":0,"event_name":"Match and Keep!","floor":37,"gold_loss":0,"cards_obtained":["Unload","Finesse"]},{"damage_healed":0,"gold_gain":0,"player_choice":"2 cards matched","damage_taken":0,"max_hp_gain":0,"max_hp_loss":0,"event_name":"Match and Keep!","floor":37,"gold_loss":0,"cards_obtained":["Unload","Finesse"]},{"damage_healed":0,"gold_gain":0,"player_choice":"Copied","damage_taken":0,"max_hp_gain":0,"max_hp_loss":0,"event_name":"Duplicator","floor":45,"gold_loss":0,"cards_obtained":["Apotheosis"]}],"is_beta":false,"boss_relics":[{"not_picked":["Tiny House","REME_DuelDisc"],"picked":"SlaversCollar"},{"not_picked":["Philosopher\u0027s Stone","Snecko Eye"],"picked":"WristBlade"}],"items_purged_floors":[4,20],"is_endless":false,"potions_floor_spawned":[2,7,11,18,30,31,41,42,46,54],"ascension_level":1}}