{"host":"zh06ha8197vgjo02","time":1608859446,"event":{"mods":["AchievementEnabler","Arknights The Spire","BaseMod","Better Skull","CapriCore","DeckTracker","GifTheSpireLib","Hermit","Koishi","Marisa£¨Ùöéë¡¡Øª×âÞÞ£©","Minty Spire (QoL Compilation)","Reimu£¨ÚÏ???£©","StSLib","SuperFastMode","Td1madao Mod","The Bug Knight","The Cursed","The Dragon Tamer","The Immortal","TheBandit","WarShipGirlsR/??á´Ò³R mod"],"gold_per_floor":[116,116,130,141,64,64,391,401,476,476,476,476],"floor_reached":11,"playtime":653,"items_purged":[],"score":73,"play_id":"974ec481-2544-497d-9908-6cc1f9b10adb","local_time":"20201225102406","is_ascension_mode":false,"campfire_choices":[{"data":"ats:Emotion Absorption","floor":6,"key":"SMITH"},{"floor":10,"key":"REST"}],"circlet_count":0,"master_deck":["ats:Strike C","ats:Strike G","ats:Strike S","ats:Strike V","ats:Armor Crushing Shot","ats:Defend","ats:Defend","ats:Defend","ats:Defend","ats:Emotion Absorption+1","Regret","Panache","ats:Sword Rain","ats:Leaping Hammer","ats:Revitalization","ats:Song Of Battle","ats:Volcano","ats:Automatic Cover"],"relics":["ats:Sanity","ats:Originium","Old Coin","Kunai"],"acts_visited":["Exordium"],"potions_floor_usage":[8],"damage_taken":[{"damage":2,"enemies":"Small Slimes","floor":1,"turns":3},{"damage":7,"enemies":"Cultist","floor":3,"turns":3},{"damage":6,"enemies":"2 Louse","floor":4,"turns":2},{"damage":48,"enemies":"3 Sentries","floor":7,"turns":9},{"damage":0,"enemies":"Lots of Slimes","floor":8,"turns":1},{"damage":50,"enemies":"HollowMod:MossKnight","floor":11,"turns":14}],"seed_played":"-8284289381706217214","potions_obtained":[{"floor":4,"key":"SmokeBomb"},{"floor":7,"key":"LiquidMemories"}],"is_trial":false,"path_per_floor":["M","?","M","M","$","R","E","M","T","R","E"],"character_chosen":"DOCTOR_CLASS","items_purchased":["ats:Song Of Battle"],"campfire_rested":1,"item_purchase_floors":[5],"current_hp_per_floor":[70,70,63,57,57,57,15,15,15,36,0,0],"gold":476,"neow_bonus":"RANDOM_COLORLESS_2","is_daily":false,"chose_seed":false,"campfire_upgraded":1,"win_rate":0.0,"timestamp":1608859446,"path_taken":["M","?","M","?","?","R","E","M","T","R","E"],"items_purchased_type":["Card"],"build_version":"2020-12-22","purchased_purges":0,"victory":false,"max_hp_per_floor":[72,72,72,72,72,72,72,72,72,72,72,72],"card_choices":[{"not_picked":["Master of Strategy","Thinking Ahead"],"picked":"Panache","floor":0},{"not_picked":["ats:Hammer On","ats:Ignite"],"picked":"ats:Sword Rain","floor":1},{"not_picked":["ats:Guardian Obelisk","ats:Red Shift"],"picked":"ats:Leaping Hammer","floor":3},{"not_picked":["ats:Spore Proliferation","ats:Assault Order"],"picked":"ats:Revitalization","floor":4},{"not_picked":["ats:Flame Of Heaven","ats:Powerful Strike"],"picked":"ats:Volcano","floor":7},{"not_picked":["ats:Childhood Dance","ats:Magnetic Hammer"],"picked":"ats:Automatic Cover","floor":8}],"player_experience":745583,"relics_obtained":[{"floor":7,"key":"ats:Originium"},{"floor":7,"key":"Old Coin"},{"floor":9,"key":"Kunai"}],"event_choices":[{"damage_healed":0,"gold_gain":0,"player_choice":"Ignored","damage_taken":0,"max_hp_gain":0,"max_hp_loss":0,"event_name":"NoteForYourself","floor":2,"gold_loss":0}],"is_beta":false,"boss_relics":[],"items_purged_floors":[],"is_endless":false,"potions_floor_spawned":[4,7],"killed_by":"HollowMod:MossKnight","ascension_level":0}}