{"host":"y1wiywv50kdwfms8","time":1608864248,"event":{"mods":["ATMod(阿瑾Mod)","Ascension Reborn","Aspiration","BaseMod","Challenge The Spire","Conspire","Hermit","Koishi","Luminous","Minty Spire (QoL Compilation)","Quick Restart","Replay The Spire","StSLib","TestMod","The Alterego","The Bug Knight","The Cursed","Yuri Mod","[地精首领爬塔]The Maniac","vexMod","【功能Mod】混沌之环修复补丁","【功能Mod】聪明的最终Boss"],"gold_per_floor":[118,118,132,82,100,141,141,141,224,248,290,308,308,339,339,486,486,525,569,591,623,623,671,709,750,779,815,858,858,906,930,930,1076,1875,1911,1930,1974,1994,2066,2122,2122,2144,2144,2204,2256,2256,2312,2262,2262,2298],"floor_reached":51,"playtime":2542,"items_purged":[],"score":150,"play_id":"dd4ee3b1-8fd6-454e-ae15-1b242c1bbcf7","local_time":"20201225104408","is_ascension_mode":true,"campfire_choices":[{"data":"AT_ShrugMaster","floor":8.0,"key":"SMITH"},{"data":"Sword Boomerang","floor":15,"key":"SMITH"},{"data":"Berserk","floor":29,"key":"SMITH"},{"floor":32,"key":"REST"},{"data":"Limit Break","floor":41,"key":"SMITH"},{"data":"Offering","floor":49,"key":"SMITH"}],"circlet_count":0,"master_deck":["Strike_R+1","Strike_R+1","Strike_R+1","Strike_R+1","Defend_R+1","Defend_R+1","Defend_R+1","Defend_R+1","Bash+1","AT_ShrugMaster+1","AT_IchimonjiDouble+1","Sword Boomerang+1","Reckless Charge","Evolve","conspire:ExplosiveBarrier+1","Fire Breathing+1","Carnage","Berserk+1","Cleave+1","AT_ShrugMaster+1","Demon Form","Thunderclap+1","Flex+1","Havoc+1","Fire Breathing+1","AT_Dispersion","Havoc+1","Bloodletting+1","Reckless Charge+1","Limit Break+1","AT_DrawKnifeCut+1","Offering+1","Bloodletting+1","conspire:SpireCoStock"],"relics":["Burning Blood","testmod-TestBox","testmod-ChristmasGift","NeowsBlessing","AT_ImmortalShieldbow","Replay:Bandana","aspiration:BabyByrd","ReplayTheSpireMod:TigerMarble","testmod-BalancedPeriapt","Replay:Mystery Machine","Charon\u0027s Ashes","conspire:RunicOctahedron","AT_BladeRuinedKing","Pet Ghost","AT_RedTearstoneRing","HollowMod:PaleOreRelic","conspire:Boomerang","vexMod:HeadHunter","vexMod:RockOfEvil","Happy Flower","Potion Belt","Juzu Bracelet","Centennial Puzzle","Chameleon Ring","testmod-Justice","testmod-IndustrialRevolution","Juzu Bracelet","conspire:TopHat"],"acts_visited":["Exordium","TheCity","TheBeyond"],"potions_floor_usage":[16,16,16,16,16,16,19,19,19,21,24,24,24,27,38,40,40,40,40,40,42,42,42,47,47,50,50,50,50,50,50,50,50,50,50,50,50,50,50],"damage_taken":[{"damage":0.0,"enemies":"Cultist","floor":1.0,"turns":1.0},{"damage":0.0,"enemies":"Small Slimes","floor":3.0,"turns":1.0},{"damage":2.0,"enemies":"conspire:RoseBush","floor":5.0,"turns":1.0},{"damage":0.0,"enemies":"Gremlin Nob","floor":6.0,"turns":2.0},{"damage":0.0,"enemies":"Looter","floor":10.0,"turns":1.0},{"damage":9,"enemies":"HollowMod:MossKnight","floor":11,"turns":4},{"damage":1,"enemies":"Blue Slaver","floor":12,"turns":3},{"damage":0,"enemies":"Gremlin Gang","floor":14,"turns":2},{"damage":0,"enemies":"The Guardian","floor":16,"turns":5},{"damage":24,"enemies":"2 Thieves","floor":18,"turns":2},{"damage":10,"enemies":"3 Byrds","floor":19,"turns":3},{"damage":0,"enemies":"conspire:HollyBat","floor":20,"turns":8},{"damage":12,"enemies":"Cultist and Chosen","floor":21,"turns":2},{"damage":3,"enemies":"Book of Stabbing","floor":23,"turns":4},{"damage":5,"enemies":"3 Cultists","floor":24,"turns":2},{"damage":0,"enemies":"Sentry and Sphere","floor":25,"turns":3},{"damage":18,"enemies":"Snake Plant","floor":27,"turns":2},{"damage":0,"enemies":"conspire:HollyBat","floor":28,"turns":4},{"damage":7,"enemies":"conspire:SneckoGhost","floor":30,"turns":3},{"damage":0,"enemies":"Shelled Parasite and Fungi","floor":31,"turns":2},{"damage":0,"enemies":"Pondfish","floor":33,"turns":5},{"damage":0,"enemies":"3 Shapes","floor":35,"turns":3},{"damage":0,"enemies":"Orb Walker","floor":36,"turns":3},{"damage":3,"enemies":"Writhing Mass","floor":37,"turns":3},{"damage":11,"enemies":"4 Shapes","floor":38,"turns":2},{"damage":3,"enemies":"Giant Head","floor":40,"turns":4},{"damage":1,"enemies":"Sphere and 2 Shapes","floor":42,"turns":2},{"damage":3,"enemies":"conspire:MimicChest","floor":44,"turns":2},{"damage":5,"enemies":"HollowMod:StalkingDevout","floor":45,"turns":2},{"damage":5,"enemies":"R_Hoarder","floor":47,"turns":2},{"damage":28,"enemies":"Awakened One","floor":50,"turns":3}],"seed_played":"164315617022356470","potions_obtained":[{"floor":1.0,"key":"LiquidBronze"},{"floor":3.0,"key":"CultistPotion"},{"floor":5.0,"key":"SkillPotion"},{"floor":6.0,"key":"Explosive Potion"},{"floor":10.0,"key":"Strength Potion"},{"floor":12,"key":"Milkshake"},{"floor":21,"key":"SmokeBomb"},{"floor":23,"key":"AttackPotion"},{"floor":23,"key":"AttackPotion"},{"floor":27,"key":"Strength Potion"},{"floor":38,"key":"Block Potion"},{"floor":39,"key":"LiquidBronze"},{"floor":39,"key":"LiquidBronze"},{"floor":39,"key":"LiquidBronze"},{"floor":40,"key":"testmod-TestPotion"},{"floor":42,"key":"SteroidPotion"},{"floor":42,"key":"Explosive Potion"},{"floor":44,"key":"LiquidBronze"},{"floor":47,"key":"Energy Potion"}],"is_trial":false,"path_per_floor":["M","?","M","?","M","E","?","R","T","M","E","M","?","M","R","B",null,"M","M","M","M","?","E","M","M","T","M","M","R","E","M","R","B",null,"M","M","M","M","?","E","R","M","T","?","E","?","E","?","R","B",null],"character_chosen":"IRONCLAD","items_purchased":[],"campfire_rested":1,"item_purchase_floors":[],"current_hp_per_floor":[85,85,85,85,85,85,85,85,85,85,85,85,85,85,85,85,85,71,72,85,81,85,85,85,85,85,77,85,85,85,85,85,85,85,85,85,85,85,64,83,83,85,85,85,85,85,85,85,85,85],"gold":2298,"neow_bonus":"THREE_ENEMY_KILL","is_daily":false,"chose_seed":false,"campfire_upgraded":5,"win_rate":0.0,"timestamp":1608864248,"path_taken":["M","?","M","?","M","E","?","R","T","M","E","M","?","M","R","BOSS","M","M","?","M","?","E","M","M","T","?","M","R","E","?","R","BOSS","M","M","M","?","?","E","R","M","T","?","E","?","E","?","R","BOSS"],"items_purchased_type":[],"build_version":"2020-12-22","purchased_purges":0,"victory":true,"max_hp_per_floor":[85,85,85,85,85,85,85,85,85,85,85,85,85,85,85,85,85,85,85,85,85,85,85,85,85,85,85,85,85,85,85,85,85,85,85,85,85,85,85,85,85,85,85,85,85,85,85,85,85,85],"card_choices":[{"not_picked":["Headbutt+1","Body Slam+1"],"picked":"AT_IchimonjiDouble+1","floor":1.0},{"not_picked":["Dual Wield+1","Havoc","conspire:ExplosiveBarrier"],"picked":"SKIP","floor":3.0},{"not_picked":["Headbutt","Clothesline","Shrug It Off"],"picked":"SKIP","floor":5.0},{"not_picked":["Armaments","Headbutt"],"picked":"conspire:ExplosiveBarrier+1","floor":6.0},{"not_picked":["Abandon","Life Link","Sword Boomerang"],"picked":"SKIP","floor":6.0},{"not_picked":["Wild Strike","Disarm"],"picked":"Fire Breathing+1","floor":10.0},{"not_picked":["Searing Blow","Pummel","Combust"],"picked":"SKIP","floor":11},{"not_picked":["Cleave","Carnage","Sword Boomerang"],"picked":"SKIP","floor":11},{"not_picked":["Juggernaut","ReplayTheSpireMod:Limb From Limb","Perfected Strike"],"picked":"SKIP","floor":12},{"not_picked":["AT_DiedThrough","Life Link","Warcry"],"picked":"SKIP","floor":14},{"not_picked":["Hemogenesis","Reaper"],"picked":"Berserk","floor":16},{"not_picked":["Headbutt+1","Cleave"],"picked":"Massacre","floor":18},{"not_picked":["Body Slam+1","Pummel"],"picked":"Cleave+1","floor":19},{"not_picked":["ReplayTheSpireMod:Limb From Limb","Perfected Strike"],"picked":"AT_ShrugMaster+1","floor":20},{"not_picked":["Infernal Blade","Hemokinesis+1"],"picked":"Demon Form","floor":21},{"not_picked":["Rampage+1","Wild Strike"],"picked":"Thunderclap+1","floor":23},{"not_picked":["ReplayTheSpireMod:Strike From Hell","Headbutt+1"],"picked":"Flex+1","floor":24},{"not_picked":["Wild Strike","Body Slam","Clash"],"picked":"SKIP","floor":25},{"not_picked":["Thunderclap+1","Run Through"],"picked":"Havoc+1","floor":27},{"not_picked":["Headbutt+1","Pummel","Heavy Blade"],"picked":"SKIP","floor":28},{"not_picked":["Cleave","Searing Blow"],"picked":"Fire Breathing+1","floor":30},{"not_picked":["Body Slam+1","Feel No Pain","Sever Soul"],"picked":"SKIP","floor":31},{"not_picked":["Exhume","Juggernaut"],"picked":"AT_Dispersion","floor":33},{"not_picked":["Warcry+1","Heavy Blade+1"],"picked":"Havoc+1","floor":35},{"not_picked":["Rampage+1","Searing Blow+1"],"picked":"Bloodletting+1","floor":36},{"not_picked":["Power Through+1","Carnage","Twin Strike+1"],"picked":"SKIP","floor":37},{"not_picked":["ReplayTheSpireMod:Strike From Hell+1","Heavy Blade+1","Power Through+1"],"picked":"SKIP","floor":38},{"not_picked":["Pommel Strike+1","Headbutt"],"picked":"Reckless Charge+1","floor":39},{"not_picked":["Barricade","Reaper"],"picked":"Limit Break","floor":40},{"not_picked":["Sword Boomerang+1","True Grit+1","Evolve+1"],"picked":"SKIP","floor":40},{"not_picked":["Dropkick+1","Uppercut+1"],"picked":"AT_DrawKnifeCut+1","floor":42},{"not_picked":["Reaper","Corruption"],"picked":"Offering","floor":45},{"not_picked":["Feed","True Grit","Cleave+1"],"picked":"SKIP","floor":45},{"not_picked":["AT_GerminateFire+1","Headbutt+1"],"picked":"Bloodletting+1","floor":47},{"not_picked":["Berserk","Impervious","Bludgeon"],"picked":"SKIP","floor":47}],"player_experience":276564,"relics_obtained":[{"floor":3.0,"key":"AT_ImmortalShieldbow"},{"floor":6.0,"key":"Replay:Bandana"},{"floor":9.0,"key":"ReplayTheSpireMod:TigerMarble"},{"floor":9.0,"key":"testmod-BalancedPeriapt"},{"floor":11,"key":"Replay:Mystery Machine"},{"floor":16,"key":"Charon\u0027s Ashes"},{"floor":23,"key":"AT_BladeRuinedKing"},{"floor":25,"key":"Pet Ghost"},{"floor":26,"key":"AT_RedTearstoneRing"},{"floor":26,"key":"HollowMod:PaleOreRelic"},{"floor":30,"key":"conspire:Boomerang"},{"floor":33,"key":"vexMod:HeadHunter"},{"floor":37,"key":"Happy Flower"},{"floor":38,"key":"Potion Belt"},{"floor":40,"key":"Juzu Bracelet"},{"floor":43,"key":"Centennial Puzzle"},{"floor":43,"key":"Chameleon Ring"},{"floor":44,"key":"testmod-Justice"},{"floor":45,"key":"testmod-IndustrialRevolution"},{"floor":47,"key":"conspire:TopHat"}],"event_choices":[{"cards_removed":["Hemokinesis"],"damage_healed":0.0,"max_hp_gain":0.0,"max_hp_loss":0.0,"gold_gain":0.0,"event_name":"The Cleric","player_choice":"Card Removal","floor":4.0,"gold_loss":50.0,"damage_taken":0.0},{"damage_healed":0,"gold_gain":0,"cards_transformed":["Flame Barrier"],"player_choice":"Transformed","damage_taken":0,"max_hp_gain":0,"max_hp_loss":0,"event_name":"Transmorgrifier","floor":13,"gold_loss":0,"cards_obtained":["Carnage"]},{"cards_removed":["Massacre"],"damage_healed":4,"gold_gain":0,"player_choice":"Offered Uncommon","damage_taken":0,"max_hp_gain":0,"max_hp_loss":0,"event_name":"Bonfire Elementals","floor":22,"gold_loss":0},{"damage_healed":0,"gold_gain":0,"player_choice":"Swap Relic","damage_taken":0,"relics_obtained":["Juzu Bracelet"],"max_hp_gain":0,"max_hp_loss":0,"event_name":"给自己的盒子","floor":46,"relics_lost":["AT_ATBox"],"gold_loss":0},{"damage_healed":0,"gold_gain":0,"player_choice":"Invest 1","damage_taken":0,"max_hp_gain":0,"max_hp_loss":0,"event_name":"conspire:Investor","floor":48,"gold_loss":0}],"is_beta":false,"boss_relics":[{"not_picked":["vexMod:DeviousBotling","Black Blood"],"picked":"conspire:RunicOctahedron"},{"not_picked":["Replay:Bronze Core","Replay:Drink Me"],"picked":"vexMod:RockOfEvil"}],"items_purged_floors":[],"is_endless":false,"potions_floor_spawned":[3,14,16,20,23,24,28,30,35,42,44],"ascension_level":-20}}