{"host":"xwa8eo9nbml0h97x","time":1608918424,"event":{"mods":["Aspiration","BaseMod","Colored Map","Colored Powertips","DeckTracker","Highlight Path","Hubris","Infinite Spire","Minty Spire (QoL Compilation)","Quick Restart","Random Character Button","Relic Sorter","Replay The Spire","StSLib","SuperFastMode","Synergy Search","The Cursed","The Disciple","The Jungle","The Runesmith"],"gold_per_floor":[111,111,127,127,127,160,174,201,201,218,230,250,250,266,266,266,266],"floor_reached":16,"playtime":787,"items_purged":[],"score":114,"play_id":"2287e1c1-8ffe-4cff-91e0-f29c124ddeb3","local_time":"20201225144704","is_ascension_mode":false,"campfire_choices":[{"floor":15,"key":"REST"}],"circlet_count":0,"master_deck":["TheCursedMod:Strike_TheCursed","TheCursedMod:Strike_TheCursed","TheCursedMod:Strike_TheCursed","TheCursedMod:Defend_TheCursed","TheCursedMod:Defend_TheCursed","TheCursedMod:Defend_TheCursed","TheCursedMod:Defend_TheCursed","TheCursedMod:CursedWand","TheCursedMod:CleanUpWorkshop","TheCursedMod:Dregs","TheCursedMod:StingEye","TheCursedMod:SpreadPlague","TheCursedMod:Torture","TheCursedMod:VitalStrike","TheCursedMod:Stigma","TheCursedMod:Hemoplague","TheCursedMod:Evocation"],"relics":["TheCursedMod:BlackMagic101","Lantern","Ring of Peace","ReplayTheSpireMod:Ring of Sloth","infinitespire:Lucky Rock","aspiration:FetidBarrel","Regal Pillow"],"acts_visited":["Exordium"],"potions_floor_usage":[6,8,16,16],"damage_taken":[{"damage":0,"enemies":"Cultist","floor":1,"turns":3},{"damage":0,"enemies":"Jaw Worm","floor":3,"turns":4},{"damage":10,"enemies":"Replay:BlueRogue","floor":6,"turns":6},{"damage":9,"enemies":"2 Louse","floor":7,"turns":2},{"damage":15,"enemies":"3 Sentries","floor":8,"turns":7},{"damage":4,"enemies":"Exordium Thugs","floor":10,"turns":4},{"damage":14,"enemies":"Gremlin Gang","floor":11,"turns":5},{"damage":4,"enemies":"Looter","floor":12,"turns":3},{"damage":0,"enemies":"Lots of Slimes","floor":14,"turns":3},{"damage":65,"enemies":"Slime Boss","floor":16,"turns":8}],"seed_played":"3638241880947874825","potions_obtained":[{"floor":3,"key":"Fire Potion"},{"floor":7,"key":"GamblersBrew"},{"floor":8,"key":"BlessingOfTheForge"},{"floor":10,"key":"infinitespire:BlackPotion"},{"floor":11,"key":"Explosive Potion"}],"is_trial":false,"path_per_floor":["M","?","M","?","?","E","M","E","T","M","M","M","?","M","R","B"],"character_chosen":"THE_CURSED","items_purchased":[],"campfire_rested":1,"item_purchase_floors":[],"current_hp_per_floor":[75,80,80,80,80,70,61,46,46,42,28,24,24,24,63,0,0],"gold":266,"neow_bonus":"RANDOM_COMMON_RELIC","is_daily":false,"chose_seed":false,"campfire_upgraded":0,"win_rate":0.0,"timestamp":1608918424,"path_taken":["M","?","M","?","?","E","M","E","T","M","?","?","?","?","R","BOSS"],"items_purchased_type":[],"build_version":"2020-12-22","purchased_purges":0,"victory":false,"max_hp_per_floor":[75,80,80,80,80,80,80,80,80,80,80,80,80,80,80,80,80],"card_choices":[{"not_picked":["TheCursedMod:FuryStrike","TheCursedMod:SpitefulStrike"],"picked":"TheCursedMod:StingEye","floor":1},{"not_picked":["TheCursedMod:ManaBullet","TheCursedMod:RapidMovement"],"picked":"TheCursedMod:SpreadPlague","floor":3},{"not_picked":["TheCursedMod:CursedAmulet","TheCursedMod:ForbiddenAlchemy"],"picked":"TheCursedMod:Torture","floor":6},{"not_picked":["TheCursedMod:SurpriseAttack","TheCursedMod:AbyssShockwave"],"picked":"TheCursedMod:VitalStrike","floor":7},{"not_picked":["TheCursedMod:TroublousMinions","TheCursedMod:SoulCrush"],"picked":"TheCursedMod:Stigma","floor":8},{"not_picked":["TheCursedMod:ManaBullet","TheCursedMod:CursedShiv","TheCursedMod:RavingStaff"],"picked":"SKIP","floor":10},{"not_picked":["TheCursedMod:AbyssShockwave","TheCursedMod:SpitefulPray"],"picked":"TheCursedMod:Hemoplague","floor":11},{"not_picked":["TheCursedMod:RapidMovement","TheCursedMod:ReleasedStrength"],"picked":"TheCursedMod:Evocation","floor":12},{"not_picked":["TheCursedMod:Grudge","TheCursedMod:Obscuration","TheCursedMod:AbyssShockwave"],"picked":"SKIP","floor":14}],"player_experience":5017,"relics_obtained":[{"floor":4,"key":"Ring of Peace"},{"floor":4,"key":"ReplayTheSpireMod:Ring of Sloth"},{"floor":6,"key":"infinitespire:Lucky Rock"},{"floor":8,"key":"aspiration:FetidBarrel"},{"floor":9,"key":"Regal Pillow"}],"event_choices":[{"damage_healed":0,"gold_gain":0,"player_choice":"Donut","damage_taken":0,"max_hp_gain":5,"max_hp_loss":0,"event_name":"Big Fish","floor":2,"gold_loss":0},{"cards_removed":["TheCursedMod:Strike_TheCursed"],"damage_healed":0,"gold_gain":0,"player_choice":"Purged","damage_taken":0,"max_hp_gain":0,"max_hp_loss":0,"event_name":"Purifier","floor":5,"gold_loss":0},{"damage_healed":0,"gold_gain":0,"player_choice":"Bought 0 Potions","damage_taken":0,"max_hp_gain":0,"max_hp_loss":0,"event_name":"The Woman in Blue","floor":13,"gold_loss":0}],"is_beta":false,"boss_relics":[],"items_purged_floors":[],"is_endless":false,"potions_floor_spawned":[3,7,8,10,11],"killed_by":"Slime Boss","ascension_level":0}}