{"host":"ze754j8gfb8asmsl","time":1608880797,"event":{"mods":["BaseMod","Lobotomy","LobotomyExtend","Marisa（F雨　魔理沙）","Minty Spire (QoL Compilation)","Quick Restart","Relic Stats","Replay The Spire","RumiaBox-露米娅的神秘盒子","Shop Mod","StSLib","vexMod","【东方二次创作】八云紫mod","【功能Mod】混沌之环修复补丁","【遗物卡牌】REMEMod"],"gold_per_floor":[115,115,133,150,55,55,55],"floor_reached":6,"playtime":398,"items_purged":[],"score":61,"play_id":"1912a956-fdcc-4217-82ec-0abf26dca4c6","local_time":"20201225151957","is_ascension_mode":true,"campfire_choices":[],"circlet_count":0,"master_deck":["AscendersBane","Strike_MRS","Strike_MRS","Strike_MRS","Strike_MRS","Defend_MRS","Defend_MRS","Defend_MRS","Defend_MRS","MasterSpark","UpSweep","REME_ProfessionalPlagiarism","FairyDestructionRay","NonDirectionalLaser","StarlightTyphoon","Replay:Bootleg Shield Generator"],"relics":["MiniHakkero","REME_ComplimentaryCards","vexMod:CursedCompass","Baka","AddBug","SecretRecord"],"acts_visited":["Exordium"],"potions_floor_usage":[],"damage_taken":[{"damage":8,"enemies":"Small Slimes","floor":1,"turns":2},{"damage":12,"enemies":"Jaw Worm","floor":3,"turns":2},{"damage":0,"enemies":"2 Louse","floor":4,"turns":1},{"damage":26,"enemies":"Lagavulin","floor":6,"turns":4}],"seed_played":"-9028110289708239743","potions_obtained":[],"is_trial":false,"path_per_floor":["M","?","M","M","$","E"],"character_chosen":"MARISA","items_purchased":["ReplayTheSpireMod:CursedCoin","Replay:Bootleg Shield Generator"],"campfire_rested":0,"item_purchase_floors":[5,5],"current_hp_per_floor":[55,48,26,26,26,0,0],"gold":55,"neow_bonus":"CURSED_BOSS_RELIC","is_daily":false,"chose_seed":false,"campfire_upgraded":0,"win_rate":0.0,"timestamp":1608880797,"path_taken":["M","?","M","M","$","E"],"items_purchased_type":["Relic","Card"],"build_version":"2020-12-22","purchased_purges":0,"victory":false,"max_hp_per_floor":[70,70,78,78,78,78,78],"relic_stats":{"counters":[4,9],"obtain_stats":[{"AddBug":1,"SecretRecord":1,"vexMod:CursedCompass":0,"Baka":1,"MiniHakkero":0,"REME_ComplimentaryCards":0},{"AddBug":1,"SecretRecord":1,"vexMod:CursedCompass":0,"Baka":1,"MiniHakkero":0,"REME_ComplimentaryCards":0},{"AddBug":2,"SecretRecord":2,"vexMod:CursedCompass":0,"Baka":2,"MiniHakkero":0,"REME_ComplimentaryCards":0}]},"card_choices":[{"not_picked":["BlazeAway","LuminesStrike"],"picked":"FairyDestructionRay","floor":1},{"not_picked":["WitchOfGreed","DC"],"picked":"NonDirectionalLaser","floor":3},{"not_picked":["GravityBeat","DragonMeteor"],"picked":"StarlightTyphoon","floor":4}],"player_experience":149737,"relics_obtained":[{"floor":1,"key":"Baka"},{"floor":1,"key":"AddBug"},{"floor":1,"key":"LetterFromLob"},{"floor":3,"key":"LetterFromLob"},{"floor":4,"key":"LetterFromLob"}],"event_choices":[{"cards_removed":["Regret"],"damage_healed":0,"gold_gain":0,"player_choice":"Card Removal","damage_taken":7,"max_hp_gain":0,"max_hp_loss":0,"event_name":"Golden Wing","floor":2,"gold_loss":0}],"is_beta":false,"boss_relics":[],"items_purged_floors":[],"is_endless":false,"potions_floor_spawned":[],"killed_by":"Lagavulin","ascension_level":14}}