{"host":"lck2g1j0kcwr02ez","time":1608877738,"event":{"mods":["Act Like it!","BaseMod","CapriCore","Hallownest","Hermit","Mari Mod (Legacy)","Mari\u0027s V1 Patch","Minty Spire (QoL Compilation)","Nova Terra(ÅµÍÞ¡¤Ì©À­)","Rare Cards Sparkle","StSLib","The Bug Knight","The Hierophant"],"gold_per_floor":[114,7187,7206,7223,7173,7200,7200,7200,7200,7200,7225,7239,6416,6416,6416,6545,6545,6568,6568,6588,6588,6046,6071,6071,6071,6071,6097,6111,6138,6238,6255,6255,6350,6350,6364,5950,6000,6100,6116,6146,5740,5740,5740,5794,5794,5666,5666,5666,5666,5666,5666,5666,5253,5287,5287],"floor_reached":56,"playtime":5681,"items_purged":["hermit:Strike_Hermit","hermit:Strike_Hermit","hermit:Defend_Hermit","hermit:Strike_Hermit","hermit:Defend_Hermit","hermit:Strike_Hermit"],"score":1438,"play_id":"86b0348c-aa64-4676-972f-ae455560d0b6","local_time":"20201225142858","is_ascension_mode":true,"campfire_choices":[{"data":"hermit:CursedWeapon","floor":8,"key":"SMITH"},{"data":"hermit:Virtue","floor":15,"key":"SMITH"},{"data":"hermit:Combo","floor":24,"key":"SMITH"},{"data":"RitualDagger","floor":32,"key":"SMITH"},{"floor":42,"key":"RECALL"},{"data":"hermit:TakeAim","floor":45,"key":"SMITH"},{"data":"hermit:Vantage","floor":49,"key":"SMITH"},{"data":"hermit:Ricochet","floor":52,"key":"SMITH"}],"circlet_count":0,"master_deck":["hermit:Defend_Hermit+1","hermit:Snapshot","hermit:Covet","hermit:CursedWeapon+1","hermit:Headshot","hermit:Virtue+1","Regret","hermit:Roughhouse","hermit:Ricochet+1","hermit:Snipe+1","hermit:Dive+1","J.A.X.","hermit:Combo+1","RitualDagger+1","hermit:Vantage+1","hermit:Glare+1","hermit:TakeAim+1","hermit:Dive","hermit:WideOpen+1","hermit:CursedWeapon+1","hermit:ItchyTrigger+1"],"relics":["hermit:Momento","Bag of Preparation","Orichalcum","Strawberry","Mummified Hand","Akabeko","Potion Belt","PreservedInsect","Ice Cream","Juzu Bracelet","Orrery","Bloody Idol","hermit:BartenderGlass","Membership Card","Unceasing Top","Toy Ornithopter","Regal Pillow","Blue Candle","War Paint","Lantern","Turnip","Gremlin Horn","Busted Crown","Chemical X","MealTicket","Pen Nib","Mango","Du-Vu Doll","ClockworkSouvenir","Molten Egg 2","Ancient Tea Set","Ginger","hermit:RedScarf","Boot","Vajra","Bottled Flame","DollysMirror","HollowMod:PaleOreRelic"],"acts_visited":["Exordium","TheCity","TheBeyond","TheEnding"],"potions_floor_usage":[6,16,16,18,23,23,33,33,33,33,33,33,37,37,40,40,44,50],"damage_taken":[{"damage":0,"enemies":"Small Slimes","floor":1,"turns":3},{"damage":6,"enemies":"2 Louse","floor":3,"turns":2},{"damage":2,"enemies":"Jaw Worm","floor":4,"turns":1},{"damage":5,"enemies":"3 Sentries","floor":6,"turns":4},{"damage":12,"enemies":"Gremlin Nob","floor":11,"turns":4},{"damage":2,"enemies":"Large Slime","floor":12,"turns":2},{"damage":24,"enemies":"Hexaghost","floor":16,"turns":11},{"damage":7,"enemies":"Chosen","floor":18,"turns":3},{"damage":16,"enemies":"2 Thieves","floor":20,"turns":3},{"damage":5,"enemies":"Slavers","floor":23,"turns":3},{"damage":5,"enemies":"Book of Stabbing","floor":27,"turns":1},{"damage":6,"enemies":"Chosen and Byrds","floor":28,"turns":3},{"damage":5,"enemies":"Gremlin Leader","floor":29,"turns":2},{"damage":7,"enemies":"Colosseum Slavers","floor":30,"turns":2},{"damage":5,"enemies":"Colosseum Nobs","floor":30,"turns":2},{"damage":5,"enemies":"Snecko","floor":31,"turns":2},{"damage":81,"enemies":"Automaton","floor":33,"turns":7},{"damage":7,"enemies":"Orb Walker","floor":35,"turns":3},{"damage":12,"enemies":"Mind Bloom Boss Battle","floor":37,"turns":3},{"damage":6,"enemies":"3 Darklings","floor":39,"turns":2},{"damage":3,"enemies":"Reptomancer","floor":40,"turns":1},{"damage":2,"enemies":"2 Orb Walkers","floor":44,"turns":1},{"damage":57,"enemies":"Donu and Deca","floor":50,"turns":8},{"damage":5,"enemies":"Shield and Spear","floor":54,"turns":1},{"damage":69,"enemies":"The Heart","floor":55,"turns":5}],"seed_played":"-3576020029802755077","potions_obtained":[{"floor":3,"key":"SkillPotion"},{"floor":12,"key":"EssenceOfSteel"},{"floor":35,"key":"Dexterity Potion"},{"floor":44,"key":"PowerPotion"}],"is_trial":false,"path_per_floor":["M","$","M","M","?","E","?","R","T","?","E","M","$","?","R","B",null,"M","?","M","?","$","E","R","?","T","E","M","E","?","M","R","B",null,"M","$","?","?","M","E","$","R","T","?","R","?","?","?","R","B",null,"R","$","E","B",null],"character_chosen":"HERMIT","items_purchased":["BlessingOfTheForge","Orichalcum","Strawberry","Weak Potion","DuplicationPotion","hermit:CursedWeapon","Ice Cream","Juzu Bracelet","LiquidMemories","ColorlessPotion","Orrery","Membership Card","Unceasing Top","Toy Ornithopter","hermit:Combo","SkillPotion","BlessingOfTheForge","Chemical X","MealTicket","Pen Nib","AttackPotion","LiquidMemories","hermit:Eclipse","ClockworkSouvenir","Molten Egg 2","Ancient Tea Set","hermit:TakeAim","hermit:Dive","Vajra","Bottled Flame","DollysMirror","DistilledChaos"],"campfire_rested":0,"item_purchase_floors":[2,2,2,2,2,2,13,13,13,13,13,22,22,22,22,22,22,36,36,36,36,36,36,41,41,41,41,41,53,53,53,53],"current_hp_per_floor":[75,82,76,74,74,69,66,66,66,66,54,52,52,32,32,8,82,75,75,69,69,69,79,79,73,73,73,72,72,65,65,65,24,82,80,80,92,96,95,96,96,96,96,96,96,96,96,96,96,41,96,96,96,96,27],"gold":5287,"neow_bonus":"RANDOM_COMMON_RELIC","is_daily":false,"chose_seed":false,"campfire_upgraded":7,"win_rate":0.0,"timestamp":1608877738,"path_taken":["M","$","M","M","?","E","?","R","T","?","E","M","$","?","R","BOSS","M","?","M","?","$","E","R","?","T","E","M","E","?","M","R","BOSS","M","$","?","?","M","E","$","R","T","?","R","?","?","?","R","BOSS","R","$","E","BOSS"],"items_purchased_type":["Potion","Relic","Relic","Potion","Potion","Card","Relic","Relic","Potion","Potion","Relic","Relic","Relic","Relic","Card","Potion","Potion","Relic","Relic","Relic","Potion","Potion","Potion","Relic","Relic","Relic","Card","Card","Relic","Relic","Relic","Potion"],"build_version":"2020-12-22","purchased_purges":6,"victory":true,"max_hp_per_floor":[75,82,82,82,82,82,82,82,82,82,82,82,82,82,82,82,82,82,82,82,82,82,82,82,82,82,82,82,82,82,82,82,82,82,82,82,96,96,96,96,96,96,96,96,96,96,96,96,96,96,96,96,96,96,96],"card_choices":[{"not_picked":["hermit:Snipe","hermit:HighCaliber","hermit:LowProfile"],"picked":"SKIP","floor":1},{"not_picked":["hermit:Quickdraw","hermit:Misfire"],"picked":"hermit:Headshot","floor":3},{"not_picked":["hermit:Misfire","hermit:Snipe"],"picked":"hermit:Virtue","floor":4},{"not_picked":["hermit:Midnight","hermit:Horror","hermit:Headshot"],"picked":"SKIP","floor":6},{"not_picked":["hermit:Glare","hermit:Midnight"],"picked":"hermit:Roughhouse","floor":11},{"not_picked":["hermit:Misfire","hermit:ShadowCloak","hermit:Roulette"],"picked":"SKIP","floor":12},{"not_picked":["hermit:Desperado","hermit:SprayPray"],"picked":"hermit:Ricochet","floor":13},{"not_picked":["hermit:FlashPowder+1","hermit:CursedWeapon+1"],"picked":"hermit:Snipe","floor":18},{"not_picked":["hermit:Showdown","hermit:HoleUp"],"picked":"hermit:Dive+1","floor":20},{"not_picked":["hermit:Brawl","hermit:Feint","hermit:RoundhouseKick"],"picked":"SKIP","floor":23},{"not_picked":["hermit:Vantage","hermit:Spite","hermit:Misfire"],"picked":"SKIP","floor":27},{"not_picked":["hermit:Ricochet","hermit:Quickdraw"],"picked":"hermit:Vantage","floor":28},{"not_picked":["hermit:Cheat","hermit:LowProfile","hermit:Virtue"],"picked":"SKIP","floor":29},{"not_picked":["hermit:Quickdraw","hermit:Vantage+1"],"picked":"hermit:Enervate","floor":30},{"not_picked":["hermit:Manifest","hermit:NoHoldsBarred"],"picked":"hermit:Glare+1","floor":31},{"not_picked":["hermit:Coalescence"],"picked":"SKIP","floor":35},{"not_picked":["hermit:Malice+1"],"picked":"SKIP","floor":39},{"not_picked":["hermit:FullyLoaded+1"],"picked":"SKIP","floor":40},{"not_picked":[],"picked":"hermit:WideOpen+1","floor":44},{"not_picked":[],"picked":"hermit:ItchyTrigger+1","floor":54}],"player_experience":291871,"relics_obtained":[{"floor":6,"key":"Mummified Hand"},{"floor":11,"key":"PreservedInsect"},{"floor":23,"key":"Regal Pillow"},{"floor":26,"key":"Blue Candle"},{"floor":27,"key":"War Paint"},{"floor":29,"key":"Lantern"},{"floor":30,"key":"Turnip"},{"floor":30,"key":"Gremlin Horn"},{"floor":37,"key":"Mango"},{"floor":40,"key":"Du-Vu Doll"},{"floor":43,"key":"Ginger"},{"floor":44,"key":"hermit:RedScarf"},{"floor":54,"key":"HollowMod:PaleOreRelic"}],"event_choices":[{"cards_removed":["hermit:Defend_Hermit"],"damage_healed":0,"gold_gain":0,"player_choice":"Card Removal","damage_taken":0,"max_hp_gain":0,"max_hp_loss":0,"event_name":"The Cleric","floor":5,"gold_loss":50},{"damage_healed":0,"gold_gain":0,"player_choice":"Success","damage_taken":3,"relics_obtained":["Akabeko"],"max_hp_gain":0,"max_hp_loss":0,"event_name":"Scrap Ooze","floor":7,"gold_loss":0},{"damage_healed":0,"gold_gain":0,"player_choice":"Box","damage_taken":0,"relics_obtained":["Potion Belt"],"max_hp_gain":0,"max_hp_loss":0,"event_name":"Big Fish","floor":10,"gold_loss":0,"cards_obtained":["Regret"]},{"damage_healed":0,"gold_gain":0,"player_choice":"Take Damage","damage_taken":20,"relics_obtained":["Golden Idol"],"max_hp_gain":0,"max_hp_loss":0,"event_name":"Golden Idol","floor":14,"gold_loss":0},{"damage_healed":0,"gold_gain":0,"player_choice":"Gave Idol","damage_taken":0,"relics_obtained":["Bloody Idol"],"max_hp_gain":0,"max_hp_loss":0,"event_name":"Forgotten Altar","floor":19,"relics_lost":["Golden Idol"],"gold_loss":0},{"damage_healed":0,"gold_gain":0,"player_choice":"Obtain J.A.X.","damage_taken":0,"max_hp_gain":0,"max_hp_loss":0,"event_name":"Drug Dealer","floor":21,"gold_loss":0,"cards_obtained":["J.A.X."]},{"damage_healed":0,"gold_gain":0,"player_choice":"Joined the Cult","damage_taken":6,"max_hp_gain":0,"max_hp_loss":0,"event_name":"Nest","floor":25,"gold_loss":0,"cards_obtained":["RitualDagger"]},{"damage_healed":0,"gold_gain":0,"player_choice":"Fight","damage_taken":0,"max_hp_gain":0,"max_hp_loss":0,"event_name":"Colosseum","floor":30,"gold_loss":0},{"damage_healed":0,"gold_gain":0,"player_choice":"Fought Nobs","damage_taken":0,"max_hp_gain":0,"max_hp_loss":0,"event_name":"Colosseum","floor":30,"gold_loss":0},{"damage_healed":0,"gold_gain":0,"player_choice":"Fight","damage_taken":0,"max_hp_gain":0,"max_hp_loss":0,"event_name":"MindBloom","floor":37,"gold_loss":0},{"damage_healed":0,"gold_gain":100,"player_choice":"Pray","damage_taken":0,"max_hp_gain":0,"max_hp_loss":0,"event_name":"Golden Shrine","floor":38,"gold_loss":0},{"damage_healed":0,"gold_gain":0,"player_choice":"Fight","damage_taken":0,"max_hp_gain":0,"max_hp_loss":0,"event_name":"Mysterious Sphere","floor":44,"gold_loss":0},{"damage_healed":0,"gold_gain":0,"player_choice":"Paid Gold","damage_taken":0,"relics_obtained":["Boot"],"max_hp_gain":0,"max_hp_loss":0,"event_name":"WeMeetAgain","floor":46,"gold_loss":128},{"cards_removed":["hermit:Enervate"],"damage_healed":0,"gold_gain":0,"player_choice":"Removed Attack","damage_taken":0,"max_hp_gain":0,"max_hp_loss":0,"event_name":"Falling","floor":47,"gold_loss":0},{"damage_healed":0,"gold_gain":0,"player_choice":"Ignored","damage_taken":0,"max_hp_gain":0,"max_hp_loss":0,"event_name":"Tomb of Lord Red Mask","floor":48,"gold_loss":0}],"is_beta":false,"boss_relics":[{"not_picked":["SacredBark","SlaversCollar"],"picked":"hermit:BartenderGlass"},{"not_picked":["MariMod:MariFestivalBadge","Runic Pyramid"],"picked":"Busted Crown"}],"items_purged_floors":[2,13,22,36,41,53],"is_endless":false,"potions_floor_spawned":[3,4,12,20,27,30,35,37,44],"ascension_level":1}}