{"host":"3srbdas3e7jgqz5l","time":1608931294,"event":{"mods":["BaseMod","Downfall","Jorbs\u0027s Wanderer Trilogy","Minty Spire (QoL Compilation)","StSLib"],"gold_per_floor":[112,131,51,51,126,152,152,152,152,152,152,186,206,224,224,328,328,313,201,201,212,212,245,245,264,264,276,276,291,291,324,324,429,429,442,462,462,462,481,515,532,566,566,578,578,578,27,47,47,47,47,47,19,46,46],"floor_reached":56,"playtime":2809,"items_purged":["Strike_G"],"score":1858,"play_id":"21963b2b-01a8-47bc-9a77-cca6fc7d1b13","local_time":"20201225212134","is_ascension_mode":true,"campfire_choices":[{"data":"Poisoned Stab","floor":7.0,"key":"SMITH"},{"data":"Leg Sweep","floor":10.0,"key":"SMITH"},{"floor":15.0,"key":"REST"},{"data":"Wraith Form v2","floor":28.0,"key":"SMITH"},{"data":"Crippling Poison","floor":30.0,"key":"SMITH"},{"floor":32.0,"key":"REST"},{"floor":46.0,"key":"RECALL"},{"floor":49.0,"key":"REST"},{"floor":52.0,"key":"REST"}],"circlet_count":0,"master_deck":["AscendersBane","Strike_G","Strike_G","Defend_G","Defend_G","Defend_G","Defend_G","Defend_G","Survivor","Neutralize","Leg Sweep+1","Poisoned Stab+1","Backflip","Tactician","Crippling Poison+1","Prepared","Deadly Poison","Malaise","Caltrops+1","Noxious Fumes","Poisoned Stab+1","Prepared+1","Calculated Gamble+1","Wraith Form v2+1","Dagger Throw","Cloak And Dagger+1","PiercingWail+1","PiercingWail+1","Wraith Form v2+1","Shame","Poisoned Stab+1","Crippling Poison","Tactician+1","stsjorbsmod:Amnesia","Well Laid Plans+1","Footwork+1","Acrobatics+1","Catalyst+1","Deadly Poison+1","Bouncing Flask","PiercingWail+1"],"relics":["Ring of the Snake","NeowsBlessing","Dream Catcher","Tiny Chest","Oddly Smooth Stone","Sozu","Gambling Chip","Vajra","The Courier","Orichalcum","Cursed Key","Sundial","Bottled Tornado","Frozen Egg 2","Happy Flower","TungstenRod","Kunai","Pantograph"],"acts_visited":["Exordium","TheCity","TheBeyond","TheEnding"],"potions_floor_usage":[],"damage_taken":[{"damage":0.0,"enemies":"Jaw Worm","floor":1.0,"turns":1.0},{"damage":0.0,"enemies":"Small Slimes","floor":2.0,"turns":1.0},{"damage":0.0,"enemies":"3 Sentries","floor":6.0,"turns":1.0},{"damage":17.0,"enemies":"Lagavulin","floor":12.0,"turns":9.0},{"damage":0.0,"enemies":"2 Louse","floor":13.0,"turns":3.0},{"damage":0.0,"enemies":"2 Fungi Beasts","floor":14.0,"turns":4.0},{"damage":21.0,"enemies":"The Guardian","floor":16.0,"turns":13.0},{"damage":17.0,"enemies":"2 Thieves","floor":18.0,"turns":4.0},{"damage":1.0,"enemies":"Spheric Guardian","floor":21.0,"turns":5.0},{"damage":19.0,"enemies":"Book of Stabbing","floor":23.0,"turns":6.0},{"damage":6.0,"enemies":"Centurion and Healer","floor":25.0,"turns":7.0},{"damage":0.0,"enemies":"Snecko","floor":27.0,"turns":5.0},{"damage":9.0,"enemies":"Snake Plant","floor":29.0,"turns":4.0},{"damage":9.0,"enemies":"Slavers","floor":31.0,"turns":5.0},{"damage":41.0,"enemies":"Automaton","floor":33.0,"turns":11.0},{"damage":7.0,"enemies":"3 Shapes","floor":35.0,"turns":7.0},{"damage":6.0,"enemies":"3 Darklings","floor":36.0,"turns":4.0},{"damage":0.0,"enemies":"Sphere and 2 Shapes","floor":39.0,"turns":6.0},{"damage":0.0,"enemies":"Nemesis","floor":40.0,"turns":7.0},{"damage":3.0,"enemies":"Writhing Mass","floor":41.0,"turns":8.0},{"damage":23.0,"enemies":"Giant Head","floor":42.0,"turns":11.0},{"damage":10.0,"enemies":"Spire Growth","floor":44.0,"turns":7.0},{"damage":1.0,"enemies":"4 Shapes","floor":48.0,"turns":6.0},{"damage":7.0,"enemies":"Time Eater","floor":50.0,"turns":15.0},{"damage":0.0,"enemies":"Shield and Spear","floor":54.0,"turns":8.0},{"damage":64,"enemies":"The Heart","floor":55,"turns":12}],"seed_played":"-3526933903825179620","potions_obtained":[{"floor":6.0,"key":"SteroidPotion"},{"floor":12.0,"key":"FairyPotion"},{"floor":16.0,"key":"SpeedPotion"}],"is_trial":false,"path_per_floor":["M","M","$","?","?","E","R","?","T","R","?","E","M","M","R","B",null,"M","$","?","M","T","E","?","M","T","M","R","M","R","E","R","B",null,"M","M","?","T","M","E","M","E","T","M","?","R","$","M","R","B",null,"R","$","E","B",null],"character_chosen":"THE_SILENT","items_purchased":["Poisoned Stab","Backflip","Noxious Fumes","TungstenRod","Well Laid Plans+1","Footwork+1","Kunai","Bouncing Flask"],"campfire_rested":4,"item_purchase_floors":[3,3,19,47,47,47,47,53],"current_hp_per_floor":[63,63,63,56,45,45,45,45,45,45,45,28,28,28,49,28,60,43,43,43,42,42,23,70,64,64,64,64,55,55,46,67,26,59,52,46,46,46,46,46,43,20,20,10,10,10,10,9,30,23,58,70,70,70,6],"gold":46,"neow_bonus":"THREE_ENEMY_KILL","is_daily":false,"chose_seed":false,"campfire_upgraded":4,"win_rate":0.0,"timestamp":1608931294,"path_taken":["M","M","$","?","?","E","R","?","T","R","?","E","M","?","R","BOSS","M","$","?","M","?","E","?","M","T","?","R","M","R","E","R","BOSS","M","M","?","?","M","E","M","E","T","M","?","R","$","M","R","BOSS","R","$","E","BOSS"],"items_purchased_type":["Card","Card","Card","Relic","Card","Card","Relic","Card"],"build_version":"2020-12-22","purchased_purges":1,"victory":true,"max_hp_per_floor":[70,70,70,70,70,70,70,70,70,70,70,70,70,70,70,70,70,70,70,70,70,70,70,70,70,70,70,70,70,70,70,70,70,70,70,70,70,70,70,70,70,70,70,70,70,70,70,70,70,70,70,70,70,70,70],"card_choices":[{"not_picked":["Deadly Poison","Sucker Punch"],"picked":"Quick Slash","floor":1.0},{"not_picked":["PiercingWail","Catalyst"],"picked":"Leg Sweep","floor":2.0},{"not_picked":["Slice","Setup"],"picked":"Tactician","floor":6.0},{"not_picked":["Dagger Throw","Setup"],"picked":"Crippling Poison","floor":12.0},{"not_picked":["Reflex","Blade Dance"],"picked":"Prepared","floor":13.0},{"not_picked":["Caltrops","Prepared"],"picked":"Deadly Poison","floor":14.0},{"not_picked":["Unload","Night Terror"],"picked":"Malaise","floor":16.0},{"not_picked":["Prepared","Predator"],"picked":"Caltrops+1","floor":18.0},{"not_picked":["Accuracy","Backflip"],"picked":"Poisoned Stab+1","floor":21.0},{"not_picked":["Backflip","Dagger Spray"],"picked":"Prepared+1","floor":23.0},{"not_picked":["Outmaneuver","Backstab"],"picked":"Calculated Gamble+1","floor":25.0},{"not_picked":["Setup","Distraction"],"picked":"Wraith Form v2","floor":27.0},{"not_picked":["Deflect","Endless Agony+1","Accuracy"],"picked":"SKIP","floor":29.0},{"not_picked":["Skewer+1","Flechettes"],"picked":"Dagger Throw","floor":31.0},{"not_picked":["Underhanded Strike","Slice+1"],"picked":"Cloak And Dagger+1","floor":32.0},{"not_picked":["Deflect","Deadly Poison"],"picked":"PiercingWail+1","floor":35.0},{"not_picked":["Backflip","Bane+1"],"picked":"PiercingWail+1","floor":36.0},{"not_picked":["Deadly Poison","Choke+1","Dagger Throw"],"picked":"SKIP","floor":39.0},{"not_picked":["Flechettes+1","Underhanded Strike"],"picked":"Poisoned Stab+1","floor":40.0},{"not_picked":["All Out Attack","Flechettes+1"],"picked":"Crippling Poison","floor":41.0},{"not_picked":["Deflect+1","Blade Dance"],"picked":"Tactician+1","floor":42.0},{"not_picked":["Flying Knee+1","Cloak And Dagger+1","Sucker Punch+1"],"picked":"SKIP","floor":44.0},{"not_picked":["Night Terror","Prepared"],"picked":"Acrobatics+1","floor":48.0},{"not_picked":["Dagger Spray","Dash+1"],"picked":"Catalyst+1","floor":49.0},{"not_picked":["Backflip+1","Acrobatics"],"picked":"Deadly Poison+1","floor":52.0},{"not_picked":["Terror","Finisher"],"picked":"PiercingWail+1","floor":54.0}],"player_experience":523574,"relics_obtained":[{"floor":6.0,"key":"Dream Catcher"},{"floor":9.0,"key":"Tiny Chest"},{"floor":12.0,"key":"Oddly Smooth Stone"},{"floor":23.0,"key":"Vajra"},{"floor":26.0,"key":"The Courier"},{"floor":31.0,"key":"Orichalcum"},{"floor":38.0,"key":"Sundial"},{"floor":40.0,"key":"Bottled Tornado"},{"floor":42.0,"key":"Frozen Egg 2"},{"floor":43.0,"key":"Happy Flower"},{"floor":54.0,"key":"Pantograph"}],"event_choices":[{"cards_removed":["Strike_G"],"damage_healed":0.0,"max_hp_gain":0.0,"max_hp_loss":0.0,"gold_gain":0.0,"event_name":"Golden Wing","player_choice":"Card Removal","floor":4.0,"gold_loss":0.0,"damage_taken":7.0},{"damage_healed":0.0,"max_hp_gain":0.0,"max_hp_loss":0.0,"gold_gain":75.0,"event_name":"World of Goop","player_choice":"Gather Gold","floor":5.0,"gold_loss":0.0,"damage_taken":11.0},{"damage_healed":0.0,"max_hp_gain":0.0,"max_hp_loss":0.0,"gold_gain":0.0,"event_name":"Liars Game","player_choice":"Ignored","floor":8.0,"gold_loss":0.0,"damage_taken":0.0},{"cards_removed":["Strike_G"],"damage_healed":0.0,"max_hp_gain":0.0,"max_hp_loss":0.0,"gold_gain":0.0,"event_name":"Purifier","player_choice":"Purged","floor":11.0,"gold_loss":0.0,"damage_taken":0.0},{"damage_healed":0.0,"max_hp_gain":0.0,"max_hp_loss":0.0,"gold_gain":0.0,"event_name":"The Mausoleum","player_choice":"Opened","floor":20.0,"gold_loss":0.0,"damage_taken":0.0,"relics_obtained":["Gambling Chip"]},{"damage_healed":47.0,"max_hp_gain":0.0,"max_hp_loss":0.0,"gold_gain":0.0,"event_name":"Wheel of Change","player_choice":"Full Heal","floor":24.0,"gold_loss":0.0,"damage_taken":0.0},{"damage_healed":0.0,"max_hp_gain":0.0,"max_hp_loss":0.0,"gold_gain":0.0,"event_name":"Duplicator","player_choice":"Copied","floor":37.0,"gold_loss":0.0,"damage_taken":0.0,"cards_obtained":["Wraith Form v2"]},{"cards_removed":["Quick Slash"],"damage_healed":0.0,"max_hp_gain":0.0,"max_hp_loss":0.0,"gold_gain":0.0,"event_name":"Falling","player_choice":"Removed Attack","floor":45.0,"gold_loss":0.0,"damage_taken":0.0}],"is_beta":false,"boss_relics":[{"not_picked":["Busted Crown","Tiny House"],"picked":"Sozu"},{"not_picked":["expansioncontent:StudyCardRelic","Velvet Choker"],"picked":"Cursed Key"}],"items_purged_floors":[19],"is_endless":false,"potions_floor_spawned":[6,12,16,18,21,27,33,35,40,42,44],"ascension_level":11}}