{"host":"9kcqr6gvt9348rwr","time":1608909629,"event":{"mods":["Alarm Clock","BaseMod","Better Third Choice","BetterRewards","Colored Map","Colored Powertips","Conspire","Downfall","Ironclad Rager","Minty Spire (QoL Compilation)","Practice Mode","Rare Cards Sparkle","Relic Sorter","Replay The Spire","Shop Mod","Spicy Shops","StSLib","[功能]功能增强和修复MOD"],"gold_per_floor":[99,111,122,135,152,152,152,53,69,1,1,0,0,16,32,135,135,135,155,172,172,192,42,121,121,121,121,121],"floor_reached":26,"playtime":1958,"items_purged":["Slimebound:Strike_Slimebound","Slimebound:Strike_Slimebound","Slimebound:Strike_Slimebound","Slimebound:Defend_Slimebound","Slimebound:Defend_Slimebound","Slimebound:Tackle"],"score":225,"play_id":"269a827b-7592-4a1e-871f-31ebb6ebba7c","local_time":"20201225232029","is_ascension_mode":false,"campfire_choices":[{"floor":1,"key":"DIG"},{"floor":11,"key":"RECALL"},{"data":"Slimebound:SplitMire","floor":13,"key":"SMITH"},{"floor":18,"key":"DIG"},{"floor":23,"key":"REST"},{"data":"Slimebound:DuplicatedForm","floor":25,"key":"SMITH"}],"circlet_count":0,"master_deck":["Slimebound:Defend_Slimebound","Slimebound:Defend_Slimebound","Slimebound:Split","Slimebound:CorrosiveSpit","Slimebound:Teamwork","Slimebound:ViciousTackle","Slimebound:FinishingTackle","Slimebound:RejuvenatingLick","Slimebound:RainOfGoop+1","Slimebound:SplitAcid","Slimebound:SplitBruiser","Slimebound:SlimeTap","Slimebound:LeadByExample","Slimebound:LeechingTouch","Slimebound:GrowthPunch","Slimebound:SplitMire+1","Slimebound:GoopSpray","Slimebound:ForwardTackle","Slimebound:SplitLeeching","Slimebound:GoopSpray","Slimebound:DuplicatedForm+1","Slimebound:MegaLick+1","Slimebound:SamplingLick","Slimebound:Prepare","Slimebound:Schlurp"],"relics":["Slimebound:AbsorbEndCombat","Ornamental Fan","Pear","conspire:RoyalGoblet","Gambling Chip","downfall:HeartBlessingRed","downfall:HeartBlessingBlue","Replay:Ringing Soul"],"acts_visited":["Exordium","TheCity"],"potions_floor_usage":[16],"damage_taken":[{"damage":8,"enemies":"Cultist","floor":2,"turns":5},{"damage":8,"enemies":"2 Louse","floor":3,"turns":3},{"damage":16,"enemies":"Jaw Worm","floor":4,"turns":4},{"damage":16,"enemies":"conspire:2 RoseBushes","floor":5,"turns":5},{"damage":4,"enemies":"downfall:FleeingMerchant","floor":8,"turns":4},{"damage":25,"enemies":"Exordium Wildlife","floor":9,"turns":3},{"damage":14,"enemies":"downfall:FleeingMerchant","floor":10,"turns":4},{"damage":28,"enemies":"downfall:FleeingMerchant","floor":12,"turns":4},{"damage":28,"enemies":"Gremlin Gang","floor":14,"turns":4},{"damage":25,"enemies":"Red Slaver","floor":15,"turns":2},{"damage":37,"enemies":"downfall:Watcher","floor":16,"turns":7},{"damage":17,"enemies":"Chosen","floor":19,"turns":3},{"damage":47,"enemies":"3 Byrds","floor":20,"turns":4},{"damage":70,"enemies":"Snake Plant","floor":22,"turns":5},{"damage":92,"enemies":"Cultist and Chosen","floor":26,"turns":6}],"seed_played":"5926443648120344860","potions_obtained":[{"floor":2,"key":"FearPotion"},{"floor":3,"key":"CultistPotion"},{"floor":3,"key":"SpeedPotion"},{"floor":4,"key":"Fire Potion"},{"floor":14,"key":"champ:CounterPotion"},{"floor":16,"key":"Fire Potion"},{"floor":20,"key":"Languid Potion"},{"floor":20,"key":"Cursed Concoction"}],"is_trial":false,"path_per_floor":["R_BF","M","M","M","M","?","T","$","M","$","R","$","R","M","M","B",null,"R_BF","M","M","?","M","R","T","R","M"],"character_chosen":"SLIMEBOUND","items_purchased":["Slimebound:SplitBruiser","Slimebound:SlimeTap","Slimebound:LeadByExample","Slimebound:LeechingTouch","Slimebound:GrowthPunch","Pear"],"campfire_rested":1,"item_purchase_floors":[8,8,8,8,8,10],"current_hp_per_floor":[60,60,55,47,57,57,57,60,53,67,67,57,57,51,42,35,70,70,67,62,62,37,71,71,71,0,0,0],"gold":121,"neow_bonus":"ONE_RANDOM_RARE_CARD","is_daily":false,"chose_seed":false,"campfire_upgraded":2,"win_rate":0.0,"timestamp":1608909629,"path_taken":["R_BF","M","M","M","?","?","T","$","M","?","R","$","R","M","M","BOSS","R_BF","M","M","?","M","R","T","R","M"],"items_purchased_type":["Card","Card","Card","Card","Card","Relic"],"build_version":"2020-12-22","purchased_purges":6,"victory":false,"max_hp_per_floor":[60,60,60,60,60,60,60,60,60,70,70,70,70,70,70,70,70,70,70,70,70,70,80,80,80,80,80,80],"card_choices":[{"not_picked":["Slimebound:BestDefense","Slimebound:RollThrough"],"picked":"Slimebound:ViciousTackle","floor":2},{"not_picked":["Slimebound:RollThrough","Slimebound:ViciousTackle"],"picked":"Slimebound:FinishingTackle","floor":3},{"not_picked":["Slimebound:TongueLash","Slimebound:SplitLeeching"],"picked":"Slimebound:RejuvenatingLick","floor":4},{"not_picked":["Slimebound:SlimeSpikes","Slimebound:SplitMire"],"picked":"Slimebound:RainOfGoop","floor":5},{"not_picked":["Slimebound:Replication","Slimebound:FormOfPuddle"],"picked":"Slimebound:SplitAcid","floor":8},{"not_picked":["Slimebound:LivingWall","Slimebound:ForwardTackle"],"picked":"Slimebound:SplitMire","floor":9},{"not_picked":["Slimebound:WasteNot","Slimebound:ComboTackle"],"picked":"Slimebound:GoopSpray","floor":10},{"not_picked":["Slimebound:SplitMire","Slimebound:Dissolve"],"picked":"Slimebound:ForwardTackle","floor":12},{"not_picked":["Slimebound:GoopSpray","Slimebound:FinishingTackle"],"picked":"Slimebound:SplitLeeching","floor":14},{"not_picked":["Slimebound:SplitAcid","Slimebound:ComboTackle"],"picked":"Slimebound:GoopSpray","floor":15},{"not_picked":["Slimebound:MinionMaster","Slimebound:SlimeSlap"],"picked":"Slimebound:DuplicatedForm","floor":16},{"not_picked":["Slimebound:FirmFortitude","Slimebound:SplitBruiser"],"picked":"Slimebound:MegaLick+1","floor":19},{"not_picked":["Slimebound:RollThrough","Slimebound:RejuvenatingLick"],"picked":"Slimebound:SamplingLick","floor":20},{"not_picked":["Slimebound:MinionMaster","Slimebound:PressTheAttack+1"],"picked":"Slimebound:Schlurp","floor":22}],"player_experience":11719,"relics_obtained":[{"floor":1,"key":"Ornamental Fan"},{"floor":18,"key":"Gambling Chip"},{"floor":24,"key":"Replay:Ringing Soul"}],"event_choices":[{"damage_healed":0,"gold_gain":0,"player_choice":"Upgraded","damage_taken":0,"max_hp_gain":0,"max_hp_loss":0,"event_name":"Upgrade Shrine","floor":6,"gold_loss":0,"cards_upgraded":["Slimebound:RainOfGoop"]},{"damage_healed":0,"gold_gain":0,"player_choice":"Read","damage_taken":0,"max_hp_gain":0,"max_hp_loss":0,"event_name":"The Library","floor":21,"gold_loss":0,"cards_obtained":["Slimebound:Prepare"]}],"is_beta":false,"boss_relics":[{"not_picked":["conspire:SeveredTorchhead","Sozu"],"picked":"conspire:RoyalGoblet"}],"items_purged_floors":[8,8,8,8,8,10],"is_endless":false,"potions_floor_spawned":[2,3,3,4,9,14,16,20,20],"killed_by":"Cultist and Chosen","ascension_level":0}}