{"host":"mi0eibewekhugwl1","time":1608889048,"event":{"mods":["AchievementEnabler","BaseMod","Colored Map","Colored Powertips","DeckTracker","Keyboard Shortcuts","Minty Spire (QoL Compilation)","Quick Restart","Rare Cards Sparkle","Relic Stats","StSLib","SuperFastMode","everything is the same but u backflip on backflip"],"gold_per_floor":[116,266,279,297,21,49,66,66,91,91,101,101,111,125,125,125,125],"floor_reached":16,"playtime":229,"items_purged":["Doubt"],"score":208,"play_id":"abaaff44-0779-4166-83e4-248a5b1dd548","local_time":"20201225183728","is_ascension_mode":true,"campfire_choices":[{"floor":8,"key":"REST"},{"data":"Zap","floor":10,"key":"SMITH"},{"data":"Hologram","floor":15,"key":"SMITH"}],"circlet_count":0,"master_deck":["AscendersBane","Strike_B","Strike_B","Strike_B","Defend_B","Defend_B+1","Defend_B","Defend_B","Zap+1","Dualcast+1","Sweeping Beam","Go for the Eyes","Doom and Gloom","Electrodynamics","Turbo","Heatsinks","Reinforced Body","Hologram+1","Rip and Tear"],"relics":["Cracked Core","NeowsBlessing","Medical Kit","War Paint","Lantern"],"acts_visited":["Exordium"],"potions_floor_usage":[7,16],"damage_taken":[{"damage":0,"enemies":"Jaw Worm","floor":1,"turns":1},{"damage":0,"enemies":"Small Slimes","floor":3,"turns":1},{"damage":0,"enemies":"Cultist","floor":4,"turns":1},{"damage":53,"enemies":"Gremlin Nob","floor":6,"turns":5},{"damage":3,"enemies":"Blue Slaver","floor":7,"turns":3},{"damage":0,"enemies":"Exordium Wildlife","floor":11,"turns":2},{"damage":0,"enemies":"Looter","floor":13,"turns":2},{"damage":5,"enemies":"3 Louse","floor":14,"turns":3},{"damage":51,"enemies":"Hexaghost","floor":16,"turns":9}],"seed_played":"-6030736390088839085","potions_obtained":[{"floor":4,"key":"Fire Potion"},{"floor":6,"key":"GamblersBrew"},{"floor":7,"key":"AttackPotion"},{"floor":11,"key":"FairyPotion"}],"is_trial":false,"path_per_floor":["M","?","M","M","$","E","M","R","T","R","M","?","M","M","R","B"],"character_chosen":"DEFECT","items_purchased":["Medical Kit","Doom and Gloom"],"campfire_rested":1,"item_purchase_floors":[5,5],"current_hp_per_floor":[64,64,64,64,64,11,8,29,29,29,29,29,29,24,24,0,0],"gold":125,"neow_bonus":"THREE_ENEMY_KILL","is_daily":false,"chose_seed":false,"campfire_upgraded":2,"win_rate":0.0,"timestamp":1608889048,"path_taken":["M","?","M","M","$","E","M","R","T","R","M","?","M","?","R","BOSS"],"items_purchased_type":["Relic","Card"],"build_version":"2020-12-22","purchased_purges":1,"victory":false,"max_hp_per_floor":[71,71,71,71,71,71,71,71,71,71,71,71,71,71,71,71,71],"relic_stats":{"counters":[9,27],"War Paint":["Defend_B","Dualcast"],"Medical Kit":[2],"obtain_stats":[{"Lantern":9,"NeowsBlessing":0,"War Paint":6,"Cracked Core":0,"Medical Kit":5},{"Lantern":5,"NeowsBlessing":0,"War Paint":4,"Cracked Core":0,"Medical Kit":3},{"Lantern":11,"NeowsBlessing":0,"War Paint":8,"Cracked Core":0,"Medical Kit":3}]},"card_choices":[{"not_picked":["Beam Cell","Aggregate"],"picked":"Sweeping Beam","floor":1},{"not_picked":["Streamline","Cold Snap"],"picked":"Go for the Eyes","floor":3},{"not_picked":["Stack","Fusion","Steam"],"picked":"SKIP","floor":4},{"not_picked":["Turbo","Genetic Algorithm"],"picked":"Electrodynamics","floor":6},{"not_picked":["Rebound","Hello World"],"picked":"Turbo","floor":7},{"not_picked":["Hologram","Barrage"],"picked":"Heatsinks","floor":11},{"not_picked":["Sweeping Beam","Beam Cell"],"picked":"Hologram","floor":13},{"not_picked":["Go for the Eyes","Rip and Tear","Hello World"],"picked":"SKIP","floor":14},{"not_picked":["Go for the Eyes","Hello World"],"picked":"Rip and Tear","floor":14}],"player_experience":1705272,"relics_obtained":[{"floor":6,"key":"War Paint"},{"floor":9,"key":"Lantern"}],"event_choices":[{"damage_healed":0,"gold_gain":150,"player_choice":"AGREE","damage_taken":0,"max_hp_gain":0,"max_hp_loss":0,"event_name":"Liars Game","floor":2,"gold_loss":0,"cards_obtained":["Doubt"]},{"damage_healed":0,"gold_gain":0,"cards_transformed":["Strike_B"],"player_choice":"Transformed","damage_taken":0,"max_hp_gain":0,"max_hp_loss":0,"event_name":"Transmorgrifier","floor":12,"gold_loss":0,"cards_obtained":["Reinforced Body"]}],"is_beta":false,"boss_relics":[],"items_purged_floors":[5],"is_endless":false,"potions_floor_spawned":[4,6,7,11],"killed_by":"Hexaghost","ascension_level":20}}