{"host":"cfluht5kr2kfk9p9","time":1608915471,"event":{"mods":["ATMod(阿瑾Mod)","BaseMod","Downfall","GungeonMod","Highlight Path","Minty Spire (QoL Compilation)","Quick Restart","Rare Cards Sparkle","Relic Stats","RumiaBox-露米娅的神秘盒子","Spicy Shops","StSLib","TestMod","The Alterego","【功能Mod】混沌之环修复补丁"],"gold_per_floor":[115,134,150,163,176,176,222,32,32,48,48,48,73,90,90,186,186,186,202,166,166,184,184,211,225,255,105,121,46,74,87,12,115,115,135,145,158,258,277,202,283,283,283,132,148,163,179,179,179,179,179,214,39,39,39],"floor_reached":56,"playtime":1975,"items_purged":["Strike_R","Strike_R","Strike_R","Strike_R","Clothesline"],"score":1543,"play_id":"e95bb4fb-8d31-41ca-9837-6d7b98017ed3","local_time":"20201226005751","is_ascension_mode":false,"campfire_choices":[{"data":"AT_DarkMatter","floor":12.0,"key":"SMITH"},{"data":"Battle Trance","floor":15.0,"key":"SMITH"},{"data":"AT_BodySlamDance","floor":23.0,"key":"SMITH"},{"floor":29.0,"key":"RECALL"},{"data":"Shockwave","floor":32.0,"key":"SMITH"},{"data":"Barricade","floor":40,"key":"SMITH"},{"data":"Feel No Pain","floor":49,"key":"SMITH"},{"data":"Evolve","floor":54,"key":"SMITH"}],"circlet_count":0,"master_deck":["Bash","AT_DarkMatter+1","AT_BodySlamDance+1","Armaments+1","Shrug It Off","Evolve+1","Impervious+1","Battle Trance+1","Disarm","Feed","Impervious","Shockwave+1","Barricade+1","Shockwave","Sever Soul","Whirlwind","expansioncontent:AwakenDeath","Parasite","Feel No Pain+1"],"relics":["testmod-TestBox","AT_ATBox","testmod-Antiphasic","testmod-StringDisintegrator","testmod-TurbochargingSystem","Red Skull","testmod-EnergyCheck","ClockworkSouvenir","DemoMod:BlueGuonStone","Boot","downfall:HeartBlessingGreen","HornCleat","downfall:HeartBlessingBlue","Pandora\u0027s Box","White Beast Statue","downfall:HeartBlessingRed","Blue Candle","testmod-Register"],"acts_visited":["Exordium","TheCity","TheBeyond","TheEnding"],"potions_floor_usage":[45,46,47,55,55],"damage_taken":[{"damage":0.0,"enemies":"Small Slimes","floor":1.0,"turns":3.0},{"damage":1.0,"enemies":"2 Louse","floor":2.0,"turns":2.0},{"damage":0.0,"enemies":"Cultist","floor":3.0,"turns":3.0},{"damage":8.0,"enemies":"Exordium Wildlife","floor":4.0,"turns":3.0},{"damage":0.0,"enemies":"Large Slime","floor":5.0,"turns":3.0},{"damage":0.0,"enemies":"downfall:FleeingMerchant","floor":8.0,"turns":4.0},{"damage":0.0,"enemies":"2 Fungi Beasts","floor":10.0,"turns":2.0},{"damage":0.0,"enemies":"Lagavulin","floor":13.0,"turns":5.0},{"damage":0.0,"enemies":"Red Slaver","floor":14.0,"turns":1.0},{"damage":9.0,"enemies":"downfall:Silent","floor":16.0,"turns":6.0},{"damage":0.0,"enemies":"Chosen","floor":18.0,"turns":1.0},{"damage":0.0,"enemies":"Centurion and Healer","floor":19.0,"turns":4.0},{"damage":0.0,"enemies":"downfall:FleeingMerchant","floor":20.0,"turns":4.0},{"damage":0.0,"enemies":"Chosen and Byrds","floor":22.0,"turns":3.0},{"damage":0.0,"enemies":"Cultist and Chosen","floor":25.0,"turns":3.0},{"damage":0.0,"enemies":"Book of Stabbing","floor":26.0,"turns":4.0},{"damage":0.0,"enemies":"Shelled Parasite and Fungi","floor":28.0,"turns":3.0},{"damage":0.0,"enemies":"Gremlin Leader","floor":30.0,"turns":2.0},{"damage":0.0,"enemies":"Snake Plant","floor":31.0,"turns":2.0},{"damage":0.0,"enemies":"downfall:Watcher","floor":33.0,"turns":6.0},{"damage":0,"enemies":"3 Darklings","floor":35,"turns":3},{"damage":0,"enemies":"Orb Walker","floor":36,"turns":1},{"damage":0,"enemies":"4 Shapes","floor":37,"turns":5},{"damage":2,"enemies":"downfall:LadyInBlue","floor":38,"turns":4},{"damage":0,"enemies":"Sphere and 2 Shapes","floor":39,"turns":4},{"damage":3,"enemies":"Writhing Mass","floor":45,"turns":4},{"damage":3,"enemies":"3 Darklings","floor":46,"turns":3},{"damage":0,"enemies":"Sphere and 2 Shapes","floor":47,"turns":4},{"damage":0,"enemies":"downfall:Ironclad","floor":50,"turns":5},{"damage":9,"enemies":"downfall:CharBossMerchant","floor":52,"turns":4},{"damage":4,"enemies":"downfall:NeowBoss","floor":55,"turns":11}],"seed_played":"-2489584658868867943","potions_obtained":[{"floor":3.0,"key":"PowerPotion"},{"floor":4.0,"key":"Dexterity Potion"},{"floor":5.0,"key":"Swift Potion"},{"floor":25.0,"key":"LiquidMemories"},{"floor":31.0,"key":"Swift Potion"},{"floor":38,"key":"Slimebound:ThreeZeroPotion"},{"floor":45,"key":"Ancient Potion"},{"floor":46,"key":"Strength Potion"},{"floor":47,"key":"testmod-SpacePotion"},{"floor":52,"key":"PowerPotion"}],"is_trial":false,"path_per_floor":["M","M","M","M","M","?","T","$","?","M","?","R","E","M","R","B",null,"M","M","$","?","M","R","T","M","E","$","M","R","E","M","R","B",null,"M","M","M","?","M","R","T","?","?","$","M","M","M","$","R","B",null,"E","$","R","B",null],"character_chosen":"IRONCLAD","items_purchased":["ClockworkSouvenir","Impervious","testmod-Register"],"campfire_rested":0,"item_purchase_floors":[20,20,44],"current_hp_per_floor":[80,79,79,71,71,71,71,71,71,71,71,71,71,71,71,62,80,80,84,84,84,84,84,84,87,91,91,91,91,91,91,101,101,101,101,101,101,99,103,103,103,103,103,103,100,97,100,100,100,103,111,102,102,102,98],"gold":39,"neow_bonus":"BOSS_RELIC","is_daily":false,"chose_seed":false,"campfire_upgraded":7,"win_rate":0.0,"timestamp":1608915471,"path_taken":["M","M","M","M","M","?","T","$","?","?","?","R","E","M","R","BOSS","M","M","$","?","M","R","T","M","E","$","M","R","E","M","R","BOSS","M","M","M","?","?","R","T","?","?","$","M","M","M","?","R","BOSS","E","$","R","BOSS"],"items_purchased_type":["Relic","Card","Relic"],"build_version":"2020-12-22","purchased_purges":5,"victory":true,"max_hp_per_floor":[80,80,80,80,80,80,80,80,80,80,80,80,80,80,80,80,80,80,84,84,84,84,84,84,87,91,91,91,91,91,91,101,101,101,101,101,101,101,105,105,105,105,105,105,105,105,108,108,108,111,111,111,111,111,111],"relic_stats":{"counters":[31,112],"Blue Candle":[5],"Pandora\u0027s Box":["Clothesline","Barricade","Shockwave","Sever Soul","Whirlwind"],"Boot":[0],"obtain_stats":[{"DemoMod:BlueGuonStone":21,"testmod-TestBox":0,"AT_ATBox":0,"downfall:HeartBlessingRed":40,"testmod-Register":44,"Blue Candle":41,"downfall:HeartBlessingGreen":29,"DemoMod:GlassGuonStoneRelic":10,"testmod-TurbochargingSystem":7,"Boot":26,"Burning Blood":0,"White Beast Statue":38,"ClockworkSouvenir":20,"testmod-Antiphasic":0,"testmod-StringDisintegrator":0,"downfall:BrokenWingStatue":6,"HornCleat":30,"downfall:HeartBlessingBlue":32,"Pandora\u0027s Box":34,"testmod-EnergyCheck":17,"Red Skull":13},{"DemoMod:BlueGuonStone":13,"testmod-TestBox":0,"AT_ATBox":0,"downfall:HeartBlessingRed":25,"testmod-Register":25,"Blue Candle":25,"downfall:HeartBlessingGreen":17,"DemoMod:GlassGuonStoneRelic":7,"testmod-TurbochargingSystem":5,"Boot":16,"Burning Blood":0,"White Beast Statue":24,"ClockworkSouvenir":13,"testmod-Antiphasic":0,"testmod-StringDisintegrator":0,"downfall:BrokenWingStatue":5,"HornCleat":18,"downfall:HeartBlessingBlue":19,"Pandora\u0027s Box":20,"testmod-EnergyCheck":10,"Red Skull":8},{"DemoMod:BlueGuonStone":41,"testmod-TestBox":0,"AT_ATBox":0,"downfall:HeartBlessingRed":81,"testmod-Register":81,"Blue Candle":81,"downfall:HeartBlessingGreen":54,"DemoMod:GlassGuonStoneRelic":20,"testmod-TurbochargingSystem":14,"Boot":51,"Burning Blood":0,"White Beast Statue":77,"ClockworkSouvenir":41,"testmod-Antiphasic":0,"testmod-StringDisintegrator":0,"downfall:BrokenWingStatue":14,"HornCleat":56,"downfall:HeartBlessingBlue":58,"Pandora\u0027s Box":64,"testmod-EnergyCheck":32,"Red Skull":25}]},"card_choices":[{"not_picked":["Thunderclap","Wild Strike"],"picked":"AT_BodySlamDance","floor":1.0},{"not_picked":["Dropkick","Pommel Strike"],"picked":"Armaments","floor":2.0},{"not_picked":["Body Slam","Wild Strike"],"picked":"Shrug It Off","floor":3.0},{"not_picked":["Metallicize","Thunderclap"],"picked":"Evolve","floor":4.0},{"not_picked":["Shrug It Off","Wild Strike"],"picked":"Impervious","floor":5.0},{"not_picked":["Rage","Dual Wield","Heavy Blade"],"picked":"SKIP","floor":8.0},{"not_picked":["Heavy Blade","Flex","Blood for Blood"],"picked":"SKIP","floor":10.0},{"not_picked":["Iron Wave","Fiend Fire"],"picked":"Battle Trance","floor":13.0},{"not_picked":["Havoc","AT_ManFootWork"],"picked":"Disarm","floor":14.0},{"not_picked":["Demon Form","Exhume"],"picked":"Feed","floor":16.0},{"not_picked":["Sword Boomerang+1","Clothesline","True Grit"],"picked":"SKIP","floor":18.0},{"not_picked":["Combust","Rampage","Wild Strike"],"picked":"SKIP","floor":19.0},{"not_picked":["Reckless Charge+1","DemoMod:BlackBlade","AT_IchimonjiDouble"],"picked":"SKIP","floor":20.0},{"not_picked":["DemoMod:WhiteBlade","Armaments+1","Uppercut"],"picked":"SKIP","floor":22.0},{"not_picked":["DemoMod:WhiteBlade","Clothesline"],"picked":"Shockwave","floor":25.0},{"not_picked":["Twin Strike","Cleave+1","Headbutt"],"picked":"SKIP","floor":26.0},{"not_picked":["Feed","Shrug It Off","Warcry"],"picked":"SKIP","floor":28.0},{"not_picked":["AT_BodySlamDance","Shrug It Off","Clash"],"picked":"SKIP","floor":30.0},{"not_picked":["Rage","AT_CaressingTears","Carnage+1"],"picked":"SKIP","floor":31.0},{"not_picked":["Warcry+1","Cleave+1","True Grit"],"picked":"SKIP","floor":35},{"not_picked":["Whirlwind","Havoc+1","Rupture"],"picked":"SKIP","floor":36},{"not_picked":["Ghostly Armor+1","Pommel Strike","Sentinel"],"picked":"SKIP","floor":37},{"not_picked":["Warcry","Clash","Flame Barrier+1"],"picked":"SKIP","floor":39},{"not_picked":["expansioncontent:DarkVoid","expansioncontent:ManipulateTime"],"picked":"expansioncontent:AwakenDeath","floor":42},{"not_picked":["Warcry+1","Havoc","Armaments+1"],"picked":"SKIP","floor":45},{"not_picked":["Armaments","Anger+1"],"picked":"Feel No Pain","floor":46},{"not_picked":["Clothesline+1","Havoc","Twin Strike"],"picked":"SKIP","floor":47},{"not_picked":["Spot Weakness+1","Demon Form","Pommel Strike+1"],"picked":"SKIP","floor":52}],"player_experience":28445,"relics_obtained":[{"floor":7.0,"key":"testmod-TurbochargingSystem"},{"floor":13.0,"key":"Red Skull"},{"floor":26.0,"key":"Boot"},{"floor":30.0,"key":"HornCleat"},{"floor":38,"key":"White Beast Statue"},{"floor":41,"key":"Blue Candle"}],"event_choices":[{"damage_healed":0.0,"max_hp_gain":0.0,"max_hp_loss":0.0,"gold_gain":0.0,"event_name":"Upgrade Shrine","player_choice":"Upgraded","floor":9.0,"gold_loss":0.0,"damage_taken":0.0,"cards_upgraded":["Armaments"]},{"damage_healed":0,"gold_gain":0,"player_choice":"Forge","damage_taken":0,"max_hp_gain":0,"max_hp_loss":0,"event_name":"Accursed Blacksmith","floor":43,"gold_loss":0,"cards_upgraded":["Impervious"]}],"is_beta":false,"boss_relics":[{"not_picked":["SlaversCollar","testmod-Recursion"],"picked":"testmod-EnergyCheck"},{"not_picked":["testmod-KeyOfTheVoid","Astrolabe"],"picked":"Pandora\u0027s Box"}],"items_purged_floors":[8,8,20,27,53],"is_endless":false,"potions_floor_spawned":[3,4,5,16,19,25,28,31,33,36,39,45,46,47,52],"ascension_level":0}}