{"host":"nsxzlb359hv0da5z","time":1608872946,"event":{"mods":["BaseMod","Bestiary","Colored Map","Minty Spire (QoL Compilation)","Permanent Neow","Relic Stats","Slay the Relics Exporter","ojb\u0027s Info Mod"],"gold_per_floor":[115,128,146,146,162,162,210,210,234,234,284,307,307,307],"floor_reached":13,"playtime":1064,"items_purged":[],"score":170,"play_id":"9dfd6949-d11d-4803-9905-87bab80e5e7e","local_time":"20201224210906","is_ascension_mode":true,"campfire_choices":[{"data":"Bash","floor":6,"key":"SMITH"},{"data":"Wild Strike","floor":8,"key":"SMITH"},{"data":"Battle Trance","floor":10,"key":"SMITH"}],"circlet_count":0,"master_deck":["AscendersBane","Strike_R","Strike_R","Strike_R","Strike_R","Strike_R","Defend_R","Defend_R","Defend_R","Defend_R","Bash+1","Wild Strike+1","Combust","Iron Wave","Corruption","Battle Trance+1","Power Through"],"relics":["Runic Cube","Golden Idol","CeramicFish"],"acts_visited":["Exordium"],"potions_floor_usage":[7,7],"damage_taken":[{"damage":2,"enemies":"Cultist","floor":1,"turns":4},{"damage":10,"enemies":"Small Slimes","floor":2,"turns":3},{"damage":2,"enemies":"Jaw Worm","floor":3,"turns":4},{"damage":6,"enemies":"2 Fungi Beasts","floor":5,"turns":3},{"damage":7,"enemies":"3 Sentries","floor":7,"turns":4},{"damage":22,"enemies":"Exordium Wildlife","floor":12,"turns":4},{"damage":46,"enemies":"Gremlin Nob","floor":13,"turns":4}],"seed_played":"-3233681304915497819","potions_obtained":[{"floor":2,"key":"PowerPotion"},{"floor":3,"key":"Fire Potion"}],"is_trial":false,"path_per_floor":["M","M","M","?","M","R","E","R","T","R","?","M","E"],"character_chosen":"IRONCLAD","items_purchased":[],"campfire_rested":0,"item_purchase_floors":[],"current_hp_per_floor":[66,56,54,54,48,48,41,41,41,41,41,19,0,0],"gold":307,"neow_bonus":"BOSS_RELIC","is_daily":false,"chose_seed":false,"campfire_upgraded":3,"win_rate":0.0,"timestamp":1608872946,"path_taken":["M","M","?","?","M","R","E","R","T","R","?","M","E"],"items_purchased_type":[],"build_version":"2020-12-22","purchased_purges":0,"victory":false,"max_hp_per_floor":[75,75,75,68,68,68,68,68,68,68,68,68,68,68],"relic_stats":{"counters":[7,26],"Golden Idol":14,"CeramicFish":18,"obtain_stats":[{"Golden Idol":4,"CeramicFish":7,"Burning Blood":0,"Runic Cube":0},{"Golden Idol":3,"CeramicFish":5,"Burning Blood":0,"Runic Cube":0},{"Golden Idol":11,"CeramicFish":18,"Burning Blood":0,"Runic Cube":0}],"Runic Cube":[20]},"card_choices":[{"not_picked":["Heavy Blade","Metallicize"],"picked":"Wild Strike","floor":1},{"not_picked":["Disarm","Clothesline"],"picked":"Combust","floor":2},{"not_picked":["Heavy Blade","Warcry"],"picked":"Iron Wave","floor":3},{"not_picked":["Clash","Thunderclap"],"picked":"Corruption","floor":5},{"not_picked":["Juggernaut","Iron Wave"],"picked":"Battle Trance","floor":7},{"not_picked":["Rage","Flex"],"picked":"Power Through","floor":12}],"player_experience":1843228,"relics_obtained":[{"floor":7,"key":"CeramicFish"}],"event_choices":[{"damage_healed":0,"gold_gain":0,"player_choice":"Lose Max HP","damage_taken":0,"relics_obtained":["Golden Idol"],"max_hp_gain":0,"max_hp_loss":7,"event_name":"Golden Idol","floor":4,"gold_loss":0},{"damage_healed":0,"gold_gain":50,"player_choice":"Gained Gold","damage_taken":0,"max_hp_gain":0,"max_hp_loss":0,"event_name":"Golden Wing","floor":11,"gold_loss":0}],"is_beta":false,"boss_relics":[],"items_purged_floors":[],"is_endless":false,"potions_floor_spawned":[2,3,5],"killed_by":"Gremlin Nob","ascension_level":20}}