{"host":"sabve5zmqufxyc5o","time":1608918405,"event":{"mods":["2.2 Compatiblity","AchievementEnabler","Act Like it!","BaseMod","Block Reminder","Colored Map","Colored Powertips","DeckTracker","KOR Keyword Fix","Keyboard Shortcuts","Minty Spire (QoL Compilation)","Quick Restart","Rare Cards Sparkle","Relic Stats","StSLib","SuperFastMode"],"gold_per_floor":[119,129,142,156,156,168,40,40,40,40,53,53,72,87,87,166,166,178,2,2,2,17,17,17,17],"floor_reached":24,"playtime":621,"items_purged":["Strike_G","Strike_G"],"score":380,"play_id":"2f12864a-0326-4447-9d4e-271d935ca253","local_time":"20201226024645","is_ascension_mode":true,"campfire_choices":[{"floor":8.0,"key":"REST"},{"data":"Blade Dance","floor":10.0,"key":"SMITH"},{"floor":12.0,"key":"REST"},{"floor":15.0,"key":"REST"},{"floor":23,"key":"REST"}],"circlet_count":0,"master_deck":["AscendersBane","Defend_G","Defend_G","Defend_G","Defend_G","Defend_G","Survivor","Neutralize","Prepared","Escape Plan","Blade Dance+1","Well Laid Plans+1","Acrobatics","Backflip","Blur","Dagger Throw","Glass Knife","Backstab+1","Masterful Stab+1","Envenom+1","Infinite Blades","Accuracy"],"relics":["Ring of the Snake","Mercury Hourglass","Astrolabe"],"acts_visited":["Exordium","TheCity"],"potions_floor_usage":[18,24],"damage_taken":[{"damage":26.0,"enemies":"Jaw Worm","floor":1.0,"turns":7.0},{"damage":6.0,"enemies":"Small Slimes","floor":2.0,"turns":7.0},{"damage":1.0,"enemies":"Cultist","floor":3.0,"turns":5.0},{"damage":6.0,"enemies":"Blue Slaver","floor":4.0,"turns":7.0},{"damage":12.0,"enemies":"Exordium Thugs","floor":6.0,"turns":5.0},{"damage":15.0,"enemies":"Gremlin Gang","floor":11.0,"turns":5.0},{"damage":4.0,"enemies":"3 Louse","floor":13.0,"turns":4.0},{"damage":4.0,"enemies":"Large Slime","floor":14.0,"turns":7.0},{"damage":60.0,"enemies":"Slime Boss","floor":16.0,"turns":16.0},{"damage":0,"enemies":"Chosen","floor":18,"turns":2},{"damage":35,"enemies":"Shell Parasite","floor":22,"turns":7},{"damage":28,"enemies":"Gremlin Leader","floor":24,"turns":2}],"seed_played":"-7280023616363315089","potions_obtained":[{"floor":2.0,"key":"Block Potion"},{"floor":3.0,"key":"SkillPotion"},{"floor":6.0,"key":"LiquidBronze"},{"floor":13.0,"key":"Weak Potion"},{"floor":16.0,"key":"FearPotion"},{"floor":22,"key":"CunningPotion"}],"is_trial":false,"path_per_floor":["M","M","M","M","?","M","$","R","T","R","M","R","M","M","R","B",null,"M","$","?","?","M","R","E"],"character_chosen":"THE_SILENT","items_purchased":["Acrobatics","Accuracy"],"campfire_rested":4,"item_purchase_floors":[7,19],"current_hp_per_floor":[39,33,32,26,31,19,19,42,42,42,27,50,46,42,65,5,59,59,59,37,37,2,26,0,0],"gold":17,"neow_bonus":"TEN_PERCENT_HP_BONUS","is_daily":false,"chose_seed":false,"campfire_upgraded":1,"win_rate":0.0,"timestamp":1608918405,"path_taken":["M","M","M","M","?","M","$","R","T","R","M","R","M","M","R","BOSS","M","$","?","?","M","R","E"],"items_purchased_type":["Card","Card"],"build_version":"2020-12-22","purchased_purges":2,"victory":false,"max_hp_per_floor":[72,72,72,72,77,77,77,77,77,77,77,77,77,77,77,77,77,77,77,82,82,82,82,82,82],"relic_stats":{"counters":[12,73],"Astrolabe":["Backstab","Masterful Stab","Envenom"],"obtain_stats":[{"Astrolabe":17,"Ring of the Snake":0,"Mercury Hourglass":9},{"Astrolabe":9,"Ring of the Snake":0,"Mercury Hourglass":5},{"Astrolabe":62,"Ring of the Snake":0,"Mercury Hourglass":31}],"Ring of the Snake":[24],"Mercury Hourglass":[178]},"card_choices":[{"not_picked":["Deflect","Flechettes"],"picked":"Prepared","floor":1.0},{"not_picked":["Slice","Flying Knee"],"picked":"Escape Plan","floor":2.0},{"not_picked":["Deflect","Heel Hook","All Out Attack"],"picked":"SKIP","floor":3.0},{"not_picked":["Bullet Time","Slice"],"picked":"Blade Dance","floor":4.0},{"not_picked":["Dodge and Roll","Flying Knee"],"picked":"Well Laid Plans","floor":6.0},{"not_picked":["Outmaneuver","Sucker Punch"],"picked":"Backflip","floor":11.0},{"not_picked":["Caltrops","Blade Dance"],"picked":"Blur","floor":13.0},{"not_picked":["PiercingWail","Deflect"],"picked":"Dagger Throw","floor":14.0},{"not_picked":["Unload","Bullet Time"],"picked":"Glass Knife","floor":16.0},{"not_picked":["Slice","Poisoned Stab+1"],"picked":"Infinite Blades","floor":18},{"not_picked":["Flechettes","Choke","Dagger Throw"],"picked":"SKIP","floor":22}],"player_experience":810617,"relics_obtained":[{"floor":9.0,"key":"Mercury Hourglass"}],"event_choices":[{"damage_healed":0.0,"max_hp_gain":5.0,"max_hp_loss":0.0,"gold_gain":0.0,"event_name":"Big Fish","player_choice":"Donut","floor":5.0,"gold_loss":0.0,"damage_taken":0.0},{"damage_healed":0,"gold_gain":0,"player_choice":"Shed Blood","damage_taken":27,"max_hp_gain":5,"max_hp_loss":0,"event_name":"Forgotten Altar","floor":20,"gold_loss":0},{"damage_healed":0,"gold_gain":0,"player_choice":"Forge","damage_taken":0,"max_hp_gain":0,"max_hp_loss":0,"event_name":"Accursed Blacksmith","floor":21,"gold_loss":0,"cards_upgraded":["Well Laid Plans"]}],"is_beta":false,"boss_relics":[{"not_picked":["Sozu","Runic Dome"],"picked":"Astrolabe"}],"items_purged_floors":[7,19],"is_endless":false,"potions_floor_spawned":[2,3,6,13,16,22],"killed_by":"Gremlin Leader","ascension_level":20}}