{"host":"29mhc2ja7u6lu5r0","time":1608930504,"event":{"mods":["AchievementEnabler","BaseMod","Block Reminder","Colored Map","Colored Powertips","Highlight Path","Minty Spire (QoL Compilation)","Quick Restart","SuperFastMode","slay the spire mod where everything is the same but ironclad has a cowboy hat"],"gold_per_floor":[110,110,110,60,36,66,66,101,101,133,146,146,86,138,138,215,215,225,49,49,40,4,4,21,21,44,59,59,59,87,142,142,142,142],"floor_reached":33,"playtime":1142,"items_purged":["Strike_G"],"score":540,"play_id":"93e945b6-4972-49e8-b43d-566dc9372386","local_time":"20201226000824","is_ascension_mode":true,"campfire_choices":[{"data":"Neutralize","floor":7.0,"key":"SMITH"},{"data":"Noxious Fumes","floor":12.0,"key":"SMITH"},{"data":"Deadly Poison","floor":15.0,"key":"SMITH"},{"data":"Footwork","floor":23.0,"key":"SMITH"},{"data":"Deadly Poison","floor":25.0,"key":"SMITH"},{"floor":28,"key":"REST"},{"floor":32,"key":"REST"}],"circlet_count":0,"master_deck":["AscendersBane","Strike_G","Strike_G","Strike_G","Defend_G","Defend_G","Defend_G","Defend_G","Defend_G","Survivor","Neutralize+1","PiercingWail","Deadly Poison+1","Unload","Deadly Poison+1","Noxious Fumes+1","Glass Knife+1","CurseOfTheBell","Caltrops","Footwork+1","Poisoned Stab+1","Acrobatics+1","Bane+1","Bane+1"],"relics":["Ring of the Snake","NeowsBlessing","White Beast Statue","StrikeDummy","The Specimen","Pocketwatch","StoneCalendar","The Courier","Calling Bell","Tiny Chest","Molten Egg 2","Prayer Wheel","ClockworkSouvenir","Toy Ornithopter","Orichalcum","Ancient Tea Set"],"acts_visited":["Exordium","TheCity"],"potions_floor_usage":[27,30,33],"damage_taken":[{"damage":0.0,"enemies":"Cultist","floor":1.0,"turns":1.0},{"damage":0.0,"enemies":"Gremlin Nob","floor":6.0,"turns":1.0},{"damage":0.0,"enemies":"3 Sentries","floor":8.0,"turns":1.0},{"damage":12.0,"enemies":"Gremlin Nob","floor":10.0,"turns":3.0},{"damage":0.0,"enemies":"Jaw Worm","floor":11.0,"turns":4.0},{"damage":20.0,"enemies":"Slime Boss","floor":16.0,"turns":7.0},{"damage":19.0,"enemies":"Spheric Guardian","floor":18.0,"turns":4.0},{"damage":14.0,"enemies":"2 Thieves","floor":21.0,"turns":4.0},{"damage":5.0,"enemies":"Snecko","floor":24.0,"turns":5.0},{"damage":3,"enemies":"Snake Plant","floor":27,"turns":3},{"damage":37,"enemies":"Slavers","floor":30,"turns":6},{"damage":66,"enemies":"Automaton","floor":33,"turns":6}],"seed_played":"7213191150602260671","potions_obtained":[{"floor":6.0,"key":"Regen Potion"},{"floor":8.0,"key":"FearPotion"},{"floor":10.0,"key":"Ancient Potion"},{"floor":21.0,"key":"ColorlessPotion"},{"floor":24.0,"key":"DistilledChaos"},{"floor":27,"key":"DuplicationPotion"},{"floor":30,"key":"BlessingOfTheForge"}],"is_trial":false,"path_per_floor":["M","T","?","?","$","E","R","E","T","E","M","R","$","?","R","B",null,"M","$","?","M","$","R","M","R","T","M","R","?","E","T","R","B"],"character_chosen":"THE_SILENT","items_purchased":["Deadly Poison","ClockworkSouvenir","Caltrops","Poisoned Stab+1"],"campfire_rested":2,"item_purchase_floors":[5,19,19,22],"current_hp_per_floor":[63,63,60,60,60,60,60,60,60,48,48,48,48,48,48,28,60,41,41,41,41,41,41,36,36,36,38,59,59,27,27,48,0,0],"gold":142,"neow_bonus":"THREE_ENEMY_KILL","is_daily":false,"chose_seed":false,"campfire_upgraded":5,"win_rate":0.0,"timestamp":1608930504,"path_taken":["M","?","?","?","?","E","R","E","T","E","M","R","$","?","R","BOSS","M","$","?","?","$","R","M","R","T","M","R","?","E","?","R","BOSS"],"items_purchased_type":["Card","Relic","Card","Card"],"build_version":"2020-12-22","purchased_purges":1,"victory":false,"max_hp_per_floor":[70,70,70,70,70,70,70,70,70,70,70,70,70,70,70,70,70,70,70,70,70,70,70,70,70,70,70,70,70,70,70,70,70,70],"card_choices":[{"not_picked":["Dodge and Roll","Underhanded Strike"],"picked":"PiercingWail","floor":1.0},{"not_picked":["Quick Slash","Eviscerate"],"picked":"Unload","floor":6.0},{"not_picked":["Deflect","Escape Plan"],"picked":"Deadly Poison","floor":8.0},{"not_picked":["Bane","Calculated Gamble"],"picked":"Noxious Fumes","floor":10.0},{"not_picked":["Dodge and Roll","Dagger Throw","Tactician"],"picked":"SKIP","floor":11.0},{"not_picked":["Grand Finale","A Thousand Cuts"],"picked":"Glass Knife","floor":16.0},{"not_picked":["Concentrate","PiercingWail","Underhanded Strike+1"],"picked":"SKIP","floor":18.0},{"not_picked":["Outmaneuver","Riddle With Holes+1","PiercingWail"],"picked":"SKIP","floor":18.0},{"not_picked":["Wraith Form v2","Bouncing Flask"],"picked":"Footwork","floor":21.0},{"not_picked":["Dodge and Roll","Well Laid Plans","Underhanded Strike+1"],"picked":"SKIP","floor":21.0},{"not_picked":["Quick Slash+1","Cloak And Dagger"],"picked":"Acrobatics+1","floor":24.0},{"not_picked":["Infinite Blades+1","Poisoned Stab+1","Concentrate+1"],"picked":"SKIP","floor":24.0},{"not_picked":["Underhanded Strike+1","Blade Dance"],"picked":"Bane+1","floor":27},{"not_picked":["Skewer+1","Flying Knee+1"],"picked":"Bane+1","floor":27},{"not_picked":["Slice+1","Riddle With Holes+1","Setup+1"],"picked":"SKIP","floor":30}],"player_experience":983714,"relics_obtained":[{"floor":2.0,"key":"White Beast Statue"},{"floor":6.0,"key":"The Specimen"},{"floor":8.0,"key":"Pocketwatch"},{"floor":9.0,"key":"StoneCalendar"},{"floor":10.0,"key":"The Courier"},{"floor":17.0,"key":"Tiny Chest"},{"floor":17.0,"key":"Molten Egg 2"},{"floor":17.0,"key":"Prayer Wheel"},{"floor":26.0,"key":"Toy Ornithopter"},{"floor":30,"key":"Orichalcum"},{"floor":31,"key":"Ancient Tea Set"}],"event_choices":[{"damage_healed":0.0,"max_hp_gain":0.0,"max_hp_loss":0.0,"gold_gain":0.0,"event_name":"Scrap Ooze","player_choice":"Success","floor":3.0,"gold_loss":0.0,"damage_taken":3.0,"relics_obtained":["StrikeDummy"]},{"cards_removed":["Strike_G"],"damage_healed":0.0,"max_hp_gain":0.0,"max_hp_loss":0.0,"gold_gain":0.0,"event_name":"The Cleric","player_choice":"Card Removal","floor":4.0,"gold_loss":50.0,"damage_taken":0.0},{"damage_healed":0.0,"max_hp_gain":0.0,"max_hp_loss":0.0,"gold_gain":52.0,"event_name":"Golden Wing","player_choice":"Gained Gold","floor":14.0,"gold_loss":0.0,"damage_taken":0.0},{"damage_healed":0.0,"max_hp_gain":0.0,"max_hp_loss":0.0,"gold_gain":0.0,"event_name":"Upgrade Shrine","player_choice":"Upgraded","floor":20.0,"gold_loss":0.0,"damage_taken":0.0,"cards_upgraded":["Glass Knife"]},{"damage_healed":0,"gold_gain":0,"player_choice":"Ignored","damage_taken":0,"max_hp_gain":0,"max_hp_loss":0,"event_name":"Ghosts","floor":29,"gold_loss":0}],"is_beta":false,"boss_relics":[{"not_picked":["SacredBark","Black Star"],"picked":"Calling Bell"}],"items_purged_floors":[13],"is_endless":false,"potions_floor_spawned":[6,8,10,11,16,18,21,24,27,30],"killed_by":"Automaton","ascension_level":13}}