{"host":"zxd2l8an9de7z7b9","time":1608905293,"event":{"mods":["2.2 Compatiblity","BaseMod","CapriCore","Colored Map","Colored Powertips","Lobotomy","Marisa£¨Ùöéë¡¡Øª×âÞÞ£©","Minty Spire (QoL Compilation)","Rare Cards Sparkle","StSLib","WarShipGirlsR/??á´Ò³R mod"],"gold_per_floor":[119,119,131,131,145,145,145],"floor_reached":6,"playtime":331,"items_purged":[],"score":36,"play_id":"e7c73371-2c4f-4875-abe7-10d963522cc5","local_time":"20201225230813","is_ascension_mode":false,"campfire_choices":[],"circlet_count":0,"master_deck":["SpecialBullet","SpecialBullet","SpecialBullet","SpecialBullet","SpecialBullet","SpecialBullet","SpecialBullet","SpecialBullet","DisciplinaryCode","ExtractionCode","UniverseFragment","TodaysExpression","Bloodbath"],"relics":["CogitoBucket","Golden Idol"],"acts_visited":["Exordium"],"potions_floor_usage":[6,6],"damage_taken":[{"damage":6,"enemies":"Cultist","floor":1,"turns":3},{"damage":17,"enemies":"Small Slimes","floor":3,"turns":3},{"damage":10,"enemies":"2 Louse","floor":5,"turns":2},{"damage":28,"enemies":"Gremlin Nob","floor":6,"turns":3}],"seed_played":"3768344429748514632","potions_obtained":[{"floor":1,"key":"Energy Potion"},{"floor":3,"key":"DuplicationPotion"}],"is_trial":false,"path_per_floor":["M","?","M","?","M","E"],"character_chosen":"Angela","items_purchased":[],"campfire_rested":0,"item_purchase_floors":[],"current_hp_per_floor":[71,71,54,35,25,0,0],"gold":145,"neow_bonus":"TEN_PERCENT_HP_BONUS","is_daily":false,"chose_seed":false,"campfire_upgraded":0,"win_rate":0.0,"timestamp":1608905293,"path_taken":["M","?","M","?","M","E"],"items_purchased_type":[],"build_version":"2020-12-22","purchased_purges":0,"victory":false,"max_hp_per_floor":[77,77,77,77,77,77,77],"card_choices":[{"not_picked":["ShyLook","Wellcheers"],"picked":"UniverseFragment","floor":1},{"not_picked":["Diffraction"],"picked":"TodaysExpression","floor":1},{"not_picked":["FairyFestival","MHz"],"picked":"Bloodbath","floor":3},{"not_picked":["Harvest","SomewhereSpear"],"picked":"SKIP","floor":3},{"not_picked":["SwordSharpenedByTears","Discord"],"picked":"SKIP","floor":5}],"player_experience":353302,"relics_obtained":[],"event_choices":[{"cards_removed":["TrainingCode"],"damage_healed":0,"gold_gain":0,"player_choice":"Forget","damage_taken":0,"max_hp_gain":0,"max_hp_loss":0,"event_name":"Living Wall","floor":2,"gold_loss":0},{"damage_healed":0,"gold_gain":0,"player_choice":"Take Damage","damage_taken":19,"relics_obtained":["Golden Idol"],"max_hp_gain":0,"max_hp_loss":0,"event_name":"Golden Idol","floor":4,"gold_loss":0}],"is_beta":false,"boss_relics":[],"items_purged_floors":[],"is_endless":false,"potions_floor_spawned":[1,3],"killed_by":"Gremlin Nob","ascension_level":0}}