{"host":"w01zow3jg16g8jdh","time":1608916544,"event":{"mods":["AchievementEnabler","BaseMod","DeckTracker","Keyboard Shortcuts","Minty Spire (QoL Compilation)","Permanent Neow","StSLib","SuperFastMode"],"gold_per_floor":[116,41,57,67,67,67,94,94,94,119,131,131,161,171,171,246,246,257,257,273,198,216,216,249,269,318,318,337,307,332,350,350,425,425,445,455,475,233,246,275,275,307,319,331,393,405,417,463,475,487,499,511,523,88,121,121],"floor_reached":57,"playtime":1497,"items_purged":["Immolate","Dropkick+1"],"score":2900,"play_id":"92fdcc9c-0cb3-4d63-aa4b-d6be610923c8","local_time":"20201226021544","is_ascension_mode":true,"campfire_choices":[{"data":"Spot Weakness","floor":6.0,"key":"SMITH"},{"data":"Sword Boomerang","floor":8.0,"key":"SMITH"},{"data":"Flex","floor":12.0,"key":"SMITH"},{"data":"Limit Break","floor":15.0,"key":"SMITH"},{"data":"Bash","floor":23.0,"key":"SMITH"},{"data":"Battle Trance","floor":27.0,"key":"SMITH"},{"floor":32.0,"key":"REST"},{"data":"Offering","floor":41.0,"key":"SMITH"},{"floor":44,"key":"RECALL"},{"data":"Seeing Red","floor":46,"key":"SMITH"},{"data":"Evolve","floor":49,"key":"SMITH"},{"data":"Second Wind","floor":53,"key":"SMITH"}],"circlet_count":0,"master_deck":["AscendersBane","Defend_R","Defend_R","Defend_R","Defend_R","Bash+1","Limit Break+1","Sword Boomerang+1","Spot Weakness+1","Flex+1","Pommel Strike+1","Impervious","Battle Trance+1","Flame Barrier+1","Seeing Red+1","Offering+1","Reaper+1","Feed+1","Second Wind+1","Second Wind+1","Impervious","Evolve+1","Feel No Pain","Shrug It Off"],"relics":["Black Blood","Blue Candle","Bag of Preparation","Question Card","Bottled Lightning","HornCleat","Gambling Chip","Regal Pillow","Akabeko","Astrolabe","Vajra","Happy Flower","MawBank","Mercury Hourglass","Lantern","Orichalcum"],"acts_visited":["Exordium","TheCity","TheBeyond","TheEnding"],"potions_floor_usage":[56,56],"damage_taken":[{"damage":7.0,"enemies":"Jaw Worm","floor":1.0,"turns":3.0},{"damage":9.0,"enemies":"2 Louse","floor":3.0,"turns":4.0},{"damage":7.0,"enemies":"Cultist","floor":4.0,"turns":4.0},{"damage":34.0,"enemies":"Lagavulin","floor":7.0,"turns":7.0},{"damage":10.0,"enemies":"3 Sentries","floor":10.0,"turns":4.0},{"damage":0.0,"enemies":"Large Slime","floor":11.0,"turns":4.0},{"damage":8.0,"enemies":"Gremlin Nob","floor":13.0,"turns":3.0},{"damage":8.0,"enemies":"3 Louse","floor":14.0,"turns":2.0},{"damage":15.0,"enemies":"Slime Boss","floor":16.0,"turns":8.0},{"damage":7.0,"enemies":"Spheric Guardian","floor":18.0,"turns":4.0},{"damage":6.0,"enemies":"Shell Parasite","floor":20.0,"turns":4.0},{"damage":0.0,"enemies":"Centurion and Healer","floor":22.0,"turns":4.0},{"damage":59.0,"enemies":"Book of Stabbing","floor":24.0,"turns":5.0},{"damage":4.0,"enemies":"3 Cultists","floor":25.0,"turns":3.0},{"damage":22.0,"enemies":"Shelled Parasite and Fungi","floor":28.0,"turns":4.0},{"damage":2.0,"enemies":"Gremlin Leader","floor":30.0,"turns":5.0},{"damage":8.0,"enemies":"Cultist and Chosen","floor":31.0,"turns":6.0},{"damage":37.0,"enemies":"Champ","floor":33.0,"turns":9.0},{"damage":6.0,"enemies":"3 Shapes","floor":35.0,"turns":2.0},{"damage":35.0,"enemies":"3 Darklings","floor":36.0,"turns":6.0},{"damage":81.0,"enemies":"Writhing Mass","floor":37.0,"turns":8.0},{"damage":6.0,"enemies":"Jaw Worm Horde","floor":39.0,"turns":2.0},{"damage":19.0,"enemies":"Giant Head","floor":40.0,"turns":4.0},{"damage":6.0,"enemies":"Nemesis","floor":42.0,"turns":3.0},{"damage":6,"enemies":"Giant Head","floor":48,"turns":4},{"damage":85,"enemies":"Awakened One","floor":50,"turns":7},{"damage":62,"enemies":"Donu and Deca","floor":51,"turns":5},{"damage":30,"enemies":"Shield and Spear","floor":55,"turns":5},{"damage":93,"enemies":"The Heart","floor":56,"turns":8}],"seed_played":"-5899544370335740634","potions_obtained":[{"floor":1.0,"key":"GamblersBrew"},{"floor":7.0,"key":"LiquidMemories"},{"floor":11.0,"key":"Strength Potion"},{"floor":13.0,"key":"Ancient Potion"},{"floor":16.0,"key":"Block Potion"},{"floor":20.0,"key":"Swift Potion"},{"floor":22.0,"key":"Swift Potion"},{"floor":24.0,"key":"EntropicBrew"},{"floor":25.0,"key":"BlessingOfTheForge"},{"floor":29.0,"key":"DuplicationPotion"},{"floor":29.0,"key":"CultistPotion"},{"floor":33.0,"key":"LiquidMemories"},{"floor":39.0,"key":"Fire Potion"}],"is_trial":false,"path_per_floor":["M","?","M","M","T","R","E","R","T","E","M","R","E","M","R","B",null,"M","?","M","?","M","R","E","M","T","R","M","?","E","M","R","B",null,"M","M","M","$","M","E","R","E","T","R","?","R","$","E","R","B","B",null,"R","$","E","B",null],"character_chosen":"IRONCLAD","items_purchased":["Vajra","Lantern","Feel No Pain","BloodPotion","Shrug It Off"],"campfire_rested":1,"item_purchase_floors":[38,54,54,54,54],"current_hp_per_floor":[67,67,64,63,63,63,35,35,35,31,37,37,35,33,33,24,62,67,67,73,73,75,75,28,36,36,36,26,26,36,40,75,50,69,75,75,57,57,67,60,60,79,79,79,79,79,79,79,79,45,55,73,73,73,79,13],"gold":121,"neow_bonus":"ONE_RANDOM_RARE_CARD","is_daily":false,"chose_seed":false,"campfire_upgraded":10,"win_rate":0.0,"timestamp":1608916544,"path_taken":["M","?","M","M","?","R","E","R","T","E","M","R","E","M","R","BOSS","M","?","?","?","M","R","E","M","T","R","M","?","E","M","R","BOSS","M","M","?","$","M","E","R","E","T","R","?","R","$","E","R","BOSS","BOSS","R","$","E","BOSS"],"items_purchased_type":["Relic","Relic","Card","Potion","Card"],"build_version":"2020-12-22","purchased_purges":2,"victory":true,"max_hp_per_floor":[75,75,75,75,75,75,75,75,75,75,75,75,75,75,75,75,75,75,75,75,75,75,75,75,75,75,75,75,75,75,75,75,75,75,75,75,75,75,79,79,79,79,79,79,79,79,79,79,79,79,79,79,79,79,79,79],"card_choices":[{"not_picked":["Searing Blow","Flex"],"picked":"Sword Boomerang","floor":1.0},{"not_picked":["Blood for Blood","Pummel"],"picked":"Spot Weakness","floor":3.0},{"not_picked":["Searing Blow","Clothesline","Spot Weakness"],"picked":"SKIP","floor":4.0},{"not_picked":["Body Slam","Armaments","Thunderclap"],"picked":"SKIP","floor":7.0},{"not_picked":["Heavy Blade","Dual Wield","Clothesline"],"picked":"Immolate","floor":10.0},{"not_picked":["Ghostly Armor","Sword Boomerang","Dual Wield"],"picked":"Flex","floor":11.0},{"not_picked":["Carnage","Clothesline","Rupture"],"picked":"Pommel Strike","floor":13.0},{"not_picked":["Twin Strike","Wild Strike","Flex","Clash"],"picked":"SKIP","floor":14.0},{"not_picked":["Limit Break","Berserk","Offering"],"picked":"Impervious","floor":16.0},{"not_picked":["Rupture+1","Wild Strike","Headbutt","Searing Blow"],"picked":"SKIP","floor":18.0},{"not_picked":["Perfected Strike","Twin Strike","Heavy Blade"],"picked":"Battle Trance","floor":20.0},{"not_picked":["Sword Boomerang","Iron Wave","Shockwave"],"picked":"Flame Barrier+1","floor":22.0},{"not_picked":["Thunderclap","Flame Barrier","Body Slam","Spot Weakness"],"picked":"SKIP","floor":24.0},{"not_picked":["Double Tap","Clash","Body Slam+1","Flex"],"picked":"SKIP","floor":25.0},{"not_picked":["Whirlwind","True Grit","Clash","Twin Strike"],"picked":"SKIP","floor":28.0},{"not_picked":["True Grit","Wild Strike","Whirlwind+1"],"picked":"Seeing Red","floor":30.0},{"not_picked":["Sword Boomerang","Heavy Blade","Ghostly Armor","Entrench"],"picked":"SKIP","floor":31.0},{"not_picked":["Corruption","Bludgeon","Juggernaut"],"picked":"Offering","floor":33.0},{"not_picked":["Anger","Havoc","Clothesline","Perfected Strike"],"picked":"SKIP","floor":35.0},{"not_picked":["Wild Strike","Cleave+1","Flex","Searing Blow+1"],"picked":"SKIP","floor":36.0},{"not_picked":["Iron Wave","Perfected Strike+1","Pummel"],"picked":"Second Wind","floor":37.0},{"not_picked":["Wild Strike","Thunderclap+1","Power Through"],"picked":"Second Wind+1","floor":39.0},{"not_picked":["Clothesline+1","Warcry","Seeing Red"],"picked":"Impervious","floor":40.0},{"not_picked":["Headbutt","Rupture+1","Perfected Strike+1","Metallicize"],"picked":"SKIP","floor":42.0},{"not_picked":["Dark Embrace","Flex","Shrug It Off"],"picked":"Evolve","floor":48},{"not_picked":["Clash","Warcry","True Grit+1","Thunderclap"],"picked":"SKIP","floor":55}],"player_experience":294050,"relics_obtained":[{"floor":5.0,"key":"Blue Candle"},{"floor":7.0,"key":"Bag of Preparation"},{"floor":9.0,"key":"Question Card"},{"floor":10.0,"key":"Bottled Lightning"},{"floor":13.0,"key":"HornCleat"},{"floor":24.0,"key":"Gambling Chip"},{"floor":26.0,"key":"Regal Pillow"},{"floor":30.0,"key":"Akabeko"},{"floor":40.0,"key":"Happy Flower"},{"floor":42.0,"key":"MawBank"},{"floor":48,"key":"Mercury Hourglass"},{"floor":55,"key":"Orichalcum"}],"event_choices":[{"cards_removed":["Strike_R"],"damage_healed":0.0,"max_hp_gain":0.0,"max_hp_loss":0.0,"gold_gain":0.0,"event_name":"The Cleric","player_choice":"Card Removal","floor":2.0,"gold_loss":75.0,"damage_taken":0.0},{"damage_healed":0.0,"max_hp_gain":0.0,"max_hp_loss":0.0,"gold_gain":0.0,"event_name":"Accursed Blacksmith","player_choice":"Forge","floor":19.0,"gold_loss":0.0,"damage_taken":0.0,"cards_upgraded":["Pommel Strike"]},{"cards_removed":["Strike_R"],"damage_healed":0.0,"max_hp_gain":0.0,"max_hp_loss":0.0,"gold_gain":0.0,"event_name":"Beggar","player_choice":"Gave Gold","floor":21.0,"gold_loss":75.0,"damage_taken":0.0},{"damage_healed":0.0,"max_hp_gain":0.0,"max_hp_loss":0.0,"gold_gain":0.0,"event_name":"The Woman in Blue","player_choice":"Bought 2 Potions","floor":29.0,"gold_loss":0.0,"damage_taken":0.0},{"damage_healed":0,"gold_gain":50,"player_choice":"Pray","damage_taken":0,"max_hp_gain":0,"max_hp_loss":0,"event_name":"Golden Shrine","floor":45,"gold_loss":0}],"is_beta":false,"boss_relics":[{"not_picked":["Pandora\u0027s Box","Snecko Eye"],"picked":"Black Blood"},{"not_picked":["Black Star","Philosopher\u0027s Stone"],"picked":"Astrolabe"}],"items_purged_floors":[38,54],"is_endless":false,"potions_floor_spawned":[1,7,11,13,16,20,22,24,25,33,39,40,48],"ascension_level":20}}