{"host":"lhth1efayex2023z","time":1608861169,"event":{"mods":["BaseMod","Colored Map","Googly Eyes","Minty Spire (QoL Compilation)","StSLib"],"gold_per_floor":[14,29,48,71,71,102,102,102,155,155,155,194,14,39,39,39,39],"floor_reached":16,"playtime":575,"items_purged":[],"score":187,"play_id":"28c0d1ed-04af-4e82-bbc4-8f409d78892c","local_time":"20201224185249","is_ascension_mode":true,"campfire_choices":[{"floor":10.0,"key":"REST"},{"data":"Barricade","floor":15.0,"key":"SMITH"}],"circlet_count":0,"master_deck":["AscendersBane","Strike_R","Strike_R","Strike_R","Strike_R","Defend_R","Defend_R","Defend_R+1","Defend_R","Bash","Cleave","Pummel","Flame Barrier+1","Barricade+1","Shrug It Off","Body Slam","Armaments","Havoc"],"relics":["Burning Blood","Boot","Golden Idol","Dream Catcher","Omamori","Magic Flower","Eternal Feather","PreservedInsect"],"acts_visited":["Exordium"],"potions_floor_usage":[],"damage_taken":[{"damage":6.0,"enemies":"Cultist","floor":1.0,"turns":4.0},{"damage":11.0,"enemies":"2 Louse","floor":2.0,"turns":4.0},{"damage":10.0,"enemies":"Small Slimes","floor":3.0,"turns":4.0},{"damage":20.0,"enemies":"Gremlin Nob","floor":6.0,"turns":4.0},{"damage":10.0,"enemies":"3 Sentries","floor":12.0,"turns":10.0},{"damage":16.0,"enemies":"Exordium Thugs","floor":14.0,"turns":7.0},{"damage":48,"enemies":"Hexaghost","floor":16,"turns":16}],"seed_played":"-5558832087452412402","potions_obtained":[{"floor":2.0,"key":"Explosive Potion"},{"floor":3.0,"key":"SneckoOil"},{"floor":6.0,"key":"Fire Potion"}],"is_trial":false,"path_per_floor":["M","M","M","T","?","E","?","?","T","R","?","E","$","M","R","B"],"character_chosen":"IRONCLAD","items_purchased":["Armaments","PreservedInsect"],"campfire_rested":1,"item_purchase_floors":[13,13],"current_hp_per_floor":[88,83,79,79,55,41,22,15,15,43,43,42,42,35,44,0,0],"gold":39,"neow_bonus":"TWENTY_PERCENT_HP_BONUS","is_daily":false,"chose_seed":false,"campfire_upgraded":1,"win_rate":0.0,"timestamp":1608861169,"path_taken":["M","M","M","?","?","E","?","?","T","R","?","E","$","?","R","BOSS"],"items_purchased_type":["Card","Relic"],"build_version":"2020-12-22","purchased_purges":0,"victory":false,"max_hp_per_floor":[96,96,96,96,96,96,96,96,96,96,96,96,96,96,96,96,96],"card_choices":[{"not_picked":["Clothesline","Feel No Pain"],"picked":"Cleave","floor":1.0},{"not_picked":["True Grit","Uppercut"],"picked":"Pummel","floor":2.0},{"not_picked":["Rupture","Heavy Blade"],"picked":"Flame Barrier","floor":3.0},{"not_picked":["Sword Boomerang","Berserk"],"picked":"Barricade","floor":6.0},{"not_picked":["Inflame","Wild Strike"],"picked":"Shrug It Off","floor":10.0},{"not_picked":["Combust","Armaments"],"picked":"Body Slam","floor":12.0},{"not_picked":["Flex","Havoc","Heavy Blade"],"picked":"SKIP","floor":14.0},{"not_picked":["Flex","Heavy Blade"],"picked":"Havoc","floor":14.0}],"player_experience":393593,"relics_obtained":[{"floor":4.0,"key":"Boot"},{"floor":6.0,"key":"Dream Catcher"},{"floor":9.0,"key":"Omamori"},{"floor":12.0,"key":"Eternal Feather"}],"event_choices":[{"damage_healed":0.0,"max_hp_gain":0.0,"max_hp_loss":0.0,"gold_gain":0.0,"event_name":"Golden Idol","player_choice":"Take Damage","floor":5.0,"gold_loss":0.0,"damage_taken":24.0,"relics_obtained":["Golden Idol"]},{"damage_healed":0.0,"max_hp_gain":0.0,"max_hp_loss":0.0,"gold_gain":0.0,"event_name":"Shining Light","player_choice":"Entered Light","floor":7.0,"gold_loss":0.0,"damage_taken":19.0,"cards_upgraded":["Defend_R","Flame Barrier"]},{"cards_removed":["Strike_R"],"damage_healed":0.0,"max_hp_gain":0.0,"max_hp_loss":0.0,"gold_gain":0.0,"event_name":"Golden Wing","player_choice":"Card Removal","floor":8.0,"gold_loss":0.0,"damage_taken":7.0},{"damage_healed":0.0,"max_hp_gain":0.0,"max_hp_loss":0.0,"gold_gain":0.0,"event_name":"WeMeetAgain","player_choice":"Gave Potion","floor":11.0,"gold_loss":0.0,"damage_taken":0.0,"relics_obtained":["Magic Flower"]}],"is_beta":false,"boss_relics":[],"items_purged_floors":[],"is_endless":false,"potions_floor_spawned":[2,3,6],"killed_by":"Hexaghost","ascension_level":10}}