{"host":"bg8va46pgqgvtzim","time":1608909203,"event":{"mods":["BaseMod","Minty Spire (QoL Compilation)","Quick Restart","StSLib","SuperFastMode"],"gold_per_floor":[18,31,109,119,129,129,162,87,87,106,136,146,180,195,195,299,299,318,268,268,287,303,303,337,262,262,296,315,330,355,371,371,474,474,485,41,41,58,408,408,434,434,458,489,489,500,500,519,519,519,519,519,27,53,53],"floor_reached":56,"playtime":1467,"items_purged":["Strike_P","Strike_P","Conclude","ForeignInfluence+1"],"score":1492,"play_id":"c52164a1-c03c-4316-a30d-98754d4deea9","local_time":"20201225231323","is_ascension_mode":true,"campfire_choices":[{"data":"Eruption","floor":6.0,"key":"SMITH"},{"data":"ForeignInfluence","floor":15.0,"key":"SMITH"},{"data":"Blasphemy","floor":23.0,"key":"SMITH"},{"floor":32.0,"key":"REST"},{"data":"Meditate","floor":40.0,"key":"SMITH"},{"floor":42.0,"key":"REST"},{"data":"Vault","floor":47.0,"key":"SMITH"},{"floor":49.0,"key":"RECALL"},{"data":"ClearTheMind","floor":52.0,"key":"SMITH"}],"circlet_count":0,"master_deck":["Eruption+1","Vigilance+1","ClearTheMind+1","FearNoEvil+1","Blasphemy+1","MasterReality+1","FlurryOfBlows+1","CrushJoints+1","Wallop+1","Establishment+1","Vault+1","MasterReality","Prostrate+1","Prostrate+1","EmptyMind+1","Meditate+1","LessonLearned+1","Worship+1","Adaptation+1","Brilliance+1","Fasting2+1","Adaptation+1","Vault"],"relics":["PureWater","Molten Egg 2","Singing Bowl","Oddly Smooth Stone","Potion Belt","Smiling Mask","Philosopher\u0027s Stone","MealTicket","TeardropLocket","Sundial","Happy Flower","Empty Cage","ClockworkSouvenir","Old Coin","Akabeko","Pocketwatch","Lantern","Lee\u0027s Waffle","Shuriken"],"acts_visited":["Exordium","TheCity","TheBeyond","TheEnding"],"potions_floor_usage":[54,55,55],"damage_taken":[{"damage":0.0,"enemies":"Cultist","floor":1.0,"turns":2.0},{"damage":0.0,"enemies":"2 Louse","floor":2.0,"turns":2.0},{"damage":0.0,"enemies":"Small Slimes","floor":4.0,"turns":2.0},{"damage":9.0,"enemies":"2 Fungi Beasts","floor":5.0,"turns":2.0},{"damage":17.0,"enemies":"3 Sentries","floor":7.0,"turns":5.0},{"damage":0.0,"enemies":"Large Slime","floor":10.0,"turns":3.0},{"damage":0.0,"enemies":"Gremlin Nob","floor":11.0,"turns":2.0},{"damage":0.0,"enemies":"Exordium Wildlife","floor":12.0,"turns":2.0},{"damage":19.0,"enemies":"Lagavulin","floor":13.0,"turns":6.0},{"damage":2.0,"enemies":"Exordium Thugs","floor":14.0,"turns":3.0},{"damage":0.0,"enemies":"Slime Boss","floor":16.0,"turns":5.0},{"damage":0.0,"enemies":"Shell Parasite","floor":18.0,"turns":1.0},{"damage":6.0,"enemies":"Chosen","floor":21.0,"turns":3.0},{"damage":0.0,"enemies":"Centurion and Healer","floor":22.0,"turns":4.0},{"damage":15.0,"enemies":"Book of Stabbing","floor":24.0,"turns":4.0},{"damage":15.0,"enemies":"Slavers","floor":27.0,"turns":4.0},{"damage":18.0,"enemies":"Chosen and Byrds","floor":28.0,"turns":6.0},{"damage":17.0,"enemies":"Snake Plant","floor":29.0,"turns":3.0},{"damage":9.0,"enemies":"Book of Stabbing","floor":30.0,"turns":3.0},{"damage":0.0,"enemies":"Snecko","floor":31.0,"turns":3.0},{"damage":27.0,"enemies":"Collector","floor":33.0,"turns":8.0},{"damage":7.0,"enemies":"Orb Walker","floor":35.0,"turns":3.0},{"damage":5.0,"enemies":"3 Shapes","floor":38.0,"turns":4.0},{"damage":0.0,"enemies":"Mind Bloom Boss Battle","floor":39.0,"turns":3.0},{"damage":62.0,"enemies":"Nemesis","floor":41.0,"turns":4.0},{"damage":9.0,"enemies":"Giant Head","floor":44.0,"turns":6.0},{"damage":18.0,"enemies":"Jaw Worm Horde","floor":46.0,"turns":3.0},{"damage":4.0,"enemies":"Transient","floor":48.0,"turns":6.0},{"damage":25.0,"enemies":"Donu and Deca","floor":50.0,"turns":6.0},{"damage":49,"enemies":"Shield and Spear","floor":54,"turns":5},{"damage":51,"enemies":"The Heart","floor":55,"turns":6}],"seed_played":"4958977779157575550","potions_obtained":[{"floor":5.0,"key":"EssenceOfSteel"},{"floor":7.0,"key":"Dexterity Potion"},{"floor":10.0,"key":"Weak Potion"},{"floor":11.0,"key":"SmokeBomb"},{"floor":16.0,"key":"EssenceOfSteel"},{"floor":21.0,"key":"BlessingOfTheForge"},{"floor":24.0,"key":"FearPotion"},{"floor":31.0,"key":"PowerPotion"},{"floor":41.0,"key":"PowerPotion"},{"floor":44.0,"key":"Fruit Juice"}],"is_trial":false,"path_per_floor":["M","M","T","M","M","R","E","$","T","M","E","M","E","M","R","B",null,"M","$","?","M","M","R","E","?","T","E","M","M","E","M","R","B",null,"M","$","?","M","?","R","E","R","T","E","$","M","R","M","R","B",null,"R","$","E","B",null],"character_chosen":"WATCHER","items_purchased":["Adaptation","ClockworkSouvenir","Brilliance+1","Lantern","Energy Potion","Dexterity Potion","Fire Potion","Lee\u0027s Waffle"],"campfire_rested":2,"item_purchase_floors":[36,36,36,53,53,53,53,53],"current_hp_per_floor":[72,72,72,72,63,63,48,48,48,48,48,48,29,27,27,27,74,76,76,76,72,72,72,57,57,57,42,26,11,2,4,29,2,84,77,84,80,77,79,79,19,47,47,38,53,35,35,33,33,8,98,98,105,56,10],"gold":53,"neow_bonus":"TRANSFORM_TWO_CARDS","is_daily":false,"chose_seed":false,"campfire_upgraded":6,"win_rate":0.0,"timestamp":1608909203,"path_taken":["M","M","?","M","M","R","E","$","T","M","E","M","E","M","R","BOSS","M","$","?","M","M","R","E","?","T","E","M","M","E","M","R","BOSS","M","$","?","M","?","R","E","R","T","E","$","M","R","M","R","BOSS","R","$","E","BOSS"],"items_purchased_type":["Card","Relic","Card","Relic","Potion","Potion","Potion","Relic"],"build_version":"2020-12-22","purchased_purges":4,"victory":true,"max_hp_per_floor":[72,72,72,72,72,72,74,74,74,74,74,74,74,74,74,74,74,76,76,76,78,78,78,78,78,78,78,80,82,82,84,84,84,84,84,84,90,92,94,94,96,96,96,96,96,96,96,98,98,98,98,98,105,105,110],"card_choices":[{"not_picked":["CutThroughFate","JustLucky"],"picked":"ClearTheMind","floor":1.0},{"not_picked":["Halt","PathToVictory"],"picked":"ForeignInfluence","floor":2.0},{"not_picked":["EmptyFist+1","SashWhip+1"],"picked":"FearNoEvil+1","floor":4.0},{"not_picked":["FollowUp+1","CutThroughFate+1","ForeignInfluence"],"picked":"SKIP","floor":5.0},{"not_picked":["Protect","FlyingSleeves+1","Nirvana"],"picked":"Singing Bowl","floor":7.0},{"not_picked":["Prostrate","Evaluate"],"picked":"Blasphemy","floor":10.0},{"not_picked":["Halt","Pray"],"picked":"MasterReality","floor":11.0},{"not_picked":["CrushJoints+1","Consecrate+1"],"picked":"FlurryOfBlows+1","floor":12.0},{"not_picked":["Crescendo","Protect"],"picked":"CrushJoints+1","floor":13.0},{"not_picked":["Halt","EmptyBody"],"picked":"Wallop+1","floor":14.0},{"not_picked":["Brilliance+1","Ragnarok+1"],"picked":"Establishment","floor":16.0},{"not_picked":["Consecrate+1","FlyingSleeves+1","BowlingBash+1"],"picked":"Singing Bowl","floor":18.0},{"not_picked":["Swivel","EmptyFist+1","Crescendo"],"picked":"Singing Bowl","floor":21.0},{"not_picked":["Establishment","Weave+1"],"picked":"Prostrate","floor":22.0},{"not_picked":["FollowUp+1","LikeWater+1"],"picked":"Prostrate+1","floor":24.0},{"not_picked":["Halt","Evaluate"],"picked":"EmptyMind","floor":27.0},{"not_picked":["FlurryOfBlows+1","Halt+1","WindmillStrike+1"],"picked":"Singing Bowl","floor":28.0},{"not_picked":["Study","Consecrate+1","FlurryOfBlows+1"],"picked":"Singing Bowl","floor":29.0},{"not_picked":["Establishment","Consecrate+1"],"picked":"Meditate","floor":30.0},{"not_picked":["PathToVictory","Prostrate+1","Evaluate+1"],"picked":"Singing Bowl","floor":31.0},{"not_picked":["ConjureBlade","Devotion"],"picked":"LessonLearned+1","floor":33.0},{"not_picked":["FlurryOfBlows+1","BowlingBash+1"],"picked":"Worship","floor":35.0},{"not_picked":["Chrysalis","Bandage Up","Blind"],"picked":"Singing Bowl","floor":37.0},{"not_picked":["Metamorphosis","Blind","Discovery"],"picked":"Singing Bowl","floor":37.0},{"not_picked":["Enlightenment","Violence","Bandage Up"],"picked":"Singing Bowl","floor":37.0},{"not_picked":["EmptyBody","EmptyFist+1","Consecrate+1"],"picked":"Singing Bowl","floor":38.0},{"not_picked":["EmptyBody+1","SashWhip+1","FlurryOfBlows+1"],"picked":"Singing Bowl","floor":39.0},{"not_picked":["Meditate+1","EmptyFist+1","Evaluate+1"],"picked":"Singing Bowl","floor":41.0},{"not_picked":["JustLucky+1","SpiritShield"],"picked":"Fasting2+1","floor":44.0},{"not_picked":["Crescendo+1","ThirdEye"],"picked":"Adaptation+1","floor":46.0},{"not_picked":["SandsOfTime+1","CrushJoints+1","Meditate"],"picked":"Singing Bowl","floor":48.0},{"not_picked":["FollowUp+1","WreathOfFlame+1"],"picked":"Vault","floor":54}],"player_experience":2155775,"relics_obtained":[{"floor":3.0,"key":"Molten Egg 2"},{"floor":7.0,"key":"Singing Bowl"},{"floor":9.0,"key":"Oddly Smooth Stone"},{"floor":11.0,"key":"Potion Belt"},{"floor":13.0,"key":"Smiling Mask"},{"floor":24.0,"key":"MealTicket"},{"floor":26.0,"key":"TeardropLocket"},{"floor":27.0,"key":"Sundial"},{"floor":30.0,"key":"Happy Flower"},{"floor":39.0,"key":"Old Coin"},{"floor":41.0,"key":"Akabeko"},{"floor":44.0,"key":"Pocketwatch"},{"floor":54,"key":"Shuriken"}],"event_choices":[{"damage_healed":0.0,"max_hp_gain":0.0,"max_hp_loss":0.0,"gold_gain":0.0,"cards_transformed":["Strike_P","Defend_P"],"event_name":"Drug Dealer","player_choice":"Became Test Subject","floor":20.0,"gold_loss":0.0,"damage_taken":0.0,"cards_obtained":["Vault","MasterReality"]},{"cards_removed":["Defend_P"],"damage_healed":0.0,"max_hp_gain":0.0,"max_hp_loss":0.0,"gold_gain":0.0,"event_name":"Beggar","player_choice":"Gave Gold","floor":25.0,"gold_loss":75.0,"damage_taken":0.0},{"damage_healed":0.0,"max_hp_gain":0.0,"max_hp_loss":0.0,"gold_gain":0.0,"event_name":"SensoryStone","player_choice":"Memory 3","floor":37.0,"gold_loss":0.0,"damage_taken":10.0},{"damage_healed":0.0,"max_hp_gain":0.0,"max_hp_loss":0.0,"gold_gain":0.0,"event_name":"MindBloom","player_choice":"Fight","floor":39.0,"gold_loss":0.0,"damage_taken":0.0}],"is_beta":false,"boss_relics":[{"not_picked":["Astrolabe","Fusion Hammer"],"picked":"Philosopher\u0027s Stone"},{"not_picked":["Sozu","Calling Bell"],"picked":"Empty Cage"}],"items_purged_floors":[8,19,36,53],"is_endless":false,"potions_floor_spawned":[5,7,10,11,16,21,24,31,41,44],"ascension_level":1}}