{"host":"x039aayur7qovk2d","time":1608885584,"event":{"mods":["AchievementEnabler","BaseMod","Block Reminder","Colored Map","Colored Powertips","DeckTracker","Googly Eyes","Highlight Path","Minty Spire (QoL Compilation)","Permanent Neow","Quick Restart","Rare Cards Sparkle","Relic Sorter","Relic Stats"],"gold_per_floor":[144,201,237,297,327,429,504,603,603,678,240,291,375,474,474,771,771,804,840,882,729,729,807,903,993,1041,1143,1227,661,715,808,808,1123,1123,1174,1210,283,337,388,487,583,688,767,842,875,968,1073,227,227,227],"floor_reached":51,"playtime":3330,"items_purged":["Fire Breathing","Entrench","Warcry"],"score":1645,"play_id":"d7b94351-03d1-4ba4-82b3-e274c37aaae2","local_time":"20201225003944","daily_mods":["Insanity","Vintage","Allstar","Heirloom","Time Dilation","Flight","Elite Swarm","Midas","Binary"],"is_ascension_mode":false,"campfire_choices":[{"floor":15,"key":"REST"}],"circlet_count":0,"master_deck":["Wild Strike","Perfected Strike","Ghostly Armor","Heavy Blade","Pommel Strike","Thunderclap","Iron Wave","Shockwave","Iron Wave","Flex","Infernal Blade","Anger","Sword Boomerang","Flex","Warcry","Seeing Red","Cleave","Body Slam","Pommel Strike","Cleave","Rupture","Perfected Strike","Armaments","Warcry","Pummel","Flex","Clash","Flex","Intimidate","Pommel Strike","Flex","Disarm","Thunderclap","Warcry+1","Second Wind","Sword Boomerang","Sentinel","Anger","Heavy Blade","Armaments","Perfected Strike+1","Flex","Twin Strike","Iron Wave","Warcry+1","Intimidate","Disarm","Dark Shackles","Swift Strike","Deep Breath","Flash of Steel","Blind","Fire Breathing","Reckless Charge","Demon Form","Immolate+1","Bludgeon+1","Offering+1","CurseOfTheBell","Bludgeon+1","Impervious+1","Limit Break+1"],"relics":["Burning Blood","Mercury Hourglass","Nunchaku","TungstenRod","Paper Frog","Bronze Scales","Anchor","Brimstone","Kunai","Unceasing Top","Centennial Puzzle","Incense Burner","Vajra","Oddly Smooth Stone","Mummified Hand","Turnip","Busted Crown","Bird Faced Urn","War Paint","Charon\u0027s Ashes","Gambling Chip","Meat on the Bone","Toy Ornithopter","Prayer Wheel","Question Card","DollysMirror","InkBottle","FossilizedHelix","Dream Catcher","Coffee Dripper","Happy Flower","Thread and Needle","Bottled Flame","Tiny Chest","Molten Egg 2","Red Skull","Toxic Egg 2","Juzu Bracelet","MawBank","Potion Belt","Calling Bell","Boot","Bottled Lightning","Eternal Feather","Strange Spoon","MealTicket","Lantern","Pear","Ice Cream","Pantograph","Lizard Tail","Art of War","Bottled Tornado","CeramicFish","Mango","TheAbacus"],"acts_visited":["Exordium","TheCity","TheBeyond"],"potions_floor_usage":[13,23,23,30,31,33,38,40,41,42,50,50,50,50],"damage_taken":[{"damage":0,"enemies":"2 Louse","floor":1,"turns":2},{"damage":2,"enemies":"Cultist","floor":2,"turns":3},{"damage":11,"enemies":"Jaw Worm","floor":3,"turns":2},{"damage":9,"enemies":"2 Fungi Beasts","floor":4,"turns":2},{"damage":0,"enemies":"3 Louse","floor":5,"turns":2},{"damage":6,"enemies":"3 Sentries","floor":6,"turns":3},{"damage":1,"enemies":"Lagavulin","floor":7,"turns":3},{"damage":0,"enemies":"3 Sentries","floor":8,"turns":3},{"damage":0,"enemies":"Gremlin Nob","floor":10,"turns":2},{"damage":3,"enemies":"Exordium Wildlife","floor":12,"turns":2},{"damage":0,"enemies":"Lagavulin","floor":13,"turns":2},{"damage":0,"enemies":"Gremlin Nob","floor":14,"turns":2},{"damage":12,"enemies":"The Guardian","floor":16,"turns":5},{"damage":0,"enemies":"2 Thieves","floor":18,"turns":2},{"damage":0,"enemies":"3 Byrds","floor":19,"turns":2},{"damage":0,"enemies":"Snake Plant","floor":20,"turns":1},{"damage":0,"enemies":"Gremlin Leader","floor":23,"turns":3},{"damage":6,"enemies":"Book of Stabbing","floor":24,"turns":2},{"damage":0,"enemies":"Gremlin Leader","floor":25,"turns":1},{"damage":6,"enemies":"Book of Stabbing","floor":27,"turns":3},{"damage":7,"enemies":"Slavers","floor":28,"turns":2},{"damage":0,"enemies":"Snecko","floor":30,"turns":2},{"damage":0,"enemies":"Book of Stabbing","floor":31,"turns":2},{"damage":0,"enemies":"Automaton","floor":33,"turns":4},{"damage":0,"enemies":"Orb Walker","floor":35,"turns":1},{"damage":0,"enemies":"3 Darklings","floor":36,"turns":2},{"damage":0,"enemies":"Jaw Worm Horde","floor":38,"turns":1},{"damage":0,"enemies":"Sphere and 2 Shapes","floor":39,"turns":2},{"damage":0,"enemies":"Nemesis","floor":40,"turns":1},{"damage":0,"enemies":"Giant Head","floor":41,"turns":4},{"damage":5,"enemies":"Nemesis","floor":42,"turns":3},{"damage":0,"enemies":"Reptomancer","floor":44,"turns":1},{"damage":0,"enemies":"Writhing Mass","floor":45,"turns":2},{"damage":0,"enemies":"Giant Head","floor":46,"turns":3},{"damage":0,"enemies":"Nemesis","floor":47,"turns":3},{"damage":0,"enemies":"Time Eater","floor":50,"turns":3}],"seed_played":"1768397535350596744","potions_obtained":[{"floor":1,"key":"BloodPotion"},{"floor":5,"key":"BloodPotion"},{"floor":6,"key":"SmokeBomb"},{"floor":8,"key":"SpeedPotion"},{"floor":12,"key":"FearPotion"},{"floor":16,"key":"Ancient Potion"},{"floor":23,"key":"Fruit Juice"},{"floor":27,"key":"DuplicationPotion"},{"floor":31,"key":"BlessingOfTheForge"},{"floor":35,"key":"BloodPotion"},{"floor":38,"key":"Block Potion"},{"floor":40,"key":"DistilledChaos"},{"floor":41,"key":"SpeedPotion"},{"floor":47,"key":"BlessingOfTheForge"}],"is_trial":true,"path_per_floor":["M","M","M","M","M","E","E","E","T","E","$","M","E","E","R","B",null,"M","M","M","$","?","E","E","E","T","E","E","$","M","E","R","B",null,"M","M","$","M","M","E","E","E","T","E","M","E","E","$","R","B",null],"character_chosen":"IRONCLAD","items_purchased":["DollysMirror","InkBottle","Reckless Charge","Tiny Chest","Bronze Scales","Anchor","Brimstone","ColorlessPotion","Paper Frog","TungstenRod","Strange Spoon","DuplicationPotion","ColorlessPotion","Mango","Mercury Hourglass","TheAbacus"],"campfire_rested":1,"item_purchase_floors":[11,11,11,21,29,29,29,29,37,37,37,37,37,48,48,48],"current_hp_per_floor":[80,80,75,72,78,78,80,80,80,80,80,80,80,80,80,74,80,80,80,80,80,80,85,85,85,85,85,85,85,85,85,85,85,85,85,85,85,85,85,95,95,95,95,95,95,95,95,109,109,109],"gold":227,"neow_bonus":"","is_daily":false,"chose_seed":false,"campfire_upgraded":0,"win_rate":0.0,"timestamp":1608885584,"path_taken":["M","M","M","M","M","E","E","E","T","E","$","M","E","E","R","BOSS","M","M","M","$","?","E","E","E","T","E","E","$","M","E","R","BOSS","M","M","$","M","M","E","E","E","T","E","M","E","E","$","R","BOSS"],"items_purchased_type":["Relic","Relic","Card","Relic","Relic","Relic","Relic","Potion","Relic","Relic","Relic","Potion","Potion","Relic","Relic","Relic"],"build_version":"2020-12-22","purchased_purges":3,"victory":true,"max_hp_per_floor":[80,80,80,80,80,80,80,80,80,80,80,80,80,80,80,80,80,80,80,80,80,80,85,85,85,85,85,85,85,85,85,85,85,85,85,85,85,85,85,95,95,95,95,95,95,95,95,109,109,109],"relic_stats":{"CeramicFish":9,"Juzu Bracelet":0,"Boot":[45],"Burning Blood":58,"Nunchaku":[5],"Centennial Puzzle":[24],"Dream Catcher":1,"Lizard Tail":0,"TheAbacus":[0],"Mummified Hand":[10],"Gambling Chip":[28],"Pantograph":0,"Prayer Wheel":0,"Tiny Chest":0,"MealTicket":0,"Kunai":[25],"InkBottle":[33],"Happy Flower":[16],"counters":[36,83],"Eternal Feather":0,"Charon\u0027s Ashes":[315],"War Paint":["Warcry","Warcry"],"Question Card":18,"MawBank":12,"Mercury Hourglass":[9],"Strange Spoon":[15],"Busted Crown":44,"Bronze Scales":[50],"Bird Faced Urn":[4],"Turnip":[0],"Art of War":[1],"obtain_stats":[{"Ice Cream":42,"CeramicFish":47,"Vajra":9,"Bottled Tornado":46,"Boot":34,"Centennial Puzzle":4,"Lizard Tail":44,"DollysMirror":11,"Prayer Wheel":8,"MealTicket":38,"Kunai":34,"Toxic Egg 2":25,"Pear":40,"Happy Flower":18,"Oddly Smooth Stone":12,"Eternal Feather":36,"Charon\u0027s Ashes":2,"War Paint":1,"Question Card":10,"Bottled Flame":20,"Brimstone":29,"Bird Faced Urn":0,"Bronze Scales":29,"Molten Egg 2":23,"Unceasing Top":34,"Meat on the Bone":5,"Lantern":39,"Mango":48,"Incense Burner":6,"Juzu Bracelet":26,"Burning Blood":0,"Dream Catcher":14,"Nunchaku":41,"TheAbacus":48,"Mummified Hand":27,"Gambling Chip":3,"Pantograph":43,"Tiny Chest":21,"InkBottle":11,"Red Skull":24,"Paper Frog":37,"Potion Belt":30,"Thread and Needle":19,"MawBank":28,"Mercury Hourglass":48,"Calling Bell":34,"Strange Spoon":37,"Anchor":29,"Busted Crown":0,"Turnip":31,"Coffee Dripper":17,"Art of War":45,"Bottled Lightning":35,"Toy Ornithopter":7,"FossilizedHelix":13,"TungstenRod":37},{"Ice Cream":31,"CeramicFish":35,"Vajra":8,"Bottled Tornado":34,"Boot":24,"Centennial Puzzle":4,"Lizard Tail":32,"DollysMirror":9,"Prayer Wheel":8,"MealTicket":27,"Kunai":24,"Toxic Egg 2":19,"Pear":29,"Happy Flower":14,"Oddly Smooth Stone":10,"Eternal Feather":26,"Charon\u0027s Ashes":2,"War Paint":1,"Question Card":9,"Bottled Flame":16,"Brimstone":21,"Bird Faced Urn":0,"Bronze Scales":21,"Molten Egg 2":17,"Unceasing Top":24,"Meat on the Bone":5,"Lantern":28,"Mango":35,"Incense Burner":6,"Juzu Bracelet":19,"Burning Blood":0,"Dream Catcher":12,"Nunchaku":30,"TheAbacus":35,"Mummified Hand":20,"Gambling Chip":3,"Pantograph":31,"Tiny Chest":16,"InkBottle":9,"Red Skull":18,"Paper Frog":26,"Potion Belt":22,"Thread and Needle":15,"MawBank":21,"Mercury Hourglass":35,"Calling Bell":24,"Strange Spoon":26,"Anchor":21,"Busted Crown":0,"Turnip":23,"Coffee Dripper":13,"Art of War":33,"Bottled Lightning":25,"Toy Ornithopter":7,"FossilizedHelix":11,"TungstenRod":26},{"Ice Cream":71,"CeramicFish":80,"Vajra":20,"Bottled Tornado":77,"Boot":57,"Centennial Puzzle":9,"Lizard Tail":72,"DollysMirror":22,"Prayer Wheel":20,"MealTicket":61,"Kunai":57,"Toxic Egg 2":44,"Pear":64,"Happy Flower":35,"Oddly Smooth Stone":24,"Eternal Feather":60,"Charon\u0027s Ashes":5,"War Paint":2,"Question Card":22,"Bottled Flame":38,"Brimstone":49,"Bird Faced Urn":0,"Bronze Scales":49,"Molten Egg 2":41,"Unceasing Top":57,"Meat on the Bone":11,"Lantern":63,"Mango":80,"Incense Burner":14,"Juzu Bracelet":44,"Burning Blood":0,"Dream Catcher":28,"Nunchaku":68,"TheAbacus":80,"Mummified Hand":47,"Gambling Chip":7,"Pantograph":71,"Tiny Chest":38,"InkBottle":22,"Red Skull":43,"Paper Frog":60,"Potion Belt":51,"Thread and Needle":37,"MawBank":49,"Mercury Hourglass":80,"Calling Bell":57,"Strange Spoon":60,"Anchor":49,"Busted Crown":0,"Turnip":53,"Coffee Dripper":33,"Art of War":74,"Bottled Lightning":58,"Toy Ornithopter":17,"FossilizedHelix":26,"TungstenRod":60}],"TungstenRod":1,"Unceasing Top":[17],"Toy Ornithopter":0,"Meat on the Bone":0},"card_choices":[{"not_picked":["Corruption"],"picked":"SKIP","floor":13},{"not_picked":["Reaper"],"picked":"SKIP","floor":14},{"not_picked":[],"picked":"Demon Form","floor":16},{"not_picked":["Corruption"],"picked":"SKIP","floor":23},{"not_picked":["Brutality"],"picked":"SKIP","floor":24},{"not_picked":["Exhume+1"],"picked":"SKIP","floor":25},{"not_picked":[],"picked":"Immolate+1","floor":27},{"not_picked":["Offering+1"],"picked":"SKIP","floor":28},{"not_picked":[],"picked":"Bludgeon+1","floor":31},{"not_picked":[],"picked":"Offering+1","floor":33},{"not_picked":[],"picked":"Bludgeon+1","floor":40},{"not_picked":[],"picked":"Impervious+1","floor":41},{"not_picked":["Brutality"],"picked":"SKIP","floor":42},{"not_picked":["Impervious+1"],"picked":"SKIP","floor":44},{"not_picked":["Offering+1"],"picked":"SKIP","floor":46},{"not_picked":[],"picked":"Limit Break+1","floor":47}],"player_experience":81129,"relics_obtained":[{"floor":1,"key":"War Paint"},{"floor":2,"key":"Charon\u0027s Ashes"},{"floor":3,"key":"Gambling Chip"},{"floor":4,"key":"Centennial Puzzle"},{"floor":5,"key":"Meat on the Bone"},{"floor":6,"key":"Incense Burner"},{"floor":7,"key":"Toy Ornithopter"},{"floor":8,"key":"Prayer Wheel"},{"floor":9,"key":"Vajra"},{"floor":10,"key":"Question Card"},{"floor":12,"key":"Oddly Smooth Stone"},{"floor":13,"key":"FossilizedHelix"},{"floor":14,"key":"Dream Catcher"},{"floor":18,"key":"Happy Flower"},{"floor":19,"key":"Thread and Needle"},{"floor":20,"key":"Bottled Flame"},{"floor":23,"key":"Molten Egg 2"},{"floor":24,"key":"Red Skull"},{"floor":25,"key":"Toxic Egg 2"},{"floor":26,"key":"Juzu Bracelet"},{"floor":27,"key":"Mummified Hand"},{"floor":28,"key":"MawBank"},{"floor":30,"key":"Potion Belt"},{"floor":31,"key":"Turnip"},{"floor":34,"key":"Boot"},{"floor":34,"key":"Kunai"},{"floor":34,"key":"Unceasing Top"},{"floor":35,"key":"Bottled Lightning"},{"floor":36,"key":"Eternal Feather"},{"floor":38,"key":"MealTicket"},{"floor":39,"key":"Lantern"},{"floor":40,"key":"Pear"},{"floor":41,"key":"Nunchaku"},{"floor":42,"key":"Ice Cream"},{"floor":43,"key":"Pantograph"},{"floor":44,"key":"Lizard Tail"},{"floor":45,"key":"Art of War"},{"floor":46,"key":"Bottled Tornado"},{"floor":47,"key":"CeramicFish"}],"event_choices":[{"damage_healed":0,"gold_gain":0,"player_choice":"Upgraded","damage_taken":0,"max_hp_gain":0,"max_hp_loss":0,"event_name":"Upgrade Shrine","floor":22,"gold_loss":0,"cards_upgraded":["Perfected Strike"]}],"is_beta":false,"boss_relics":[{"not_picked":["SacredBark","Snecko Eye"],"picked":"Coffee Dripper"},{"not_picked":["SlaversCollar","Empty Cage"],"picked":"Calling Bell"}],"items_purged_floors":[29,37,48],"is_endless":false,"potions_floor_spawned":[1,5,6,8,12,16,19,23,27,31,35,38,40,41,47],"ascension_level":0}}