{"host":"ezkqjaqywejtjag1","time":1608938344,"event":{"mods":["BaseMod","Colored Map","Infinite Spire","Minty Spire (QoL Compilation)","StSLib"],"gold_per_floor":[109,109,129,129,61,61,96,106,132,53,81,81,81,94,94,198,198,210,210,210,227,244,244,264,264,264,264,280,280,300,317,317,419,419,431,451,361,40,0,0,0,0,23,36,47,61,75,94,94,94],"floor_reached":51,"playtime":2833,"items_purged":[],"score":686,"play_id":"c0f08fd3-057d-4160-8b7d-311581e91daa","local_time":"20201225181904","is_ascension_mode":false,"campfire_choices":[{"data":"Spot Weakness","floor":6,"key":"SMITH"},{"data":"Fire Breathing","floor":12,"key":"SMITH"},{"data":"Armaments","floor":15,"key":"SMITH"},{"data":"Bash","floor":23,"key":"SMITH"},{"data":"Double Tap","floor":25,"key":"SMITH"},{"floor":32,"key":"REST"},{"floor":40,"key":"REST"},{"floor":42,"key":"REST"},{"floor":49,"key":"REST"}],"circlet_count":0,"master_deck":["Strike_R","Strike_R","Strike_R","Strike_R","Defend_R","Defend_R","Defend_R","Defend_R","Bash+1","Fire Breathing+1","Perfected Strike","Spot Weakness+1","Heavy Blade","Cleave","Metallicize","Flex","Armaments+1","Double Tap+1","Uppercut+1","Dropkick","Iron Wave","Wild Strike","Shrug It Off","Anger","Necronomicurse","Clothesline+1","Flame Barrier","Metallicize","Seeing Red+1","Anger","Halt","WheelKick+1","Hello World+1","Cloak And Dagger","Halt"],"relics":["Burning Blood","NeowsBlessing","infinitespire:Lucky Rock","infinitespire:Blanks Blanky","Self Forming Clay","Philosopher\u0027s Stone","CaptainsWheel","Kunai","Necronomicon","Fusion Hammer","PrismaticShard","Red Mask","Boot"],"acts_visited":["Exordium","TheCity","TheBeyond"],"potions_floor_usage":[16,16,16,30,31,33,50,50,50],"damage_taken":[{"damage":0,"enemies":"Cultist","floor":1,"turns":1},{"damage":0,"enemies":"Small Slimes","floor":3,"turns":1},{"damage":0,"enemies":"Gremlin Nob","floor":7,"turns":1},{"damage":5,"enemies":"2 Louse","floor":8,"turns":2},{"damage":23,"enemies":"3 Sentries","floor":11,"turns":5},{"damage":10,"enemies":"Large Slime","floor":14,"turns":5},{"damage":49,"enemies":"Hexaghost","floor":16,"turns":8},{"damage":14,"enemies":"2 Thieves","floor":18,"turns":4},{"damage":3,"enemies":"Chosen","floor":21,"turns":3},{"damage":25,"enemies":"Snecko","floor":22,"turns":5},{"damage":16,"enemies":"Centurion and Healer","floor":24,"turns":4},{"damage":29,"enemies":"Snake Plant","floor":28,"turns":5},{"damage":8,"enemies":"Chosen and Byrds","floor":30,"turns":3},{"damage":4,"enemies":"Cultist and Chosen","floor":31,"turns":3},{"damage":41,"enemies":"Automaton","floor":33,"turns":7},{"damage":10,"enemies":"3 Darklings","floor":35,"turns":5},{"damage":5,"enemies":"3 Shapes","floor":36,"turns":3},{"damage":10,"enemies":"Sphere and 2 Shapes","floor":44,"turns":3},{"damage":6,"enemies":"Spire Growth","floor":45,"turns":5},{"damage":23,"enemies":"Maw","floor":46,"turns":7},{"damage":6,"enemies":"Jaw Worm Horde","floor":47,"turns":3},{"damage":20,"enemies":"Sphere and 2 Shapes","floor":48,"turns":4},{"damage":68,"enemies":"Time Eater","floor":50,"turns":12}],"seed_played":"8653809342999634372","potions_obtained":[{"floor":1,"key":"LiquidBronze"},{"floor":8,"key":"DuplicationPotion"},{"floor":14,"key":"Regen Potion"},{"floor":24,"key":"Regen Potion"},{"floor":28,"key":"Swift Potion"},{"floor":30,"key":"Regen Potion"},{"floor":31,"key":"HeartOfIron"},{"floor":48,"key":"PowerPotion"}],"is_trial":false,"path_per_floor":["M","?","M","?","$","R","E","M","T","$","E","R","?","M","R","B",null,"M","?","?","M","M","R","M","R","T","?","M","?","M","M","R","B",null,"M","M","?","$","?","R","?","R","T","M","M","M","M","M","R","B",null],"character_chosen":"IRONCLAD","items_purchased":["Spot Weakness","Metallicize","PrismaticShard","PowerPotion","Regen Potion","Anger"],"campfire_rested":4,"item_purchase_floors":[5,10,38,38,38,38],"current_hp_per_floor":[80,80,80,85,85,85,85,85,85,85,68,68,68,64,64,36,85,77,77,77,80,61,61,51,51,51,51,28,12,19,30,85,50,85,81,82,82,82,82,85,85,85,85,81,81,64,64,50,85,37],"gold":94,"neow_bonus":"THREE_ENEMY_KILL","is_daily":false,"chose_seed":false,"campfire_upgraded":5,"win_rate":0.0,"timestamp":1608938344,"path_taken":["M","?","M","?","$","R","E","M","T","$","E","R","?","M","R","BOSS","M","?","?","M","M","R","M","R","T","?","M","?","M","M","R","BOSS","M","M","?","?","?","R","?","R","T","M","M","M","M","M","R","BOSS"],"items_purchased_type":["Card","Card","Relic","Potion","Potion","Card"],"build_version":"2020-12-22","purchased_purges":0,"victory":true,"max_hp_per_floor":[80,80,80,85,85,85,85,85,85,85,85,85,85,85,85,85,85,85,85,85,85,85,85,85,85,85,85,85,85,85,85,85,85,85,85,85,85,85,85,85,85,85,85,85,85,85,85,85,85,85],"card_choices":[{"not_picked":["Sword Boomerang","Anger"],"picked":"Fire Breathing","floor":1},{"not_picked":["Heavy Blade","Flex"],"picked":"Perfected Strike","floor":3},{"not_picked":["Combust","Seeing Red"],"picked":"Heavy Blade","floor":7},{"not_picked":["Sword Boomerang","Havoc"],"picked":"Cleave","floor":8},{"not_picked":["Rupture","Rampage"],"picked":"Flex","floor":11},{"not_picked":["Double Tap","Sword Boomerang"],"picked":"Armaments","floor":14},{"not_picked":["Feed","Berserk"],"picked":"Double Tap","floor":16},{"not_picked":["Body Slam","Thunderclap"],"picked":"Uppercut","floor":18},{"not_picked":["Body Slam","Armaments"],"picked":"Iron Wave","floor":21},{"not_picked":["Anger","Body Slam"],"picked":"Wild Strike","floor":22},{"not_picked":["Twin Strike","Blood for Blood"],"picked":"Shrug It Off","floor":24},{"not_picked":["Headbutt","Heavy Blade+1"],"picked":"Anger","floor":28},{"not_picked":["Shrug It Off+1","Heavy Blade"],"picked":"Clothesline+1","floor":30},{"not_picked":["Armaments+1","Pommel Strike"],"picked":"Flame Barrier","floor":31},{"not_picked":["Offering","Reaper"],"picked":"Double Tap","floor":33},{"not_picked":["Rupture+1","Perfected Strike+1"],"picked":"Metallicize","floor":35},{"not_picked":["True Grit","Pommel Strike"],"picked":"Seeing Red+1","floor":36},{"not_picked":["Masterful Stab","Perfected Strike"],"picked":"Halt","floor":44},{"not_picked":["Dodge and Roll+1","Skim"],"picked":"WheelKick+1","floor":45},{"not_picked":["Dramatic Entrance","Accuracy"],"picked":"Hello World+1","floor":46},{"not_picked":["Steam+1","Quick Slash+1"],"picked":"Cloak And Dagger","floor":47},{"not_picked":["Streamline+1","EmptyFist+1"],"picked":"Halt","floor":48}],"player_experience":145431,"relics_obtained":[{"floor":7,"key":"infinitespire:Lucky Rock"},{"floor":9,"key":"Regal Pillow"},{"floor":11,"key":"Self Forming Clay"},{"floor":26,"key":"Kunai"},{"floor":29,"key":"Necronomicon"},{"floor":43,"key":"Boot"}],"event_choices":[{"damage_healed":0,"gold_gain":0,"player_choice":"Leave","damage_taken":0,"max_hp_gain":0,"max_hp_loss":0,"event_name":"The Cleric","floor":2,"gold_loss":0},{"damage_healed":0,"gold_gain":0,"player_choice":"Donut","damage_taken":0,"max_hp_gain":5,"max_hp_loss":0,"event_name":"Big Fish","floor":4,"gold_loss":0},{"damage_healed":0,"gold_gain":0,"player_choice":"Opened","damage_taken":0,"relics_obtained":["CaptainsWheel"],"max_hp_gain":0,"max_hp_loss":0,"event_name":"The Mausoleum","floor":19,"gold_loss":0},{"damage_healed":0,"gold_gain":0,"player_choice":"Read","damage_taken":0,"max_hp_gain":0,"max_hp_loss":0,"event_name":"The Library","floor":20,"gold_loss":0,"cards_obtained":["Dropkick"]},{"damage_healed":0,"gold_gain":0,"player_choice":"Ignored","damage_taken":0,"max_hp_gain":0,"max_hp_loss":0,"event_name":"Beggar","floor":27,"gold_loss":0},{"damage_healed":0,"gold_gain":0,"player_choice":"Obtained Book","damage_taken":16,"max_hp_gain":0,"max_hp_loss":0,"event_name":"Cursed Tome","floor":29,"gold_loss":0},{"cards_removed":["Double Tap"],"damage_healed":0,"gold_gain":0,"player_choice":"Upgrade and Remove","damage_taken":0,"max_hp_gain":0,"max_hp_loss":0,"event_name":"Designer","floor":37,"gold_loss":90,"cards_upgraded":["Uppercut"]},{"damage_healed":0,"gold_gain":0,"player_choice":"Paid","damage_taken":0,"relics_obtained":["Red Mask"],"max_hp_gain":0,"max_hp_loss":0,"event_name":"Tomb of Lord Red Mask","floor":39,"gold_loss":40},{"cards_removed":["Strike_R"],"damage_healed":0,"gold_gain":0,"player_choice":"Removed Attack","damage_taken":0,"max_hp_gain":0,"max_hp_loss":0,"event_name":"Falling","floor":41,"gold_loss":0}],"is_beta":false,"boss_relics":[{"not_picked":["SacredBark","Velvet Choker"],"picked":"Philosopher\u0027s Stone"},{"not_picked":["infinitespire:Cupcake","Empty Cage"],"picked":"Fusion Hammer"}],"items_purged_floors":[],"is_endless":false,"potions_floor_spawned":[1,8,14,24,28,30,31,46,48],"ascension_level":0}}