{"host":"3a1ypf1irl30q4k8","time":1608918548,"event":{"mods":["AchievementEnabler","BaseMod","Bestiary","Colored Map","Minty Spire (QoL Compilation)","Relic Stats"],"gold_per_floor":[112,112,12,32,47,76,76,86,86,119,132,151,164,164,164,241,241,255,271,0,17,17,17,51,0,0,0,0,17,17,32,32,32,32],"floor_reached":33,"playtime":1372,"items_purged":["Strike_R"],"score":488,"play_id":"c87c641c-4f39-48e7-91b5-91d6818e5f79","local_time":"20201225174908","is_ascension_mode":true,"campfire_choices":[{"data":"Fiend Fire","floor":7,"key":"SMITH"},{"floor":15,"key":"REST"},{"data":"Flame Barrier","floor":23,"key":"SMITH"},{"data":"Whirlwind","floor":28,"key":"SMITH"},{"data":"Reaper","floor":30,"key":"SMITH"},{"floor":32,"key":"REST"}],"circlet_count":0,"master_deck":["AscendersBane","Strike_R","Strike_R+1","Strike_R","Strike_R","Defend_R","Defend_R","Defend_R","Defend_R","Bash+1","Fiend Fire+1","Rampage","Cleave","Pommel Strike","Shrug It Off","Disarm","Warcry","Battle Trance","Flame Barrier+1","Seeing Red","Reaper+1","Whirlwind+1","Spot Weakness","Inflame+1","Ghostly Armor","Decay","Juggernaut+1","Inflame+1"],"relics":["Burning Blood","MealTicket","Whetstone","Frozen Egg 2","Runic Pyramid","Bronze Scales","Darkstone Periapt","Paper Frog"],"acts_visited":["Exordium","TheCity"],"potions_floor_usage":[16,16,19,21,21,21,24,29],"damage_taken":[{"damage":4,"enemies":"Small Slimes","floor":1,"turns":4},{"damage":14,"enemies":"Jaw Worm","floor":4,"turns":3},{"damage":0,"enemies":"Cultist","floor":5,"turns":2},{"damage":34,"enemies":"3 Sentries","floor":6,"turns":8},{"damage":14,"enemies":"3 Louse","floor":8,"turns":3},{"damage":31,"enemies":"Lagavulin","floor":10,"turns":6},{"damage":6,"enemies":"Blue Slaver","floor":11,"turns":3},{"damage":0,"enemies":"Exordium Wildlife","floor":12,"turns":2},{"damage":11,"enemies":"3 Louse","floor":13,"turns":3},{"damage":15,"enemies":"The Guardian","floor":16,"turns":12},{"damage":10,"enemies":"Spheric Guardian","floor":18,"turns":4},{"damage":20,"enemies":"2 Thieves","floor":19,"turns":3},{"damage":0,"enemies":"Snecko","floor":21,"turns":3},{"damage":46,"enemies":"Gremlin Leader","floor":24,"turns":6},{"damage":22,"enemies":"3 Cultists","floor":29,"turns":4},{"damage":9,"enemies":"Shelled Parasite and Fungi","floor":31,"turns":4},{"damage":89,"enemies":"Automaton","floor":33,"turns":8}],"seed_played":"-2780415978074446785","potions_obtained":[{"floor":8,"key":"Energy Potion"},{"floor":11,"key":"Ancient Potion"},{"floor":12,"key":"Dexterity Potion"},{"floor":16,"key":"Fire Potion"},{"floor":18,"key":"EntropicBrew"},{"floor":19,"key":"BlessingOfTheForge"},{"floor":21,"key":"FearPotion"}],"is_trial":false,"path_per_floor":["M","?","$","M","M","E","R","M","T","E","M","M","M","?","R","B",null,"M","M","$","M","?","R","E","$","T","?","R","M","R","M","R","B"],"character_chosen":"IRONCLAD","items_purchased":["Cleave","Pommel Strike","Bronze Scales","Inflame+1","AttackPotion"],"campfire_rested":2,"item_purchase_floors":[3,3,20,20,25],"current_hp_per_floor":[70,70,70,62,68,40,40,32,32,7,7,13,8,8,30,21,62,58,44,59,69,69,69,38,53,53,59,59,55,55,52,76,0,0],"gold":32,"neow_bonus":"ONE_RANDOM_RARE_CARD","is_daily":false,"chose_seed":false,"campfire_upgraded":4,"win_rate":0.0,"timestamp":1608918548,"path_taken":["M","?","$","M","M","E","R","M","T","E","M","M","M","?","R","BOSS","M","M","$","M","?","R","E","$","T","?","R","M","R","M","R","BOSS"],"items_purchased_type":["Card","Card","Relic","Card","Potion"],"build_version":"2020-12-22","purchased_purges":1,"victory":false,"max_hp_per_floor":[75,75,75,75,75,75,75,75,75,75,75,75,75,75,75,75,75,75,75,75,75,75,75,75,75,75,81,81,81,81,81,81,81,81],"relic_stats":{"Darkstone Periapt":6,"counters":[17,78],"Bronze Scales":[104],"MealTicket":30,"Whetstone":["Strike_R","Bash"],"obtain_stats":[{"Darkstone Periapt":24,"Bronze Scales":20,"MealTicket":6,"Whetstone":9,"Frozen Egg 2":10,"Burning Blood":0,"Runic Pyramid":17,"Paper Frog":26},{"Darkstone Periapt":14,"Bronze Scales":12,"MealTicket":4,"Whetstone":5,"Frozen Egg 2":6,"Burning Blood":0,"Runic Pyramid":10,"Paper Frog":14},{"Darkstone Periapt":62,"Bronze Scales":53,"MealTicket":17,"Whetstone":20,"Frozen Egg 2":26,"Burning Blood":0,"Runic Pyramid":46,"Paper Frog":62}],"Burning Blood":96},"card_choices":[{"not_picked":["Warcry","Metallicize"],"picked":"Rampage","floor":1},{"not_picked":["Entrench","Wild Strike"],"picked":"Shrug It Off","floor":4},{"not_picked":["Dual Wield","Perfected Strike"],"picked":"Disarm","floor":5},{"not_picked":["Sentinel","Pommel Strike","Blood for Blood"],"picked":"SKIP","floor":6},{"not_picked":["True Grit","Flex"],"picked":"Warcry","floor":8},{"not_picked":["Sentinel","Hemokinesis"],"picked":"Battle Trance","floor":10},{"not_picked":["Heavy Blade","Hemokinesis","Pommel Strike"],"picked":"SKIP","floor":11},{"not_picked":["Cleave","Intimidate"],"picked":"Flame Barrier","floor":12},{"not_picked":["Heavy Blade","Uppercut"],"picked":"Seeing Red","floor":13},{"not_picked":["Impervious","Exhume"],"picked":"Reaper","floor":16},{"not_picked":["Armaments","Heavy Blade"],"picked":"Whirlwind","floor":18},{"not_picked":["Wild Strike","Body Slam"],"picked":"Spot Weakness","floor":19},{"not_picked":["Heavy Blade","Perfected Strike","Pommel Strike"],"picked":"SKIP","floor":21},{"not_picked":["Wild Strike","Rampage"],"picked":"Ghostly Armor","floor":24},{"not_picked":["Infernal Blade","Ghostly Armor"],"picked":"Juggernaut+1","floor":29},{"not_picked":["Pummel","Evolve+1"],"picked":"Inflame+1","floor":31}],"player_experience":889313,"relics_obtained":[{"floor":6,"key":"MealTicket"},{"floor":9,"key":"Whetstone"},{"floor":10,"key":"Frozen Egg 2"},{"floor":24,"key":"Darkstone Periapt"},{"floor":26,"key":"Paper Frog"}],"event_choices":[{"damage_healed":0,"gold_gain":0,"player_choice":"Leave","damage_taken":0,"max_hp_gain":0,"max_hp_loss":0,"event_name":"The Cleric","floor":2,"gold_loss":0},{"damage_healed":0,"gold_gain":0,"player_choice":"Ignored","damage_taken":0,"max_hp_gain":0,"max_hp_loss":0,"event_name":"Golden Idol","floor":14,"gold_loss":0},{"damage_healed":0,"gold_gain":0,"player_choice":"Smashed Altar","damage_taken":0,"max_hp_gain":0,"max_hp_loss":0,"event_name":"Forgotten Altar","floor":27,"gold_loss":0,"cards_obtained":["Decay"]}],"is_beta":false,"boss_relics":[{"not_picked":["Astrolabe","Tiny House"],"picked":"Runic Pyramid"}],"items_purged_floors":[20],"is_endless":false,"potions_floor_spawned":[8,11,12,16,18,19,21],"killed_by":"Automaton","ascension_level":15}}