{"host":"1s2i2u841ofwoqaa","time":1608888043,"event":{"mods":["AchievementEnabler","Aspiration","BaseMod","Better Third Choice","Colored Powertips","Downfall","Hubris","Minty Spire (QoL Compilation)","StSLib","SuperFastMode","The Animator"],"gold_per_floor":[109,120,136,149,223,223,257,257,257,288,308,19,19,0,0,95,95,108,52,52,66,89,89,108,127,181,106,149,149,189,213,213,213,213],"floor_reached":33,"playtime":1211,"items_purged":["Strike_R"],"score":549,"play_id":"cc881402-1c13-44be-b318-7eb4ddc17fff","local_time":"20201225222043","is_ascension_mode":true,"campfire_choices":[{"data":"Bash","floor":6,"key":"SMITH"},{"data":"True Grit","floor":8,"key":"SMITH"},{"data":"Armaments","floor":15,"key":"SMITH"},{"floor":23,"key":"REST"},{"data":"Enlightenment","floor":29,"key":"SMITH"},{"floor":32,"key":"REST"}],"circlet_count":0,"master_deck":["AscendersBane","Defend_R","Defend_R","Defend_R","Bash+1","True Grit+1","Body Slam","Fire Breathing","Battle Trance","hubris:CleavingFinish","Armaments+1","Seeing Red","Enlightenment+1","Limit Break","Offering+1","Immolate+1","Bloodletting+1","Shrug It Off","Shockwave","Rage","Cleave","Spot Weakness"],"relics":["Burning Blood","NeowsBlessing","Question Card","Bag of Preparation","Mercury Hourglass","Akabeko","ClockworkSouvenir","Golden Idol","Astrolabe","aspiration:RitualStick","Toy Ornithopter","Dead Branch"],"acts_visited":["Exordium","TheCity"],"potions_floor_usage":[4,10,22,24,31],"damage_taken":[{"damage":0,"enemies":"Cultist","floor":1,"turns":1},{"damage":0,"enemies":"Jaw Worm","floor":2,"turns":1},{"damage":0,"enemies":"Small Slimes","floor":3,"turns":2},{"damage":1,"enemies":"Exordium Wildlife","floor":4,"turns":2},{"damage":20,"enemies":"3 Sentries","floor":7,"turns":6},{"damage":28,"enemies":"Lagavulin","floor":10,"turns":8},{"damage":8,"enemies":"Blue Slaver","floor":11,"turns":2},{"damage":29,"enemies":"Hexaghost","floor":16,"turns":11},{"damage":6,"enemies":"Shell Parasite","floor":18,"turns":1},{"damage":9,"enemies":"Chosen","floor":21,"turns":2},{"damage":6,"enemies":"Sentry and Sphere","floor":22,"turns":1},{"damage":6,"enemies":"Centurion and Healer","floor":24,"turns":3},{"damage":9,"enemies":"Chosen and Byrds","floor":25,"turns":2},{"damage":12,"enemies":"Slavers","floor":28,"turns":3},{"damage":27,"enemies":"Book of Stabbing","floor":30,"turns":5},{"damage":9,"enemies":"Snake Plant","floor":31,"turns":3},{"damage":77,"enemies":"hubris:MusketHawk","floor":33,"turns":6}],"seed_played":"5448748239492796568","potions_obtained":[{"floor":1,"key":"AttackPotion"},{"floor":2,"key":"SpeedPotion"},{"floor":7,"key":"sneckomod:MuddlingPotion"},{"floor":10,"key":"ElixirPotion"},{"floor":24,"key":"GamblersBrew"},{"floor":25,"key":"SteroidPotion"},{"floor":28,"key":"Energy Potion"}],"is_trial":false,"path_per_floor":["M","M","M","M","T","R","E","R","T","E","M","$","?","?","R","B",null,"M","$","?","M","M","R","M","M","T","?","E","R","E","M","R","B"],"character_chosen":"IRONCLAD","items_purchased":["ClockworkSouvenir","Explosive Potion","Fire Potion"],"campfire_rested":2,"item_purchase_floors":[12,12,19],"current_hp_per_floor":[74,75,75,75,75,75,61,61,61,39,37,37,37,43,43,20,61,61,61,42,39,39,61,61,58,58,58,52,52,31,33,55,0,0],"gold":213,"neow_bonus":"THREE_ENEMY_KILL","is_daily":false,"chose_seed":false,"campfire_upgraded":4,"win_rate":0.0,"timestamp":1608888043,"path_taken":["M","M","M","M","?","R","E","R","T","E","M","$","?","?","R","BOSS","M","$","?","M","M","R","M","M","T","?","E","R","E","?","R","BOSS"],"items_purchased_type":["Relic","Potion","Potion"],"build_version":"2020-12-22","purchased_purges":1,"victory":false,"max_hp_per_floor":[75,75,75,75,75,75,75,75,75,75,75,75,68,74,74,74,74,74,74,74,74,74,74,74,74,74,74,74,74,74,74,74,74,74],"card_choices":[{"not_picked":["Pummel","hubris:ReadiedAction"],"picked":"True Grit","floor":1},{"not_picked":["Wild Strike","Entrench"],"picked":"Body Slam","floor":2},{"not_picked":["Flex","Body Slam"],"picked":"Fire Breathing","floor":3},{"not_picked":["Burning Pact","Warcry"],"picked":"Battle Trance","floor":4},{"not_picked":["Pommel Strike","Heavy Blade","Demon Form"],"picked":"hubris:CleavingFinish","floor":7},{"not_picked":["Inflame","Warcry","Pommel Strike"],"picked":"Armaments","floor":10},{"not_picked":["Headbutt","Flex","Dual Wield"],"picked":"Seeing Red","floor":11},{"not_picked":["Reaper","hubris:StunningStrike","Demon Form"],"picked":"Limit Break","floor":16},{"not_picked":["Anger","Iron Wave","Heavy Blade+1","Dropkick"],"picked":"SKIP","floor":18},{"not_picked":["Flex","Iron Wave","Wild Strike"],"picked":"Shrug It Off","floor":21},{"not_picked":["Anger+1","Havoc","Sword Boomerang","Heavy Blade"],"picked":"SKIP","floor":22},{"not_picked":["Anger","Fiend Fire","Iron Wave"],"picked":"Shockwave","floor":24},{"not_picked":["Heavy Blade","Body Slam","Havoc","Burning Pact+1"],"picked":"SKIP","floor":25},{"not_picked":["Anger","Perfected Strike","Headbutt+1","Armaments"],"picked":"SKIP","floor":28},{"not_picked":["hubris:SharpeningStone","Flex","Perfected Strike"],"picked":"Spot Weakness","floor":30},{"not_picked":["Offering","Battle Trance","Reckless Charge","Warcry"],"picked":"SKIP","floor":31}],"player_experience":463093,"relics_obtained":[{"floor":5,"key":"Question Card"},{"floor":7,"key":"Bag of Preparation"},{"floor":9,"key":"Mercury Hourglass"},{"floor":10,"key":"Akabeko"},{"floor":28,"key":"Toy Ornithopter"},{"floor":30,"key":"Dead Branch"}],"event_choices":[{"damage_healed":0,"gold_gain":0,"player_choice":"Lose Max HP","damage_taken":0,"relics_obtained":["Golden Idol"],"max_hp_gain":0,"max_hp_loss":7,"event_name":"Golden Idol","floor":13,"gold_loss":0},{"damage_healed":0,"gold_gain":0,"player_choice":"RENOUNCE","damage_taken":19,"max_hp_gain":0,"max_hp_loss":0,"event_name":"betterThird:BetterSerpent","floor":14,"gold_loss":19,"cards_obtained":["Enlightenment"]},{"damage_healed":0,"gold_gain":0,"cards_transformed":["Strike_R","Strike_R"],"player_choice":"Transformed Cards","damage_taken":0,"max_hp_gain":0,"max_hp_loss":0,"event_name":"Designer","floor":27,"gold_loss":75,"cards_obtained":["Rage","Cleave"]}],"is_beta":false,"boss_relics":[{"not_picked":["aspiration:FutureDiary","hubris:GrandSneckoEye"],"picked":"Astrolabe"}],"items_purged_floors":[12],"is_endless":false,"potions_floor_spawned":[1,2,7,10,16,21,24,25,28],"killed_by":"hubris:MusketHawk","ascension_level":17}}