{"host":"9vecvdjkx64cw9bo","time":1608883815,"event":{"mods":["BaseMod","Custom Start","Keyboard Shortcuts","Minty Spire (QoL Compilation)","Quick Restart","StSLib","SuperFastMode"],"gold_per_floor":[119,119,137,152,168,168,168,168],"floor_reached":7,"playtime":122,"items_purged":[],"score":86,"play_id":"d39a7a56-1d94-459e-a876-0d3869eba471","local_time":"20201225171015","is_ascension_mode":true,"campfire_choices":[{"data":"Neutralize","floor":6,"key":"SMITH"}],"circlet_count":0,"master_deck":["AscendersBane","Strike_G","Strike_G","Strike_G","Strike_G","Defend_G","Defend_G","Defend_G","Defend_G","Defend_G","Survivor","Neutralize+1","Underhanded Strike","Catalyst","Blade Dance","Infinite Blades"],"relics":["Ring of the Snake","NeowsBlessing"],"acts_visited":["Exordium"],"potions_floor_usage":[],"damage_taken":[{"damage":0.0,"enemies":"2 Louse","floor":1.0,"turns":1.0},{"damage":0.0,"enemies":"Cultist","floor":3.0,"turns":1.0},{"damage":0.0,"enemies":"Jaw Worm","floor":4.0,"turns":1.0},{"damage":0,"enemies":"Looter","floor":5,"turns":2},{"damage":32,"enemies":"Lagavulin","floor":7,"turns":7}],"seed_played":"5081810633824769015","potions_obtained":[{"floor":4.0,"key":"Explosive Potion"}],"is_trial":false,"path_per_floor":["M","?","M","M","M","R","E"],"character_chosen":"THE_SILENT","items_purchased":[],"campfire_rested":0,"item_purchase_floors":[],"current_hp_per_floor":[59,59,59,59,59,59,27,27],"gold":168,"neow_bonus":"THREE_ENEMY_KILL","is_daily":false,"chose_seed":false,"campfire_upgraded":1,"win_rate":0.0,"timestamp":1608883815,"path_taken":["M","?","M","?","M","R","E"],"items_purchased_type":[],"build_version":"2020-12-22","purchased_purges":0,"victory":false,"max_hp_per_floor":[66,66,66,66,66,66,66,66],"card_choices":[{"not_picked":["Caltrops","Poisoned Stab"],"picked":"Underhanded Strike","floor":1.0},{"not_picked":["Deadly Poison","Underhanded Strike"],"picked":"Catalyst","floor":3.0},{"not_picked":["Cloak And Dagger","Finisher"],"picked":"Blade Dance","floor":4.0},{"not_picked":["Storm of Steel","Backflip"],"picked":"Infinite Blades","floor":5}],"player_experience":774713,"relics_obtained":[],"event_choices":[{"cards_removed":["Strike_G"],"damage_healed":0.0,"max_hp_gain":0.0,"max_hp_loss":0.0,"gold_gain":0.0,"event_name":"Purifier","player_choice":"Purged","floor":2.0,"gold_loss":0.0,"damage_taken":0.0}],"is_beta":false,"boss_relics":[],"items_purged_floors":[],"is_endless":false,"potions_floor_spawned":[4],"killed_by":"Lagavulin","ascension_level":20}}