{"host":"j06fkfseroga8i8e","time":1608917400,"event":{"mods":["BaseMod","Bestiary","Colored Map","Colored Powertips","Minty Spire (QoL Compilation)","Relic Stats","StSLib","everything is the same but u backflip on backflip"],"gold_per_floor":[110,129,54,54,54,54,83,83,110,110,137,148,179,199,199,298,298,312,222,222,222],"floor_reached":20,"playtime":339,"items_purged":["Strike_B"],"score":344,"play_id":"1e2b78fc-f939-454f-a095-cdf4b152fc8b","local_time":"20201225123000","is_ascension_mode":true,"campfire_choices":[{"data":"Defragment","floor":6,"key":"SMITH"},{"data":"Zap","floor":10,"key":"SMITH"},{"floor":15,"key":"REST"}],"circlet_count":0,"master_deck":["AscendersBane","Strike_B","Strike_B","Defend_B","Defend_B","Defend_B","Zap+1","Dualcast","Defragment+1","Defragment+1","Rebound","Ball Lightning+1","Core Surge","Biased Cognition","Consume","Core Surge","Sunder+1"],"relics":["Cracked Core","NeowsBlessing","MealTicket","PreservedInsect","White Beast Statue","Girya","Runic Pyramid"],"acts_visited":["Exordium","TheCity"],"potions_floor_usage":[14,16,16],"damage_taken":[{"damage":0,"enemies":"2 Louse","floor":1,"turns":1},{"damage":0,"enemies":"Small Slimes","floor":2,"turns":1},{"damage":0,"enemies":"3 Sentries","floor":7,"turns":1},{"damage":15,"enemies":"Lagavulin","floor":11,"turns":5},{"damage":12,"enemies":"Jaw Worm","floor":12,"turns":2},{"damage":18,"enemies":"Gremlin Nob","floor":13,"turns":3},{"damage":13,"enemies":"Lots of Slimes","floor":14,"turns":3},{"damage":26,"enemies":"Hexaghost","floor":16,"turns":7},{"damage":44,"enemies":"2 Thieves","floor":18,"turns":3},{"damage":28,"enemies":"Spheric Guardian","floor":20,"turns":3}],"seed_played":"-788542354257090685","potions_obtained":[{"floor":7,"key":"SpeedPotion"},{"floor":12,"key":"FocusPotion"},{"floor":14,"key":"Regen Potion"},{"floor":16,"key":"Swift Potion"},{"floor":18,"key":"EssenceOfDarkness"}],"is_trial":false,"path_per_floor":["M","M","$","?","?","R","E","?","T","R","E","M","E","M","R","B",null,"M","?","M"],"character_chosen":"DEFECT","items_purchased":[],"campfire_rested":1,"item_purchase_floors":[],"current_hp_per_floor":[68,68,68,73,66,66,66,66,66,66,51,39,21,8,32,21,65,21,21,0,0],"gold":222,"neow_bonus":"THREE_ENEMY_KILL","is_daily":false,"chose_seed":false,"campfire_upgraded":2,"win_rate":0.0,"timestamp":1608917400,"path_taken":["M","M","$","?","?","R","E","?","T","R","E","M","E","M","R","BOSS","M","?","M"],"items_purchased_type":[],"build_version":"2020-12-22","purchased_purges":1,"victory":false,"max_hp_per_floor":[75,75,75,80,80,80,80,80,80,80,80,80,80,80,80,80,80,80,80,80,80],"relic_stats":{"counters":[10,29],"MealTicket":0,"PreservedInsect":51,"obtain_stats":[{"Girya":13,"NeowsBlessing":0,"MealTicket":7,"PreservedInsect":9,"Cracked Core":0,"White Beast Statue":11,"Runic Pyramid":17},{"Girya":6,"NeowsBlessing":0,"MealTicket":3,"PreservedInsect":3,"Cracked Core":0,"White Beast Statue":4,"Runic Pyramid":8},{"Girya":13,"NeowsBlessing":0,"MealTicket":3,"PreservedInsect":3,"Cracked Core":0,"White Beast Statue":8,"Runic Pyramid":23}]},"card_choices":[{"not_picked":["Turbo","Capacitor"],"picked":"Defragment","floor":1},{"not_picked":["Doom and Gloom","Turbo"],"picked":"Defragment","floor":2},{"not_picked":["Double Energy","Hologram"],"picked":"Rebound","floor":7},{"not_picked":["Self Repair","Glacier"],"picked":"Ball Lightning","floor":11},{"not_picked":["Ball Lightning","Chill"],"picked":"Core Surge","floor":12},{"not_picked":["Conserve Battery","Storm"],"picked":"Biased Cognition","floor":13},{"not_picked":["Barrage","Beam Cell"],"picked":"Consume","floor":14},{"not_picked":["Creative AI","Reboot"],"picked":"Core Surge","floor":16},{"not_picked":["Streamline","Storm"],"picked":"Sunder+1","floor":18}],"player_experience":564999,"relics_obtained":[{"floor":7,"key":"MealTicket"},{"floor":9,"key":"PreservedInsect"},{"floor":11,"key":"White Beast Statue"},{"floor":13,"key":"Girya"}],"event_choices":[{"damage_healed":0,"gold_gain":0,"player_choice":"Donut","damage_taken":0,"max_hp_gain":5,"max_hp_loss":0,"event_name":"Big Fish","floor":4,"gold_loss":0},{"cards_removed":["Defend_B"],"damage_healed":0,"gold_gain":0,"player_choice":"Card Removal","damage_taken":7,"max_hp_gain":0,"max_hp_loss":0,"event_name":"Golden Wing","floor":5,"gold_loss":0},{"damage_healed":0,"gold_gain":0,"player_choice":"Grow","damage_taken":0,"max_hp_gain":0,"max_hp_loss":0,"event_name":"Living Wall","floor":8,"gold_loss":0,"cards_upgraded":["Defragment"]},{"cards_removed":["Strike_B"],"damage_healed":0,"gold_gain":0,"player_choice":"Upgrade and Remove","damage_taken":0,"max_hp_gain":0,"max_hp_loss":0,"event_name":"Designer","floor":19,"gold_loss":90,"cards_upgraded":["Ball Lightning"]}],"is_beta":false,"boss_relics":[{"not_picked":["Busted Crown","Sozu"],"picked":"Runic Pyramid"}],"items_purged_floors":[3],"is_endless":false,"potions_floor_spawned":[7,12,13,14,16,18],"killed_by":"Spheric Guardian","ascension_level":12}}