{"host":"3ag28rj20kycqn2b","time":1608927161,"event":{"mods":["BaseMod","BetterRewards","Colored Map","Colored Powertips","Conspire","Downfall","Googly Eyes","Hermit","Highlight Path","Jorbs\u0027s Wanderer Trilogy","Marisa????????","Minty Spire (QoL Compilation)","Rare Cards Sparkle","Relic Sorter","Replay The Spire","Shop Mod","StSLib","The Construct","The Cursed","The Necromancer","The Runesmith","The Servant 0.9.4","TheSwordswoman"],"gold_per_floor":[109,184,184,28,28,28,38,38,65,65,65,84,103,103,103,201,201,216,216,216,216,136,136,136,136,190,105,105,15,40,56,56,62,62],"floor_reached":33,"playtime":4090,"items_purged":[],"score":272,"play_id":"39c802d8-d649-4400-a282-507c12645c14","local_time":"20201225151241","daily_mods":["SealedDeck","Heirloom","Time Dilation","Flight","downfall:Jewelcrafting","downfall:Lament"],"is_ascension_mode":false,"campfire_choices":[{"data":"Death_March_Dance","floor":15,"key":"SMITH"},{"data":"Guardian:ExploitGems","floor":23,"key":"SMITH"},{"data":"Guardian:ExploitGems","floor":25,"key":"SMITH"},{"data":"Death_March_Dance","floor":32,"key":"SMITH"}],"circlet_count":0,"master_deck":["Guardian:ExploitGems+1","Guardian:ExploitGems+1","Bone_Spikes","Bone_Armory","Necrotic_Claws","Acid_Javelin","Acid_Javelin","Summon_Lich","Negative_Energy_Shield","Spectral_Walk","Bone_Shift","Death_March_Dance+1","Skeleton_Dragon","Bone_Armor","Skeleton_Dragon","Normality","Summon_Undead_Army","J.A.X.","Bone_Armory","Death_March_Dance+1","Toxic_Smoke_Screen","Bone_Armory"],"relics":["Vampire_Amulet","construct:BoolHorns","Guardian:PocketSentry","Guardian:PickAxe","NeowsBlessing","Replay:Mystery Machine","conspire:SlowCooker","Regal Pillow","Replay:Kaleidoscope","Replay:Bandana"],"acts_visited":["Exordium","TheCity"],"potions_floor_usage":[16,16],"damage_taken":[{"damage":0,"enemies":"conspire:RoseBush","floor":1,"turns":1},{"damage":0,"enemies":"2 Louse","floor":7,"turns":1},{"damage":0,"enemies":"Jaw Worm","floor":12,"turns":1},{"damage":9,"enemies":"Blue Slaver","floor":13,"turns":4},{"damage":15,"enemies":"Hexaghost","floor":16,"turns":7},{"damage":2,"enemies":"3 Byrds","floor":18,"turns":5},{"damage":23,"enemies":"Slavers","floor":30,"turns":5},{"damage":24,"enemies":"conspire:FuzzyDice","floor":31,"turns":5},{"damage":24,"enemies":"Pondfish","floor":33,"turns":5}],"seed_played":"745143966944411209","potions_obtained":[{"floor":1,"key":"Regen Potion"},{"floor":12,"key":"CultistPotion"}],"is_trial":true,"path_per_floor":["M","?","?","$","?","R","M","$","T","R","?","M","M","$","R","B",null,"M","?","?","?","$","R","?","R","T","?","R","$","E","M","R","B"],"character_chosen":"NECROMANCER","items_purchased":["Guardian:PocketSentry","Summon_Undead_Army","Bone_Armory","Death_March_Dance"],"campfire_rested":0,"item_purchase_floors":[4,22,29,29],"current_hp_per_floor":[75,64,57,57,57,57,61,61,61,61,61,63,56,56,56,58,75,75,75,61,61,61,61,61,61,61,61,61,61,44,24,24,0,0],"gold":62,"neow_bonus":"","is_daily":false,"chose_seed":false,"campfire_upgraded":4,"win_rate":0.0,"timestamp":1608927161,"path_taken":["M","?","?","$","?","R","M","?","T","R","?","M","?","?","R","BOSS","M","?","?","?","$","R","?","R","T","?","R","?","E","?","R","BOSS"],"items_purchased_type":["Relic","Card","Card","Card"],"build_version":"2020-12-22","purchased_purges":0,"victory":false,"max_hp_per_floor":[75,75,75,75,75,75,75,75,75,75,75,75,75,75,75,75,75,75,75,80,80,80,80,80,80,80,80,80,80,80,80,80,80,80],"card_choices":[{"not_picked":["Shackles_Of_Pain","Negative_Energy_Mist"],"picked":"Bone_Shift","floor":1},{"not_picked":["Corrupt","Exploit"],"picked":"Death_March_Dance","floor":7},{"not_picked":["Chill_Blood","Death_Knell"],"picked":"Skeleton_Dragon","floor":12},{"not_picked":["Consume_Illness","Strike_from_Beyond"],"picked":"Bone_Armor","floor":13},{"not_picked":["Requiem","Cloudkill"],"picked":"Skeleton_Dragon","floor":16},{"not_picked":["Bone_Spikes","Blood_Curse+1","Blood_Whip+1"],"picked":"SKIP","floor":18},{"not_picked":["Chill_Blood","Slay_Living"],"picked":"Toxic_Smoke_Screen","floor":30},{"not_picked":["Bone_Spikes","Necrotic_Claws+1"],"picked":"Bone_Armory","floor":31}],"player_experience":400868,"relics_obtained":[{"floor":9,"key":"Replay:Mystery Machine"},{"floor":26,"key":"Regal Pillow"},{"floor":30,"key":"Replay:Bandana"}],"event_choices":[{"damage_healed":0,"gold_gain":75,"player_choice":"Gather Gold","damage_taken":11,"max_hp_gain":0,"max_hp_loss":0,"event_name":"World of Goop","floor":2,"gold_loss":0},{"cards_removed":["Scare"],"damage_healed":0,"gold_gain":0,"player_choice":"Card Removal","damage_taken":7,"max_hp_gain":0,"max_hp_loss":0,"event_name":"Golden Wing","floor":3,"gold_loss":0},{"damage_healed":0,"gold_gain":0,"player_choice":"Leave","damage_taken":0,"max_hp_gain":0,"max_hp_loss":0,"event_name":"conspire:Investor","floor":5,"gold_loss":0},{"damage_healed":0,"gold_gain":0,"player_choice":"Leave","damage_taken":0,"max_hp_gain":0,"max_hp_loss":0,"event_name":"The Cleric","floor":11,"gold_loss":0},{"damage_healed":0,"gold_gain":0,"player_choice":"Shed Blood","damage_taken":19,"max_hp_gain":5,"max_hp_loss":0,"event_name":"Forgotten Altar","floor":20,"gold_loss":0},{"cards_removed":["Plague_Bolt"],"damage_healed":0,"gold_gain":0,"player_choice":"Elegance","damage_taken":0,"max_hp_gain":0,"max_hp_loss":0,"event_name":"Back to Basics","floor":21,"gold_loss":0},{"damage_healed":0,"gold_gain":0,"player_choice":"Obtain J.A.X.","damage_taken":0,"max_hp_gain":0,"max_hp_loss":0,"event_name":"Drug Dealer","floor":24,"gold_loss":0,"cards_obtained":["J.A.X."]},{"damage_healed":0,"gold_gain":0,"player_choice":"Obtained Relic","damage_taken":0,"relics_obtained":["Replay:Kaleidoscope"],"max_hp_gain":0,"max_hp_loss":0,"event_name":"Addict","floor":27,"gold_loss":85}],"is_beta":false,"boss_relics":[{"not_picked":["ReplayTheSpireMod:DimensionalGlitch","Replay:Ancient Bell"],"picked":"conspire:SlowCooker"}],"items_purged_floors":[],"is_endless":true,"potions_floor_spawned":[1,12],"killed_by":"Pondfish","ascension_level":0}}