{"host":"h7xtspmc2x3i8s2i","time":1608933165,"event":{"mods":["2.2 Compatiblity","AchievementEnabler","Act Like it!","AlwaysNeverKeys","Aspiration","Astrologer","BaseMod","Beaked The Cultist","Bestiary","Better Match","Better Sensory Stone","Better Third Choice","Better Vampires","BetterRewards","Challenge The Spire","Colored Map","Colored Powertips","Colorless Booster Pack","Curses Come First","Defuse TimeMaze Blight","Dio Mod","Downfall","Duelist Mod","EXCEPTION","Energized Spire","Friendly Minions","GifTheSpireLib","Gold Saver","Gremlin Skip","Halation","Hubris","Jedi Mod","Key Reminder","Marked Mod","Minty Spire (QoL Compilation)","Permanent Neow","Potion Indicator Mod","Random Character Button","Random Character Mod","Rare Cards Sparkle","Relic Filter","Relic Stats","Replay The Spire","SacredBarkPlus","Shop Mod","Somnambulant","Spicy Shops","Spikes Relics","Spire Birthday Party","StSLib","Steal the Spire","Stuff the Spire","SuperFastMode","The Awakened One except there are too many feathers","The Blue Laboratory","The Cursed","The Death Knight","The Dragon Tamer","The Edgeheg","The Hierophant","The Problem Sleuth","The Wild Card","Transform Curses","Unceasing Turn Reminder","everything is the same but u backflip on backflip","slay the spire mod where everything is the same but ironclad has a cowboy hat","vexMod"],"gold_per_floor":[1363,1378,1378,1394,1394,1394,1417,128,142,168,180,197,222,239,252,354,354,129,148,33,33,33,48,48,61,72,97,115,115,138,18,33,131,131,131,131,131,9,23,8,8,8,37,50,70,70,105,118,128,128,128,128],"floor_reached":50,"playtime":2636,"items_purged":["champ:Strike","champ:Strike"],"score":664,"play_id":"b3b5ac3d-b753-43e3-b9a1-9a7784cc12c5","local_time":"20201225165245","is_ascension_mode":true,"campfire_choices":[{"floor":1,"key":"RECALL"},{"data":"champ:Backstep","floor":18,"key":"SMITH"},{"floor":29,"key":"REST"}],"circlet_count":0,"master_deck":["champ:Strike","champ:Defend","champ:Defend","champ:Defend","champ:Execute","champ:Taunt+1","champ:StanceDance+1","champ:FaceSlap","champ:Backstep+1","champ:IronFortress","expansioncontent:DonusPower","champ:Riposte","champ:FlashCut","champ:BerserkerStyle","champ:StanceDance","champ:Backstep+1","champ:SteelEdge","champ:FaceSlap","champ:FanOfKnives","champ:FanOfKnives","champ:FanOfKnives","champ:GutPunch","champ:FlashCut","champ:Riposte","expansioncontent:TimeRipple","champ:FanOfKnives+1","champ:FanOfKnives","champ:Aggression","champ:FaceSlap","champ:DefensiveStyle","champ:GutPunch","champ:FanOfKnives+1","champ:FanOfKnives+1"],"relics":["champ:ChampionCrown","MerchantsRug","Anchor","hubris:DeckOfHolding","hubris:BundleOfHerbs","halation:Sosunser","aspiration:HatOfInfinitePower","Tiny Chest","hubris:HollowSoul","downfall:HeartBlessingRed","downfall:HeartBlessingGreen","downfall:HeartBlessingBlue","halation:PinkSoulGem","Rawhide","Replay:Multitool","Replay:Wax Seal","ChewingGum","halation:PapillonHeart","hubris:Towel","StuffTheSpire:Barrel","Replay:Towering Pillar of Hats","aspiration:ChemicalBlood","aspiration:StickyExplosives_weak"],"acts_visited":["Exordium","TheCity","TheBeyond"],"potions_floor_usage":[8,8,13,16,23,27,28,33,43,43,45,45,47,49,49,50,50,50,50,50,50],"damage_taken":[{"damage":5,"enemies":"2 Louse","floor":2,"turns":3},{"damage":8,"enemies":"Cultist","floor":4,"turns":4},{"damage":15,"enemies":"downfall:FleeingMerchant","floor":8,"turns":4},{"damage":5,"enemies":"Small Slimes","floor":9,"turns":2},{"damage":46,"enemies":"Gremlin Nob","floor":10,"turns":4},{"damage":13,"enemies":"Red Slaver","floor":11,"turns":2},{"damage":10,"enemies":"Exordium Wildlife","floor":12,"turns":4},{"damage":16,"enemies":"Replay:BlueRogue","floor":13,"turns":4},{"damage":0,"enemies":"Blue Slaver","floor":14,"turns":3},{"damage":8,"enemies":"Exordium Thugs","floor":15,"turns":4},{"damage":26,"enemies":"downfall:Ironclad","floor":16,"turns":12},{"damage":5,"enemies":"Shell Parasite","floor":19,"turns":3},{"damage":7,"enemies":"downfall:FleeingMerchant","floor":20,"turns":4},{"damage":14,"enemies":"Chosen","floor":23,"turns":5},{"damage":16,"enemies":"3 Cultists","floor":25,"turns":5},{"damage":11,"enemies":"Shelled Parasite and Fungi","floor":26,"turns":7},{"damage":55,"enemies":"Gremlin Leader","floor":27,"turns":9},{"damage":5,"enemies":"Chosen and Byrds","floor":28,"turns":4},{"damage":10,"enemies":"downfall:FleeingMerchant","floor":31,"turns":4},{"damage":19,"enemies":"Cultist and Chosen","floor":32,"turns":6},{"damage":29,"enemies":"downfall:Defect","floor":33,"turns":8},{"damage":8,"enemies":"downfall:FleeingMerchant","floor":38,"turns":4},{"damage":24,"enemies":"Orb Walker","floor":39,"turns":4},{"damage":10,"enemies":"downfall:FleeingMerchant","floor":40,"turns":2},{"damage":41,"enemies":"Giant Head","floor":43,"turns":7},{"damage":11,"enemies":"3 Darklings","floor":44,"turns":3},{"damage":27,"enemies":"Maw","floor":45,"turns":7},{"damage":66,"enemies":"Nemesis","floor":47,"turns":5},{"damage":19,"enemies":"4 Shapes","floor":48,"turns":3},{"damage":11,"enemies":"Sphere and 2 Shapes","floor":49,"turns":3},{"damage":37,"enemies":"downfall:Silent","floor":50,"turns":5}],"seed_played":"-4414361892155201708","potions_obtained":[{"floor":0,"key":"DistilledChaos"},{"floor":0,"key":"Explosive Potion"},{"floor":0,"key":"CultistPotion"},{"floor":14,"key":"Swift Potion"},{"floor":15,"key":"blueLaboratory:NullPotion"},{"floor":26,"key":"Toxic Potion"},{"floor":27,"key":"blueLaboratory:NullPotion"},{"floor":32,"key":"PowerPotion"},{"floor":43,"key":"SpeedPotion"},{"floor":47,"key":"blueLaboratory:BottleOfVodka"},{"floor":49,"key":"blueLaboratory:NullPotion"}],"is_trial":false,"path_per_floor":["R","M","?","M","?","?","T","$","M","E","M","M","E","M","M","B",null,"R","M","$","?","?","M","T","M","M","E","M","R","T","$","M","B",null,"R","?","?","$","M","$","T","T","E","M","M","R","E","M","M","B"],"character_chosen":"THE_CHAMP","items_purchased":["champ:Backstep","champ:IronFortress","halation:PeacePiece","MerchantsRug","Anchor","hubris:DeckOfHolding","hubris:BundleOfHerbs","halation:Sosunser","expansioncontent:DonusPower","champ:FanOfKnives","champ:GutPunch","expansioncontent:TimeRipple","champ:FanOfKnives","champ:Aggression","champ:FaceSlap","champ:DefensiveStyle","blueLaboratory:FruitPunch"],"campfire_rested":1,"item_purchase_floors":[8,8,8,8,8,8,8,8,8,31,31,38,40,40,40,40,40],"current_hp_per_floor":[90,90,90,90,90,90,90,85,85,62,62,62,56,56,56,39,90,100,100,99,99,99,92,92,85,84,39,39,69,69,62,56,43,100,100,95,95,95,81,81,81,81,67,69,59,88,34,24,22,0,0,0],"gold":128,"neow_bonus":"THREE_SMALL_POTIONS","is_daily":false,"chose_seed":false,"campfire_upgraded":1,"win_rate":0.0,"timestamp":1608933165,"path_taken":["R","M","?","?","?","?","T","$","?","E","M","M","E","M","M","BOSS","R","M","$","?","?","M","T","?","M","E","M","R","?","?","M","BOSS","R","?","?","$","M","$","T","?","E","M","?","R","E","?","M","BOSS"],"items_purchased_type":["Card","Card","Relic","Relic","Relic","Relic","Relic","Relic","Card","Card","Card","Card","Card","Card","Card","Card","Potion"],"build_version":"2020-12-22","purchased_purges":2,"victory":false,"max_hp_per_floor":[90,90,90,90,90,90,90,90,90,90,90,90,90,90,90,90,90,100,100,100,100,100,100,100,100,100,100,100,100,100,100,100,100,100,100,95,95,95,95,95,95,95,99,99,99,99,99,99,99,99,99,99],"relic_stats":{"counters":[31,148],"Tiny Chest":2,"obtain_stats":[{"halation:PapillonHeart":36,"StuffTheSpire:Barrel":41,"halation:Sosunser":8,"champ:ChampionCrown":0,"downfall:HeartBlessingGreen":18,"Rawhide":24,"Replay:Multitool":27,"aspiration:StickyExplosives_weak":47,"downfall:HeartBlessingBlue":18,"hubris:DeckOfHolding":8,"Tiny Chest":13,"Replay:Wax Seal":30,"aspiration:ChemicalBlood":43,"MerchantsRug":8,"downfall:HeartBlessingRed":18,"Replay:Towering Pillar of Hats":42,"hubris:HollowSoul":17,"hubris:Towel":37,"keyreminder:keyreminder":1,"Anchor":8,"ChewingGum":34,"hubris:BundleOfHerbs":8,"aspiration:HatOfInfinitePower":10,"halation:PinkSoulGem":21,"halation:PeacePiece":8},{"halation:PapillonHeart":21,"StuffTheSpire:Barrel":24,"halation:Sosunser":3,"champ:ChampionCrown":0,"downfall:HeartBlessingGreen":11,"Rawhide":14,"Replay:Multitool":17,"aspiration:StickyExplosives_weak":28,"downfall:HeartBlessingBlue":11,"hubris:DeckOfHolding":3,"Tiny Chest":8,"Replay:Wax Seal":18,"aspiration:ChemicalBlood":25,"MerchantsRug":3,"downfall:HeartBlessingRed":11,"Replay:Towering Pillar of Hats":24,"hubris:HollowSoul":11,"hubris:Towel":21,"keyreminder:keyreminder":0,"Anchor":3,"ChewingGum":21,"hubris:BundleOfHerbs":3,"aspiration:HatOfInfinitePower":5,"halation:PinkSoulGem":13,"halation:PeacePiece":3},{"halation:PapillonHeart":101,"StuffTheSpire:Barrel":111,"halation:Sosunser":11,"champ:ChampionCrown":0,"downfall:HeartBlessingGreen":46,"Rawhide":58,"Replay:Multitool":79,"aspiration:StickyExplosives_weak":133,"downfall:HeartBlessingBlue":46,"hubris:DeckOfHolding":11,"Tiny Chest":27,"Replay:Wax Seal":83,"aspiration:ChemicalBlood":118,"MerchantsRug":11,"downfall:HeartBlessingRed":46,"Replay:Towering Pillar of Hats":111,"hubris:HollowSoul":46,"hubris:Towel":101,"keyreminder:keyreminder":0,"Anchor":11,"ChewingGum":101,"hubris:BundleOfHerbs":11,"aspiration:HatOfInfinitePower":17,"halation:PinkSoulGem":53,"halation:PeacePiece":11}]},"card_choices":[{"not_picked":["champ:Shatter","champ:RapidStrikes"],"picked":"champ:StanceDance","floor":2},{"not_picked":["champ:BladeFlurry","champ:Riposte"],"picked":"champ:FaceSlap","floor":4},{"not_picked":["champ:PerfectedStrike","champ:Haymaker","champ:DefensiveShout"],"picked":"SKIP","floor":8},{"not_picked":["champ:FocusedBerserking","champ:Circumvent","champ:AdrenalArmor"],"picked":"SKIP","floor":9},{"not_picked":["champ:EnGarde","champ:RapidStrikes"],"picked":"champ:Riposte","floor":10},{"not_picked":["champ:EnGarde","champ:DefensiveShout","champ:BerserkersShout"],"picked":"SKIP","floor":11},{"not_picked":["champ:LastStand","champ:FocusedBerserking"],"picked":"champ:FlashCut","floor":12},{"not_picked":["champ:BerserkersShout","champ:AdrenalArmor"],"picked":"champ:BerserkerStyle","floor":13},{"not_picked":["champ:CrookedStrike","champ:BerserkersShout"],"picked":"champ:StanceDance","floor":14},{"not_picked":["champ:StanceDance","champ:SkillfulDodge"],"picked":"champ:Backstep","floor":15},{"not_picked":["champ:PerfectForm","champ:ShieldThrow"],"picked":"champ:SteelEdge","floor":16},{"not_picked":["champ:BerserkersShout+1","champ:Haymaker","champ:DefensiveShout"],"picked":"SKIP","floor":19},{"not_picked":["champ:EndlessRage","champ:Improvising","champ:RageSigil"],"picked":"SKIP","floor":20},{"not_picked":["champ:AdrenalArmor","champ:PerfectedStrike+1","champ:FocusedDefense+1"],"picked":"SKIP","floor":23},{"not_picked":["champ:Circumvent+1","champ:Encircle","champ:SkillfulDodge"],"picked":"SKIP","floor":25},{"not_picked":["champ:EnragedBash","champ:GladiatorStyle"],"picked":"champ:FanOfKnives","floor":26},{"not_picked":["champ:DefensiveShout","champ:BerserkersShout","champ:Haymaker"],"picked":"SKIP","floor":27},{"not_picked":["champ:GladiatorStyle","champ:PerfectedStrike"],"picked":"champ:FanOfKnives","floor":28},{"not_picked":["champ:StanceDance","champ:HeavySlash","champ:Haymaker"],"picked":"SKIP","floor":31},{"not_picked":["champ:RecklessLeap","champ:GladiatorStyle"],"picked":"champ:FlashCut","floor":32},{"not_picked":["champ:StanceDance+1","champ:DefensiveShout"],"picked":"champ:Riposte","floor":38},{"not_picked":["champ:GutPunch","champ:FightOn"],"picked":"champ:FanOfKnives+1","floor":39},{"not_picked":["champ:Lariat+1","champ:RapidStrikes","champ:ShieldSigil+1"],"picked":"SKIP","floor":40},{"not_picked":["champ:DeathBlow+1","champ:ShieldWall"],"picked":"champ:GutPunch","floor":43},{"not_picked":["champ:BerserkersShout+1","champ:Control+1"],"picked":"champ:FanOfKnives+1","floor":44},{"not_picked":["champ:EndlessRage+1","champ:AdrenalArmor"],"picked":"champ:FanOfKnives+1","floor":45},{"not_picked":["champ:Haymaker","champ:ShieldSigil+1","champ:BringItOn+1"],"picked":"SKIP","floor":47},{"not_picked":["champ:Shatter","champ:SwordSigil+1","champ:ArenaPreparation"],"picked":"SKIP","floor":48},{"not_picked":["champ:CrookedStrike","champ:BringItOn+1","champ:Haymaker+1"],"picked":"SKIP","floor":49}],"player_experience":573356,"relics_obtained":[{"floor":10,"key":"aspiration:HatOfInfinitePower"},{"floor":13,"key":"Tiny Chest"},{"floor":24,"key":"Rawhide"},{"floor":27,"key":"Replay:Multitool"},{"floor":30,"key":"Replay:Wax Seal"},{"floor":41,"key":"StuffTheSpire:Barrel"},{"floor":42,"key":"Replay:Towering Pillar of Hats"},{"floor":43,"key":"aspiration:ChemicalBlood"},{"floor":47,"key":"aspiration:StickyExplosives_weak"}],"event_choices":[{"damage_healed":0,"gold_gain":0,"player_choice":"Upgraded","damage_taken":0,"max_hp_gain":0,"max_hp_loss":0,"event_name":"Upgrade Shrine","floor":3,"gold_loss":0,"cards_upgraded":["champ:Taunt"]},{"damage_healed":0,"gold_gain":0,"cards_transformed":["champ:Strike"],"player_choice":"Transformed","damage_taken":0,"max_hp_gain":0,"max_hp_loss":0,"event_name":"Transmorgrifier","floor":22,"gold_loss":0,"cards_obtained":["champ:FaceSlap"]}],"is_beta":false,"boss_relics":[{"not_picked":["StuffTheSpire:ModemDavis","energizedSpire:StickyHand"],"picked":"hubris:HollowSoul"},{"not_picked":["energizedSpire:SpiderWeb","vexMod:EndlessSickness"],"picked":"ChewingGum"}],"items_purged_floors":[8,20],"is_endless":false,"potions_floor_spawned":[2,4,14,15,26,27,32,43,47,49],"killed_by":"downfall:Silent","ascension_level":1}}