{"host":"wfy07lporsqrbz3r","time":1608899803,"event":{"mods":["BaseMod","Minty Spire (QoL Compilation)","Replay The Spire","StSLib"],"gold_per_floor":[115,115,126,144,419,445,455,455,535,535,535],"floor_reached":10,"playtime":205,"items_purged":[],"score":136,"play_id":"1124ec24-3ad1-4e07-b8a4-9b37f960bc67","local_time":"20201225203643","is_ascension_mode":true,"campfire_choices":[{"floor":8,"key":"REST"}],"circlet_count":0,"master_deck":["AscendersBane","Strike_G","Strike_G","Strike_G","Strike_G","Strike_G","Defend_G","Defend_G","Defend_G","Defend_G","Defend_G","Survivor","Neutralize","Poisoned Stab","Terror","Escape Plan","Regret","Replay:Bag of Tricks","PiercingWail"],"relics":["Ring of the Snake","NeowsBlessing","Shovel","Replay:Bottled Steam"],"acts_visited":["Exordium"],"potions_floor_usage":[],"damage_taken":[{"damage":0,"enemies":"Small Slimes","floor":1,"turns":1},{"damage":0,"enemies":"Cultist","floor":3,"turns":1},{"damage":0,"enemies":"2 Louse","floor":4,"turns":1},{"damage":53,"enemies":"Lagavulin","floor":6,"turns":10},{"damage":3,"enemies":"Exordium Thugs","floor":7,"turns":4},{"damage":18,"enemies":"3 Sentries","floor":10,"turns":4}],"seed_played":"-3849652462891071536","potions_obtained":[],"is_trial":false,"path_per_floor":["M","?","M","M","?","E","M","R","T","E"],"character_chosen":"THE_SILENT","items_purchased":[],"campfire_rested":1,"item_purchase_floors":[],"current_hp_per_floor":[59,59,59,59,59,6,3,22,22,4,4],"gold":535,"neow_bonus":"THREE_ENEMY_KILL","is_daily":false,"chose_seed":false,"campfire_upgraded":0,"win_rate":0.0,"timestamp":1608899803,"path_taken":["M","?","M","?","?","E","?","R","T","E"],"items_purchased_type":[],"build_version":"2020-12-22","purchased_purges":0,"victory":false,"max_hp_per_floor":[66,66,66,66,66,66,66,66,66,66,66],"card_choices":[{"not_picked":["Dodge and Roll","Outmaneuver"],"picked":"Poisoned Stab","floor":1},{"not_picked":["Caltrops","ReplayTheSpireMod:Exploit Weakness"],"picked":"Terror","floor":3},{"not_picked":["Sucker Punch","Quick Slash"],"picked":"Escape Plan","floor":4},{"not_picked":["Draining Mist","Hidden Blade"],"picked":"Replay:Bag of Tricks","floor":6},{"not_picked":["Bouncing Flask","Bane"],"picked":"PiercingWail","floor":7}],"player_experience":715444,"relics_obtained":[{"floor":6,"key":"Shovel"},{"floor":9,"key":"Replay:Bottled Steam"}],"event_choices":[{"damage_healed":0,"gold_gain":0,"player_choice":"0 cards matched","damage_taken":0,"max_hp_gain":0,"max_hp_loss":0,"event_name":"Match and Keep!","floor":2,"gold_loss":0,"cards_obtained":[]},{"damage_healed":0,"gold_gain":275,"player_choice":"Desecrate","damage_taken":0,"max_hp_gain":0,"max_hp_loss":0,"event_name":"Golden Shrine","floor":5,"gold_loss":0,"cards_obtained":["Regret"]}],"is_beta":false,"boss_relics":[],"items_purged_floors":[],"is_endless":false,"potions_floor_spawned":[],"killed_by":"3 Sentries","ascension_level":20}}