{"host":"lmshf3swj20gmdor","time":1608928710,"event":{"mods":["Aspiration","BaseMod","Conspire","Downfall","Hubris","Mad Scientist","Minty Spire (QoL Compilation)","Replay The Spire","Spikes Relics","StSLib","Synergy Search","The Construct"],"gold_per_floor":[113,213,225,237,256,286,131,157,184,184,184,184,184,36,36,36,36],"floor_reached":16,"playtime":271,"items_purged":[],"score":137,"play_id":"eb066f30-847c-4eb9-bc7b-7583965c2468","local_time":"20201225203830","is_ascension_mode":true,"campfire_choices":[{"data":"ReplayTheSpireMod:Fabricate Wheel","floor":10,"key":"SMITH"},{"data":"hubris:PowerSurge","floor":12,"key":"SMITH"},{"floor":15,"key":"REST"}],"circlet_count":0,"master_deck":["Strike_B","Strike_B","Strike_B","Strike_B","Defend_B","Defend_B","Defend_B","Defend_B","Zap","Dualcast","Lockon","Sweeping Beam","hubris:PowerSurge+1","Machine Learning"],"relics":["Cracked Core","Replay:Antivirus Software","aspiration:ChemicalBlood","SnailShell","Replay:Wax Seal","hubris:BallOfYels","hubris:EvacipatedBox","ReplayTheSpireMod:TigerMarble","Prayer Wheel"],"acts_visited":["Exordium"],"potions_floor_usage":[16,16,16],"damage_taken":[{"damage":16,"enemies":"Jaw Worm","floor":1,"turns":4},{"damage":0,"enemies":"Cultist","floor":3,"turns":2},{"damage":0,"enemies":"conspire:RoseBush","floor":4,"turns":4},{"damage":8,"enemies":"conspire:2 RoseBushes","floor":5,"turns":4},{"damage":18,"enemies":"Gremlin Nob","floor":6,"turns":3},{"damage":33,"enemies":"Slime Boss","floor":16,"turns":6}],"seed_played":"-9077373550206967183","potions_obtained":[{"floor":4,"key":"EssenceOfSteel"},{"floor":6,"key":"Block Potion"}],"is_trial":false,"path_per_floor":["M","?","M","M","M","E","$","T","T","R","?","R","$","$","R","B"],"character_chosen":"DEFECT","items_purchased":["SnailShell","hubris:EvacipatedBox","ReplayTheSpireMod:TigerMarble"],"campfire_rested":1,"item_purchase_floors":[7,13,14],"current_hp_per_floor":[52,52,52,52,44,26,26,26,26,26,26,26,7,7,29,0,0],"gold":36,"neow_bonus":"RANDOM_COMMON_RELIC","is_daily":false,"chose_seed":false,"campfire_upgraded":2,"win_rate":0.0,"timestamp":1608928710,"path_taken":["M","?","M","M","?","E","$","?","T","R","?","R","?","$","R","BOSS"],"items_purchased_type":["Relic","Relic","Relic"],"build_version":"2020-12-22","purchased_purges":0,"victory":false,"max_hp_per_floor":[75,75,75,75,75,75,75,75,75,75,75,75,75,75,75,75,75],"card_choices":[{"not_picked":["Barrage","ReplayTheSpireMod:Reroute Power"],"picked":"Lockon","floor":1},{"not_picked":["Aggregate","conspire:Rain"],"picked":"Sweeping Beam","floor":3},{"not_picked":["FIFO Queue","Coolheaded"],"picked":"hubris:PowerSurge","floor":4},{"not_picked":["Rebound","Double Energy","Aggregate"],"picked":"SKIP","floor":5},{"not_picked":["Conserve Battery","ReplayTheSpireMod:Calculation Training"],"picked":"ReplayTheSpireMod:Fabricate Wheel","floor":6}],"player_experience":844327,"relics_obtained":[{"floor":6,"key":"aspiration:ChemicalBlood"},{"floor":8,"key":"Replay:Wax Seal"},{"floor":9,"key":"hubris:BallOfYels"}],"event_choices":[{"damage_healed":0,"gold_gain":100,"player_choice":"Pray","damage_taken":0,"max_hp_gain":0,"max_hp_loss":0,"event_name":"Golden Shrine","floor":2,"gold_loss":0},{"damage_healed":0,"gold_gain":0,"player_choice":"Ignored","damage_taken":0,"max_hp_gain":0,"max_hp_loss":0,"event_name":"Golden Idol","floor":11,"gold_loss":0}],"is_beta":false,"boss_relics":[],"items_purged_floors":[],"is_endless":false,"potions_floor_spawned":[4,6],"killed_by":"Slime Boss","ascension_level":8}}