{"host":"ry6l6fs2ordh092u","time":1608858123,"event":{"mods":["AchievementEnabler","BaseMod","BetterRewards","Gold Saver","Minty Spire (QoL Compilation)","Quick Restart","StSLib","SuperFastMode","The Jungle"],"gold_per_floor":[846,511,586,586,605,636,636,666,666,695,721,738,803,817,817,893,893,904,904,904,548,565,592,592,623,623,650,650,750,750,750,750,827,827,843,843,889,889,638,664,664,664,664,696,714,714,742,533,533,533,533,533,533,448,478,478],"floor_reached":57,"playtime":1692,"items_purged":["Strike_B","Defend_B","Strike_B","Defend_B","Defend_B","Defend_B","Dualcast"],"score":4387,"play_id":"ac303176-9ea0-4839-bf95-4b332839babc","local_time":"20201225100203","is_ascension_mode":true,"campfire_choices":[{"data":"Defragment","floor":7.0,"key":"SMITH"},{"data":"Defragment","floor":15.0,"key":"SMITH"},{"data":"Biased Cognition","floor":24,"key":"SMITH"},{"floor":28,"key":"RECALL"},{"data":"Buffer","floor":32,"key":"SMITH"},{"data":"Biased Cognition","floor":46,"key":"SMITH"},{"data":"Zap","floor":49,"key":"SMITH"},{"data":"Ball Lightning","floor":53,"key":"SMITH"}],"circlet_count":0,"master_deck":["AscendersBane","Zap+1","Reboot+1","Defragment+1","Coolheaded+1","Consume+1","Master of Strategy+1","Chill+1","Hologram+1","Defragment+1","Coolheaded+1","Electrodynamics","Buffer+1","Biased Cognition+1","Double Energy+1","Coolheaded+1","Turbo+1","Biased Cognition+1","White Noise+1","Seek+1","CurseOfTheBell","Cold Snap","Thinking Ahead+1","Panacea+1","Deep Breath+1","Conserve Battery+1","BootSequence+1","Capacitor+1","Defragment+1","Coolheaded+1","Ball Lightning+1","Glacier+1","Coolheaded+1"],"relics":["Cracked Core","Sundial","Toxic Egg 2","TheAbacus","Akabeko","Pear","Lee\u0027s Waffle","Blood Vial","ClockworkSouvenir","White Beast Statue","Membership Card","Cables","Toy Ornithopter","Bird Faced Urn","Strawberry","Juzu Bracelet","Bag of Marbles","Tiny Chest","SacredBark","OrangePellets","HornCleat","Lantern","InkBottle","Mummified Hand","Pantograph","Ancient Tea Set","theJungle:BirthdayCakeSlice","Calling Bell","Art of War","Question Card","Du-Vu Doll","CaptainsWheel","Darkstone Periapt","Bottled Tornado","Boot","Nunchaku","Frozen Egg 2","StrikeDummy","Potion Belt","Orrery","Thread and Needle"],"acts_visited":["Exordium","theJungle:Jungle","TheBeyond","TheEnding"],"potions_floor_usage":[56,56,56,56,56,56,56,56],"damage_taken":[{"damage":0.0,"enemies":"Jaw Worm","floor":1.0,"turns":3.0},{"damage":0.0,"enemies":"Small Slimes","floor":5.0,"turns":3.0},{"damage":0.0,"enemies":"3 Sentries","floor":6.0,"turns":10.0},{"damage":1.0,"enemies":"Gremlin Nob","floor":8.0,"turns":3.0},{"damage":0.0,"enemies":"Lagavulin","floor":10.0,"turns":4.0},{"damage":0.0,"enemies":"Cultist","floor":12.0,"turns":2.0},{"damage":0.0,"enemies":"Gremlin Nob","floor":13.0,"turns":3.0},{"damage":0.0,"enemies":"Large Slime","floor":14.0,"turns":4.0},{"damage":0.0,"enemies":"The Guardian","floor":16.0,"turns":7.0},{"damage":1.0,"enemies":"theJungle:MUSHROOMGANG","floor":18.0,"turns":4.0},{"damage":0,"enemies":"theJungle:5_Spyders","floor":22,"turns":4},{"damage":0,"enemies":"theJungle:Cassacara","floor":23,"turns":4},{"damage":0,"enemies":"theJungle:MamaSnecko","floor":25,"turns":4},{"damage":0,"enemies":"theJungle:Cassacara","floor":27,"turns":3},{"damage":0,"enemies":"theJungle:FunGuy","floor":33,"turns":5},{"damage":0,"enemies":"Orb Walker","floor":35,"turns":1},{"damage":0,"enemies":"2 Orb Walkers","floor":37,"turns":2},{"damage":0,"enemies":"Nemesis","floor":40,"turns":5},{"damage":0,"enemies":"Reptomancer","floor":44,"turns":4},{"damage":0,"enemies":"3 Darklings","floor":45,"turns":1},{"damage":0,"enemies":"Nemesis","floor":47,"turns":5},{"damage":0,"enemies":"Donu and Deca","floor":50,"turns":4},{"damage":0,"enemies":"Awakened One","floor":51,"turns":11},{"damage":0,"enemies":"Shield and Spear","floor":55,"turns":2},{"damage":0,"enemies":"The Heart","floor":56,"turns":8}],"seed_played":"-3901849234568854331","potions_obtained":[{"floor":1.0,"key":"Fruit Juice"},{"floor":10.0,"key":"LiquidMemories"},{"floor":23,"key":"FocusPotion"},{"floor":37,"key":"EntropicBrew"}],"is_trial":false,"path_per_floor":["M","$","?","?","M","E","R","E","T","E","T","M","?","M","R","B",null,"M","?","?","$","M","E","R","E","T","E","R","?","T","?","R","B",null,"M","?","?","T","$","E","?","?","T","E","M","R","E","$","R","B","B",null,"R","$","E","B",null],"character_chosen":"DEFECT","items_purchased":["Sundial","Toxic Egg 2","TheAbacus","Reboot+1","Akabeko","Pear","Defragment","Coolheaded+1","Lee\u0027s Waffle","Blood Vial","ClockworkSouvenir","Consume+1","White Beast Statue","Master of Strategy+1","Membership Card","Chill+1","Hologram+1","Defragment","Block Potion","Explosive Potion","Cables","Toy Ornithopter","Fire Potion","OrangePellets","Coolheaded+1","HornCleat","Bottled Tornado","Potion Belt","Defragment+1","Orrery","FocusPotion","CultistPotion"],"campfire_rested":0,"item_purchase_floors":[0,0,0,0,0,0,0,0,0,0,0,0,0,0,0,0,0,0,0,0,2,2,2,21,21,21,39,48,48,48,54,54],"current_hp_per_floor":[93,93,82,82,84,86,86,99,99,100,100,100,100,100,100,100,100,100,100,100,100,100,100,100,100,100,100,100,90,90,95,95,105,105,105,105,105,105,105,105,105,95,95,105,105,105,105,105,105,105,105,105,105,105,105,105],"gold":478,"neow_bonus":"","is_daily":false,"chose_seed":false,"campfire_upgraded":7,"win_rate":0.0,"timestamp":1608858123,"path_taken":["M","$","?","?","M","E","R","E","T","E","?","M","?","M","R","BOSS","M","?","?","$","M","E","R","E","T","E","R","?","?","?","R","BOSS","M","?","?","?","$","E","?","?","T","E","M","R","E","$","R","BOSS","BOSS","R","$","E","BOSS"],"items_purchased_type":["Relic","Relic","Relic","Card","Relic","Relic","Card","Card","Relic","Relic","Relic","Card","Relic","Card","Relic","Card","Card","Card","Potion","Potion","Relic","Relic","Potion","Relic","Card","Relic","Relic","Relic","Card","Relic","Potion","Potion"],"build_version":"2020-12-22","purchased_purges":7,"victory":true,"max_hp_per_floor":[93,93,93,93,93,93,93,100,100,100,100,100,100,100,100,100,100,100,100,100,100,100,100,100,100,100,100,100,100,100,105,105,105,105,105,105,105,105,105,105,105,105,105,105,105,105,105,105,105,105,105,105,105,105,105,105],"card_choices":[{"not_picked":["Turbo+1","Force Field+1"],"picked":"Coolheaded+1","floor":1.0},{"not_picked":["Stack+1","Go for the Eyes","Streamline"],"picked":"SKIP","floor":5.0},{"not_picked":["Chaos+1","Redo+1"],"picked":"Electrodynamics","floor":6.0},{"not_picked":["Streamline","Sweeping Beam","Recycle+1"],"picked":"SKIP","floor":8.0},{"not_picked":["Gash","Leap+1","Streamline"],"picked":"SKIP","floor":10.0},{"not_picked":["Streamline","Compile Driver"],"picked":"Ball Lightning","floor":12.0},{"not_picked":["Stack+1","Blizzard"],"picked":"Buffer","floor":14.0},{"not_picked":["Buffer","Electrodynamics"],"picked":"Biased Cognition","floor":16.0},{"not_picked":["Rebound","Leap+1","Compile Driver"],"picked":"SKIP","floor":18.0},{"not_picked":["Melter","Barrage","Compile Driver"],"picked":"SKIP","floor":22},{"not_picked":["White Noise+1","Skim+1"],"picked":"Turbo+1","floor":23},{"not_picked":["Aggregate+1","Fusion+1"],"picked":"Biased Cognition","floor":25},{"not_picked":["Ball Lightning","Turbo+1"],"picked":"White Noise+1","floor":27},{"not_picked":["Core Surge","All For One"],"picked":"Seek+1","floor":33},{"not_picked":["Go for the Eyes","Melter","Ball Lightning","Compile Driver"],"picked":"SKIP","floor":35},{"not_picked":["Leap+1","Storm+1","Consume+1"],"picked":"Cold Snap","floor":37},{"not_picked":["Stack+1","Redo+1","Doom and Gloom","Barrage"],"picked":"SKIP","floor":40},{"not_picked":["Chrysalis+1","Violence+1","Trip+1"],"picked":"Thinking Ahead+1","floor":42},{"not_picked":["The Bomb+1","Forethought+1","Jack Of All Trades+1"],"picked":"Panacea+1","floor":42},{"not_picked":["Flash of Steel","PanicButton+1","Apotheosis+1"],"picked":"Deep Breath+1","floor":42},{"not_picked":["Compile Driver+1","Self Repair+1","Melter"],"picked":"Conserve Battery+1","floor":44},{"not_picked":["Leap+1","Force Field+1","Cold Snap+1"],"picked":"BootSequence+1","floor":45},{"not_picked":["Gash","Barrage+1","Ball Lightning"],"picked":"Capacitor+1","floor":47},{"not_picked":["Barrage","Rainbow+1","Rebound"],"picked":"Coolheaded+1","floor":48},{"not_picked":["Rebound","Compile Driver","Redo+1"],"picked":"Ball Lightning","floor":48},{"not_picked":["Hologram+1","Skim+1","White Noise+1"],"picked":"Glacier+1","floor":48},{"not_picked":["Compile Driver+1","Tempest+1","Ball Lightning+1"],"picked":"Coolheaded+1","floor":55}],"player_experience":432628,"relics_obtained":[{"floor":6.0,"key":"Bird Faced Urn"},{"floor":8.0,"key":"Strawberry"},{"floor":10.0,"key":"Juzu Bracelet"},{"floor":11.0,"key":"Bag of Marbles"},{"floor":13.0,"key":"Tiny Chest"},{"floor":23,"key":"Lantern"},{"floor":25,"key":"InkBottle"},{"floor":26,"key":"Mummified Hand"},{"floor":27,"key":"Pantograph"},{"floor":30,"key":"Ancient Tea Set"},{"floor":34,"key":"Art of War"},{"floor":34,"key":"Question Card"},{"floor":34,"key":"Du-Vu Doll"},{"floor":37,"key":"CaptainsWheel"},{"floor":38,"key":"Darkstone Periapt"},{"floor":40,"key":"Boot"},{"floor":43,"key":"Nunchaku"},{"floor":44,"key":"Frozen Egg 2"},{"floor":47,"key":"StrikeDummy"},{"floor":55,"key":"Thread and Needle"}],"event_choices":[{"damage_healed":0.0,"max_hp_gain":0.0,"max_hp_loss":0.0,"gold_gain":75.0,"event_name":"World of Goop","player_choice":"Gather Gold","floor":3.0,"gold_loss":0.0,"damage_taken":11.0},{"cards_removed":["Strike_B"],"damage_healed":0.0,"max_hp_gain":0.0,"max_hp_loss":0.0,"gold_gain":0.0,"event_name":"Living Wall","player_choice":"Forget","floor":4.0,"gold_loss":0.0,"damage_taken":0.0},{"damage_healed":0.0,"max_hp_gain":0.0,"max_hp_loss":0.0,"gold_gain":0.0,"event_name":"Dead Adventurer","player_choice":"Searched \u00272\u0027 times","floor":13.0,"gold_loss":0.0,"damage_taken":0.0},{"damage_healed":0,"gold_gain":0,"cards_transformed":["Strike_B"],"player_choice":"Transformed","damage_taken":0,"max_hp_gain":0,"max_hp_loss":0,"event_name":"Transmorgrifier","floor":20,"gold_loss":0,"cards_obtained":["Double Energy"]},{"cards_removed":["Ball Lightning"],"damage_healed":0,"gold_gain":0,"player_choice":"Removed Attack","damage_taken":0,"max_hp_gain":0,"max_hp_loss":0,"event_name":"Falling","floor":36,"gold_loss":0},{"damage_healed":0,"gold_gain":0,"player_choice":"Fight","damage_taken":0,"max_hp_gain":0,"max_hp_loss":0,"event_name":"Mysterious Sphere","floor":37,"gold_loss":0},{"damage_healed":0,"gold_gain":0,"player_choice":"Ignored","damage_taken":0,"max_hp_gain":0,"max_hp_loss":0,"event_name":"Tomb of Lord Red Mask","floor":41,"gold_loss":0},{"damage_healed":0,"gold_gain":0,"player_choice":"Memory 3","damage_taken":10,"max_hp_gain":0,"max_hp_loss":0,"event_name":"SensoryStone","floor":42,"gold_loss":0}],"is_beta":false,"boss_relics":[{"not_picked":["Astrolabe","Fusion Hammer"],"picked":"SacredBark"},{"not_picked":["FrozenCore","Velvet Choker"],"picked":"Calling Bell"}],"items_purged_floors":[0,0,0,0,2,21,39],"is_endless":false,"potions_floor_spawned":[1,5,6,8,10,12,13,14,16,18,22,23,25,27,33,35,37,40,44,45,47,55],"ascension_level":20}}