{"host":"1bmpebsu0h6jmm2g","time":1608896046,"event":{"mods":["BaseMod","Colored Map","DeckTracker","Highlight Path","Keyboard Shortcuts","Minty Spire (QoL Compilation)","Permanent Neow","Quick Restart","Relic Stats","Slay the Relics Exporter","StSLib","SuperFastMode"],"gold_per_floor":[111,122,135,60,60,60,91,106,132,142,156,156,197,197,197,197,197],"floor_reached":16,"playtime":287,"items_purged":[],"score":274,"play_id":"8dd0f785-7005-4282-ab68-95fff44a0fd2","local_time":"20201225203406","is_ascension_mode":true,"campfire_choices":[{"data":"Neutralize","floor":6.0,"key":"SMITH"},{"floor":15.0,"key":"REST"}],"circlet_count":0,"master_deck":["AscendersBane","Strike_G","Strike_G","Strike_G","Defend_G","Defend_G","Defend_G","Defend_G","Defend_G","Survivor","Neutralize+1","Madness","Dash","Dagger Throw","Pain","Tactician","Footwork"],"relics":["Ring of the Snake","WarpedTongs","Potion Belt","Akabeko","Golden Idol","Orichalcum"],"acts_visited":["Exordium"],"potions_floor_usage":[16,16,16],"damage_taken":[{"damage":17.0,"enemies":"Jaw Worm","floor":1.0,"turns":8.0},{"damage":0.0,"enemies":"Small Slimes","floor":2.0,"turns":5.0},{"damage":0.0,"enemies":"Cultist","floor":3.0,"turns":4.0},{"damage":26.0,"enemies":"Gremlin Nob","floor":7.0,"turns":5.0},{"damage":5.0,"enemies":"2 Fungi Beasts","floor":8.0,"turns":4.0},{"damage":5.0,"enemies":"3 Louse","floor":10.0,"turns":5.0},{"damage":2.0,"enemies":"Red Slaver","floor":11.0,"turns":2.0},{"damage":2.0,"enemies":"3 Sentries","floor":13.0,"turns":8.0},{"damage":13,"enemies":"Slime Boss","floor":16,"turns":6}],"seed_played":"4041216071970519642","potions_obtained":[{"floor":2.0,"key":"Explosive Potion"},{"floor":3.0,"key":"Strength Potion"},{"floor":7.0,"key":"FearPotion"},{"floor":10.0,"key":"Dexterity Potion"},{"floor":13.0,"key":"AttackPotion"}],"is_trial":false,"path_per_floor":["M","M","M","?","?","R","E","M","T","M","M","?","E","?","R","B"],"character_chosen":"THE_SILENT","items_purchased":[],"campfire_rested":1,"item_purchase_floors":[],"current_hp_per_floor":[42,42,42,42,42,42,16,11,11,6,4,4,2,2,20,7,7],"gold":197,"neow_bonus":"RANDOM_COLORLESS","is_daily":false,"chose_seed":false,"campfire_upgraded":1,"win_rate":0.0,"timestamp":1608896046,"path_taken":["M","M","M","?","?","R","E","?","T","M","M","?","E","?","R","BOSS"],"items_purchased_type":[],"build_version":"2020-12-22","purchased_purges":0,"victory":false,"max_hp_per_floor":[66,66,66,66,66,66,66,66,66,66,66,60,60,60,60,60,60],"relic_stats":{"counters":[9,47],"Golden Idol":8,"Orichalcum":[6],"obtain_stats":[{"Potion Belt":7,"Golden Idol":12,"Orichalcum":13,"Akabeko":9,"Ring of the Snake":0,"WarpedTongs":5},{"Potion Belt":4,"Golden Idol":7,"Orichalcum":8,"Akabeko":5,"Ring of the Snake":0,"WarpedTongs":3},{"Potion Belt":22,"Golden Idol":33,"Orichalcum":41,"Akabeko":26,"Ring of the Snake":0,"WarpedTongs":17}],"Ring of the Snake":[18],"WarpedTongs":[29]},"card_choices":[{"not_picked":["Purity","Enlightenment"],"picked":"Madness","floor":0.0},{"not_picked":["Dodge and Roll","Setup"],"picked":"Dash","floor":1.0},{"not_picked":["Expertise","Deflect"],"picked":"Dagger Throw","floor":2.0},{"not_picked":["Bouncing Flask","Acrobatics","Calculated Gamble"],"picked":"SKIP","floor":3.0},{"not_picked":["Deadly Poison","PiercingWail","Slice"],"picked":"SKIP","floor":7.0},{"not_picked":["Blade Dance","Well Laid Plans"],"picked":"Tactician","floor":8.0},{"not_picked":["Flechettes","Slice","Flying Knee"],"picked":"SKIP","floor":10.0},{"not_picked":["Expertise","Tactician","Dodge and Roll"],"picked":"SKIP","floor":11.0},{"not_picked":["Slice","Deflect","Blade Dance"],"picked":"SKIP","floor":13.0}],"player_experience":477428,"relics_obtained":[{"floor":7.0,"key":"Potion Belt"},{"floor":9.0,"key":"Akabeko"},{"floor":13.0,"key":"Orichalcum"}],"event_choices":[{"cards_removed":["Strike_G"],"damage_healed":0.0,"max_hp_gain":0.0,"max_hp_loss":0.0,"gold_gain":0.0,"event_name":"The Cleric","player_choice":"Card Removal","floor":4.0,"gold_loss":75.0,"damage_taken":0.0},{"damage_healed":0.0,"max_hp_gain":0.0,"max_hp_loss":0.0,"gold_gain":0.0,"event_name":"Accursed Blacksmith","player_choice":"Rummage","floor":5.0,"gold_loss":0.0,"damage_taken":0.0,"relics_obtained":["WarpedTongs"],"cards_obtained":["Pain"]},{"damage_healed":0.0,"max_hp_gain":0.0,"max_hp_loss":6.0,"gold_gain":0.0,"event_name":"Golden Idol","player_choice":"Lose Max HP","floor":12.0,"gold_loss":0.0,"damage_taken":0.0,"relics_obtained":["Golden Idol"]},{"damage_healed":0.0,"max_hp_gain":0.0,"max_hp_loss":0.0,"gold_gain":0.0,"cards_transformed":["Strike_G"],"event_name":"Transmorgrifier","player_choice":"Transformed","floor":14.0,"gold_loss":0.0,"damage_taken":0.0,"cards_obtained":["Footwork"]}],"is_beta":false,"boss_relics":[],"items_purged_floors":[],"is_endless":false,"potions_floor_spawned":[2,3,7,10,13],"killed_by":"Slime Boss","ascension_level":20}}