{"host":"z5ys1wbqpsyqmecy","time":1608935171,"event":{"mods":["BaseMod","Colored Map","Colored Powertips","Minty Spire (QoL Compilation)","Relic Stats"],"gold_per_floor":[118,133,147,163,3,30,44,44,71,88,88,101,101,119,119,223,223,234,17,29,47,65,65,65,65,113,113,213,226,6,23,23,23,23],"floor_reached":33,"playtime":2298,"items_purged":[],"score":278,"play_id":"cebd7ecf-5f62-4569-9351-7d255202ab08","local_time":"20201225142611","is_ascension_mode":false,"campfire_choices":[{"data":"Dagger Spray","floor":11,"key":"SMITH"},{"data":"Predator","floor":13,"key":"SMITH"},{"data":"Cloak And Dagger","floor":15,"key":"SMITH"},{"data":"Catalyst","floor":23,"key":"SMITH"},{"data":"Bouncing Flask","floor":25,"key":"SMITH"},{"data":"Tools of the Trade","floor":27,"key":"SMITH"},{"data":"Venomology","floor":32,"key":"SMITH"}],"circlet_count":0,"master_deck":["Survivor","Neutralize","Deflect","Predator+1","Flying Knee","Dagger Throw","Cloak And Dagger+1","Good Instincts","Bane","Calculated Gamble","Catalyst+1","Dagger Spray+1","Dodge and Roll","Dodge and Roll","Adrenaline","Tools of the Trade+1","Accuracy","Corpse Explosion","Corpse Explosion","All Out Attack","Burst","Night Terror","A Thousand Cuts","Bouncing Flask+1","Slice","Glass Knife","Leg Sweep","Blade Dance","Outmaneuver+1","Bouncing Flask+1","Dagger Throw+1","Dash","Flash of Steel","Cloak And Dagger","Venomology+1"],"relics":["Coffee Dripper","Smiling Mask","Oddly Smooth Stone","Pandora\u0027s Box","Nilry\u0027s Codex","Strawberry"],"acts_visited":["Exordium","TheCity"],"potions_floor_usage":[10,16,16,29,31,31,33],"damage_taken":[{"damage":2,"enemies":"2 Louse","floor":1,"turns":3},{"damage":0,"enemies":"Cultist","floor":2,"turns":5},{"damage":0,"enemies":"Small Slimes","floor":3,"turns":3},{"damage":8,"enemies":"Red Slaver","floor":4,"turns":4},{"damage":11,"enemies":"3 Sentries","floor":6,"turns":8},{"damage":0,"enemies":"Gremlin Gang","floor":7,"turns":5},{"damage":11,"enemies":"Exordium Thugs","floor":10,"turns":6},{"damage":0,"enemies":"Lots of Slimes","floor":12,"turns":1},{"damage":0,"enemies":"2 Fungi Beasts","floor":14,"turns":3},{"damage":15,"enemies":"The Guardian","floor":16,"turns":14},{"damage":5,"enemies":"3 Byrds","floor":18,"turns":2},{"damage":0,"enemies":"Shell Parasite","floor":20,"turns":5},{"damage":20,"enemies":"Shelled Parasite and Fungi","floor":21,"turns":4},{"damage":15,"enemies":"Snake Plant","floor":22,"turns":3},{"damage":4,"enemies":"Cultist and Chosen","floor":29,"turns":3},{"damage":12,"enemies":"Centurion and Healer","floor":31,"turns":3},{"damage":32,"enemies":"Automaton","floor":33,"turns":6}],"seed_played":"3087153013328851094","potions_obtained":[{"floor":2,"key":"LiquidMemories"},{"floor":4,"key":"Fire Potion"},{"floor":6,"key":"Dexterity Potion"},{"floor":12,"key":"LiquidMemories"},{"floor":16,"key":"Strength Potion"},{"floor":20,"key":"SneckoOil"},{"floor":21,"key":"DuplicationPotion"},{"floor":31,"key":"Block Potion"}],"is_trial":false,"path_per_floor":["M","M","M","M","$","E","M","?","T","M","R","M","R","M","R","B",null,"M","$","M","M","M","R","?","R","T","R","?","M","$","M","R","B"],"character_chosen":"THE_SILENT","items_purchased":["Cloak And Dagger","Good Instincts","Bane","Glass Knife","Leg Sweep","Dash","Flash of Steel","Cloak And Dagger"],"campfire_rested":0,"item_purchase_floors":[5,5,5,19,19,30,30,30],"current_hp_per_floor":[68,68,68,60,60,49,49,49,49,38,38,38,38,38,38,23,70,65,65,65,45,30,30,14,14,21,21,21,17,17,5,5,0,0],"gold":23,"neow_bonus":"BOSS_RELIC","is_daily":false,"chose_seed":false,"campfire_upgraded":7,"win_rate":0.0,"timestamp":1608935171,"path_taken":["M","M","M","M","$","E","M","?","T","?","R","M","R","M","R","BOSS","M","$","M","M","M","R","?","R","T","R","?","?","$","M","R","BOSS"],"items_purchased_type":["Card","Card","Card","Card","Card","Card","Card","Card"],"build_version":"2020-12-22","purchased_purges":0,"victory":false,"max_hp_per_floor":[70,70,70,70,70,70,70,70,70,70,70,70,70,70,70,70,70,70,70,70,70,70,70,70,70,77,77,77,77,77,77,77,77,77],"relic_stats":{"counters":[17,78],"Pandora\u0027s Box":["Tools of the Trade","Accuracy","Corpse Explosion","Corpse Explosion","All Out Attack","Burst","Night Terror","A Thousand Cuts","Bouncing Flask"],"Smiling Mask":0,"obtain_stats":[{"Nilry\u0027s Codex":24,"Strawberry":26,"Oddly Smooth Stone":9,"Pandora\u0027s Box":17,"Coffee Dripper":0,"Smiling Mask":6,"Ring of the Snake":0},{"Nilry\u0027s Codex":14,"Strawberry":14,"Oddly Smooth Stone":6,"Pandora\u0027s Box":10,"Coffee Dripper":0,"Smiling Mask":5,"Ring of the Snake":0},{"Nilry\u0027s Codex":66,"Strawberry":66,"Oddly Smooth Stone":28,"Pandora\u0027s Box":52,"Coffee Dripper":0,"Smiling Mask":23,"Ring of the Snake":0}]},"card_choices":[{"not_picked":["Prepared","Underhanded Strike"],"picked":"Deflect","floor":1},{"not_picked":["Noxious Fumes","Choke"],"picked":"Predator","floor":2},{"not_picked":["Eviscerate","Footwork"],"picked":"Flying Knee","floor":3},{"not_picked":["Blur","Eviscerate"],"picked":"Dagger Throw","floor":4},{"not_picked":["Skewer","Choke"],"picked":"Calculated Gamble","floor":6},{"not_picked":["Expertise","Venomology"],"picked":"Catalyst","floor":7},{"not_picked":["Quick Slash","Heel Hook"],"picked":"Dagger Spray","floor":10},{"not_picked":["Acrobatics","Underhanded Strike"],"picked":"Dodge and Roll","floor":12},{"not_picked":["Well Laid Plans","Riddle With Holes"],"picked":"Dodge and Roll","floor":14},{"not_picked":["Burst","Unload"],"picked":"Adrenaline","floor":16},{"not_picked":["Deflect","Reflex"],"picked":"Slice","floor":18},{"not_picked":["Dagger Spray","Catalyst"],"picked":"Blade Dance","floor":20},{"not_picked":["PiercingWail+1","Dagger Throw"],"picked":"Outmaneuver+1","floor":21},{"not_picked":["Catalyst","Cloak And Dagger"],"picked":"Bouncing Flask+1","floor":22},{"not_picked":["Dagger Spray+1","Caltrops"],"picked":"Dagger Throw+1","floor":29},{"not_picked":["Sucker Punch","Outmaneuver"],"picked":"Venomology","floor":31}],"player_experience":40157,"relics_obtained":[{"floor":6,"key":"Smiling Mask"},{"floor":9,"key":"Oddly Smooth Stone"},{"floor":24,"key":"Nilry\u0027s Codex"},{"floor":26,"key":"Strawberry"}],"event_choices":[{"cards_removed":["Defend_G"],"damage_healed":0,"gold_gain":0,"player_choice":"Purged","damage_taken":0,"max_hp_gain":0,"max_hp_loss":0,"event_name":"Purifier","floor":8,"gold_loss":0},{"damage_healed":0,"gold_gain":0,"player_choice":"Obtained Book","damage_taken":16,"max_hp_gain":0,"max_hp_loss":0,"event_name":"Cursed Tome","floor":24,"gold_loss":0},{"damage_healed":0,"gold_gain":100,"player_choice":"Pray","damage_taken":0,"max_hp_gain":0,"max_hp_loss":0,"event_name":"Golden Shrine","floor":28,"gold_loss":0}],"is_beta":false,"boss_relics":[{"not_picked":["Cursed Key","HoveringKite"],"picked":"Pandora\u0027s Box"}],"items_purged_floors":[],"is_endless":false,"potions_floor_spawned":[2,4,6,12,16,20,21,31],"killed_by":"Automaton","ascension_level":0}}