{"host":"foq4mrde4mssg7vt","time":1608928469,"event":{"mods":["AchievementEnabler","BaseMod","Colored Map","Colored Powertips","Highlight Path","Minty Spire (QoL Compilation)","Relic Stats","everything is the same but u backflip on backflip"],"gold_per_floor":[114,133,145,145,95,95,95,21,21,21,21,48,81,110,110,211,211,226,151,171,43,43,77,77,77,77,77,111,124,134,151,151,255,255,273,273,292,49,68,68,99,99,99,130,130,156,173,173,173,173,173,173,91,122,122],"floor_reached":56,"playtime":3064,"items_purged":["Zap","Gash"],"score":2009,"play_id":"9dcb6d2e-111d-44f5-922c-f1406837d349","local_time":"20201226043429","is_ascension_mode":true,"campfire_choices":[{"data":"Cold Snap","floor":6.0,"key":"SMITH"},{"data":"Conserve Battery","floor":10.0,"key":"SMITH"},{"data":"Go for the Eyes","floor":15.0,"key":"SMITH"},{"floor":24.0,"key":"REST"},{"data":"Ghostly","floor":27.0,"key":"SMITH"},{"data":"Ghostly","floor":32.0,"key":"SMITH"},{"data":"Ghostly","floor":40.0,"key":"SMITH"},{"data":"Capacitor","floor":42.0,"key":"SMITH"},{"floor":45.0,"key":"RECALL"},{"data":"Multi-Cast","floor":49.0,"key":"SMITH"},{"data":"Ghostly","floor":52.0,"key":"SMITH"}],"circlet_count":0,"master_deck":["AscendersBane","Strike_B+1","Strike_B+1","Defend_B","Defend_B","Defend_B","Defend_B","Dualcast","CurseOfTheBell","Cold Snap+1","Barrage+1","Conserve Battery+1","Go for the Eyes+1","Doom and Gloom","Compile Driver","Echo Form","Ball Lightning+1","Sweeping Beam","Ghostly+1","Ghostly+1","Ghostly+1","Ghostly+1","Ghostly","Defragment+1","Self Repair+1","Hologram+1","Multi-Cast+1","Reinforced Body+1","Capacitor+1","Chill+1","Defragment+1","Glacier"],"relics":["Calling Bell","DataDisk","StrikeDummy","Dead Branch","Kunai","Gambling Chip","Cables","WingedGreaves","Whetstone","Girya","Velvet Choker","Nilry\u0027s Codex","Anchor","Ornamental Fan","Bronze Scales","Black Star","ClockworkSouvenir","Lantern","Mercury Hourglass","Bottled Tornado","Orichalcum","Prayer Wheel","Bag of Preparation","Bag of Marbles"],"acts_visited":["Exordium","TheCity","TheBeyond","TheEnding"],"potions_floor_usage":[55,55],"damage_taken":[{"damage":4.0,"enemies":"Jaw Worm","floor":1.0,"turns":3.0},{"damage":4.0,"enemies":"2 Louse","floor":2.0,"turns":4.0},{"damage":0.0,"enemies":"Small Slimes","floor":3.0,"turns":3.0},{"damage":8.0,"enemies":"Gremlin Nob","floor":12.0,"turns":5.0},{"damage":11.0,"enemies":"Lagavulin","floor":13.0,"turns":5.0},{"damage":9.0,"enemies":"Gremlin Nob","floor":14.0,"turns":4.0},{"damage":8.0,"enemies":"Hexaghost","floor":16.0,"turns":9.0},{"damage":14.0,"enemies":"Chosen","floor":18.0,"turns":5.0},{"damage":0.0,"enemies":"Spheric Guardian","floor":20.0,"turns":3.0},{"damage":9.0,"enemies":"Book of Stabbing","floor":23.0,"turns":6.0},{"damage":3.0,"enemies":"Slavers","floor":28.0,"turns":6.0},{"damage":0.0,"enemies":"Cultist and Chosen","floor":29.0,"turns":6.0},{"damage":0.0,"enemies":"Sentry and Sphere","floor":30.0,"turns":5.0},{"damage":0.0,"enemies":"Chosen and Byrds","floor":31.0,"turns":6.0},{"damage":0.0,"enemies":"Automaton","floor":33.0,"turns":11.0},{"damage":2.0,"enemies":"3 Shapes","floor":35.0,"turns":6.0},{"damage":0.0,"enemies":"3 Darklings","floor":37.0,"turns":8.0},{"damage":0.0,"enemies":"Writhing Mass","floor":39.0,"turns":9.0},{"damage":0.0,"enemies":"Reptomancer","floor":41.0,"turns":9.0},{"damage":9.0,"enemies":"Nemesis","floor":44.0,"turns":9.0},{"damage":0.0,"enemies":"Giant Head","floor":46.0,"turns":11.0},{"damage":0.0,"enemies":"Transient","floor":47.0,"turns":5.0},{"damage":0.0,"enemies":"Donu and Deca","floor":50.0,"turns":12.0},{"damage":0,"enemies":"Shield and Spear","floor":54,"turns":10},{"damage":20,"enemies":"The Heart","floor":55,"turns":11}],"seed_played":"4781417471544007248","potions_obtained":[{"floor":1.0,"key":"DuplicationPotion"},{"floor":2.0,"key":"LiquidBronze"},{"floor":13.0,"key":"SneckoOil"},{"floor":14.0,"key":"SpeedPotion"},{"floor":20.0,"key":"Fire Potion"},{"floor":30.0,"key":"EssenceOfSteel"},{"floor":46.0,"key":"ColorlessPotion"},{"floor":47.0,"key":"LiquidBronze"}],"is_trial":false,"path_per_floor":["M","M","M","?","?","R","T","$","T","R","?","E","E","E","R","B",null,"M","?","M","$","?","E","R","?","T","R","E","M","M","M","R","B",null,"M","?","M","$","M","R","E","R","T","E","R","E","M","?","R","B",null,"R","$","E","B",null],"character_chosen":"DEFECT","items_purchased":["Gash","Conserve Battery","Sweeping Beam","ClockworkSouvenir","Glacier"],"campfire_rested":1,"item_purchase_floors":[8,8,21,38,53],"current_hp_per_floor":[64,60,60,60,60,60,60,60,60,60,60,52,41,32,32,24,62,48,48,48,48,32,23,45,37,37,37,34,34,37,37,37,37,37,37,35,35,35,35,35,35,35,35,35,35,35,35,35,35,35,35,35,35,35,25],"gold":122,"neow_bonus":"BOSS_RELIC","is_daily":false,"chose_seed":false,"campfire_upgraded":9,"win_rate":0.0,"timestamp":1608928469,"path_taken":["M","M","M","?","?","R","?","$","T","R","?","E","E","E","R","BOSS","M","?","M","$","?","E","R","?","T","R","E","?","M","M","R","BOSS","M","?","M","$","M","R","E","R","T","E","R","E","M","?","R","BOSS","R","$","E","BOSS"],"items_purchased_type":["Card","Card","Card","Relic","Card"],"build_version":"2020-12-22","purchased_purges":2,"victory":true,"max_hp_per_floor":[75,75,75,75,75,75,75,75,75,75,75,75,75,75,75,75,75,75,75,75,75,75,75,75,37,37,37,37,37,37,37,37,37,37,37,35,35,35,35,35,35,35,35,35,35,35,35,35,35,35,35,35,35,35,35],"relic_stats":{"counters":[25,171],"Dead Branch":[120],"Bag of Preparation":[2],"Whetstone":["Strike_B","Strike_B"],"Orichalcum":[24],"Cables":[137,31,97,9,0],"Mercury Hourglass":[175],"Ornamental Fan":[140],"Gambling Chip":[71],"Bronze Scales":[528],"Prayer Wheel":1,"Black Star":4,"Kunai":[51],"obtain_stats":[{"Lantern":41,"Nilry\u0027s Codex":22,"Bag of Preparation":54,"Whetstone":13,"Bottled Tornado":44,"ClockworkSouvenir":38,"Gambling Chip":9,"Prayer Wheel":46,"WingedGreaves":12,"Kunai":7,"Cracked Core":0,"Girya":14,"Dead Branch":0,"Velvet Choker":17,"Orichalcum":46,"Cables":11,"Mercury Hourglass":41,"Calling Bell":0,"DataDisk":0,"Anchor":23,"Ornamental Fan":26,"Bronze Scales":28,"Black Star":34,"Bag of Marbles":54,"StrikeDummy":0},{"Lantern":19,"Nilry\u0027s Codex":9,"Bag of Preparation":24,"Whetstone":5,"Bottled Tornado":20,"ClockworkSouvenir":17,"Gambling Chip":3,"Prayer Wheel":21,"WingedGreaves":4,"Kunai":3,"Cracked Core":0,"Girya":6,"Dead Branch":0,"Velvet Choker":7,"Orichalcum":21,"Cables":3,"Mercury Hourglass":19,"Calling Bell":0,"DataDisk":0,"Anchor":10,"Ornamental Fan":10,"Bronze Scales":11,"Black Star":15,"Bag of Marbles":24,"StrikeDummy":0},{"Lantern":113,"Nilry\u0027s Codex":41,"Bag of Preparation":160,"Whetstone":20,"Bottled Tornado":122,"ClockworkSouvenir":95,"Gambling Chip":10,"Prayer Wheel":133,"WingedGreaves":15,"Kunai":10,"Cracked Core":0,"Girya":24,"Dead Branch":0,"Velvet Choker":33,"Orichalcum":133,"Cables":10,"Mercury Hourglass":113,"Calling Bell":0,"DataDisk":0,"Anchor":47,"Ornamental Fan":47,"Bronze Scales":53,"Black Star":81,"Bag of Marbles":160,"StrikeDummy":0}]},"card_choices":[{"not_picked":["Heatsinks","Leap"],"picked":"Cold Snap","floor":1.0},{"not_picked":["Steam Power","Beam Cell"],"picked":"Barrage","floor":2.0},{"not_picked":["Heatsinks","Streamline","Rebound"],"picked":"SKIP","floor":3.0},{"not_picked":["Steam","Barrage"],"picked":"Go for the Eyes","floor":12.0},{"not_picked":["Rip and Tear","Double Energy"],"picked":"Doom and Gloom","floor":13.0},{"not_picked":["Multi-Cast","Cold Snap"],"picked":"Compile Driver","floor":14.0},{"not_picked":["Core Surge","Electrodynamics"],"picked":"Echo Form","floor":16.0},{"not_picked":["Conserve Battery","Beam Cell+1","Doom and Gloom+1"],"picked":"SKIP","floor":18.0},{"not_picked":["Compile Driver","Aggregate"],"picked":"Ball Lightning+1","floor":20.0},{"not_picked":["Turbo+1","Hello World","Hyperbeam"],"picked":"SKIP","floor":23.0},{"not_picked":["FTL","Steam"],"picked":"Defragment+1","floor":28.0},{"not_picked":["Hologram","Barrage"],"picked":"Self Repair+1","floor":29.0},{"not_picked":["Cold Snap","Beam Cell+1"],"picked":"Hologram+1","floor":30.0},{"not_picked":["Gash","Ball Lightning","Fusion"],"picked":"SKIP","floor":31.0},{"not_picked":["Hyperbeam","Thunder Strike"],"picked":"Multi-Cast","floor":33.0},{"not_picked":["Fusion+1","Storm"],"picked":"Reinforced Body+1","floor":35.0},{"not_picked":["White Noise+1","Scrape+1","Fusion"],"picked":"SKIP","floor":37.0},{"not_picked":["Streamline","Redo","Steam"],"picked":"SKIP","floor":39.0},{"not_picked":["Hyperbeam","Tempest+1"],"picked":"Capacitor","floor":41.0},{"not_picked":["Fusion+1","Stack+1"],"picked":"Chill+1","floor":44.0},{"not_picked":["Steam+1","Leap+1","Aggregate"],"picked":"SKIP","floor":46.0},{"not_picked":["Sunder+1","Double Energy"],"picked":"Defragment+1","floor":47.0},{"not_picked":["Doom and Gloom+1","Gash+1","Static Discharge+1"],"picked":"SKIP","floor":47.0},{"not_picked":["Conserve Battery","Beam Cell+1","Rebound"],"picked":"SKIP","floor":54}],"player_experience":274624,"relics_obtained":[{"floor":0.0,"key":"DataDisk"},{"floor":0.0,"key":"StrikeDummy"},{"floor":0.0,"key":"Dead Branch"},{"floor":7.0,"key":"Kunai"},{"floor":9.0,"key":"Gambling Chip"},{"floor":12.0,"key":"WingedGreaves"},{"floor":13.0,"key":"Whetstone"},{"floor":14.0,"key":"Girya"},{"floor":22.0,"key":"Nilry\u0027s Codex"},{"floor":23.0,"key":"Anchor"},{"floor":26.0,"key":"Ornamental Fan"},{"floor":28.0,"key":"Bronze Scales"},{"floor":41.0,"key":"Lantern"},{"floor":41.0,"key":"Mercury Hourglass"},{"floor":44.0,"key":"Bottled Tornado"},{"floor":46.0,"key":"Orichalcum"},{"floor":46.0,"key":"Prayer Wheel"},{"floor":54,"key":"Bag of Preparation"},{"floor":54,"key":"Bag of Marbles"}],"event_choices":[{"damage_healed":0.0,"max_hp_gain":0.0,"max_hp_loss":0.0,"gold_gain":0.0,"event_name":"Living Wall","player_choice":"Grow","floor":4.0,"gold_loss":0.0,"damage_taken":0.0,"cards_upgraded":["Barrage"]},{"cards_removed":["Strike_B"],"damage_healed":0.0,"max_hp_gain":0.0,"max_hp_loss":0.0,"gold_gain":0.0,"event_name":"The Cleric","player_choice":"Card Removal","floor":5.0,"gold_loss":50.0,"damage_taken":0.0},{"damage_healed":0.0,"max_hp_gain":0.0,"max_hp_loss":0.0,"gold_gain":0.0,"event_name":"WeMeetAgain","player_choice":"Gave Potion","floor":11.0,"gold_loss":0.0,"damage_taken":0.0,"relics_obtained":["Cables"]},{"cards_removed":["Strike_B"],"damage_healed":0.0,"max_hp_gain":0.0,"max_hp_loss":0.0,"gold_gain":0.0,"event_name":"Beggar","player_choice":"Gave Gold","floor":19.0,"gold_loss":75.0,"damage_taken":0.0},{"damage_healed":0.0,"max_hp_gain":0.0,"max_hp_loss":0.0,"gold_gain":0.0,"event_name":"Cursed Tome","player_choice":"Obtained Book","floor":22.0,"gold_loss":0.0,"damage_taken":16.0},{"damage_healed":0.0,"max_hp_gain":0.0,"max_hp_loss":38.0,"gold_gain":0.0,"event_name":"Ghosts","player_choice":"Became a Ghost","floor":25.0,"gold_loss":0.0,"damage_taken":0.0,"cards_obtained":["Ghostly","Ghostly","Ghostly","Ghostly","Ghostly"]},{"damage_healed":0.0,"max_hp_gain":0.0,"max_hp_loss":2.0,"gold_gain":0.0,"event_name":"Winding Halls","player_choice":"Max HP","floor":36.0,"gold_loss":0.0,"damage_taken":0.0},{"damage_healed":0.0,"max_hp_gain":0.0,"max_hp_loss":0.0,"gold_gain":0.0,"event_name":"SecretPortal","player_choice":"Ignored","floor":48.0,"gold_loss":0.0,"damage_taken":0.0}],"is_beta":false,"boss_relics":[{"not_picked":["Fusion Hammer","Empty Cage"],"picked":"Velvet Choker"},{"not_picked":["Runic Pyramid","Philosopher\u0027s Stone"],"picked":"Black Star"}],"items_purged_floors":[21,38],"is_endless":false,"potions_floor_spawned":[1,2,13,14,20,23,30,33,35,46,47,54],"ascension_level":10}}