{"host":"6z6y4ky8uzsz1dpj","time":1608909333,"event":{"mods":["AchievementEnabler","BaseMod","BetterRewards","Challenge The Spire","Colored Map","Downfall","Hubris","Minty Spire (QoL Compilation)","Quick Restart","StSLib"],"gold_per_floor":[99,111,131,71,86,99,149,162,197,197,197,229,229,278,288,288,288,288],"floor_reached":16,"playtime":408,"items_purged":[],"score":118,"play_id":"4884e67e-ba8c-44b6-bd81-55f0a93a9fd3","local_time":"20201225101533","is_ascension_mode":true,"campfire_choices":[{"data":"Slimebound:Split","floor":1,"key":"SMITH"},{"data":"Slimebound:LevelUp","floor":10,"key":"SMITH"}],"circlet_count":0,"master_deck":["Slimebound:Strike_Slimebound","Slimebound:Strike_Slimebound+1","Slimebound:Strike_Slimebound","Slimebound:Tackle","Slimebound:Defend_Slimebound","Slimebound:Defend_Slimebound","Slimebound:Defend_Slimebound","Slimebound:Defend_Slimebound","Slimebound:Split+1","Slimebound:CorrosiveSpit","Slimebound:SplitAcid","Slimebound:LeadByExample","Slimebound:SplitBruiser","Slimebound:PressTheAttack+1","Slimebound:SplitAcid","Slimebound:SplitBruiser","Slimebound:LevelUp+1","Slimebound:Schlurp","Slimebound:LeechLife"],"relics":["Slimebound:AbsorbEndCombat","Bag of Marbles","Whetstone","hubris:Icosahedron","Regal Pillow","hubris:Towel","PreservedInsect"],"acts_visited":["Exordium"],"potions_floor_usage":[12],"damage_taken":[{"damage":13,"enemies":"2 Louse","floor":2,"turns":2},{"damage":14,"enemies":"Small Slimes","floor":3,"turns":3},{"damage":17,"enemies":"downfall:FleeingMerchant","floor":4,"turns":4},{"damage":17,"enemies":"Jaw Worm","floor":5,"turns":3},{"damage":29,"enemies":"Exordium Thugs","floor":6,"turns":3},{"damage":12,"enemies":"3 Louse","floor":8,"turns":2},{"damage":36,"enemies":"Gremlin Nob","floor":9,"turns":3},{"damage":32,"enemies":"Lagavulin","floor":12,"turns":3},{"damage":22,"enemies":"Blue Slaver","floor":15,"turns":3},{"damage":24,"enemies":"downfall:Ironclad","floor":16,"turns":2}],"seed_played":"-1053862276431814727","potions_obtained":[{"floor":2,"key":"Slimebound:SlimedPotion"},{"floor":3,"key":"sneckomod:MuddlingPotion"},{"floor":5,"key":"Block Potion"},{"floor":8,"key":"PowerPotion"}],"is_trial":false,"path_per_floor":["R","M","M","$","M","M","T","M","E","R","?","E","?","T","M","B"],"character_chosen":"SLIMEBOUND","items_purchased":["Slimebound:PressTheAttack"],"campfire_rested":0,"item_purchase_floors":[4],"current_hp_per_floor":[66,63,65,66,64,51,51,51,35,35,35,27,27,27,13,0,0,0],"gold":288,"neow_bonus":"TEN_PERCENT_HP_BONUS","is_daily":false,"chose_seed":false,"campfire_upgraded":2,"win_rate":0.0,"timestamp":1608909333,"path_taken":["R","M","M","$","M","M","T","M","E","R","?","E","?","?","M","BOSS"],"items_purchased_type":["Card"],"build_version":"2020-12-22","purchased_purges":0,"victory":false,"max_hp_per_floor":[66,66,66,66,66,66,66,66,66,66,66,66,66,66,66,66,66,66],"card_choices":[{"not_picked":["Slimebound:ForwardTackle","Slimebound:DivideAndConquer"],"picked":"Slimebound:SplitAcid","floor":2},{"not_picked":["Slimebound:SpikyOuterGoop","Slimebound:Equalize"],"picked":"Slimebound:LeadByExample","floor":3},{"not_picked":["Slimebound:PrepareCrush","Slimebound:PressTheAttack"],"picked":"Slimebound:SplitBruiser","floor":4},{"not_picked":["Slimebound:FinishingTackle","Slimebound:RollThrough"],"picked":"Slimebound:SplitAcid","floor":5},{"not_picked":["Slimebound:ViciousTackle","Slimebound:ServeAndProtect","Slimebound:ComboTackle"],"picked":"SKIP","floor":6},{"not_picked":["Slimebound:SplitLeeching","Slimebound:HauntingLick"],"picked":"Slimebound:SplitBruiser","floor":8},{"not_picked":["Slimebound:SplitLeeching","Slimebound:SlimeTap"],"picked":"Slimebound:LevelUp","floor":9},{"not_picked":["Slimebound:DouseInSlime","Slimebound:SamplingLick"],"picked":"Slimebound:Schlurp","floor":12},{"not_picked":["Slimebound:SplitMire","Slimebound:Schlurp"],"picked":"Slimebound:LeechLife","floor":15}],"player_experience":201630,"relics_obtained":[{"floor":7,"key":"Bag of Marbles"},{"floor":9,"key":"Whetstone"},{"floor":12,"key":"Regal Pillow"},{"floor":14,"key":"PreservedInsect"}],"event_choices":[],"is_beta":false,"boss_relics":[],"items_purged_floors":[],"is_endless":false,"potions_floor_spawned":[2,3,5,8],"killed_by":"downfall:Ironclad","ascension_level":1}}