{"host":"4w8ocelhatf0iefc","time":1608913222,"event":{"mods":["AchievementEnabler","Act Like it!","Aspiration","BaseMod","Colored Map","Colored Powertips","Hubris","Minty Spire (QoL Compilation)","Replay The Spire","StSLib"],"gold_per_floor":[113,113,288,307,327,359,359,384,384,397,397,77,96,72,72,168,168,152,152,172,16,26,26,26,42,114,114,143,143,143],"floor_reached":29,"playtime":1142,"items_purged":["Doubt"],"score":291,"play_id":"b0bd1a98-e893-4ae7-96e5-1c5756ef7988","local_time":"20201226002022","is_ascension_mode":true,"campfire_choices":[{"floor":7,"key":"REST"},{"data":"Creative AI","floor":11,"key":"SMITH"},{"floor":15,"key":"REST"},{"data":"hubris:PowerSurge","floor":23,"key":"SMITH"}],"circlet_count":0,"master_deck":["Strike_B","Strike_B","Strike_B","Defend_B","Defend_B","Zap","Dualcast","Conserve Battery+1","BasicCrystalCard","Darkness","Creative AI+1","Sweeping Beam","hubris:PowerSurge+1","Leap","Go for the Eyes+1","hubris:Prefetch+1","Barrage+1","Reboot+1","Self Repair","Compile Driver+1","Beam Cell+1","Time Bomb+1","BootSequence","Steam Power+1","Creative AI"],"relics":["Philosopher\u0027s Stone","Toy Ornithopter","hubris:SoftwareUpdate","Mango","aspiration:FrozenJewel","Astrolabe","hubris:RGBLights","Prayer Wheel","Whetstone","Nilry\u0027s Codex","Replay:Wax Seal"],"acts_visited":["Exordium","TheCity"],"potions_floor_usage":[6,16,22,22,28,28],"damage_taken":[{"damage":0,"enemies":"Cultist","floor":1,"turns":3},{"damage":6,"enemies":"Jaw Worm","floor":4,"turns":4},{"damage":13,"enemies":"Small Slimes","floor":5,"turns":5},{"damage":29,"enemies":"3 Sentries","floor":6,"turns":9},{"damage":28,"enemies":"Lagavulin","floor":8,"turns":8},{"damage":36,"enemies":"3 Louse","floor":10,"turns":4},{"damage":20,"enemies":"Exordium Wildlife","floor":13,"turns":6},{"damage":29,"enemies":"Slime Boss","floor":16,"turns":6},{"damage":16,"enemies":"2 Thieves","floor":18,"turns":4},{"damage":32,"enemies":"Spheric Guardian","floor":20,"turns":5},{"damage":2,"enemies":"Centurion and Healer","floor":22,"turns":6},{"damage":23,"enemies":"3 Cultists","floor":25,"turns":5},{"damage":19,"enemies":"Slavers","floor":28,"turns":5},{"damage":34,"enemies":"Snake Plant","floor":29,"turns":4}],"seed_played":"-3894834867308749929","potions_obtained":[{"floor":5,"key":"SpeedPotion"},{"floor":6,"key":"FairyPotion"},{"floor":13,"key":"Adrenaline Potion"},{"floor":16,"key":"Strength Potion"},{"floor":18,"key":"PowerPotion"},{"floor":20,"key":"Dexterity Potion"},{"floor":25,"key":"LifebloodPotion"}],"is_trial":false,"path_per_floor":["M","?","?","M","M","E","R","E","T","M","R","$","M","$","R","B",null,"M","T","M","$","M","R","?","M","T","?","E","M"],"character_chosen":"DEFECT","items_purchased":["aspiration:FrozenJewel","Go for the Eyes","Whetstone"],"campfire_rested":2,"item_purchase_floors":[12,14,21],"current_hp_per_floor":[75,75,75,69,56,27,49,21,35,26,26,26,6,6,32,8,89,73,73,48,48,63,63,63,47,47,31,29,0,0],"gold":143,"neow_bonus":"BOSS_RELIC","is_daily":false,"chose_seed":false,"campfire_upgraded":2,"win_rate":0.0,"timestamp":1608913222,"path_taken":["M","?","?","M","M","E","R","E","T","M","R","$","M","?","R","BOSS","M","?","M","$","M","R","?","M","T","?","E","M"],"items_purchased_type":["Relic","Card","Relic"],"build_version":"2020-12-22","purchased_purges":1,"victory":false,"max_hp_per_floor":[75,75,75,75,75,75,75,75,89,89,89,89,89,89,89,89,89,89,89,89,89,89,89,89,89,89,89,89,89,89],"card_choices":[{"not_picked":["Beam Cell","Rebound"],"picked":"Conserve Battery","floor":1},{"not_picked":["Skim","Beam Cell"],"picked":"BasicCrystalCard","floor":4},{"not_picked":["Go for the Eyes","Compile Driver"],"picked":"Darkness","floor":5},{"not_picked":["Self Repair","Conserve Battery"],"picked":"Creative AI","floor":6},{"not_picked":["Turbo","Leap"],"picked":"Sweeping Beam","floor":8},{"not_picked":["Conserve Battery","Beam Cell"],"picked":"hubris:PowerSurge","floor":10},{"not_picked":["Rip and Tear","White Noise"],"picked":"Leap","floor":13},{"not_picked":["ReplayTheSpireMod:Omega Cannon","Fission"],"picked":"ReplayTheSpireMod:Fabricate Wheel","floor":16},{"not_picked":["Tempest","Consume"],"picked":"Self Repair","floor":18},{"not_picked":["Hologram","Leap"],"picked":"Compile Driver","floor":20},{"not_picked":["Sweeping Beam","Gash","Self Repair"],"picked":"SKIP","floor":20},{"not_picked":["Redo","Leap"],"picked":"Beam Cell+1","floor":22},{"not_picked":["Turbo","hubris:Ukulele"],"picked":"Time Bomb+1","floor":22},{"not_picked":["ReplayTheSpireMod:System Scan","Self Repair"],"picked":"BootSequence","floor":25},{"not_picked":["Conserve Battery+1","ReplayGash+1"],"picked":"Steam Power+1","floor":25},{"not_picked":["Static Discharge","Streamline"],"picked":"Creative AI","floor":28}],"player_experience":290370,"relics_obtained":[{"floor":6,"key":"Toy Ornithopter"},{"floor":8,"key":"hubris:SoftwareUpdate"},{"floor":9,"key":"Mango"},{"floor":19,"key":"hubris:RGBLights"},{"floor":27,"key":"Nilry\u0027s Codex"},{"floor":28,"key":"Replay:Wax Seal"}],"event_choices":[{"damage_healed":0,"gold_gain":175,"player_choice":"AGREE","damage_taken":0,"max_hp_gain":0,"max_hp_loss":0,"event_name":"Liars Game","floor":3,"gold_loss":0,"cards_obtained":["Doubt"]},{"damage_healed":0,"gold_gain":0,"player_choice":"Obtained Book","damage_taken":16,"max_hp_gain":0,"max_hp_loss":0,"event_name":"Cursed Tome","floor":27,"gold_loss":0}],"is_beta":false,"boss_relics":[{"not_picked":["SlaversCollar","Velvet Choker"],"picked":"Astrolabe"}],"items_purged_floors":[12],"is_endless":false,"potions_floor_spawned":[5,6,13,16,18,20,25],"killed_by":"Snake Plant","ascension_level":3}}