{"host":"ywt8u9kq80n9hc8s","time":1608875845,"event":{"mods":["AchievementEnabler","Alarm Clock","BaseMod","Better Altar","Better Match","Better Note","Better Sensory Stone","Better Skull","Better Third Choice","BetterRewards","Filter the Spire","Minty Spire (QoL Compilation)","Permanent Neow","Rare Cards Sparkle","StSLib"],"gold_per_floor":[112,125,125,125,125,125,150,150,150,170,170,170,189,78,78,176,176,195,215,39,39,53,53,71,71,71,71,71,71,71,89,89,186,236,253,253,178,196,71,71,84,102,125,125,0,13,13,13,13,13],"floor_reached":51,"playtime":3984,"items_purged":["Strike_B","Defend_B","Defend_B+1"],"score":643,"play_id":"f57ba9d6-0c83-48d0-8533-15e7a1dbdf68","local_time":"20201225075725","is_ascension_mode":false,"campfire_choices":[{"floor":6,"key":"REST"},{"floor":8,"key":"REST"},{"data":"Dualcast","floor":12,"key":"SMITH"},{"data":"Loop","floor":15,"key":"SMITH"},{"data":"Rainbow","floor":23,"key":"SMITH"},{"data":"Machine Learning","floor":27,"key":"SMITH"},{"data":"Electrodynamics","floor":30,"key":"SMITH"},{"data":"Zap","floor":32,"key":"SMITH"},{"data":"Echo Form","floor":40,"key":"SMITH"},{"data":"Conserve Battery","floor":47,"key":"SMITH"},{"data":"Strike_B","floor":49,"key":"SMITH"}],"circlet_count":0,"master_deck":["Strike_B+1","Strike_B+1","Zap+1","Dualcast+1","Self Repair","Loop+1","Rainbow+1","Machine Learning+1","Electrodynamics+1","Echo Form+1","Conserve Battery+1","Conserve Battery+1","Parasite"],"relics":["Runic Pyramid","Ice Cream","MealTicket","Sozu","MutagenicStrength","HornCleat","Darkstone Periapt","Tiny House","Ancient Tea Set","Red Mask","Frozen Egg 2"],"acts_visited":["Exordium","TheCity","TheBeyond"],"potions_floor_usage":[7],"damage_taken":[{"damage":7,"enemies":"Jaw Worm","floor":1,"turns":5},{"damage":0,"enemies":"Small Slimes","floor":2,"turns":4},{"damage":30,"enemies":"Gremlin Nob","floor":7,"turns":4},{"damage":0,"enemies":"Cultist","floor":10,"turns":3},{"damage":8,"enemies":"Red Slaver","floor":13,"turns":4},{"damage":61,"enemies":"Slime Boss","floor":16,"turns":10},{"damage":5,"enemies":"Chosen","floor":18,"turns":4},{"damage":0,"enemies":"Spheric Guardian","floor":19,"turns":4},{"damage":5,"enemies":"Cultist and Chosen","floor":22,"turns":6},{"damage":9,"enemies":"Centurion and Healer","floor":24,"turns":6},{"damage":0,"enemies":"Snecko","floor":31,"turns":4},{"damage":36,"enemies":"Automaton","floor":33,"turns":8},{"damage":6,"enemies":"Orb Walker","floor":35,"turns":4},{"damage":9,"enemies":"3 Darklings","floor":38,"turns":3},{"damage":23,"enemies":"Writhing Mass","floor":41,"turns":5},{"damage":10,"enemies":"Jaw Worm Horde","floor":42,"turns":2},{"damage":2,"enemies":"3 Darklings","floor":46,"turns":3},{"damage":50,"enemies":"Awakened One","floor":50,"turns":15}],"seed_played":"-5858347484796551800","potions_obtained":[{"floor":1,"key":"Explosive Potion"},{"floor":16,"key":"AttackPotion"}],"is_trial":false,"path_per_floor":["M","M","?","?","?","R","E","R","T","M","?","R","M","$","R","B",null,"M","M","$","?","M","R","M","?","T","R","T","?","R","M","R","B",null,"M","?","?","M","$","R","M","M","T","$","?","M","R","?","R","B",null],"character_chosen":"DEFECT","items_purchased":["Loop","Machine Learning"],"campfire_rested":2,"item_purchase_floors":[14,20],"current_hp_per_floor":[68,68,68,61,46,68,38,60,60,67,72,72,71,80,80,26,80,80,80,80,80,80,80,78,78,78,78,78,78,78,80,80,51,85,85,85,85,83,85,85,75,65,65,80,80,85,85,85,85,42],"gold":13,"neow_bonus":"BOSS_RELIC","is_daily":false,"chose_seed":false,"campfire_upgraded":9,"win_rate":0.0,"timestamp":1608875845,"path_taken":["M","M","?","?","?","R","E","R","T","?","?","R","M","$","R","BOSS","M","M","$","?","?","R","?","?","T","R","?","?","R","M","R","BOSS","M","?","?","M","$","R","M","?","T","?","?","M","R","?","R","BOSS"],"items_purchased_type":["Card","Card"],"build_version":"2020-12-22","purchased_purges":3,"victory":true,"max_hp_per_floor":[75,75,75,75,75,75,75,75,75,75,80,80,80,80,80,80,80,80,80,80,80,80,80,80,80,80,80,80,80,80,80,80,80,85,85,85,85,85,85,85,91,91,91,91,91,91,91,91,91,91],"card_choices":[{"not_picked":["Auto Shields","Genetic Algorithm","Stack"],"picked":"SKIP","floor":1},{"not_picked":["Sweeping Beam","Rip and Tear","Melter"],"picked":"SKIP","floor":2},{"not_picked":["Glacier","Beam Cell"],"picked":"Self Repair","floor":7},{"not_picked":["Darkness","Go for the Eyes","Blizzard"],"picked":"SKIP","floor":10},{"not_picked":["Compile Driver","Doom and Gloom","Stack"],"picked":"SKIP","floor":13},{"not_picked":["Reboot","Seek"],"picked":"Rainbow","floor":16},{"not_picked":["Hologram","Beam Cell","Leap+1"],"picked":"SKIP","floor":18},{"not_picked":["Leap+1","Sweeping Beam+1","Redo"],"picked":"SKIP","floor":19},{"not_picked":["Turbo","Stack","Aggregate"],"picked":"SKIP","floor":22},{"not_picked":["FTL","Stack","Barrage"],"picked":"SKIP","floor":24},{"not_picked":["Compile Driver","Barrage","White Noise"],"picked":"SKIP","floor":31},{"not_picked":["Reboot","Rainbow"],"picked":"Echo Form","floor":33},{"not_picked":["Coolheaded","Scrape+1"],"picked":"Conserve Battery","floor":34},{"not_picked":["Undo+1","Reinforced Body","Rip and Tear+1"],"picked":"SKIP","floor":35},{"not_picked":["Aggregate+1","BootSequence+1"],"picked":"Conserve Battery+1","floor":38},{"not_picked":["Sweeping Beam+1","Thunder Strike","Ball Lightning+1"],"picked":"SKIP","floor":41},{"not_picked":["Sweeping Beam+1","Thunder Strike","Ball Lightning+1"],"picked":"SKIP","floor":41},{"not_picked":["Lockon+1","Sunder","Tempest"],"picked":"SKIP","floor":42},{"not_picked":["Turbo","Coolheaded+1","Rebound+1"],"picked":"SKIP","floor":46}],"player_experience":24593,"relics_obtained":[{"floor":7,"key":"Ice Cream"},{"floor":9,"key":"MealTicket"},{"floor":26,"key":"HornCleat"},{"floor":28,"key":"Darkstone Periapt"},{"floor":43,"key":"Ancient Tea Set"}],"event_choices":[{"cards_removed":["Defend_B"],"damage_healed":0,"gold_gain":0,"player_choice":"Forget","damage_taken":0,"max_hp_gain":0,"max_hp_loss":0,"event_name":"Living Wall","floor":3,"gold_loss":0},{"cards_removed":["Strike_B"],"damage_healed":0,"gold_gain":0,"player_choice":"Card Removal","damage_taken":7,"max_hp_gain":0,"max_hp_loss":0,"event_name":"Golden Wing","floor":4,"gold_loss":0},{"damage_healed":61,"gold_gain":0,"player_choice":"Upgrade","damage_taken":15,"max_hp_gain":0,"max_hp_loss":75,"event_name":"betterThird:BetterShining","floor":5,"gold_loss":0,"cards_upgraded":["Defend_B","Strike_B"]},{"damage_healed":0,"gold_gain":0,"player_choice":"Donut","damage_taken":0,"max_hp_gain":5,"max_hp_loss":0,"event_name":"Big Fish","floor":11,"gold_loss":0},{"cards_removed":["Defend_B"],"damage_healed":0,"gold_gain":0,"player_choice":"Give","damage_taken":0,"max_hp_gain":0,"max_hp_loss":0,"event_name":"betterNote:BetterNote","floor":21,"gold_loss":0,"cards_obtained":["None"]},{"damage_healed":0,"gold_gain":0,"player_choice":"Inject Mutagens","damage_taken":0,"relics_obtained":["MutagenicStrength"],"max_hp_gain":0,"max_hp_loss":0,"event_name":"Drug Dealer","floor":25,"gold_loss":0},{"damage_healed":0,"gold_gain":0,"player_choice":"Read","damage_taken":0,"max_hp_gain":0,"max_hp_loss":0,"event_name":"The Library","floor":29,"gold_loss":0,"cards_obtained":["Electrodynamics"]},{"cards_removed":["Defend_B"],"damage_healed":0,"gold_gain":0,"player_choice":"Removed Skill","damage_taken":0,"max_hp_gain":0,"max_hp_loss":0,"event_name":"Falling","floor":36,"gold_loss":0},{"damage_healed":0,"gold_gain":0,"player_choice":"1","damage_taken":0,"max_hp_gain":0,"max_hp_loss":0,"event_name":"betterMatch:BetterMatch","floor":37,"gold_loss":0,"cards_obtained":["betterMatch:ColorlessUncommonCard","betterMatch:CommonCard","betterMatch:ColorlessUncommonCard"]},{"damage_healed":0,"gold_gain":0,"player_choice":"Paid","damage_taken":0,"relics_obtained":["Red Mask"],"max_hp_gain":0,"max_hp_loss":0,"event_name":"Tomb of Lord Red Mask","floor":45,"gold_loss":125},{"damage_healed":0,"gold_gain":0,"player_choice":"Gave Potion","damage_taken":0,"relics_obtained":["Frozen Egg 2"],"max_hp_gain":0,"max_hp_loss":0,"event_name":"WeMeetAgain","floor":48,"gold_loss":0}],"is_beta":false,"boss_relics":[{"not_picked":["Calling Bell","Busted Crown"],"picked":"Sozu"},{"not_picked":["Nuclear Battery","Empty Cage"],"picked":"Tiny House"}],"items_purged_floors":[14,20,39],"is_endless":false,"potions_floor_spawned":[1,16,18,31,33,35],"ascension_level":0}}