{"host":"j5gdvqtwmxqn6tw6","time":1608929516,"event":{"mods":["BaseMod","Colored Map","Colored Powertips","Downfall","Minty Spire (QoL Compilation)","Replay The Spire","StSLib","SuperFastMode"],"gold_per_floor":[158,158,158,158,158,185,185,185,198,198,229,260,257,287,309,422,434,446,474,503,158,158,172,172,203,220,220,220,250,175,175,191,191,191,191],"floor_reached":33,"playtime":1611,"items_purged":[],"score":318,"play_id":"4991abc0-fda8-410b-950d-89d2178a394c","local_time":"20201225215156","is_ascension_mode":false,"campfire_choices":[{"data":"Slimebound:OozeBath","floor":8,"key":"SMITH"},{"data":"Slimebound:DuplicatedForm","floor":18,"key":"SMITH"},{"data":"Slimebound:LeadByExample","floor":28,"key":"SMITH"},{"data":"Slimebound:LevelUp","floor":30,"key":"SMITH"}],"circlet_count":0,"master_deck":["Slimebound:Strike_Slimebound","Slimebound:Strike_Slimebound","Slimebound:Strike_Slimebound","Slimebound:Tackle","Slimebound:Defend_Slimebound","Slimebound:Defend_Slimebound","Slimebound:Defend_Slimebound+1","Slimebound:Split","Slimebound:CorrosiveSpit","Slimebound:PressTheAttack","Slimebound:SplitBruiser","Slimebound:OozeBath+1","Slimebound:PressTheAttack","Slimebound:SlimeBarrage+1","Slimebound:LeadByExample+1","Slimebound:RejuvenatingLick","Slimebound:DuplicatedForm+1","Slimebound:DivideAndConquer+1","Slimebound:MegaLick","Slimebound:SplitMire","Slimebound:LevelUp+1","Slimebound:SamplingLick","Slimebound:SplitMire","Slimebound:OozeBath"],"relics":["Slimebound:AbsorbEndCombat","downfall:HeartsMalice","downfall:ShatteredFragment","Lantern","Divine Protection","MawBank","SlaversCollar","Membership Card","Durian","FossilizedHelix","MealTicket","ReplayTheSpireMod:Ring of Exchange","Question Card","downfall:HeartBlessingGreen","Enchiridion"],"acts_visited":["Exordium","TheCity"],"potions_floor_usage":[11,16,16,26,29,32,33],"damage_taken":[{"damage":0,"enemies":"Jaw Worm","floor":2,"turns":1},{"damage":0,"enemies":"2 Louse","floor":4,"turns":1},{"damage":0,"enemies":"Lagavulin","floor":6,"turns":1},{"damage":0,"enemies":"Cultist","floor":9,"turns":3},{"damage":24,"enemies":"3 Sentries","floor":11,"turns":5},{"damage":12,"enemies":"3 Louse","floor":12,"turns":2},{"damage":0,"enemies":"downfall:FleeingMerchant","floor":13,"turns":4},{"damage":7,"enemies":"Large Slime","floor":14,"turns":3},{"damage":15,"enemies":"Exordium Wildlife","floor":15,"turns":3},{"damage":35,"enemies":"downfall:Silent","floor":16,"turns":7},{"damage":45,"enemies":"Shell Parasite","floor":19,"turns":4},{"damage":25,"enemies":"Spheric Guardian","floor":20,"turns":3},{"damage":15,"enemies":"downfall:FleeingMerchant","floor":21,"turns":4},{"damage":28,"enemies":"Snake Plant","floor":23,"turns":4},{"damage":54,"enemies":"Gremlin Leader","floor":25,"turns":6},{"damage":30,"enemies":"3 Cultists","floor":26,"turns":5},{"damage":41,"enemies":"Replay:Snechameleon","floor":29,"turns":5},{"damage":0,"enemies":"Snecko","floor":32,"turns":2},{"damage":68,"enemies":"downfall:Watcher","floor":33,"turns":6}],"seed_played":"5697933762841257505","potions_obtained":[{"floor":9,"key":"Energy Potion"},{"floor":11,"key":"ColorlessPotion"},{"floor":12,"key":"sneckomod:MuddlingPotion"},{"floor":15,"key":"Fruit Juice"},{"floor":20,"key":"DuplicationPotion"},{"floor":26,"key":"Milkshake"},{"floor":29,"key":"Death Potion"}],"is_trial":false,"path_per_floor":["R_BF","M","?","M","?","E","T","R","M","?","E","M","$","M","M","B",null,"R","M","M","$","?","M","T","E","M","?","R","E","R","?","M","B"],"character_chosen":"SLIMEBOUND","items_purchased":["Membership Card","Durian","Slimebound:LevelUp"],"campfire_rested":0,"item_purchase_floors":[21,21,21],"current_hp_per_floor":[60,60,60,60,42,42,42,42,50,50,34,30,34,35,40,52,65,65,47,47,63,63,61,61,46,54,54,54,42,42,26,34,0,0,0],"gold":191,"neow_bonus":"THREE_ENEMY_KILL","is_daily":false,"chose_seed":false,"campfire_upgraded":4,"win_rate":0.0,"timestamp":1608929516,"path_taken":["R_BF","M","?","M","?","E","T","R","M","?","E","M","$","M","M","BOSS","R","M","M","$","?","?","T","E","M","?","R","E","R","?","M","BOSS"],"items_purchased_type":["Relic","Relic","Card"],"build_version":"2020-12-22","purchased_purges":0,"victory":false,"max_hp_per_floor":[60,60,60,60,60,60,60,60,60,60,60,60,60,60,60,65,65,65,65,65,70,70,70,70,70,70,70,70,70,70,70,70,70,70,70],"card_choices":[{"not_picked":["Slimebound:ItLooksTasty","Slimebound:Recollect"],"picked":"Slimebound:PressTheAttack","floor":2},{"not_picked":["Slimebound:Dissolve","Slimebound:SplitMire"],"picked":"Slimebound:SplitBruiser","floor":4},{"not_picked":["Slimebound:Schlurp","Slimebound:GrowthPunch"],"picked":"Slimebound:OozeBath","floor":6},{"not_picked":["Slimebound:SplitAcid","Slimebound:FinishingTackle"],"picked":"Slimebound:PressTheAttack","floor":9},{"not_picked":["Slimebound:ProtectTheBoss","Slimebound:TongueLash"],"picked":"Slimebound:LeadByExample","floor":11},{"not_picked":["Slimebound:ComboTackle","Slimebound:SpikyOuterGoop","Slimebound:SplitAcid"],"picked":"SKIP","floor":12},{"not_picked":["Slimebound:LeechingTouch","Slimebound:SplitBruiser","Slimebound:DivideAndConquer"],"picked":"SKIP","floor":13},{"not_picked":["Slimebound:Replication","Slimebound:AcidTongue","Slimebound:SlimeTap"],"picked":"SKIP","floor":14},{"not_picked":["Slimebound:DivideAndConquer","Slimebound:GoopSpray"],"picked":"Slimebound:RejuvenatingLick","floor":15},{"not_picked":["Slimebound:TagTeam","Slimebound:SelfFormingGoo"],"picked":"Slimebound:DuplicatedForm","floor":16},{"not_picked":["Slimebound:ComboTackle","Slimebound:Replication"],"picked":"Slimebound:DivideAndConquer+1","floor":19},{"not_picked":["Slimebound:LivingWall","Slimebound:SplitBruiser"],"picked":"Slimebound:MegaLick","floor":20},{"not_picked":["Slimebound:Grow","Slimebound:Nibble+1"],"picked":"Slimebound:SplitMire","floor":21},{"not_picked":["Slimebound:ProtectTheBoss","Slimebound:LeechingTouch"],"picked":"Slimebound:SamplingLick","floor":23},{"not_picked":["Slimebound:SelfFormingGoo","Slimebound:LeechingTouch","Slimebound:Grow"],"picked":"SKIP","floor":25},{"not_picked":["Slimebound:Grow","Slimebound:LivingWall"],"picked":"Slimebound:SplitMire","floor":26},{"not_picked":["Slimebound:SamplingLick","Slimebound:SlimeBarrage"],"picked":"Slimebound:OozeBath","floor":29},{"not_picked":["Slimebound:ViciousTackle","Slimebound:SlimeTap","Slimebound:GoopSpray","Slimebound:RollThrough"],"picked":"SKIP","floor":32}],"player_experience":58121,"relics_obtained":[{"floor":6,"key":"Lantern"},{"floor":7,"key":"Divine Protection"},{"floor":11,"key":"MawBank"},{"floor":24,"key":"FossilizedHelix"},{"floor":25,"key":"MealTicket"},{"floor":27,"key":"ReplayTheSpireMod:Ring of Exchange"},{"floor":29,"key":"Question Card"},{"floor":31,"key":"Enchiridion"}],"event_choices":[],"is_beta":false,"boss_relics":[{"not_picked":["Kintsugi","Velvet Choker"],"picked":"SlaversCollar"}],"items_purged_floors":[],"is_endless":false,"potions_floor_spawned":[9,11,12,15,20,26,29],"killed_by":"downfall:Watcher","ascension_level":0}}