{"host":"zhec3g4cvsmevugl","time":1608873834,"event":{"mods":["BaseMod","BetterRewards","Minty Spire (QoL Compilation)","Relic Stats","Slay-I","StSLib"],"gold_per_floor":[116,116,133,133,133,163,163,193,193,193,213,178,188,17,17,121,121,140,154,154,154,6,33,33,67,90,90,90,90,110,41,41,140,140,155,167,177,34,51,51,51],"floor_reached":40,"playtime":1889,"items_purged":[],"score":665,"play_id":"eb5a6d51-3ffd-4e96-9c22-97deb2c1b36c","local_time":"20201225132354","is_ascension_mode":true,"campfire_choices":[{"data":"Cleave","floor":7,"key":"SMITH"},{"data":"Combust","floor":15,"key":"SMITH"},{"floor":28,"key":"REST"},{"floor":32,"key":"REST"}],"circlet_count":0,"master_deck":["Strike_R+1","Strike_R+1","Strike_R+1","Strike_R+1","Strike_R+1","Defend_R+1","Defend_R+1","Defend_R+1","Defend_R+1","Bash","Perfected Strike+1","Cleave+1","Shockwave+1","Clash","Immolate","Combust+1","Armaments+1","Juggernaut","Armaments+1","Anger","Rage+1","Metallicize","Dual Wield+1","Flex+1","Bloodletting+1","Double Tap+1","Power Through+1","Armaments+1","Second Wind+1","Intimidate+1"],"relics":["Burning Blood","Self Forming Clay","Mercury Hourglass","Strange Spoon","Magic Flower","Toxic Egg 2","InkBottle","Kunai","PreservedInsect","Black Star","Toy Ornithopter","Bag of Preparation","Pantograph","Frozen Egg 2","Bottled Flame","Anchor","Velvet Choker","Membership Card"],"acts_visited":["Exordium","TheCity","TheBeyond"],"potions_floor_usage":[6,8,18,25,33,33,37],"damage_taken":[{"damage":2,"enemies":"Jaw Worm","floor":1,"turns":3},{"damage":6,"enemies":"Cultist","floor":3,"turns":3},{"damage":23,"enemies":"3 Sentries","floor":6,"turns":6},{"damage":18,"enemies":"Lagavulin","floor":8,"turns":5},{"damage":0,"enemies":"2 Louse","floor":11,"turns":2},{"damage":0,"enemies":"Large Slime","floor":13,"turns":3},{"damage":9,"enemies":"Slime Boss","floor":16,"turns":5},{"damage":8,"enemies":"Chosen","floor":18,"turns":4},{"damage":21,"enemies":"Shell Parasite","floor":19,"turns":5},{"damage":23,"enemies":"Gremlin Leader","floor":23,"turns":5},{"damage":17,"enemies":"Slavers","floor":25,"turns":4},{"damage":13,"enemies":"Snecko","floor":30,"turns":5},{"damage":92,"enemies":"Collector","floor":33,"turns":8},{"damage":0,"enemies":"3 Darklings","floor":35,"turns":1},{"damage":7,"enemies":"Orb Walker","floor":36,"turns":3},{"damage":25,"enemies":"Spire Growth","floor":37,"turns":4},{"damage":42,"enemies":"Transient","floor":39,"turns":5},{"damage":45,"enemies":"Reptomancer","floor":40,"turns":4}],"seed_played":"7902012842351672637","potions_obtained":[{"floor":2,"key":"Weak Potion"},{"floor":2,"key":"SteroidPotion"},{"floor":2,"key":"SkillPotion"},{"floor":3,"key":"Fruit Juice"},{"floor":8,"key":"ElixirPotion"},{"floor":11,"key":"BlessingOfTheForge"},{"floor":13,"key":"Fire Potion"},{"floor":16,"key":"CultistPotion"},{"floor":18,"key":"Explosive Potion"},{"floor":23,"key":"BloodPotion"},{"floor":36,"key":"AttackPotion"}],"is_trial":false,"path_per_floor":["M","?","M","$","?","E","R","E","T","?","M","?","M","$","R","B",null,"M","M","?","?","$","E","?","E","T","?","R","?","M","$","R","B",null,"M","M","M","$","M","E"],"character_chosen":"IRONCLAD","items_purchased":["Self Forming Clay","Mercury Hourglass","Strange Spoon","Armaments+1","PreservedInsect","Toy Ornithopter","Bloodletting+1","Membership Card"],"campfire_rested":2,"item_purchase_floors":[0,0,0,14,14,22,31,38],"current_hp_per_floor":[52,52,55,55,55,49,49,40,40,23,32,53,62,62,62,62,85,85,73,73,73,73,59,59,59,59,59,84,68,64,64,90,42,90,90,90,74,74,41,0,0],"gold":51,"neow_bonus":"","is_daily":false,"chose_seed":false,"campfire_upgraded":2,"win_rate":0.0,"timestamp":1608873834,"path_taken":["M","?","M","?","?","E","R","E","T","?","M","?","?","?","R","BOSS","M","M","?","?","?","E","?","E","T","?","R","?","?","$","R","BOSS","M","?","?","$","M","E"],"items_purchased_type":["Relic","Relic","Relic","Card","Relic","Relic","Card","Relic"],"build_version":"2020-12-22","purchased_purges":0,"victory":false,"max_hp_per_floor":[80,80,80,80,80,85,85,85,85,85,85,85,85,85,85,85,85,85,85,85,85,85,85,85,85,85,85,85,90,90,90,90,90,90,90,90,90,90,90,90,90],"relic_stats":{"counters":[64,240],"Self Forming Clay":[180],"Magic Flower":[63],"PreservedInsect":146,"Bag of Preparation":[84],"Burning Blood":387,"Mercury Hourglass":[315],"Strange Spoon":[40],"Pantograph":0,"Black Star":2,"Kunai":[9],"obtain_stats":[{"Vajra":26,"Sling":42,"Blood Vial":48,"Centennial Puzzle":7,"FaceOfCleric":11,"Sundial":43,"Strawberry":25,"Philosopher\u0027s Stone":17,"MealTicket":0,"Fusion Hammer":17,"Necronomicon":20,"Kunai":9,"Toxic Egg 2":6,"Happy Flower":10,"Velvet Choker":34,"Eternal Feather":44,"WarpedTongs":21,"Du-Vu Doll":38,"Bottled Flame":25,"Bird Faced Urn":7,"MutagenicStrength":30,"Black Star":34,"Lantern":48,"Singing Bowl":26,"Enchiridion":20,"Magic Flower":0,"Juzu Bracelet":42,"Bag of Preparation":12,"Empty Cage":34,"Ancient Tea Set":42,"Burning Blood":0,"Dream Catcher":0,"Shovel":44,"Pantograph":23,"Tiny Chest":28,"InkBottle":41,"Paper Frog":45,"Potion Belt":12,"Self Forming Clay":0,"Thread and Needle":42,"PreservedInsect":23,"Omamori":44,"Orichalcum":0,"Frozen Egg 2":25,"Mercury Hourglass":0,"Strange Spoon":0,"Anchor":8,"Ornamental Fan":43,"Bag of Marbles":4,"Bottled Lightning":9,"Membership Card":38,"Toy Ornithopter":48,"TungstenRod":48},{"Vajra":35,"Sling":42,"Blood Vial":23,"Centennial Puzzle":27,"FaceOfCleric":4,"Sundial":19,"Strawberry":12,"Philosopher\u0027s Stone":8,"MealTicket":24,"Fusion Hammer":32,"Necronomicon":33,"Kunai":50,"Toxic Egg 2":49,"Happy Flower":4,"Velvet Choker":59,"Eternal Feather":20,"WarpedTongs":33,"Du-Vu Doll":18,"Bottled Flame":57,"Bird Faced Urn":3,"MutagenicStrength":13,"Black Star":15,"Lantern":45,"Singing Bowl":12,"Enchiridion":9,"Magic Flower":46,"Juzu Bracelet":19,"Bag of Preparation":29,"Empty Cage":39,"Ancient Tea Set":42,"Burning Blood":0,"Dream Catcher":24,"Shovel":20,"Pantograph":56,"Tiny Chest":13,"InkBottle":19,"Paper Frog":20,"Potion Belt":5,"Self Forming Clay":46,"Thread and Needle":42,"PreservedInsect":11,"Omamori":43,"Orichalcum":0,"Frozen Egg 2":57,"Mercury Hourglass":46,"Strange Spoon":24,"Anchor":27,"Ornamental Fan":42,"Bag of Marbles":25,"Bottled Lightning":4,"Membership Card":62,"Toy Ornithopter":23,"TungstenRod":45},{"Vajra":136,"Sling":156,"Blood Vial":86,"Centennial Puzzle":104,"FaceOfCleric":15,"Sundial":69,"Strawberry":40,"Philosopher\u0027s Stone":27,"MealTicket":94,"Fusion Hammer":127,"Necronomicon":131,"Kunai":183,"Toxic Egg 2":178,"Happy Flower":15,"Velvet Choker":223,"Eternal Feather":75,"WarpedTongs":131,"Du-Vu Doll":66,"Bottled Flame":210,"Bird Faced Urn":13,"MutagenicStrength":43,"Black Star":54,"Lantern":163,"Singing Bowl":40,"Enchiridion":30,"Magic Flower":168,"Juzu Bracelet":69,"Bag of Preparation":112,"Empty Cage":148,"Ancient Tea Set":156,"Burning Blood":0,"Dream Catcher":94,"Shovel":75,"Pantograph":207,"Tiny Chest":43,"InkBottle":69,"Paper Frog":75,"Potion Belt":18,"Self Forming Clay":168,"Thread and Needle":156,"PreservedInsect":37,"Omamori":159,"Orichalcum":0,"Frozen Egg 2":210,"Mercury Hourglass":168,"Strange Spoon":94,"Anchor":104,"Ornamental Fan":156,"Bag of Marbles":98,"Bottled Lightning":15,"Membership Card":231,"Toy Ornithopter":86,"TungstenRod":163}],"InkBottle":[18],"Toy Ornithopter":16},"card_choices":[{"not_picked":["Dual Wield","Armaments"],"picked":"Perfected Strike","floor":1},{"not_picked":["Thunderclap","Iron Wave"],"picked":"Cleave","floor":3},{"not_picked":["Hemokinesis","Pummel"],"picked":"Shockwave+1","floor":6},{"not_picked":["Metallicize","Pommel Strike"],"picked":"Clash","floor":8},{"not_picked":["Warcry+1","Ghostly Armor+1"],"picked":"Immolate","floor":11},{"not_picked":["True Grit+1","Cleave"],"picked":"Combust","floor":13},{"not_picked":["Barricade","Exhume+1"],"picked":"Juggernaut","floor":16},{"not_picked":["Perfected Strike","Shrug It Off+1"],"picked":"Armaments+1","floor":18},{"not_picked":["Thunderclap","Wild Strike"],"picked":"Anger","floor":19},{"not_picked":["True Grit+1","Warcry+1"],"picked":"Metallicize","floor":23},{"not_picked":["Havoc+1","Iron Wave"],"picked":"Dual Wield+1","floor":25},{"not_picked":["Body Slam","Dropkick"],"picked":"Flex+1","floor":30},{"not_picked":["Offering+1","Bludgeon"],"picked":"Double Tap+1","floor":33},{"not_picked":["Iron Wave","Inflame+1"],"picked":"Power Through+1","floor":35},{"not_picked":["Thunderclap","Body Slam"],"picked":"Armaments+1","floor":36},{"not_picked":["Armaments+1","Heavy Blade"],"picked":"Second Wind+1","floor":37},{"not_picked":["Twin Strike","Thunderclap"],"picked":"Intimidate+1","floor":39}],"player_experience":174794,"relics_obtained":[{"floor":6,"key":"Toxic Egg 2"},{"floor":8,"key":"InkBottle"},{"floor":9,"key":"Kunai"},{"floor":23,"key":"Bag of Preparation"},{"floor":23,"key":"Pantograph"},{"floor":25,"key":"Frozen Egg 2"},{"floor":25,"key":"Bottled Flame"},{"floor":26,"key":"Anchor"}],"event_choices":[{"damage_healed":0,"gold_gain":0,"player_choice":"Got Potions","damage_taken":0,"max_hp_gain":0,"max_hp_loss":0,"event_name":"Lab","floor":2,"gold_loss":0},{"damage_healed":0,"gold_gain":0,"player_choice":"Grow","damage_taken":0,"max_hp_gain":0,"max_hp_loss":0,"event_name":"Living Wall","floor":5,"gold_loss":0,"cards_upgraded":["Perfected Strike"]},{"damage_healed":0,"gold_gain":0,"player_choice":"Entered Light","damage_taken":17,"max_hp_gain":0,"max_hp_loss":0,"event_name":"Shining Light","floor":10,"gold_loss":0,"cards_upgraded":["Strike_R","Defend_R"]},{"damage_healed":21,"gold_gain":0,"player_choice":"Healed","damage_taken":0,"max_hp_gain":0,"max_hp_loss":0,"event_name":"The Cleric","floor":12,"gold_loss":35},{"damage_healed":0,"gold_gain":0,"player_choice":"Read","damage_taken":0,"max_hp_gain":0,"max_hp_loss":0,"event_name":"The Library","floor":20,"gold_loss":0,"cards_obtained":["Rage"]},{"damage_healed":0,"gold_gain":0,"player_choice":"Ignored","damage_taken":0,"max_hp_gain":0,"max_hp_loss":0,"event_name":"Beggar","floor":21,"gold_loss":0},{"damage_healed":0,"gold_gain":0,"player_choice":"Simplicity","damage_taken":0,"max_hp_gain":0,"max_hp_loss":0,"event_name":"Back to Basics","floor":24,"gold_loss":0,"cards_upgraded":["Strike_R","Strike_R","Strike_R","Strike_R","Defend_R","Defend_R","Defend_R"]},{"damage_healed":0,"gold_gain":0,"player_choice":"Ignored","damage_taken":0,"max_hp_gain":0,"max_hp_loss":0,"event_name":"Ghosts","floor":27,"gold_loss":0},{"damage_healed":0,"gold_gain":0,"player_choice":"Shed Blood","damage_taken":21,"max_hp_gain":5,"max_hp_loss":0,"event_name":"Forgotten Altar","floor":29,"gold_loss":0}],"is_beta":false,"boss_relics":[{"not_picked":["Pandora\u0027s Box","Runic Cube"],"picked":"Black Star"},{"not_picked":["Runic Dome","Snecko Eye"],"picked":"Velvet Choker"}],"items_purged_floors":[],"is_endless":false,"potions_floor_spawned":[3,8,11,13,16,18,23,36],"killed_by":"Reptomancer","ascension_level":2}}