{"host":"vfg9szunmpjwj08o","time":1608902844,"event":{"mods":["Act Like it!","BaseMod","Challenge The Spire","Colored Map","Colored Powertips","Minty Spire (QoL Compilation)","StSLib","Waifu the Spire"],"gold_per_floor":[115,44,60,60,60,96,109,109,109,127,127,167,167,167,167,297,297,312,312,327,153,153,153],"floor_reached":22,"playtime":665,"items_purged":["Strike_P"],"score":374,"play_id":"fec6c9e6-c39d-428c-8838-a2a4e63d9876","local_time":"20201225142724","is_ascension_mode":true,"campfire_choices":[{"data":"Eruption","floor":8,"key":"SMITH"},{"data":"Meditate","floor":11,"key":"SMITH"},{"floor":13,"key":"REST"},{"data":"Study","floor":15,"key":"SMITH"}],"circlet_count":0,"master_deck":["Strike_P+1","Defend_P","Defend_P+1","Defend_P","Defend_P+1","Eruption+1","Vigilance","Swivel","Nirvana","Study+1","LessonLearned+1","Meditate+1","WheelKick","EmptyFist","Alpha","MentalFortress+1","Writhe","Wireheading","CutThroughFate","ThirdEye"],"relics":["PureWater","NeowsBlessing","Golden Idol","Question Card","Mango","WingedGreaves","Girya"],"acts_visited":["Exordium","TheCity"],"potions_floor_usage":[12,16,20],"damage_taken":[{"damage":0,"enemies":"Cultist","floor":1,"turns":1},{"damage":0,"enemies":"2 Louse","floor":3,"turns":1},{"damage":0,"enemies":"3 Sentries","floor":6,"turns":2},{"damage":2,"enemies":"Small Slimes","floor":7,"turns":4},{"damage":25,"enemies":"Exordium Thugs","floor":10,"turns":4},{"damage":21,"enemies":"Lagavulin","floor":12,"turns":5},{"damage":0,"enemies":"Slime Boss","floor":16,"turns":5},{"damage":40,"enemies":"3 Byrds","floor":18,"turns":4},{"damage":13,"enemies":"Shell Parasite","floor":20,"turns":5},{"damage":15,"enemies":"Sentry and Sphere","floor":22,"turns":4}],"seed_played":"5050322102858630952","potions_obtained":[{"floor":1,"key":"BottledMiracle"},{"floor":6,"key":"BottledMiracle"},{"floor":16,"key":"BottledMiracle"},{"floor":20,"key":"SteroidPotion"}],"is_trial":false,"path_per_floor":["M","$","M","?","?","E","M","R","T","M","R","E","R","?","R","B",null,"M","?","M","$","M"],"character_chosen":"WATCHER","items_purchased":["Nirvana","CutThroughFate","ThirdEye"],"campfire_rested":1,"item_purchase_floors":[2,21,21],"current_hp_per_floor":[65,65,65,65,47,47,45,45,59,34,34,13,38,31,31,31,72,32,32,19,19,4,4],"gold":153,"neow_bonus":"THREE_ENEMY_KILL","is_daily":false,"chose_seed":false,"campfire_upgraded":3,"win_rate":0.0,"timestamp":1608902844,"path_taken":["M","?","?","?","?","E","?","R","T","M","R","E","R","?","R","BOSS","M","?","M","$","M"],"items_purchased_type":["Card","Card","Card"],"build_version":"2020-12-22","purchased_purges":1,"victory":false,"max_hp_per_floor":[72,72,72,72,72,72,72,72,86,86,86,86,86,86,86,86,86,86,86,86,86,86,86],"card_choices":[{"not_picked":["CrushJoints","Halt"],"picked":"Swivel","floor":1},{"not_picked":["Perseverance","Prostrate"],"picked":"Study","floor":3},{"not_picked":["Pray","EmptyMind"],"picked":"LessonLearned","floor":6},{"not_picked":["ClearTheMind","FollowUp","EmptyBody"],"picked":"Meditate","floor":7},{"not_picked":["InnerPeace","FollowUp","LikeWater"],"picked":"WheelKick","floor":10},{"not_picked":["Halt","Crescendo","Fasting2"],"picked":"EmptyFist","floor":12},{"not_picked":["Ragnarok","Blasphemy","MasterReality"],"picked":"Alpha","floor":16},{"not_picked":["JustLucky","SashWhip","FlyingSleeves+1"],"picked":"MentalFortress","floor":18},{"not_picked":["FlurryOfBlows+1","Crescendo","SashWhip"],"picked":"Wireheading","floor":20}],"player_experience":1011237,"relics_obtained":[{"floor":6,"key":"Question Card"},{"floor":9,"key":"Mango"},{"floor":12,"key":"WingedGreaves"}],"event_choices":[{"cards_removed":["Strike_P"],"damage_healed":0,"gold_gain":0,"player_choice":"Forget","damage_taken":0,"max_hp_gain":0,"max_hp_loss":0,"event_name":"Living Wall","floor":4,"gold_loss":0},{"damage_healed":0,"gold_gain":0,"player_choice":"Take Damage","damage_taken":18,"relics_obtained":["Golden Idol"],"max_hp_gain":0,"max_hp_loss":0,"event_name":"Golden Idol","floor":5,"gold_loss":0},{"cards_removed":["Strike_P"],"damage_healed":0,"gold_gain":0,"player_choice":"Card Removal","damage_taken":7,"max_hp_gain":0,"max_hp_loss":0,"event_name":"Golden Wing","floor":14,"gold_loss":0},{"damage_healed":0,"gold_gain":0,"player_choice":"Opened","damage_taken":0,"relics_obtained":["Girya"],"max_hp_gain":0,"max_hp_loss":0,"event_name":"The Mausoleum","floor":19,"gold_loss":0,"cards_obtained":["Writhe"]}],"is_beta":false,"boss_relics":[{"not_picked":["Snecko Eye","Busted Crown","Runic Pyramid"]}],"items_purged_floors":[21],"is_endless":false,"potions_floor_spawned":[1,6,16,20],"killed_by":"Sentry and Sphere","ascension_level":8}}