{"host":"cij6922spxtbkai3","time":1608891970,"event":{"mods":["2.2 Compatiblity","AchievementEnabler","BaseMod","Colored Map","DeckTracker","Highlight Path","Keyboard Shortcuts","Minty Spire (QoL Compilation)","Permanent Neow","Quick Restart","Rare Cards Sparkle","SuperFastMode","everything is the same but u backflip on backflip"],"gold_per_floor":[119,132,132,307,307,307,350,350,375,390,405,405,430,453,453,576,576,597,617,637,366,381,381,381,381],"floor_reached":24,"playtime":1015,"items_purged":["Strike_R"],"score":225,"play_id":"1f716e11-4a44-49bb-89cc-4c364d0686d1","local_time":"20201225192610","is_ascension_mode":false,"campfire_choices":[{"data":"Spot Weakness","floor":6.0,"key":"SMITH"},{"data":"Heavy Blade","floor":8.0,"key":"SMITH"},{"data":"Seeing Red","floor":15.0,"key":"SMITH"},{"data":"Doubt","floor":23.0,"key":"PURGE"}],"circlet_count":0,"master_deck":["Strike_R","Strike_R","Defend_R","Defend_R","Defend_R","Bash","Spot Weakness+1","Heavy Blade+1","Pummel","Metallicize","Seeing Red+1","Demon Form","CurseOfTheBell","Flex","Heavy Blade+1","Violence"],"relics":["Burning Blood","Golden Idol","StoneCalendar","Strawberry","Calling Bell","Nunchaku","Paper Frog","Peace Pipe"],"acts_visited":["Exordium","TheCity"],"potions_floor_usage":[],"damage_taken":[{"damage":5.0,"enemies":"Small Slimes","floor":1.0,"turns":3.0},{"damage":1.0,"enemies":"Jaw Worm","floor":2.0,"turns":6.0},{"damage":26.0,"enemies":"3 Sentries","floor":7.0,"turns":8.0},{"damage":1.0,"enemies":"2 Louse","floor":10.0,"turns":3.0},{"damage":7.0,"enemies":"Blue Slaver","floor":11.0,"turns":3.0},{"damage":2.0,"enemies":"2 Fungi Beasts","floor":13.0,"turns":3.0},{"damage":16.0,"enemies":"Large Slime","floor":14.0,"turns":7.0},{"damage":40.0,"enemies":"Slime Boss","floor":16.0,"turns":7.0},{"damage":44.0,"enemies":"3 Byrds","floor":18.0,"turns":6.0},{"damage":21.0,"enemies":"Shell Parasite","floor":19.0,"turns":4.0},{"damage":16.0,"enemies":"Snake Plant","floor":20.0,"turns":3.0},{"damage":24.0,"enemies":"Centurion and Healer","floor":22.0,"turns":4.0},{"damage":16,"enemies":"Shelled Parasite and Fungi","floor":24,"turns":2}],"seed_played":"-1578399552855631037","potions_obtained":[{"floor":2.0,"key":"AttackPotion"},{"floor":7.0,"key":"DuplicationPotion"},{"floor":10.0,"key":"BloodPotion"},{"floor":14.0,"key":"Regen Potion"},{"floor":19.0,"key":"Dexterity Potion"},{"floor":20.0,"key":"Fruit Juice"}],"is_trial":false,"path_per_floor":["M","M","?","?","?","R","E","R","T","M","M","?","M","M","R","B",null,"M","M","M","$","M","R","M"],"character_chosen":"IRONCLAD","items_purchased":["Violence"],"campfire_rested":0,"item_purchase_floors":[21],"current_hp_per_floor":[57,62,42,42,47,47,27,27,34,39,38,38,42,50,50,28,92,54,39,29,29,16,16,0,0],"gold":381,"neow_bonus":"REMOVE_TWO","is_daily":false,"chose_seed":false,"campfire_upgraded":3,"win_rate":0.0,"timestamp":1608891970,"path_taken":["M","M","?","?","?","R","E","R","T","?","M","?","M","M","R","BOSS","M","M","M","$","M","R","M"],"items_purchased_type":["Card"],"build_version":"2020-12-22","purchased_purges":1,"victory":false,"max_hp_per_floor":[80,80,80,80,85,85,85,85,92,92,92,92,92,92,92,92,92,92,92,92,92,97,97,97,97],"card_choices":[{"not_picked":["Shrug It Off","Twin Strike"],"picked":"Spot Weakness","floor":1.0},{"not_picked":["Twin Strike","Evolve","Anger"],"picked":"SKIP","floor":2.0},{"not_picked":["Warcry","Wild Strike"],"picked":"Heavy Blade","floor":7.0},{"not_picked":["Shrug It Off","Whirlwind"],"picked":"Pummel","floor":10.0},{"not_picked":["Dark Embrace","Disarm"],"picked":"Metallicize","floor":11.0},{"not_picked":["Clothesline","Anger","Wild Strike"],"picked":"SKIP","floor":13.0},{"not_picked":["Dual Wield","Anger"],"picked":"Seeing Red","floor":14.0},{"not_picked":["Impervious","Immolate"],"picked":"Demon Form","floor":16.0},{"not_picked":["Cleave","Iron Wave"],"picked":"Flex","floor":18.0},{"not_picked":["Shockwave","Thunderclap+1"],"picked":"Heavy Blade+1","floor":19.0},{"not_picked":["Power Through","Body Slam","Anger"],"picked":"SKIP","floor":20.0},{"not_picked":["Hemokinesis","Intimidate","Heavy Blade"],"picked":"SKIP","floor":22.0}],"player_experience":18384,"relics_obtained":[{"floor":7.0,"key":"StoneCalendar"},{"floor":9.0,"key":"Strawberry"},{"floor":17.0,"key":"Nunchaku"},{"floor":17.0,"key":"Paper Frog"},{"floor":17.0,"key":"Peace Pipe"}],"event_choices":[{"damage_healed":0.0,"max_hp_gain":0.0,"max_hp_loss":0.0,"gold_gain":0.0,"event_name":"Golden Idol","player_choice":"Take Damage","floor":3.0,"gold_loss":0.0,"damage_taken":20.0,"relics_obtained":["Golden Idol"]},{"damage_healed":0.0,"max_hp_gain":0.0,"max_hp_loss":0.0,"gold_gain":175.0,"event_name":"Liars Game","player_choice":"AGREE","floor":4.0,"gold_loss":0.0,"damage_taken":0.0,"cards_obtained":["Doubt"]},{"damage_healed":0.0,"max_hp_gain":5.0,"max_hp_loss":0.0,"gold_gain":0.0,"event_name":"Big Fish","player_choice":"Donut","floor":5.0,"gold_loss":0.0,"damage_taken":0.0},{"cards_removed":["Defend_R"],"damage_healed":0.0,"max_hp_gain":0.0,"max_hp_loss":0.0,"gold_gain":0.0,"event_name":"Living Wall","player_choice":"Forget","floor":12.0,"gold_loss":0.0,"damage_taken":0.0}],"is_beta":false,"boss_relics":[{"not_picked":["Runic Pyramid","Snecko Eye"],"picked":"Calling Bell"}],"items_purged_floors":[21],"is_endless":false,"potions_floor_spawned":[2,7,10,14,19,20],"killed_by":"Shelled Parasite and Fungi","ascension_level":0}}