{"host":"90jl2h70xtuoeg0i","time":1608877045,"event":{"mods":["AchievementEnabler","BaseMod","Colored Map","Colored Powertips","Highlight Path","Minty Spire (QoL Compilation)","Relic Stats","ojb\u0027s Info Mod"],"gold_per_floor":[116,41,54,54,0,0,16,16,16,31,60,90,90,90,90,90,90],"floor_reached":16,"playtime":692,"items_purged":[],"score":196,"play_id":"493d3529-c430-4085-a631-5684c100ac85","local_time":"20201225011725","is_ascension_mode":true,"campfire_choices":[{"data":"Dagger Spray","floor":6,"key":"SMITH"},{"floor":13,"key":"REST"},{"floor":15,"key":"REST"}],"circlet_count":0,"master_deck":["AscendersBane","Strike_G","Strike_G","Strike_G","Strike_G","Strike_G","Defend_G","Defend_G","Defend_G","Defend_G","Survivor","Neutralize","Dagger Spray+1","Footwork","Flying Knee","Bouncing Flask","Bane","Unload","Underhanded Strike"],"relics":["Runic Dome","WarpedTongs","Bag of Marbles","Odd Mushroom","Letter Opener"],"acts_visited":["Exordium"],"potions_floor_usage":[12,12],"damage_taken":[{"damage":7,"enemies":"Jaw Worm","floor":1,"turns":4},{"damage":0,"enemies":"2 Louse","floor":3,"turns":3},{"damage":3,"enemies":"Cultist","floor":7,"turns":3},{"damage":16,"enemies":"Exordium Thugs","floor":10,"turns":4},{"damage":25,"enemies":"The Mushroom Lair","floor":11,"turns":3},{"damage":6,"enemies":"Lagavulin","floor":12,"turns":3},{"damage":37,"enemies":"Slime Boss","floor":16,"turns":7}],"seed_played":"4111436849365958807","potions_obtained":[{"floor":1,"key":"SteroidPotion"},{"floor":7,"key":"FearPotion"},{"floor":12,"key":"Ancient Potion"}],"is_trial":false,"path_per_floor":["M","?","M","?","$","R","M","$","T","M","?","E","R","?","R","B"],"character_chosen":"THE_SILENT","items_purchased":["Flying Knee"],"campfire_rested":2,"item_purchase_floors":[5],"current_hp_per_floor":[52,52,52,52,52,52,49,49,49,33,8,2,21,14,33,0,0],"gold":90,"neow_bonus":"BOSS_RELIC","is_daily":false,"chose_seed":false,"campfire_upgraded":1,"win_rate":0.0,"timestamp":1608877045,"path_taken":["M","?","M","?","$","R","?","?","T","M","?","E","R","?","R","BOSS"],"items_purchased_type":["Card"],"build_version":"2020-12-22","purchased_purges":0,"victory":false,"max_hp_per_floor":[66,66,66,66,66,66,66,66,66,66,66,66,66,66,66,66,66],"relic_stats":{"counters":[7,27],"Letter Opener":[0],"obtain_stats":[{"Runic Dome":0,"Bag of Marbles":9,"Letter Opener":12,"Odd Mushroom":11,"Ring of the Snake":0,"WarpedTongs":4},{"Runic Dome":0,"Bag of Marbles":3,"Letter Opener":6,"Odd Mushroom":5,"Ring of the Snake":0,"WarpedTongs":2},{"Runic Dome":0,"Bag of Marbles":10,"Letter Opener":20,"Odd Mushroom":17,"Ring of the Snake":0,"WarpedTongs":7}],"WarpedTongs":[20]},"card_choices":[{"not_picked":["Dagger Throw","Distraction"],"picked":"Dagger Spray","floor":1},{"not_picked":["Bane","Cloak And Dagger"],"picked":"Footwork","floor":3},{"not_picked":["Underhanded Strike","Tactician"],"picked":"Bouncing Flask","floor":7},{"not_picked":["Dagger Spray","Outmaneuver"],"picked":"Bane","floor":10},{"not_picked":["Sucker Punch","Backflip"],"picked":"Unload","floor":11},{"not_picked":["Flying Knee","Backstab"],"picked":"Underhanded Strike","floor":12}],"player_experience":1409273,"relics_obtained":[{"floor":9,"key":"Bag of Marbles"},{"floor":11,"key":"Odd Mushroom"},{"floor":12,"key":"Letter Opener"}],"event_choices":[{"cards_removed":["Defend_G"],"damage_healed":0,"gold_gain":0,"player_choice":"Card Removal","damage_taken":0,"max_hp_gain":0,"max_hp_loss":0,"event_name":"The Cleric","floor":2,"gold_loss":75},{"damage_healed":0,"gold_gain":0,"player_choice":"Rummage","damage_taken":0,"relics_obtained":["WarpedTongs"],"max_hp_gain":0,"max_hp_loss":0,"event_name":"Accursed Blacksmith","floor":4,"gold_loss":0,"cards_obtained":["Pain"]},{"damage_healed":0,"gold_gain":0,"player_choice":"Fought Mushrooms","damage_taken":0,"max_hp_gain":0,"max_hp_loss":0,"event_name":"Mushrooms","floor":11,"gold_loss":0},{"cards_removed":["Pain"],"damage_healed":0,"gold_gain":0,"player_choice":"Card Removal","damage_taken":7,"max_hp_gain":0,"max_hp_loss":0,"event_name":"Golden Wing","floor":14,"gold_loss":0}],"is_beta":false,"boss_relics":[],"items_purged_floors":[],"is_endless":false,"potions_floor_spawned":[1,7,10,12],"killed_by":"Slime Boss","ascension_level":20}}