{"host":"6fbjdsiu9jij34p7","time":1608918326,"event":{"mods":["2.2 Compatiblity","AchievementEnabler","BaseMod","Colored Map","DeckTracker","Highlight Path","Keyboard Shortcuts","Minty Spire (QoL Compilation)","Permanent Neow","Quick Restart","StSLib","SuperFastMode"],"gold_per_floor":[361,43,79,5,61,61,87,87,111,145,165,185,242,257,257,381,381,397,152,182,201,241,241,257,257,302,315,315,315,141,173,173,276,276,311,311,321,321,321,321,321,321,344,382,432,18,52,52,52,52],"floor_reached":51,"playtime":1526,"items_purged":["Strike_R","Strike_R","Writhe"],"score":927,"play_id":"8cccdc0a-345c-4397-86e0-a86face51d5c","local_time":"20201226024526","is_ascension_mode":true,"campfire_choices":[{"floor":6.0,"key":"REST"},{"floor":8.0,"key":"REST"},{"data":"Inflame","floor":15.0,"key":"SMITH"},{"floor":23.0,"key":"REST"},{"floor":25.0,"key":"RECALL"},{"floor":32.0,"key":"REST"},{"floor":40,"key":"REST"},{"floor":42,"key":"REST"},{"floor":49,"key":"REST"}],"circlet_count":0,"master_deck":["Strike_R","Defend_R","Defend_R","Defend_R","Defend_R","Bash","Armaments","HandOfGreed","Flame Barrier","Flex","Sword Boomerang","Inflame+1","Offering","Shrug It Off","Reaper","Thunderclap","Flex","Cleave+1","Whirlwind","Body Slam","Reaper","Heavy Blade","Inflame","Limit Break","Limit Break"],"relics":["Burning Blood","Potion Belt","Oddly Smooth Stone","Fusion Hammer","Bottled Tornado","Pen Nib","Singing Bowl","Empty Cage","Art of War","Lizard Tail","Vajra","Happy Flower","InkBottle"],"acts_visited":["Exordium","TheCity","TheBeyond"],"potions_floor_usage":[50,50],"damage_taken":[{"damage":11.0,"enemies":"Cultist","floor":1.0,"turns":4.0},{"damage":11.0,"enemies":"Jaw Worm","floor":3.0,"turns":5.0},{"damage":2.0,"enemies":"2 Louse","floor":5.0,"turns":3.0},{"damage":26.0,"enemies":"Gremlin Nob","floor":7.0,"turns":4.0},{"damage":4.0,"enemies":"Exordium Wildlife","floor":10.0,"turns":3.0},{"damage":17.0,"enemies":"Looter","floor":11.0,"turns":3.0},{"damage":13.0,"enemies":"Blue Slaver","floor":12.0,"turns":4.0},{"damage":12.0,"enemies":"3 Louse","floor":13.0,"turns":4.0},{"damage":11.0,"enemies":"Large Slime","floor":14.0,"turns":7.0},{"damage":53.0,"enemies":"The Guardian","floor":16.0,"turns":12.0},{"damage":18.0,"enemies":"Shell Parasite","floor":18.0,"turns":4.0},{"damage":6.0,"enemies":"Chosen","floor":20.0,"turns":3.0},{"damage":17.0,"enemies":"Snake Plant","floor":21.0,"turns":3.0},{"damage":19.0,"enemies":"3 Cultists","floor":22.0,"turns":4.0},{"damage":28.0,"enemies":"Sentry and Sphere","floor":24.0,"turns":4.0},{"damage":36.0,"enemies":"Centurion and Healer","floor":27.0,"turns":5.0},{"damage":30.0,"enemies":"Cultist and Chosen","floor":31.0,"turns":5.0},{"damage":56.0,"enemies":"Collector","floor":33.0,"turns":6.0},{"damage":67,"enemies":"3 Shapes","floor":35,"turns":4},{"damage":54,"enemies":"3 Darklings","floor":37,"turns":5},{"damage":13,"enemies":"Sphere and 2 Shapes","floor":44,"turns":3},{"damage":38,"enemies":"Mind Bloom Boss Battle","floor":45,"turns":5},{"damage":60,"enemies":"Giant Head","floor":47,"turns":6},{"damage":30,"enemies":"Donu and Deca","floor":50,"turns":2}],"seed_played":"819187683081616538","potions_obtained":[{"floor":3.0,"key":"BloodPotion"},{"floor":7.0,"key":"Energy Potion"},{"floor":11.0,"key":"Strength Potion"},{"floor":16.0,"key":"Regen Potion"},{"floor":21.0,"key":"Swift Potion"},{"floor":24.0,"key":"Strength Potion"},{"floor":33.0,"key":"Explosive Potion"},{"floor":37,"key":"DuplicationPotion"},{"floor":44,"key":"ColorlessPotion"}],"is_trial":false,"path_per_floor":["M","$","M","$","M","R","E","R","T","M","M","M","M","M","R","B",null,"M","$","M","M","M","R","M","R","T","M","T","?","$","M","R","B",null,"M","?","M","?","?","R","?","R","T","M","?","$","E","T","R","B",null],"character_chosen":"IRONCLAD","items_purchased":["HandOfGreed","Flame Barrier","Flex","Sword Boomerang","Bottled Tornado","Inflame","Limit Break","Vajra"],"campfire_rested":7,"item_purchase_floors":[2,2,4,4,19,30,46,46],"current_hp_per_floor":[46,46,41,41,45,69,49,73,73,75,64,57,61,73,73,26,67,62,62,62,51,52,76,70,70,70,49,49,49,49,65,82,41,72,45,66,61,63,63,88,88,88,88,83,77,77,46,46,74,50],"gold":52,"neow_bonus":"TWO_FIFTY_GOLD","is_daily":false,"chose_seed":false,"campfire_upgraded":1,"win_rate":0.0,"timestamp":1608918326,"path_taken":["M","$","?","?","M","R","E","R","T","M","M","?","M","M","R","BOSS","M","?","M","M","M","R","M","R","T","M","?","?","$","M","R","BOSS","M","?","M","?","?","R","?","R","T","M","?","?","E","?","R","BOSS"],"items_purchased_type":["Card","Card","Card","Card","Relic","Card","Card","Relic"],"build_version":"2020-12-22","purchased_purges":3,"victory":true,"max_hp_per_floor":[80,80,80,80,80,80,80,80,80,80,80,80,80,80,80,80,80,80,80,80,80,80,80,80,80,80,80,80,80,80,82,82,82,82,84,84,86,88,88,88,88,88,88,90,92,92,94,94,94,94],"card_choices":[{"not_picked":["Wild Strike","Feel No Pain"],"picked":"Armaments","floor":1.0},{"not_picked":["Warcry","Searing Blow","Clash"],"picked":"SKIP","floor":3.0},{"not_picked":["Twin Strike","Havoc"],"picked":"Inflame","floor":5.0},{"not_picked":["Cleave","Power Through"],"picked":"Offering","floor":7.0},{"not_picked":["Sword Boomerang","Perfected Strike","Fire Breathing"],"picked":"SKIP","floor":10.0},{"not_picked":["Dark Embrace","Pummel"],"picked":"Shrug It Off","floor":11.0},{"not_picked":["Anger","Flex"],"picked":"Reaper","floor":12.0},{"not_picked":["Pummel","Reckless Charge"],"picked":"Thunderclap","floor":13.0},{"not_picked":["Havoc","Disarm"],"picked":"Flex","floor":14.0},{"not_picked":["Perfected Strike","True Grit+1","Rupture"],"picked":"SKIP","floor":18.0},{"not_picked":["Perfected Strike","Twin Strike"],"picked":"Cleave+1","floor":20.0},{"not_picked":["Pummel+1","Carnage"],"picked":"Whirlwind","floor":21.0},{"not_picked":["Rampage","Warcry","Headbutt"],"picked":"SKIP","floor":22.0},{"not_picked":["Ghostly Armor","Second Wind"],"picked":"Body Slam","floor":24.0},{"not_picked":["Cleave","Blood for Blood"],"picked":"Reaper","floor":27.0},{"not_picked":["Shrug It Off","Dual Wield","Clash"],"picked":"Singing Bowl","floor":31.0},{"not_picked":["Feed","Immolate"],"picked":"Limit Break","floor":33.0},{"not_picked":["Searing Blow+1","Pommel Strike","Whirlwind"],"picked":"Singing Bowl","floor":35},{"not_picked":["Whirlwind+1","Hemokinesis","Pommel Strike"],"picked":"Singing Bowl","floor":37},{"not_picked":["Transmutation","Apotheosis","Enlightenment"],"picked":"Singing Bowl","floor":38},{"not_picked":["Dual Wield+1","Thunderclap+1","Power Through+1"],"picked":"Singing Bowl","floor":44},{"not_picked":["Anger+1","Disarm","Pommel Strike+1"],"picked":"Singing Bowl","floor":45},{"not_picked":["Cleave","Headbutt+1","Double Tap"],"picked":"Singing Bowl","floor":47}],"player_experience":243983,"relics_obtained":[{"floor":7.0,"key":"Potion Belt"},{"floor":9.0,"key":"Oddly Smooth Stone"},{"floor":26.0,"key":"Pen Nib"},{"floor":28.0,"key":"Singing Bowl"},{"floor":43,"key":"Art of War"},{"floor":45,"key":"Lizard Tail"},{"floor":47,"key":"Happy Flower"},{"floor":48,"key":"InkBottle"}],"event_choices":[{"damage_healed":0.0,"max_hp_gain":0.0,"max_hp_loss":0.0,"gold_gain":0.0,"event_name":"The Library","player_choice":"Read","floor":29.0,"gold_loss":0.0,"damage_taken":0.0,"cards_obtained":["Heavy Blade"]},{"damage_healed":21,"gold_gain":0,"player_choice":"Writhe","damage_taken":0,"max_hp_gain":0,"max_hp_loss":0,"event_name":"Winding Halls","floor":36,"gold_loss":0,"cards_obtained":["Writhe"]},{"damage_healed":0,"gold_gain":0,"player_choice":"Memory 1","damage_taken":0,"max_hp_gain":0,"max_hp_loss":0,"event_name":"SensoryStone","floor":38,"gold_loss":0},{"damage_healed":0,"gold_gain":0,"player_choice":"Ignored","damage_taken":0,"max_hp_gain":0,"max_hp_loss":0,"event_name":"Tomb of Lord Red Mask","floor":39,"gold_loss":0},{"damage_healed":0,"gold_gain":0,"player_choice":"Ignored","damage_taken":0,"max_hp_gain":0,"max_hp_loss":0,"event_name":"Mysterious Sphere","floor":41,"gold_loss":0},{"damage_healed":0,"gold_gain":0,"player_choice":"Fight","damage_taken":0,"max_hp_gain":0,"max_hp_loss":0,"event_name":"MindBloom","floor":45,"gold_loss":0}],"is_beta":false,"boss_relics":[{"not_picked":["Cursed Key","Runic Cube"],"picked":"Fusion Hammer"},{"not_picked":["Mark of Pain","Tiny House"],"picked":"Empty Cage"}],"items_purged_floors":[2,30,46],"is_endless":false,"potions_floor_spawned":[3,7,11,16,21,22,24,31,33,37,44,47],"ascension_level":7}}