{"host":"kiah4uoohy01p0hv","time":1608903030,"event":{"mods":["AchievementEnabler","Aspiration","BaseMod","BetterRewards","CCEM","Colored Map","Colored Powertips","Conspire","Highlight Path","Hubris","Infinite Spire","Minty Spire (QoL Compilation)","Permanent Neow","Replay The Spire","Spicy Shops","Spikes Relics","StSLib"],"gold_per_floor":[118,136,136,151,165,165,195,206,255,273,273,301,314,314,314,409,409,428,173,185,185,185,38,38,38,58,58,128,128,138,138,165,195,195,291,291,306,316,316,316,333,333,362,362,362,393,413,423,3,21,21,21],"floor_reached":53,"playtime":7561,"items_purged":["hubris:Envy"],"score":1149,"play_id":"f4cc408b-035a-46be-bdc8-68d2b8e7a89c","local_time":"20201225233030","is_ascension_mode":false,"campfire_choices":[{"data":"The Bomb","floor":6.0,"key":"SMITH"},{"data":"Pot Of Greed","floor":11.0,"key":"SMITH"},{"floor":15.0,"key":"REST"},{"data":"ReplayTheSpireMod:Fabricate Wheel","floor":25.0,"key":"SMITH"},{"data":"PlatinumSkin","floor":27.0,"key":"SMITH"},{"data":"conspire:Rain","floor":31.0,"key":"SMITH"},{"floor":34.0,"key":"REST"},{"data":"ReplayTheSpireMod:Calculation Training","floor":42.0,"key":"SMITH"},{"floor":51,"key":"REST"}],"circlet_count":0,"master_deck":["Strike_B+1","Strike_B+1","Strike_B+1","Strike_B+1","Defend_B+1","Defend_B+1","Defend_B+1","Defend_B+1","Zap","Dualcast","The Bomb+1","Panacea","Coolheaded","Go for the Eyes","Gash","Conserve Battery","Storm","Pot Of Greed","Pot Of Greed+1","Crystallizer","hubris:PowerSurge","Hologram","Echo Form","ReplayTheSpireMod:Calculation Training","Blizzard","Static Discharge","Pot Of Greed","PlatinumSkin+1","FIFO Queue+1","Blizzard","Echo Form","Conserve Battery+1","conspire:Rain+1","ReplayTheSpireMod:Calculation Training+1","Creative AI","Darkness+1","FIFO Queue+1","Pot Of Greed","White Noise","Double Energy","Darkness+1","Chrysalis+1","Tempest","PlatinumSkin+1","Discovery+1"],"relics":["FrozenCore","aspiration:DSix","hubris:GrandSneckoEye","aspiration:Nostalgia","PureWater","hubris:Towel","ReplayTheSpireMod:TigerMarble","Grinning Jar","hubris:SlimyHat","CCEMRelics:ShortCircuitBoard","ReplayTheSpireMod:CursedCoin","aspiration:RitualStick","Prayer Wheel","ShockBauble","Red Mask","Replay:Wax Seal","CCEMRelics:TransientCore","Black Star","SpikesRelics:DaevaFist","MealTicket","hubris:Icosahedron","Boot","Mummified Hand","CCEMRelics:FestiveHat","Pondfish Scales","ReplayTheSpireMod:ShopPack","Prayer Wheel"],"acts_visited":["Exordium","TheCity","TheBeyond"],"potions_floor_usage":[52,52,52],"damage_taken":[{"damage":0.0,"enemies":"Small Slimes","floor":1.0,"turns":2.0},{"damage":6.0,"enemies":"Jaw Worm","floor":2.0,"turns":3.0},{"damage":4.0,"enemies":"conspire:RoseBush","floor":4.0,"turns":4.0},{"damage":7.0,"enemies":"Looter","floor":5.0,"turns":3.0},{"damage":8.0,"enemies":"3 Sentries","floor":7.0,"turns":3.0},{"damage":0.0,"enemies":"Blue Slaver","floor":8.0,"turns":3.0},{"damage":4.0,"enemies":"Gremlin Gang","floor":10.0,"turns":4.0},{"damage":0.0,"enemies":"Lagavulin","floor":12.0,"turns":4.0},{"damage":1.0,"enemies":"conspire:2 RoseBushes","floor":13.0,"turns":3.0},{"damage":12.0,"enemies":"Hexaghost","floor":16.0,"turns":6.0},{"damage":3.0,"enemies":"Chosen","floor":18.0,"turns":6.0},{"damage":7.0,"enemies":"Shell Parasite","floor":20.0,"turns":4.0},{"damage":3.0,"enemies":"Snake Plant","floor":26.0,"turns":4.0},{"damage":0.0,"enemies":"Centurion and Healer","floor":30.0,"turns":4.0},{"damage":30.0,"enemies":"Masked Bandits","floor":32.0,"turns":4.0},{"damage":1.0,"enemies":"conspire:Head Lice","floor":33.0,"turns":5.0},{"damage":24.0,"enemies":"hubris:MusketHawk","floor":35.0,"turns":7.0},{"damage":8.0,"enemies":"Orb Walker","floor":37.0,"turns":4.0},{"damage":0.0,"enemies":"3 Shapes","floor":38.0,"turns":3.0},{"damage":13.0,"enemies":"Sphere and 2 Shapes","floor":41.0,"turns":4.0},{"damage":0.0,"enemies":"Giant Head","floor":43.0,"turns":8.0},{"damage":0.0,"enemies":"R_Hoarder","floor":46.0,"turns":7.0},{"damage":45.0,"enemies":"4 Shapes","floor":47.0,"turns":4.0},{"damage":0.0,"enemies":"Maw","floor":48.0,"turns":4.0},{"damage":3,"enemies":"Writhing Mass","floor":50,"turns":4},{"damage":6,"enemies":"infinitespire:MassOfShapes","floor":52,"turns":6}],"seed_played":"-1302046517812007172","potions_obtained":[{"floor":1.0,"key":"LifebloodPotion"},{"floor":7.0,"key":"Weak Potion"},{"floor":10.0,"key":"conspire:TimeTravelPotion"},{"floor":13.0,"key":"FocusPotion"},{"floor":18.0,"key":"EssenceOfSteel"},{"floor":33.0,"key":"SkillPotion"},{"floor":47.0,"key":"Fire Potion"},{"floor":48.0,"key":"Strength Potion"},{"floor":50,"key":"Explosive Potion"}],"is_trial":false,"path_per_floor":["M","M","?","M","M","R","E","M","T","M","R","E","M","?","R","B",null,"M","$","M","PTL","PTL","$","?","R","M","R","T","?","M","R","?","E","R","B",null,"M","M","AVR","?","M","R","E","?","T","E","M","M","$","M","R","B",null],"character_chosen":"DEFECT","items_purchased":["aspiration:Nostalgia","Coolheaded","Blizzard","Static Discharge","CCEMRelics:ShortCircuitBoard","ReplayTheSpireMod:CursedCoin","PlatinumSkin","FIFO Queue+1","Blizzard","Pondfish Scales","ReplayTheSpireMod:ShopPack"],"campfire_rested":3,"item_purchase_floors":[0,0,19,19,19,23,23,23,23,49,49],"current_hp_per_floor":[75,69,69,65,58,58,50,50,50,46,46,46,45,45,67,55,75,72,72,65,65,65,65,50,50,47,47,47,47,47,47,17,17,39,23,76,72,78,78,78,71,71,77,77,77,85,43,49,64,67,94,93],"gold":21,"neow_bonus":"","is_daily":false,"chose_seed":false,"campfire_upgraded":6,"win_rate":0.0,"timestamp":1608903030,"path_taken":["M","M","?","M","M","R","E","M","T","M","R","E","M","?","R","BOSS","M","$","M","PTL","PTL","$","?","R","M","R","T","?","M","R","?","E","R","BOSS","M","M","AVR","?","?","R","E","?","T","E","M","M","$","M","R","BOSS"],"items_purchased_type":["Relic","Card","Card","Card","Relic","Relic","Card","Card","Card","Relic","Relic"],"build_version":"2020-12-22","purchased_purges":1,"victory":true,"max_hp_per_floor":[75,75,75,75,75,75,75,75,75,75,75,75,75,75,75,75,75,75,75,75,75,75,75,75,75,75,75,75,75,75,75,75,76,76,76,76,79,83,83,83,86,86,85,85,85,85,88,91,91,94,94,95],"card_choices":[{"not_picked":["Beam Cell","BasicCrystalCard"],"picked":"Go for the Eyes","floor":1.0},{"not_picked":["Hologram","Coolheaded"],"picked":"Gash","floor":2.0},{"not_picked":["Conserve Battery","Beam Cell","Go for the Eyes"],"picked":"SKIP","floor":4.0},{"not_picked":["Stack","Loop"],"picked":"Conserve Battery","floor":5.0},{"not_picked":["Leap","Hello World"],"picked":"Storm","floor":7.0},{"not_picked":["Genetic Algorithm","ReplayTheSpireMod:Dual Polarity","Steam"],"picked":"SKIP","floor":8.0},{"not_picked":["Genetic Algorithm","ReplayTheSpireMod:Dual Polarity","Steam"],"picked":"SKIP","floor":8.0},{"not_picked":["Steam","Heatsinks"],"picked":"Crystallizer","floor":10.0},{"not_picked":["Cold Snap","Biased Cognition"],"picked":"hubris:PowerSurge","floor":12.0},{"not_picked":["Go for the Eyes","Compile Driver","Turbo"],"picked":"SKIP","floor":13.0},{"not_picked":["hubris:SpecializedCircuitry","ReplayRNGCard"],"picked":"Echo Form","floor":16.0},{"not_picked":["Leap+1","Beam Cell+1"],"picked":"ReplayTheSpireMod:Calculation Training","floor":18.0},{"not_picked":["ReplaySolidLightProjector","Turbo"],"picked":"ReplayTheSpireMod:Fabricate Wheel","floor":20.0},{"not_picked":["Glacier","Rip and Tear+1"],"picked":"Conserve Battery+1","floor":26.0},{"not_picked":["Compile Driver+1","Streamline+1","ReplayTheSpireMod:GoodbyeWorld"],"picked":"SKIP","floor":26.0},{"not_picked":["Steam Power","Undo+1"],"picked":"conspire:Rain","floor":30.0},{"not_picked":["Go for the Eyes","Melter","Redo"],"picked":"SKIP","floor":30.0},{"not_picked":["Leap","Coolheaded+1"],"picked":"ReplayTheSpireMod:Calculation Training","floor":32.0},{"not_picked":["conspire:Rain","Compile Driver+1","Reprogram"],"picked":"SKIP","floor":33.0},{"not_picked":["Mirror Shield","Seek"],"picked":"Creative AI","floor":35.0},{"not_picked":["Redo","Coolheaded","Leap+1"],"picked":"SKIP","floor":37.0},{"not_picked":["ReplayGash","Reinforced Body","conspire:SharedLibrary"],"picked":"SKIP","floor":37.0},{"not_picked":["Skim","Gash+1"],"picked":"Darkness+1","floor":38.0},{"not_picked":["Turbo+1","conspire:Rain+1"],"picked":"FIFO Queue+1","floor":38.0},{"not_picked":["Beam Cell","Panic Button"],"picked":"White Noise","floor":41.0},{"not_picked":["Beam Cell","Redo","Panic Button"],"picked":"SKIP","floor":41.0},{"not_picked":["Biased Cognition","Conserve Battery"],"picked":"Double Energy","floor":43.0},{"not_picked":["Consume","Steam"],"picked":"Darkness+1","floor":46.0},{"not_picked":["HandOfGreed+1","Purity+1"],"picked":"Chrysalis+1","floor":47.0},{"not_picked":["Panic Button","Gash+1"],"picked":"Tempest","floor":47.0},{"not_picked":["conspire:SharedLibrary","White Noise","Melter+1"],"picked":"SKIP","floor":47.0},{"not_picked":["hubris:Ssssneak+1","Replay:Parry+1"],"picked":"PlatinumSkin+1","floor":48.0},{"not_picked":["Streamline","Coolheaded","Stack"],"picked":"SKIP","floor":48.0},{"not_picked":["Compile Driver+1","Stack","Sweeping Beam+1"],"picked":"SKIP","floor":48.0},{"not_picked":["Secret Weapon+1","Jack Of All Trades+1"],"picked":"Discovery+1","floor":50},{"not_picked":["ReplayTheSpireMod:Reroute Power+1","Coolheaded+1","Beam Cell+1"],"picked":"SKIP","floor":50},{"not_picked":["Turbo","Gash","Doom and Gloom+1"],"picked":"SKIP","floor":50}],"player_experience":215585,"relics_obtained":[{"floor":7.0,"key":"ReplayTheSpireMod:TigerMarble"},{"floor":9.0,"key":"Grinning Jar"},{"floor":12.0,"key":"hubris:SlimyHat"},{"floor":28.0,"key":"ShockBauble"},{"floor":32.0,"key":"Red Mask"},{"floor":33.0,"key":"Replay:Wax Seal"},{"floor":43.0,"key":"SpikesRelics:DaevaFist"},{"floor":43.0,"key":"MealTicket"},{"floor":45.0,"key":"Boot"},{"floor":46.0,"key":"Mummified Hand"},{"floor":46.0,"key":"CCEMRelics:FestiveHat"}],"event_choices":[{"damage_healed":0.0,"max_hp_gain":0.0,"max_hp_loss":0.0,"gold_gain":0.0,"event_name":"Back to Basics","player_choice":"Simplicity","floor":29.0,"gold_loss":0.0,"damage_taken":0.0,"cards_upgraded":["Strike_B","Strike_B","Strike_B","Strike_B","Defend_B","Defend_B","Defend_B","Defend_B"]},{"damage_healed":0.0,"max_hp_gain":0.0,"max_hp_loss":0.0,"gold_gain":0.0,"event_name":"Masked Bandits","player_choice":"Fought Bandits","floor":32.0,"gold_loss":0.0,"damage_taken":0.0},{"damage_healed":0.0,"max_hp_gain":0.0,"max_hp_loss":0.0,"gold_gain":0.0,"event_name":"SecretPortal","player_choice":"Ignored","floor":40.0,"gold_loss":0.0,"damage_taken":0.0}],"is_beta":false,"boss_relics":[{"not_picked":["Sandwich","Runic Pyramid"],"picked":"FrozenCore"},{"not_picked":["Replay:Drink Me","SacredBark"],"picked":"CCEMRelics:TransientCore"}],"items_purged_floors":[23],"is_endless":false,"potions_floor_spawned":[1,7,8,10,13,18,32,33,47,48,50],"ascension_level":0}}