{"host":"cjhtzh7tp54jdfyv","time":1608913043,"event":{"mods":["AchievementEnabler","BaseMod","Colored Map","Colored Powertips","Curses Come First","DeckTracker","Filter the Spire","Minty Spire (QoL Compilation)","RNG Fix","Relic Sorter","Relic Stats","StSLib","The Cursed","The Marked","Waifu the Spire","ojb\u0027s Better Paths Mod","ojb\u0027s Info Mod"],"gold_per_floor":[109,120,195,213,223,176,191,206,206,219,219,239,239,273,273,350,350,368,8,25,36,48,78,78,406,406,432,432,432,446,94,94,94,94],"floor_reached":33,"playtime":4125,"items_purged":["TheCursedMod:Strike_TheCursed"],"score":676,"play_id":"b59cf88b-2006-4c38-92ff-75d0b1375265","local_time":"20201225111723","is_ascension_mode":true,"campfire_choices":[{"floor":11,"key":"REST"},{"data":"TheCursedMod:CursedStaff","floor":13,"key":"SMITH"},{"data":"TheCursedMod:CleanUpWorkshop","floor":15,"key":"SMITH"},{"data":"1","floor":24,"key":"LIFT"},{"floor":29,"key":"REST"},{"data":"2","floor":32,"key":"LIFT"}],"circlet_count":0,"master_deck":["AscendersBane","TheCursedMod:Strike_TheCursed","TheCursedMod:Strike_TheCursed","TheCursedMod:Defend_TheCursed","TheCursedMod:Defend_TheCursed","TheCursedMod:Defend_TheCursed","TheCursedMod:Defend_TheCursed","TheCursedMod:CursedWand","TheCursedMod:CleanUpWorkshop+1","TheCursedMod:Dregs","TheCursedMod:SmokeScreen","TheCursedMod:Wield","TheCursedMod:CircleOfBlood","TheCursedMod:CursedStaff+1","TheCursedMod:Evocation","TheCursedMod:CircleOfBlood","TheCursedMod:ForbiddenAlchemy","TheCursedMod:RapidMovement","TheCursedMod:FuryStrike","TheCursedMod:AntiAging","TheCursedMod:StunningStrike","TheCursedMod:CursedArmor","TheCursedMod:RapidMovement","TheCursedMod:LuckyCharm","TheCursedMod:CircleOfWindfury","TheCursedMod:CircleOfFlame+1","TheCursedMod:EmpowerCircles","TheCursedMod:HellfireBreathing","TheCursedMod:AntiAging+1","TheCursedMod:AbyssShockwave+1","Master of Strategy+1"],"relics":["Snecko Eye","Mummified Hand","WingedGreaves","TheCursedMod:OminousMark","Sling","Girya","Old Coin","Toxic Egg 2","Oddly Smooth Stone","Frozen Eye"],"acts_visited":["Exordium","TheCity"],"potions_floor_usage":[6,12,12,12,14,16,16,16,20,22,22,23,23,23,23,23,23,25,30,30,30,33,33,33,33],"damage_taken":[{"damage":9,"enemies":"2 Louse","floor":1,"turns":6},{"damage":0,"enemies":"Small Slimes","floor":2,"turns":3},{"damage":0,"enemies":"Cultist","floor":4,"turns":3},{"damage":19,"enemies":"Exordium Wildlife","floor":5,"turns":5},{"damage":20,"enemies":"Exordium Thugs","floor":6,"turns":5},{"damage":1,"enemies":"Lots of Slimes","floor":7,"turns":5},{"damage":6,"enemies":"Blue Slaver","floor":8,"turns":3},{"damage":9,"enemies":"2 Fungi Beasts","floor":10,"turns":6},{"damage":0,"enemies":"Exordium Thugs","floor":12,"turns":4},{"damage":33,"enemies":"3 Sentries","floor":14,"turns":10},{"damage":20,"enemies":"Hexaghost","floor":16,"turns":11},{"damage":0,"enemies":"2 Thieves","floor":18,"turns":4},{"damage":1,"enemies":"Shell Parasite","floor":20,"turns":8},{"damage":12,"enemies":"Shelled Parasite and Fungi","floor":21,"turns":10},{"damage":0,"enemies":"Centurion and Healer","floor":22,"turns":5},{"damage":53,"enemies":"Gremlin Leader","floor":23,"turns":13},{"damage":4,"enemies":"Book of Stabbing","floor":25,"turns":5},{"damage":38,"enemies":"Gremlin Leader","floor":27,"turns":7},{"damage":17,"enemies":"Snake Plant","floor":30,"turns":5},{"damage":39,"enemies":"Collector","floor":33,"turns":9}],"seed_played":"4066905175445656133","potions_obtained":[{"floor":2,"key":"Explosive Potion"},{"floor":8,"key":"BlessingOfTheForge"},{"floor":12,"key":"LiquidBronze"},{"floor":14,"key":"SpeedPotion"},{"floor":18,"key":"EssenceOfSteel"},{"floor":23,"key":"Swift Potion"},{"floor":27,"key":"Strength Potion"}],"is_trial":false,"path_per_floor":["M","M","?","M","M","M","M","M","T","M","R","M","R","E","R","B",null,"M","$","M","M","M","E","R","E","T","E","?","R","M","$","R","B"],"character_chosen":"THE_CURSED","items_purchased":["TheCursedMod:RapidMovement","TheCursedMod:LuckyCharm","Sling","Frozen Eye","Master of Strategy+1"],"campfire_rested":2,"item_purchase_floors":[19,19,19,31,31],"current_hp_per_floor":[55,55,44,44,29,9,12,16,16,11,32,44,44,17,17,7,57,71,71,77,69,81,33,33,37,37,5,5,29,21,21,21,0,0],"gold":94,"neow_bonus":"BOSS_RELIC","is_daily":false,"chose_seed":false,"campfire_upgraded":2,"win_rate":0.0,"timestamp":1608913043,"path_taken":["M","M","?","M","M","M","M","?","T","M","R","M","R","E","R","BOSS","M","$","M","M","M","E","R","E","T","E","?","R","?","$","R","BOSS"],"items_purchased_type":["Card","Card","Relic","Relic","Card"],"build_version":"2020-12-22","purchased_purges":1,"victory":false,"max_hp_per_floor":[71,71,71,71,71,71,71,71,71,71,71,71,71,71,71,73,73,75,75,77,79,81,81,81,81,81,81,81,81,86,86,86,86,86],"relic_stats":{"counters":[20,127],"Mummified Hand":[26],"Snecko Eye":[114,85,91,96],"obtain_stats":[{"TheCursedMod:BlackMagic101":0,"Girya":23,"Frozen Eye":31,"TheCursedMod:OminousMark":17,"Mummified Hand":9,"Snecko Eye":0,"Oddly Smooth Stone":27,"WingedGreaves":14,"Toxic Egg 2":26,"Sling":19,"Old Coin":25},{"TheCursedMod:BlackMagic101":0,"Girya":16,"Frozen Eye":19,"TheCursedMod:OminousMark":11,"Mummified Hand":7,"Snecko Eye":0,"Oddly Smooth Stone":18,"WingedGreaves":10,"Toxic Egg 2":17,"Sling":12,"Old Coin":17},{"TheCursedMod:BlackMagic101":0,"Girya":101,"Frozen Eye":118,"TheCursedMod:OminousMark":61,"Mummified Hand":30,"Snecko Eye":0,"Oddly Smooth Stone":113,"WingedGreaves":50,"Toxic Egg 2":106,"Sling":65,"Old Coin":106}]},"card_choices":[{"not_picked":["TheCursedMod:SmokeScreen","TheCursedMod:CursedAmulet","TheCursedMod:Stretching"],"picked":"SKIP","floor":1},{"not_picked":["TheCursedMod:CursedAmulet","TheCursedMod:Stretching"],"picked":"TheCursedMod:SmokeScreen","floor":1},{"not_picked":["TheCursedMod:ReleasedKnowledge","TheCursedMod:HellfireBreathing"],"picked":"TheCursedMod:Wield","floor":2},{"not_picked":["TheCursedMod:RavingStaff","TheCursedMod:CursedSpellbook"],"picked":"TheCursedMod:CircleOfBlood","floor":4},{"not_picked":["TheCursedMod:RavingStaff","TheCursedMod:CircleOfFlame"],"picked":"TheCursedMod:CursedStaff","floor":5},{"not_picked":["TheCursedMod:VitalStrike","TheCursedMod:FleshFromBone"],"picked":"TheCursedMod:Evocation","floor":6},{"not_picked":["TheCursedMod:CursedArmor","TheCursedMod:VitalStrike"],"picked":"TheCursedMod:CircleOfBlood","floor":7},{"not_picked":["TheCursedMod:CircleOfCorruption","TheCursedMod:Grudge"],"picked":"TheCursedMod:ForbiddenAlchemy","floor":8},{"not_picked":["TheCursedMod:FleshFromBone","TheCursedMod:CursedMace"],"picked":"TheCursedMod:RapidMovement","floor":10},{"not_picked":["TheCursedMod:Wield","TheCursedMod:TacticalStrike"],"picked":"TheCursedMod:FuryStrike","floor":12},{"not_picked":["TheCursedMod:CircleOfBlood","TheCursedMod:Grudge"],"picked":"TheCursedMod:AntiAging","floor":14},{"not_picked":["TheCursedMod:CollectTribute","TheCursedMod:AntiAging"],"picked":"TheCursedMod:StunningStrike","floor":16},{"not_picked":["TheCursedMod:TroublousMinions+1","TheCursedMod:Wield"],"picked":"TheCursedMod:CursedArmor","floor":18},{"not_picked":["TheCursedMod:Stretching","TheCursedMod:CursedBlade","TheCursedMod:VitalStrike"],"picked":"SKIP","floor":20},{"not_picked":["TheCursedMod:CursedAmulet","TheCursedMod:CircleOfFlame"],"picked":"TheCursedMod:CircleOfWindfury","floor":21},{"not_picked":["TheCursedMod:SmokeScreen","TheCursedMod:FleshFromBone+1"],"picked":"TheCursedMod:CircleOfFlame+1","floor":22},{"not_picked":["TheCursedMod:CircleOfFlame","TheCursedMod:VitalStrike"],"picked":"TheCursedMod:EmpowerCircles","floor":23},{"not_picked":["TheCursedMod:RapidMovement","TheCursedMod:CircleOfCorruption"],"picked":"TheCursedMod:HellfireBreathing","floor":25},{"not_picked":["TheCursedMod:CursedBlade","TheCursedMod:CursedShiv+1"],"picked":"TheCursedMod:AntiAging+1","floor":27},{"not_picked":["TheCursedMod:Hemoplague","TheCursedMod:CursedShiv"],"picked":"TheCursedMod:AbyssShockwave+1","floor":30}],"player_experience":4404125,"relics_obtained":[{"floor":9,"key":"Mummified Hand"},{"floor":14,"key":"WingedGreaves"},{"floor":23,"key":"Girya"},{"floor":25,"key":"Old Coin"},{"floor":26,"key":"Toxic Egg 2"},{"floor":27,"key":"Oddly Smooth Stone"}],"event_choices":[{"damage_healed":0,"gold_gain":75,"player_choice":"Gather Gold","damage_taken":11,"max_hp_gain":0,"max_hp_loss":0,"event_name":"World of Goop","floor":3,"gold_loss":0},{"cards_removed":["TheCursedMod:Strike_TheCursed"],"damage_healed":0,"gold_gain":0,"player_choice":"Purged","damage_taken":0,"max_hp_gain":0,"max_hp_loss":0,"event_name":"Purifier","floor":28,"gold_loss":0}],"is_beta":false,"boss_relics":[{"not_picked":["Empty Cage","Runic Pyramid"],"picked":"TheCursedMod:OminousMark"}],"items_purged_floors":[19],"is_endless":false,"potions_floor_spawned":[2,8,12,14,18,20,23,27],"killed_by":"Collector","ascension_level":20}}