{"host":"5fasz840ryq7obdf","time":1608856386,"event":{"mods":["AchievementEnabler","BaseMod","Bestiary","Better Altar","Better Skull","Better Third Choice","BetterRewards","Block Reminder","Colored Powertips","Curses Come First","Minty Spire (QoL Compilation)","Quick Restart","Relic Stats","Shop Mod","Spicy Shops","StSLib"],"gold_per_floor":[140,155,195,253,291,291,341,383,407,448,495,532,607,639,639,740,740,779,140,183,227,28,28,87,87,87,140,59,109,177,14,14,110,110,148,198,198,234,38,96,96,111,111,143,179,195,19,19,19,19,19,19,19,19,77,77],"floor_reached":57,"playtime":5613,"items_purged":["Injury"],"score":3923,"play_id":"48361848-4284-4aa9-a557-0a0acf474ca0","local_time":"20201225003306","is_ascension_mode":true,"campfire_choices":[{"data":"Eruption","floor":6.0,"key":"SMITH"},{"data":"HandOfGreed","floor":15.0,"key":"SMITH"},{"data":"Adaptation","floor":23.0,"key":"SMITH"},{"data":"Devotion","floor":25,"key":"SMITH"},{"floor":32,"key":"DIG"},{"floor":49,"key":"RECALL"},{"floor":53,"key":"DIG"}],"circlet_count":0,"master_deck":["AscendersBane","Strike_P","Strike_P+1","Defend_P","Defend_P+1","Eruption+1","Vigilance+1","Adaptation+1","HandOfGreed+1","FlurryOfBlows","Prostrate+1","TalkToTheHand","ThirdEye+1","Apotheosis+1","Prostrate+1","Dual Wield+1","True Grit+1","Prostrate+1","LikeWater","FlurryOfBlows","Undo+1","Madness+1","Reprogram+1","Headbutt","Whirlwind","Intimidate+1","Alpha+1","ThirdEye+1","Crescendo+1","JustLucky+1","Backflip+1","FlurryOfBlows","Devotion+1","CutThroughFate","Hologram+1","Evaluate+1","ThirdEye+1","Ragnarok+1","Vault+1","Devotion+1","DeceiveReality+1","Crescendo+1","Outmaneuver+1","LessonLearned","Sanctity+1","Trip+1","Prostrate+1","FlurryOfBlows","Indignation+1","Metallicize+1","Devotion+1","Pommel Strike+1"],"relics":["PureWater","Anchor","GoldenEye","Blue Candle","Strange Spoon","ClockworkSouvenir","Pen Nib","Vajra","Gambling Chip","Sling","Meat on the Bone","PrismaticShard","Toxic Egg 2","HandDrill","Bag of Marbles","Happy Flower","Orrery","TeardropLocket","War Paint","Potion Belt","Shovel","Blood Vial","Coffee Dripper","Kunai","Akabeko","TheAbacus","Centennial Puzzle","HornCleat","Mercury Hourglass","Bronze Scales","Frozen Egg 2","Lee\u0027s Waffle","Nunchaku","Astrolabe","Incense Burner","Bottled Lightning","InkBottle","Bottled Flame","TungstenRod"],"acts_visited":["Exordium","TheCity","TheBeyond","TheEnding"],"potions_floor_usage":[36,42,50,56,56],"damage_taken":[{"damage":0.0,"enemies":"Cultist","floor":1.0,"turns":3.0},{"damage":4.0,"enemies":"2 Louse","floor":2.0,"turns":2.0},{"damage":0.0,"enemies":"Jaw Worm","floor":3.0,"turns":1.0},{"damage":2.0,"enemies":"Exordium Wildlife","floor":4.0,"turns":6.0},{"damage":0.0,"enemies":"3 Louse","floor":5.0,"turns":3.0},{"damage":2.0,"enemies":"Lagavulin","floor":7.0,"turns":5.0},{"damage":1.0,"enemies":"Exordium Thugs","floor":8.0,"turns":4.0},{"damage":0.0,"enemies":"Exordium Wildlife","floor":10.0,"turns":3.0},{"damage":0.0,"enemies":"Gremlin Nob","floor":11.0,"turns":1.0},{"damage":3.0,"enemies":"3 Louse","floor":12.0,"turns":3.0},{"damage":0.0,"enemies":"3 Sentries","floor":13.0,"turns":4.0},{"damage":0.0,"enemies":"Gremlin Gang","floor":14.0,"turns":1.0},{"damage":7.0,"enemies":"Hexaghost","floor":16.0,"turns":4.0},{"damage":26.0,"enemies":"Spheric Guardian","floor":18.0,"turns":6.0},{"damage":2.0,"enemies":"Shell Parasite","floor":20.0,"turns":5.0},{"damage":9.0,"enemies":"Snecko","floor":21.0,"turns":5.0},{"damage":8,"enemies":"Gremlin Leader","floor":24,"turns":4},{"damage":0,"enemies":"Book of Stabbing","floor":27,"turns":3},{"damage":13,"enemies":"Automaton","floor":33,"turns":4},{"damage":3,"enemies":"3 Shapes","floor":35,"turns":4},{"damage":20,"enemies":"Mind Bloom Boss Battle","floor":36,"turns":7},{"damage":0,"enemies":"Orb Walker","floor":38,"turns":4},{"damage":1,"enemies":"Giant Head","floor":40,"turns":3},{"damage":47,"enemies":"Transient","floor":42,"turns":6},{"damage":1,"enemies":"Reptomancer","floor":44,"turns":4},{"damage":0,"enemies":"Jaw Worm Horde","floor":45,"turns":5},{"damage":1,"enemies":"Maw","floor":46,"turns":4},{"damage":1,"enemies":"Awakened One","floor":50,"turns":4},{"damage":0,"enemies":"Donu and Deca","floor":51,"turns":4},{"damage":2,"enemies":"Shield and Spear","floor":55,"turns":3},{"damage":54,"enemies":"The Heart","floor":56,"turns":6}],"seed_played":"-3528650475648185682","potions_obtained":[{"floor":3.0,"key":"Swift Potion"},{"floor":4.0,"key":"Swift Potion"},{"floor":7.0,"key":"DistilledChaos"},{"floor":11.0,"key":"DuplicationPotion"},{"floor":12.0,"key":"DuplicationPotion"},{"floor":14.0,"key":"FearPotion"},{"floor":24,"key":"ColorlessPotion"},{"floor":27,"key":"Strength Potion"},{"floor":33,"key":"LiquidMemories"},{"floor":38,"key":"Regen Potion"},{"floor":45,"key":"Explosive Potion"},{"floor":55,"key":"Swift Potion"}],"is_trial":false,"path_per_floor":["M","M","M","M","M","R","E","M","T","M","E","M","E","M","R","B",null,"M","$","M","M","$","R","E","R","T","E","$","?","T","$","R","B",null,"M","?","?","M","$","E","$","M","T","E","M","M","$","?","R","B","B",null,"R","$","E","B",null],"character_chosen":"WATCHER","items_purchased":["Anchor","GoldenEye","Adaptation","Blue Candle","Strange Spoon","ClockworkSouvenir","HandOfGreed","Pen Nib","Vajra","Gambling Chip","Sling","Meat on the Bone","PrismaticShard","FlurryOfBlows","Toxic Egg 2","HandDrill","Bag of Marbles","Prostrate+1","TalkToTheHand","Happy Flower","Orrery","Prostrate+1","LikeWater","FlurryOfBlows","TeardropLocket","Kunai","Akabeko","Crescendo+1","TheAbacus","JustLucky","Devotion","CutThroughFate","Bronze Scales","Evaluate+1","ThirdEye+1","Lee\u0027s Waffle","Sanctity+1","Trip+1","Devotion+1"],"campfire_rested":0,"item_purchase_floors":[0,0,0,0,0,0,0,0,0,0,0,0,0,0,0,0,0,0,0,0,0,0,0,0,0,19,19,19,19,19,22,22,28,31,31,31,39,39,47],"current_hp_per_floor":[31,39,39,37,37,37,35,46,46,46,46,43,43,45,45,40,61,37,37,37,42,42,42,36,36,36,38,38,38,38,75,75,62,72,71,53,53,55,55,56,56,38,38,39,41,42,42,42,42,43,45,68,68,68,68,28],"gold":77,"neow_bonus":"","is_daily":false,"chose_seed":false,"campfire_upgraded":4,"win_rate":0.0,"timestamp":1608856386,"path_taken":["M","M","M","M","M","R","E","M","T","M","E","M","E","M","R","BOSS","M","?","M","?","$","R","E","R","T","E","?","?","?","$","R","BOSS","M","?","?","M","$","E","$","?","T","E","M","M","$","?","R","BOSS","BOSS","R","$","E","BOSS"],"items_purchased_type":["Relic","Relic","Card","Relic","Relic","Relic","Card","Relic","Relic","Relic","Relic","Relic","Relic","Card","Relic","Relic","Relic","Card","Card","Relic","Relic","Card","Card","Card","Relic","Relic","Relic","Card","Relic","Card","Card","Card","Relic","Card","Card","Relic","Card","Card","Card"],"build_version":"2020-12-22","purchased_purges":1,"victory":true,"max_hp_per_floor":[68,68,68,68,68,68,68,68,68,68,68,68,68,68,68,68,68,68,68,68,68,68,68,68,68,68,68,68,68,68,75,75,75,75,75,75,75,75,75,75,75,75,75,75,75,75,75,75,75,75,75,75,75,75,75,75],"relic_stats":{"Lee\u0027s Waffle":37,"Happy Flower":[88],"counters":[167,523],"Blue Candle":[9],"Astrolabe":["Vault","Devotion","DeceiveReality"],"Pen Nib":[24],"War Paint":["Defend_P","Vigilance"],"GoldenEye":[182],"Mercury Hourglass":[225],"Blood Vial":38,"Strange Spoon":[57],"Centennial Puzzle":[30],"Nunchaku":[64],"Shovel":2,"TheAbacus":[30],"Gambling Chip":[69],"Bronze Scales":[334],"HandDrill":[30],"Kunai":[71],"obtain_stats":[{"Ice Cream":8,"Tiny House":34,"Calipers":34,"Gremlin Horn":44,"CeramicFish":14,"Spirit Poop":11,"Vajra":37,"Whetstone":37,"Bottled Tornado":6,"Sling":0,"Boot":0,"Blood Vial":3,"Sozu":17,"Centennial Puzzle":37,"Lizard Tail":6,"HornCleat":9,"Sundial":25,"Strawberry":31,"Prayer Wheel":29,"MealTicket":8,"VioletLotus":17,"HandDrill":45,"Kunai":46,"Toxic Egg 2":29,"Girya":0,"betterAltar:BloodRelic":22,"Happy Flower":45,"Blue Candle":25,"Astrolabe":34,"Oddly Smooth Stone":0,"Eternal Feather":26,"Pen Nib":14,"Letter Opener":0,"War Paint":34,"Question Card":40,"Akabeko":0,"OrangePellets":54,"SlaversCollar":34,"Bottled Flame":53,"Shuriken":6,"Bronze Scales":23,"Molten Egg 2":0,"Pandora\u0027s Box":34,"StrikeDummy":8,"Unceasing Top":20,"Meat on the Bone":0,"Darkstone Periapt":34,"Lantern":14,"Regal Pillow":40,"Singing Bowl":23,"Torii":48,"Yang":55,"CloakClasp":0,"Incense Burner":45,"Bag of Preparation":13,"TeardropLocket":0,"Smiling Mask":40,"PrismaticShard":0,"ClockworkSouvenir":41,"Nunchaku":9,"Dream Catcher":44,"Shovel":12,"Matryoshka":0,"TheAbacus":19,"Mummified Hand":0,"Pantograph":6,"Gambling Chip":0,"Toolbox":0,"WingedGreaves":25,"InkBottle":9,"Potion Belt":0,"Lee\u0027s Waffle":0,"NeowsBlessing":0,"Golden Idol":5,"Damaru":45,"Thread and Needle":54,"The Courier":9,"PreservedInsect":0,"Frozen Egg 2":14,"GoldenEye":42,"White Beast Statue":4,"Mercury Hourglass":26,"Calling Bell":34,"Strange Spoon":41,"Anchor":37,"Ornamental Fan":0,"Bloody Idol":22,"Orrery":0,"Turnip":0,"Bag of Marbles":10,"Art of War":41,"Coffee Dripper":17,"Membership Card":0,"Bottled Lightning":28,"PureWater":0,"TungstenRod":55},{"Ice Cream":7,"Tiny House":59,"Calipers":91,"Gremlin Horn":129,"CeramicFish":21,"Spirit Poop":19,"Vajra":33,"Whetstone":33,"Bottled Tornado":76,"Sling":41,"Boot":41,"Blood Vial":11,"Sozu":22,"Centennial Puzzle":33,"Lizard Tail":109,"HornCleat":77,"Sundial":87,"Strawberry":121,"Prayer Wheel":28,"MealTicket":77,"VioletLotus":50,"HandDrill":38,"Kunai":99,"Toxic Egg 2":88,"Girya":105,"betterAltar:BloodRelic":23,"Happy Flower":38,"Blue Candle":55,"Astrolabe":155,"Oddly Smooth Stone":9,"Eternal Feather":87,"Pen Nib":21,"Letter Opener":9,"War Paint":91,"Question Card":96,"Akabeko":9,"OrangePellets":70,"SlaversCollar":122,"Bottled Flame":165,"Shuriken":5,"Bronze Scales":117,"Molten Egg 2":9,"Pandora\u0027s Box":31,"StrikeDummy":18,"Unceasing Top":51,"Meat on the Bone":72,"Darkstone Periapt":91,"Lantern":21,"Regal Pillow":127,"Singing Bowl":24,"Torii":68,"Yang":71,"CloakClasp":9,"Incense Burner":38,"Bag of Preparation":48,"TeardropLocket":12,"Smiling Mask":35,"PrismaticShard":136,"ClockworkSouvenir":96,"Nunchaku":18,"Dream Catcher":38,"Shovel":8,"Matryoshka":41,"TheAbacus":150,"Mummified Hand":9,"Pantograph":17,"Gambling Chip":136,"Toolbox":41,"WingedGreaves":25,"InkBottle":45,"Potion Belt":72,"Lee\u0027s Waffle":12,"NeowsBlessing":0,"Golden Idol":108,"Damaru":38,"Thread and Needle":134,"The Courier":7,"PreservedInsect":9,"Frozen Egg 2":21,"GoldenEye":65,"White Beast Statue":42,"Mercury Hourglass":25,"Calling Bell":91,"Strange Spoon":96,"Anchor":33,"Ornamental Fan":41,"Bloody Idol":23,"Orrery":72,"Turnip":9,"Bag of Marbles":7,"Art of War":96,"Coffee Dripper":149,"Membership Card":12,"Bottled Lightning":56,"PureWater":0,"TungstenRod":166},{"Ice Cream":19,"Tiny House":203,"Calipers":324,"Gremlin Horn":388,"CeramicFish":57,"Spirit Poop":53,"Vajra":113,"Whetstone":113,"Bottled Tornado":271,"Sling":152,"Boot":152,"Blood Vial":31,"Sozu":64,"Centennial Puzzle":113,"Lizard Tail":361,"HornCleat":275,"Sundial":315,"Strawberry":378,"Prayer Wheel":89,"MealTicket":275,"VioletLotus":177,"HandDrill":134,"Kunai":333,"Toxic Egg 2":316,"Girya":353,"betterAltar:BloodRelic":68,"Happy Flower":134,"Blue Candle":191,"Astrolabe":469,"Oddly Smooth Stone":26,"Eternal Feather":315,"Pen Nib":57,"Letter Opener":26,"War Paint":324,"Question Card":330,"Akabeko":26,"OrangePellets":243,"SlaversCollar":381,"Bottled Flame":514,"Shuriken":11,"Bronze Scales":373,"Molten Egg 2":26,"Pandora\u0027s Box":104,"StrikeDummy":51,"Unceasing Top":179,"Meat on the Bone":255,"Darkstone Periapt":324,"Lantern":57,"Regal Pillow":386,"Singing Bowl":73,"Torii":233,"Yang":246,"CloakClasp":26,"Incense Burner":134,"Bag of Preparation":170,"TeardropLocket":34,"Smiling Mask":119,"PrismaticShard":402,"ClockworkSouvenir":330,"Nunchaku":51,"Dream Catcher":134,"Shovel":25,"Matryoshka":152,"TheAbacus":448,"Mummified Hand":26,"Pantograph":49,"Gambling Chip":402,"Toolbox":152,"WingedGreaves":77,"InkBottle":162,"Potion Belt":255,"Lee\u0027s Waffle":34,"NeowsBlessing":0,"Golden Idol":359,"Damaru":134,"Thread and Needle":395,"The Courier":19,"PreservedInsect":26,"Frozen Egg 2":57,"GoldenEye":221,"White Beast Statue":154,"Mercury Hourglass":77,"Calling Bell":324,"Strange Spoon":330,"Anchor":113,"Ornamental Fan":152,"Bloody Idol":68,"Orrery":255,"Turnip":26,"Bag of Marbles":19,"Art of War":330,"Coffee Dripper":442,"Membership Card":34,"Bottled Lightning":193,"PureWater":0,"TungstenRod":517}],"InkBottle":[17],"TungstenRod":15,"Meat on the Bone":204},"card_choices":[{"not_picked":["Searing Blow","Ball Lightning"],"picked":"ThirdEye+1","floor":0.0},{"not_picked":["Cold Snap","JustLucky"],"picked":"Apotheosis+1","floor":0.0},{"not_picked":["Flame Barrier+1","Consume+1"],"picked":"Prostrate+1","floor":0.0},{"not_picked":["Beam Cell","Gash"],"picked":"Dual Wield+1","floor":0.0},{"not_picked":["Perfected Strike","Sever Soul"],"picked":"True Grit+1","floor":0.0},{"not_picked":["Study","PathToVictory+1"],"picked":"Undo+1","floor":1.0},{"not_picked":["Acrobatics+1","Enlightenment+1","Heavy Blade"],"picked":"SKIP","floor":2.0},{"not_picked":["Slice","Riddle With Holes"],"picked":"Madness+1","floor":3.0},{"not_picked":["Meteor Strike","Crescendo+1"],"picked":"Reprogram+1","floor":4.0},{"not_picked":["Cloak And Dagger+1","Evolve","Flex+1"],"picked":"SKIP","floor":5.0},{"not_picked":["Quick Slash","Dagger Spray"],"picked":"Headbutt","floor":7.0},{"not_picked":["Enlightenment+1","Fasting2","Redo+1"],"picked":"SKIP","floor":8.0},{"not_picked":["Noxious Fumes","Flechettes"],"picked":"Whirlwind","floor":10.0},{"not_picked":["Glacier+1","Evolve","Clash"],"picked":"SKIP","floor":11.0},{"not_picked":["Dark Embrace","Cleave"],"picked":"Intimidate+1","floor":12.0},{"not_picked":["Turbo+1","Deadly Poison+1","Power Through+1"],"picked":"SKIP","floor":13.0},{"not_picked":["Meteor Strike","Twin Strike","Leap+1"],"picked":"SKIP","floor":14.0},{"not_picked":["Tools of the Trade","Sadistic Nature"],"picked":"Alpha+1","floor":16.0},{"not_picked":["Intimidate+1","Hemokinesis"],"picked":"ThirdEye+1","floor":18.0},{"not_picked":["Flying Knee","Armaments+1"],"picked":"Backflip+1","floor":20.0},{"not_picked":["Melter","Conserve Battery+1"],"picked":"FlurryOfBlows","floor":21.0},{"not_picked":["Darkness+1","Second Wind+1","Uppercut"],"picked":"SKIP","floor":24},{"not_picked":["Carnage","Poisoned Stab"],"picked":"Hologram+1","floor":27},{"not_picked":["Venomology+1","Mayhem+1"],"picked":"Ragnarok","floor":33},{"not_picked":["Bane","Anger+1"],"picked":"Crescendo+1","floor":35},{"not_picked":["Stack+1","Cold Snap"],"picked":"Outmaneuver+1","floor":36},{"not_picked":["Hemokinesis","Flying Knee","Swift Strike"],"picked":"SKIP","floor":38},{"not_picked":["Armaments+1","Cloak And Dagger+1"],"picked":"Prostrate+1","floor":40},{"not_picked":["Catalyst+1","Rampage"],"picked":"FlurryOfBlows","floor":42},{"not_picked":["Searing Blow","Deflect+1","Halt+1"],"picked":"SKIP","floor":44},{"not_picked":["Dodge and Roll+1","BowlingBash"],"picked":"Indignation+1","floor":45},{"not_picked":["Protect+1","Flame Barrier+1"],"picked":"Metallicize+1","floor":46},{"not_picked":["Melter","Clash+1"],"picked":"Pommel Strike+1","floor":55}],"player_experience":1056179,"relics_obtained":[{"floor":7.0,"key":"War Paint"},{"floor":9.0,"key":"Potion Belt"},{"floor":11.0,"key":"Shovel"},{"floor":13.0,"key":"Blood Vial"},{"floor":24,"key":"Centennial Puzzle"},{"floor":26,"key":"HornCleat"},{"floor":27,"key":"Mercury Hourglass"},{"floor":30,"key":"Frozen Egg 2"},{"floor":32,"key":"Nunchaku"},{"floor":36,"key":"Incense Burner"},{"floor":40,"key":"Bottled Lightning"},{"floor":44,"key":"InkBottle"},{"floor":53,"key":"Bottled Flame"},{"floor":55,"key":"TungstenRod"}],"event_choices":[{"damage_healed":0,"gold_gain":50,"player_choice":"Steal","damage_taken":0,"max_hp_gain":0,"max_hp_loss":0,"event_name":"betterThird:BetterNest","floor":29,"gold_loss":0},{"damage_healed":0,"gold_gain":0,"player_choice":"Fight","damage_taken":0,"max_hp_gain":0,"max_hp_loss":0,"event_name":"MindBloom","floor":36,"gold_loss":0},{"damage_healed":0,"gold_gain":0,"cards_transformed":["Strike_P"],"player_choice":"Transformed","damage_taken":0,"max_hp_gain":0,"max_hp_loss":0,"event_name":"Transmorgrifier","floor":37,"gold_loss":0,"cards_obtained":["LessonLearned"]},{"damage_healed":0,"gold_gain":0,"player_choice":"Forge","damage_taken":0,"max_hp_gain":0,"max_hp_loss":0,"event_name":"Accursed Blacksmith","floor":48,"gold_loss":0,"cards_upgraded":["Ragnarok"]}],"is_beta":false,"boss_relics":[{"not_picked":["Philosopher\u0027s Stone","HolyWater"],"picked":"Coffee Dripper"},{"not_picked":["SacredBark","Velvet Choker"],"picked":"Astrolabe"}],"items_purged_floors":[0],"is_endless":false,"potions_floor_spawned":[3,4,7,11,12,14,24,27,33,38,40,45,55],"ascension_level":20}}