{"host":"qe8kwmaaj944063g","time":1608860355,"event":{"mods":["BaseMod","Minty Spire (QoL Compilation)","Replay The Spire","StSLib"],"gold_per_floor":[113,12,26,66,31,31,63,63,63,79,79,93,93,128,128,228,228,241,46,62,62,62],"floor_reached":21,"playtime":1072,"items_purged":[],"score":179,"play_id":"108a41f2-7d61-4937-a347-e1e7659ffc78","local_time":"20201225023915","is_ascension_mode":false,"campfire_choices":[{"data":"Double Energy","floor":6,"key":"SMITH"},{"floor":8,"key":"REST"},{"data":"Genetic Algorithm","floor":13,"key":"SMITH"},{"floor":15,"key":"REST"}],"circlet_count":0,"master_deck":["Strike_B","Strike_B","Strike_B+1","Strike_B+1","Defend_B","Defend_B","Defend_B","Defend_B","Zap","Dualcast","Steam","Double Energy+1","Leap","Sweeping Beam","Ball Lightning","Gash","Conserve Battery","Genetic Algorithm+1","Coolheaded","Fission","Multi-Cast","Leap","HandOfGreed","Cold Snap+1","Genetic Algorithm"],"relics":["Cracked Core","Peace Pipe","Replay:Bottled Steam","Blue Doll","Ornamental Fan","Whetstone","Snecko Eye"],"acts_visited":["Exordium","TheCity"],"potions_floor_usage":[7,14,16],"damage_taken":[{"damage":1,"enemies":"Cultist","floor":1,"turns":4},{"damage":3,"enemies":"Small Slimes","floor":3,"turns":3},{"damage":16,"enemies":"Lagavulin","floor":7,"turns":5},{"damage":0,"enemies":"Jaw Worm","floor":10,"turns":3},{"damage":9,"enemies":"Looter","floor":12,"turns":3},{"damage":8,"enemies":"Lots of Slimes","floor":14,"turns":3},{"damage":46,"enemies":"Fading Forest","floor":16,"turns":11},{"damage":24,"enemies":"Chosen","floor":18,"turns":5},{"damage":11,"enemies":"Shell Parasite","floor":20,"turns":12},{"damage":46,"enemies":"Chosen and Byrds","floor":21,"turns":8}],"seed_played":"-6203455293162617121","potions_obtained":[{"floor":1,"key":"Strength Potion"},{"floor":10,"key":"ColorlessPotion"},{"floor":12,"key":"FearPotion"},{"floor":16,"key":"Dexterity Potion"},{"floor":18,"key":"SteroidPotion"}],"is_trial":false,"path_per_floor":["M","$","M","?","?","R","E","R","T","M","T","M","R","M","R","B",null,"M","$","M","M"],"character_chosen":"DEFECT","items_purchased":["Double Energy","Leap","HandOfGreed","Cold Snap+1"],"campfire_rested":2,"item_purchase_floors":[2,2,19,19],"current_hp_per_floor":[53,53,50,32,50,50,34,56,56,56,56,47,47,39,61,33,75,51,51,40,0,0],"gold":62,"neow_bonus":"ONE_RARE_RELIC","is_daily":false,"chose_seed":false,"campfire_upgraded":2,"win_rate":0.0,"timestamp":1608860355,"path_taken":["M","?","M","?","?","R","E","R","T","M","?","?","R","M","R","BOSS","M","$","M","M"],"items_purchased_type":["Card","Card","Card","Card"],"build_version":"2020-12-22","purchased_purges":0,"victory":false,"max_hp_per_floor":[75,75,75,75,75,75,75,75,75,75,75,75,75,75,75,75,75,75,75,75,75,75],"card_choices":[{"not_picked":["Turbo","Fusion"],"picked":"Steam","floor":1},{"not_picked":["Tempest","Loop"],"picked":"Sweeping Beam","floor":3},{"not_picked":["Chill","Fusion"],"picked":"Ball Lightning","floor":4},{"not_picked":["Panic Button","Steam"],"picked":"Gash","floor":4},{"not_picked":["Multi-Cast","Streamline"],"picked":"Conserve Battery","floor":7},{"not_picked":["Ball Lightning","Static Discharge"],"picked":"Genetic Algorithm","floor":10},{"not_picked":["Panic Button","Stack"],"picked":"Coolheaded","floor":12},{"not_picked":["Panic Button","Barrage"],"picked":"Fission","floor":14},{"not_picked":["ReplayTheSpireMod:Fabricate Wheel","Buffer"],"picked":"Multi-Cast","floor":16},{"not_picked":["Hologram","Rebound"],"picked":"Leap","floor":18},{"not_picked":["Reinforced Body","Reprogram+1"],"picked":"Genetic Algorithm","floor":20}],"player_experience":18003,"relics_obtained":[{"floor":4,"key":"Replay:Bottled Steam"},{"floor":7,"key":"Blue Doll"},{"floor":9,"key":"Ornamental Fan"},{"floor":11,"key":"Whetstone"}],"event_choices":[{"damage_healed":18,"gold_gain":0,"player_choice":"Healed","damage_taken":0,"max_hp_gain":0,"max_hp_loss":0,"event_name":"The Cleric","floor":5,"gold_loss":35}],"is_beta":false,"boss_relics":[{"not_picked":["Coffee Dripper","Empty Cage"],"picked":"Snecko Eye"}],"items_purged_floors":[],"is_endless":false,"potions_floor_spawned":[1,10,12,16,18],"killed_by":"Chosen and Byrds","ascension_level":0}}