{"host":"¿à÷økuyou","time":1608905493,"event":{"mods":["ATMod(°¢èªMod)","Act Like it!","BaseMod","Lobotomy","Minty Spire (QoL Compilation)","Quick Restart","StSLib"],"gold_per_floor":[110,110,185,31,47,47,67,95,95,20,40,40,52,81,81,176,176,187,187,112,127,127,161,177,177,202,202,301,301,327,364,364,493,493,637,637,637,712,798,798,887,932,932,932,1060,660,759,916,916,1166,1166,1166,744,1028,1153],"floor_reached":56,"playtime":1740,"items_purged":["Strike_B","Strike_B","Zap"],"score":1769,"play_id":"5442dd77-b651-4c7f-a6e8-d2721a76b040","local_time":"20201225221133","is_ascension_mode":true,"campfire_choices":[{"data":"AT_EmpoweredMortalDraw","floor":6.0,"key":"SMITH"},{"data":"Coolheaded","floor":12.0,"key":"SMITH"},{"data":"Coolheaded","floor":15.0,"key":"SMITH"},{"data":"Hologram","floor":25.0,"key":"SMITH"},{"data":"AT_ThunderBolt","floor":27.0,"key":"SMITH"},{"floor":29.0,"key":"RECALL"},{"data":"Dualcast","floor":32.0,"key":"SMITH"},{"data":"AT_EMC2","floor":40.0,"key":"SMITH"},{"data":"AT_TearsDenial","floor":44.0,"key":"SMITH"},{"data":"AT_ThreeBodyProblem","floor":49.0,"key":"SMITH"},{"floor":52.0,"key":"REST"}],"circlet_count":0,"master_deck":["Defend_B","Defend_B","Defend_B","Defend_B","Dualcast+1","AT_EmpoweredMortalDraw+1","Ball Lightning","Hologram+1","Capacitor","Coolheaded+1","Coolheaded+1","AT_DarkMatter","Meteor Strike+1","AT_DarkMatter+1","AT_ThunderBolt+1","Capacitor","Echo Form","AT_EMC2+1","AT_Homeward","AT_TearsDenial+1","Turbo+1","Electrodynamics","AT_ThreeBodyProblem+1","AT_ThreeBodyProblem","Enlightenment","AT_ThreeBodyProblem+1"],"relics":["AT_ATBox","Sozu","AT_SeraphEmbrace","Molten Egg 2","Meat on the Bone","Calipers","AT_TrinityForce","Nilry\u0027s Codex","AT_RedTearstoneRing","AT_BladeRuinedKing","AT_MibuBalloonWealth","Inserter","Gambling Chip","Mummified Hand","Unceasing Top","AT_TheCollector","Strawberry","Membership Card","Gremlin Horn","Letter Opener"],"acts_visited":["Exordium","TheCity","TheBeyond","TheEnding"],"potions_floor_usage":[],"damage_taken":[{"damage":0.0,"enemies":"Small Slimes","floor":1.0,"turns":3.0},{"damage":3.0,"enemies":"Jaw Worm","floor":5.0,"turns":4.0},{"damage":0.0,"enemies":"2 Louse","floor":7.0,"turns":1.0},{"damage":25.0,"enemies":"Lagavulin","floor":8.0,"turns":6.0},{"damage":0.0,"enemies":"Large Slime","floor":11.0,"turns":3.0},{"damage":0.0,"enemies":"2 Fungi Beasts","floor":13.0,"turns":1.0},{"damage":14.0,"enemies":"Gremlin Nob","floor":14.0,"turns":3.0},{"damage":17.0,"enemies":"The Guardian","floor":16.0,"turns":12.0},{"damage":0.0,"enemies":"Chosen","floor":18.0,"turns":3.0},{"damage":16.0,"enemies":"2 Thieves","floor":21.0,"turns":2.0},{"damage":0.0,"enemies":"Gremlin Leader","floor":23.0,"turns":5.0},{"damage":9.0,"enemies":"Snake Plant","floor":24.0,"turns":4.0},{"damage":0.0,"enemies":"Book of Stabbing","floor":30.0,"turns":2.0},{"damage":1.0,"enemies":"Snecko","floor":31.0,"turns":3.0},{"damage":40.0,"enemies":"Champ","floor":33.0,"turns":6.0},{"damage":2.0,"enemies":"3 Darklings","floor":35.0,"turns":3.0},{"damage":0.0,"enemies":"Mind Bloom Boss Battle","floor":38.0,"turns":2.0},{"damage":10.0,"enemies":"3 Shapes","floor":39.0,"turns":2.0},{"damage":0.0,"enemies":"Jaw Worm Horde","floor":41.0,"turns":1.0},{"damage":0.0,"enemies":"Maw","floor":42.0,"turns":4.0},{"damage":29.0,"enemies":"Reptomancer","floor":45.0,"turns":3.0},{"damage":7.0,"enemies":"2 Orb Walkers","floor":47.0,"turns":2.0},{"damage":1.0,"enemies":"Giant Head","floor":48.0,"turns":4.0},{"damage":30.0,"enemies":"Donu and Deca","floor":50.0,"turns":3.0},{"damage":0,"enemies":"Shield and Spear","floor":54,"turns":1},{"damage":14,"enemies":"The Heart","floor":55,"turns":4}],"seed_played":"-2351562125853434775","potions_obtained":[],"is_trial":false,"path_per_floor":["M","?","?","$","M","R","M","E","T","$","M","R","M","E","R","B",null,"M","?","?","M","?","E","M","R","T","R","?","R","E","M","R","B",null,"M","?","?","?","M","R","M","M","T","R","E","$","?","E","R","B",null,"R","$","E","B",null],"character_chosen":"DEFECT","items_purchased":["AT_ArchangelStaff","Unceasing Top","Membership Card","AT_ThreeBodyProblem","Gremlin Horn","Enlightenment"],"campfire_rested":1,"item_purchase_floors":[4,46,53,53,53,53],"current_hp_per_floor":[68,61,50,50,47,47,47,22,22,22,34,34,46,44,44,39,66,66,66,66,50,34,46,49,49,49,49,49,49,49,48,48,20,61,59,49,49,49,39,39,39,39,39,39,22,22,27,45,45,27,68,82,82,82,68],"gold":1153,"neow_bonus":"BOSS_RELIC","is_daily":false,"chose_seed":false,"campfire_upgraded":9,"win_rate":0.0,"timestamp":1608905493,"path_taken":["M","?","?","$","M","R","M","E","T","?","M","R","?","E","R","BOSS","M","?","?","M","?","E","M","R","T","R","?","R","E","M","R","BOSS","M","?","?","?","M","R","M","M","T","R","E","$","?","E","R","BOSS","R","$","E","BOSS"],"items_purchased_type":["Relic","Relic","Relic","Card","Relic","Card"],"build_version":"2020-12-18","purchased_purges":3,"victory":true,"max_hp_per_floor":[75,75,75,75,75,75,75,75,75,75,75,75,75,75,75,75,75,75,75,75,75,75,75,75,75,75,75,75,75,75,75,75,75,75,75,75,75,75,75,75,75,75,75,75,75,75,75,82,82,82,82,82,82,82,82],"card_choices":[{"not_picked":["Doom and Gloom","Stack"],"picked":"Ball Lightning","floor":1.0},{"not_picked":["Leap","AT_HeatAcrobatics"],"picked":"Hologram","floor":5.0},{"not_picked":["Compile Driver","Barrage"],"picked":"Capacitor","floor":7.0},{"not_picked":["Recycle","Auto Shields"],"picked":"Coolheaded","floor":8.0},{"not_picked":["Undo","AT_WarpDrive"],"picked":"Coolheaded","floor":11.0},{"not_picked":["AT_HeatAcrobatics","Ball Lightning+1"],"picked":"AT_DarkMatter","floor":13.0},{"not_picked":["Steam Power","Streamline+1","Multi-Cast"],"picked":"SKIP","floor":14.0},{"not_picked":["Core Surge+1","Hyperbeam+1"],"picked":"Meteor Strike+1","floor":16.0},{"not_picked":["Hologram+1","Leap+1"],"picked":"AT_DarkMatter+1","floor":18.0},{"not_picked":["Coolheaded","Steam","Redo"],"picked":"SKIP","floor":21.0},{"not_picked":["Compile Driver+1","Fusion","Stack+1"],"picked":"SKIP","floor":23.0},{"not_picked":["Cold Snap+1","Hologram","Conserve Battery"],"picked":"SKIP","floor":24.0},{"not_picked":["Cold Snap+1","Multi-Cast"],"picked":"Capacitor","floor":30.0},{"not_picked":["Barrage+1","Turbo","Fusion"],"picked":"SKIP","floor":31.0},{"not_picked":["Core Surge+1","Machine Learning"],"picked":"Echo Form","floor":33.0},{"not_picked":["Ball Lightning+1","Sweeping Beam+1"],"picked":"AT_EMC2","floor":35.0},{"not_picked":["Finesse","Discovery"],"picked":"AT_Homeward","floor":36.0},{"not_picked":["Dark Shackles","Metamorphosis"],"picked":"AT_TearsDenial","floor":36.0},{"not_picked":["Stack","Go for the Eyes+1","Streamline+1"],"picked":"SKIP","floor":39.0},{"not_picked":["Hologram+1","Compile Driver+1"],"picked":"Turbo+1","floor":41.0},{"not_picked":["Redo","Genetic Algorithm+1","Conserve Battery"],"picked":"SKIP","floor":42.0},{"not_picked":["BootSequence+1","White Noise"],"picked":"Electrodynamics","floor":45.0},{"not_picked":["Coolheaded+1","Reboot"],"picked":"AT_ThreeBodyProblem","floor":48.0},{"not_picked":["All For One+1","Scrape+1"],"picked":"AT_ThreeBodyProblem+1","floor":54}],"player_experience":143262,"relics_obtained":[{"floor":8.0,"key":"Molten Egg 2"},{"floor":9.0,"key":"Meat on the Bone"},{"floor":14.0,"key":"Calipers"},{"floor":22.0,"key":"Nilry\u0027s Codex"},{"floor":23.0,"key":"AT_RedTearstoneRing"},{"floor":26.0,"key":"AT_BladeRuinedKing"},{"floor":30.0,"key":"AT_MibuBalloonWealth"},{"floor":38.0,"key":"Gambling Chip"},{"floor":45.0,"key":"Mummified Hand"},{"floor":47.0,"key":"AT_TheCollector"},{"floor":48.0,"key":"Strawberry"},{"floor":54,"key":"Letter Opener"}],"event_choices":[{"cards_removed":["Strike_B"],"damage_healed":0.0,"max_hp_gain":0.0,"max_hp_loss":0.0,"gold_gain":0.0,"event_name":"Golden Wing","player_choice":"Card Removal","floor":2.0,"gold_loss":0.0,"damage_taken":7.0},{"damage_healed":0.0,"max_hp_gain":0.0,"max_hp_loss":0.0,"gold_gain":75.0,"event_name":"World of Goop","player_choice":"Gather Gold","floor":3.0,"gold_loss":0.0,"damage_taken":11.0},{"damage_healed":0.0,"max_hp_gain":0.0,"max_hp_loss":0.0,"gold_gain":0.0,"event_name":"The Library","player_choice":"Read","floor":19.0,"gold_loss":0.0,"damage_taken":0.0,"cards_obtained":["AT_ThunderBolt"]},{"cards_removed":["Strike_B"],"damage_healed":0.0,"max_hp_gain":0.0,"max_hp_loss":0.0,"gold_gain":0.0,"event_name":"Beggar","player_choice":"Gave Gold","floor":20.0,"gold_loss":75.0,"damage_taken":0.0},{"damage_healed":0.0,"max_hp_gain":0.0,"max_hp_loss":0.0,"gold_gain":0.0,"event_name":"Cursed Tome","player_choice":"Obtained Book","floor":22.0,"gold_loss":0.0,"damage_taken":16.0},{"damage_healed":0.0,"max_hp_gain":0.0,"max_hp_loss":0.0,"gold_gain":99.0,"event_name":"Nest","player_choice":"Stole From Cult","floor":28.0,"gold_loss":0.0,"damage_taken":0.0},{"damage_healed":0.0,"max_hp_gain":0.0,"max_hp_loss":0.0,"gold_gain":0.0,"event_name":"SensoryStone","player_choice":"Memory 3","floor":36.0,"gold_loss":0.0,"damage_taken":10.0},{"damage_healed":0.0,"max_hp_gain":0.0,"max_hp_loss":0.0,"gold_gain":0.0,"event_name":"Tomb of Lord Red Mask","player_choice":"Ignored","floor":37.0,"gold_loss":0.0,"damage_taken":0.0},{"damage_healed":0.0,"max_hp_gain":0.0,"max_hp_loss":0.0,"gold_gain":0.0,"event_name":"MindBloom","player_choice":"Fight","floor":38.0,"gold_loss":0.0,"damage_taken":0.0},{"damage_healed":0.0,"max_hp_gain":0.0,"max_hp_loss":0.0,"gold_gain":0.0,"event_name":"Mysterious Sphere","player_choice":"Fight","floor":47.0,"gold_loss":0.0,"damage_taken":0.0}],"is_beta":true,"boss_relics":[{"not_picked":["Philosopher\u0027s Stone","Fusion Hammer"],"picked":"AT_TrinityForce"},{"not_picked":["Runic Pyramid","Runic Dome"],"picked":"Inserter"}],"items_purged_floors":[10,46,53],"is_endless":false,"potions_floor_spawned":[5,7,14,18,21,24,31,41,45,47],"ascension_level":7}}