{"host":"922zt4fjsmmy4kg9","time":1608862949,"event":{"mods":["A Magickal Journey","Act Like it!","BaseMod","Better Third Choice","Downfall","Friendly Minions","Hermit","HololiveMod","Hubris","Jorbs\u0027s Wanderer Trilogy","Kiyohime????","Koishi","Marisa????????","Minty Spire (QoL Compilation)","Quick Restart","Reimu??????","Shop Mod","Spicy Shops","StSLib","SuperFastMode","The Animator","The Disciple","The Runesmith"],"gold_per_floor":[99,99,111,111,37,37,37],"floor_reached":6,"playtime":150,"items_purged":[],"score":47,"play_id":"0f1a7bcd-74bb-4de4-8322-75ca0736c7b2","local_time":"20201225132229","is_ascension_mode":true,"campfire_choices":[{"data":"animator:YuiTsuruno","floor":1,"key":"SMITH"}],"circlet_count":0,"master_deck":["AscendersBane","animator:Strike_MadokaMagica","animator:Defend_MadokaMagica","animator:Strike","animator:Strike","animator:Strike","animator:Defend","animator:Defend","animator:Defend","animator:IrohaTamaki","animator:YuiTsuruno+1","animator:ElricEdward","animator:Shichika"],"relics":["animator:LivingPicture","animator:TheMissingPiece","downfall:HeartsMalice","Juzu Bracelet"],"acts_visited":["Exordium"],"potions_floor_usage":[],"damage_taken":[{"damage":0,"enemies":"Small Slimes","floor":2,"turns":1},{"damage":0,"enemies":"Cultist","floor":3,"turns":1},{"damage":0,"enemies":"downfall:FleeingMerchant","floor":5,"turns":1},{"damage":23,"enemies":"3 Sentries","floor":6,"turns":6}],"seed_played":"-6470144650997616133","potions_obtained":[],"is_trial":false,"path_per_floor":["R","M","M","?","$","E"],"character_chosen":"THE_ANIMATOR","items_purchased":["Juzu Bracelet"],"campfire_rested":0,"item_purchase_floors":[5],"current_hp_per_floor":[59,59,59,66,67,44,44],"gold":37,"neow_bonus":"THREE_ENEMY_KILL","is_daily":false,"chose_seed":false,"campfire_upgraded":1,"win_rate":0.0,"timestamp":1608862949,"path_taken":["R","M","M","?","?","E"],"items_purchased_type":["Relic"],"build_version":"2020-12-22","purchased_purges":0,"victory":false,"max_hp_per_floor":[66,66,66,66,67,67,67],"card_choices":[{"not_picked":["animator:CrowleyEusford","animator:Yoichi"],"picked":"animator:ElricEdward","floor":2},{"not_picked":["animator:Entoma","animator:ZankiKiguchi"],"picked":"animator:TsurugaMeisai","floor":3},{"not_picked":["animator:Entoma","animator:Yuuichirou"],"picked":"animator:Shichika","floor":5}],"player_experience":1305634,"relics_obtained":[],"event_choices":[{"cards_removed":["animator:TsurugaMeisai"],"damage_healed":7,"gold_gain":0,"player_choice":"Offered Uncommon","damage_taken":0,"max_hp_gain":0,"max_hp_loss":0,"event_name":"Bonfire Elementals","floor":4,"gold_loss":0}],"is_beta":false,"boss_relics":[],"items_purged_floors":[],"is_endless":false,"potions_floor_spawned":[],"killed_by":"3 Sentries","ascension_level":11}}