{"host":"cc187","time":1608858586,"event":{"mods":["AchievementEnabler","BaseMod","Bestiary","Colored Map","Colored Powertips","Highlight Path","Keyboard Shortcuts","Minty Spire (QoL Compilation)","Quick Restart","Rare Cards Sparkle","Relic Stats","StSLib","SuperFastMode","Synergy Search","ojb\u0027s Info Mod"],"gold_per_floor":[113,113,16,66,78,78,107,119,119,169,17,36,36,55,55,55,55],"floor_reached":16,"playtime":665,"items_purged":[],"score":195,"play_id":"a38fad84-68fb-462e-a228-f47b81447203","local_time":"20201225010946","is_ascension_mode":true,"campfire_choices":[{"floor":6,"key":"REST"},{"floor":13,"key":"REST"},{"data":"Secret Weapon","floor":15,"key":"SMITH"}],"circlet_count":0,"master_deck":["AscendersBane","Strike_G","Strike_G","Strike_G","Strike_G","Strike_G","Defend_G","Defend_G","Defend_G","Defend_G","Defend_G","Survivor","Neutralize","After Image+1","Finesse","Dagger Spray","Backflip","Endless Agony","Blade Dance","Secret Weapon+1","PiercingWail","Caltrops"],"relics":["Ring of the Snake","SsserpentHead","InkBottle","Gremlin Horn"],"acts_visited":["Exordium"],"potions_floor_usage":[7,12,16],"damage_taken":[{"damage":29,"enemies":"Cultist","floor":1,"turns":7},{"damage":0,"enemies":"2 Louse","floor":5,"turns":3},{"damage":29,"enemies":"Gremlin Nob","floor":7,"turns":6},{"damage":5,"enemies":"Small Slimes","floor":8,"turns":3},{"damage":0,"enemies":"Looter","floor":12,"turns":3},{"damage":0,"enemies":"Exordium Wildlife","floor":14,"turns":6},{"damage":32,"enemies":"Hexaghost","floor":16,"turns":9}],"seed_played":"-3652057273198998380","potions_obtained":[{"floor":5,"key":"AttackPotion"},{"floor":8,"key":"SkillPotion"},{"floor":14,"key":"EssenceOfSteel"}],"is_trial":false,"path_per_floor":["M","?","$","?","M","R","E","M","T","?","$","M","R","M","R","B"],"character_chosen":"THE_SILENT","items_purchased":["Finesse","Dagger Spray","Secret Weapon"],"campfire_rested":2,"item_purchase_floors":[3,3,11],"current_hp_per_floor":[30,30,30,30,30,48,19,14,14,14,14,14,32,32,32,0,0],"gold":55,"neow_bonus":"THREE_RARE_CARDS","is_daily":false,"chose_seed":false,"campfire_upgraded":1,"win_rate":0.0,"timestamp":1608858586,"path_taken":["M","?","?","?","M","R","E","M","T","?","?","M","R","M","R","BOSS"],"items_purchased_type":["Card","Card","Card"],"build_version":"2020-12-18","purchased_purges":0,"victory":false,"max_hp_per_floor":[60,60,60,60,60,60,60,60,60,60,60,60,60,60,60,60,60],"relic_stats":{"SsserpentHead":200,"Gremlin Horn":[1,1],"counters":[7,37],"obtain_stats":[{"SsserpentHead":2,"Gremlin Horn":9,"InkBottle":7,"Ring of the Snake":0},{"SsserpentHead":1,"Gremlin Horn":4,"InkBottle":3,"Ring of the Snake":0},{"SsserpentHead":7,"Gremlin Horn":19,"InkBottle":16,"Ring of the Snake":0}],"InkBottle":[9],"Ring of the Snake":[15]},"card_choices":[{"not_picked":["Envenom","Doppelganger"],"picked":"After Image","floor":0},{"not_picked":["PiercingWail","Slice","Underhanded Strike"],"picked":"SKIP","floor":1},{"not_picked":["Catalyst","Distraction"],"picked":"Backflip","floor":5},{"not_picked":["Deadly Poison","Backstab"],"picked":"Endless Agony","floor":7},{"not_picked":["Dash","Expertise"],"picked":"Blade Dance","floor":8},{"not_picked":["Distraction","Dash"],"picked":"PiercingWail","floor":12},{"not_picked":["Underhanded Strike","PiercingWail"],"picked":"Caltrops","floor":14}],"player_experience":847955,"relics_obtained":[{"floor":7,"key":"InkBottle"},{"floor":9,"key":"Gremlin Horn"}],"event_choices":[{"damage_healed":0,"gold_gain":0,"player_choice":"Trade","damage_taken":0,"relics_obtained":["SsserpentHead"],"max_hp_gain":0,"max_hp_loss":0,"event_name":"FaceTrader","floor":2,"gold_loss":0},{"damage_healed":0,"gold_gain":0,"player_choice":"Grow","damage_taken":0,"max_hp_gain":0,"max_hp_loss":0,"event_name":"Living Wall","floor":4,"gold_loss":0,"cards_upgraded":["After Image"]},{"damage_healed":0,"gold_gain":0,"player_choice":"Ignored","damage_taken":0,"max_hp_gain":0,"max_hp_loss":0,"event_name":"Liars Game","floor":10,"gold_loss":0}],"is_beta":true,"boss_relics":[],"items_purged_floors":[],"is_endless":false,"potions_floor_spawned":[5,8,14],"killed_by":"Hexaghost","ascension_level":19}}