{"host":"2j5d0uw0vihq8b8w","time":1608913701,"event":{"mods":["2.2 Compatiblity","AchievementEnabler","BaseMod","BetterRewards","Colored Map","Colored Powertips","Custom Start","DeckTracker","Minty Spire (QoL Compilation)","Permanent Neow","Quick Restart","Rare Cards Sparkle","StSLib","SuperFastMode","The Dragon Tamer"],"gold_per_floor":[110,110,122,142,142,142,176,176,225,225,239,239,257,287,287,360,360,360,360],"floor_reached":18,"playtime":773,"items_purged":[],"score":340,"play_id":"2ba426c6-c396-4cdf-bb1f-c6b86bdd5c17","local_time":"20201226012821","is_ascension_mode":true,"campfire_choices":[{"data":"Well Laid Plans","floor":6,"key":"SMITH"},{"data":"Setup","floor":8,"key":"SMITH"},{"data":"Blade Dance","floor":10,"key":"SMITH"},{"data":"Neutralize","floor":12,"key":"SMITH"},{"floor":15,"key":"REST"}],"circlet_count":0,"master_deck":["AscendersBane","Strike_G","Strike_G","Strike_G","Strike_G","Strike_G","Defend_G","Defend_G","Defend_G","Defend_G","Defend_G","Survivor","Neutralize+1","Setup+1","Poisoned Stab","Well Laid Plans+1","Blade Dance+1","Terror","Footwork","Phantasmal Killer"],"relics":["Ring of the Snake","Incense Burner","Toy Ornithopter","Smiling Mask","Question Card","Runic Pyramid"],"acts_visited":["Exordium","TheCity"],"potions_floor_usage":[7,11,14],"damage_taken":[{"damage":1,"enemies":"Jaw Worm","floor":1,"turns":7},{"damage":4,"enemies":"2 Louse","floor":3,"turns":3},{"damage":2,"enemies":"Small Slimes","floor":4,"turns":3},{"damage":26,"enemies":"3 Sentries","floor":7,"turns":14},{"damage":13,"enemies":"3 Louse","floor":11,"turns":5},{"damage":2,"enemies":"Red Slaver","floor":13,"turns":3},{"damage":31,"enemies":"Gremlin Nob","floor":14,"turns":4},{"damage":8,"enemies":"The Guardian","floor":16,"turns":14},{"damage":1,"enemies":"Spheric Guardian","floor":18,"turns":3}],"seed_played":"-3073393271072045225","potions_obtained":[{"floor":4,"key":"Poison Potion"},{"floor":7,"key":"Regen Potion"},{"floor":13,"key":"Dexterity Potion"},{"floor":14,"key":"Fire Potion"}],"is_trial":false,"path_per_floor":["M","?","M","M","?","R","E","R","T","R","M","R","M","E","R","B",null,"M"],"character_chosen":"THE_SILENT","items_purchased":[],"campfire_rested":1,"item_purchase_floors":[],"current_hp_per_floor":[58,58,54,52,57,57,31,31,31,31,37,37,35,9,28,20,54,53,53],"gold":360,"neow_bonus":"ONE_RARE_RELIC","is_daily":false,"chose_seed":false,"campfire_upgraded":4,"win_rate":0.0,"timestamp":1608913701,"path_taken":["M","?","M","M","?","R","E","R","T","R","M","R","M","E","R","BOSS","M"],"items_purchased_type":[],"build_version":"2020-12-22","purchased_purges":0,"victory":false,"max_hp_per_floor":[60,60,60,60,65,65,65,65,65,65,65,65,65,65,65,65,65,65,65],"card_choices":[{"not_picked":["Cloak And Dagger","Sucker Punch"],"picked":"Setup","floor":1},{"not_picked":["PiercingWail","Slice"],"picked":"Poisoned Stab","floor":3},{"not_picked":["Blade Dance","Sucker Punch"],"picked":"Well Laid Plans","floor":4},{"not_picked":["Infinite Blades","Accuracy"],"picked":"Blade Dance","floor":7},{"not_picked":["Prepared","Deflect","All Out Attack"],"picked":"SKIP","floor":11},{"not_picked":["Poisoned Stab","Dagger Throw"],"picked":"Terror","floor":13},{"not_picked":["Heel Hook","Infinite Blades"],"picked":"Footwork","floor":14},{"not_picked":["Grand Finale","Bullet Time","Die Die Die"],"picked":"Phantasmal Killer","floor":16}],"player_experience":708437,"relics_obtained":[{"floor":7,"key":"Toy Ornithopter"},{"floor":9,"key":"Smiling Mask"},{"floor":14,"key":"Question Card"}],"event_choices":[{"damage_healed":0,"gold_gain":0,"player_choice":"Ignored","damage_taken":0,"max_hp_gain":0,"max_hp_loss":0,"event_name":"Liars Game","floor":2,"gold_loss":0},{"damage_healed":0,"gold_gain":0,"player_choice":"Donut","damage_taken":0,"max_hp_gain":5,"max_hp_loss":0,"event_name":"Big Fish","floor":5,"gold_loss":0}],"is_beta":false,"boss_relics":[{"not_picked":["Velvet Choker","Runic Dome"],"picked":"Runic Pyramid"}],"items_purged_floors":[],"is_endless":false,"potions_floor_spawned":[4,7,13,14],"killed_by":"Spheric Guardian","ascension_level":20}}