{"host":"2e3z4r48quhw80cc","time":1608915833,"event":{"mods":["BaseMod","Minty Spire (QoL Compilation)","Quick Restart","StSLib","SuperFastMode"],"gold_per_floor":[365,375,388,113,113,144,156,184,209,223,253,253,281,294,294,391,391,404,438,190,203,203,237,237,249,249,262,275,275,374,403,403,502,502,522,532,185,204,222,222,222,254,254,289,289,309,343,359,359,359],"floor_reached":51,"playtime":3704,"items_purged":["Defend_B","Steam Power","Auto Shields"],"score":1006,"play_id":"fca2227a-5dfc-4314-a926-705fafb28762","local_time":"20201226020353","is_ascension_mode":true,"campfire_choices":[{"floor":12.0,"key":"REST"},{"data":"Storm","floor":15.0,"key":"SMITH"},{"data":"Double Energy","floor":32.0,"key":"SMITH"},{"data":"Buffer","floor":40.0,"key":"SMITH"},{"data":"Rainbow","floor":49.0,"key":"SMITH"}],"circlet_count":0,"master_deck":["Recycle","Conserve Battery","White Noise","Buffer","Glacier","Lockon","Capacitor","Force Field","Storm+1","Chaos","White Noise","Amplify","Go for the Eyes","Reinforced Body","Double Energy+1","Heatsinks+1","Seek","Machine Learning","White Noise","Meteor Strike","Go for the Eyes","Tempest","Echo Form","Rainbow+1","Self Repair","Buffer+1","Chill+1"],"relics":["Cracked Core","Prayer Wheel","Blood Vial","Dream Catcher","Regal Pillow","Bird Faced Urn","Pandora\u0027s Box","Red Mask","Runic Capacitor","Nilry\u0027s Codex","Turnip","Letter Opener","InkBottle","SacredBark","DollysMirror","Omamori","Pear","Gambling Chip","Lantern"],"acts_visited":["Exordium","TheCity","TheBeyond"],"potions_floor_usage":[50,50,50],"damage_taken":[{"damage":1.0,"enemies":"Jaw Worm","floor":1.0,"turns":4.0},{"damage":1.0,"enemies":"Cultist","floor":2.0,"turns":4.0},{"damage":1.0,"enemies":"Small Slimes","floor":3.0,"turns":4.0},{"damage":24.0,"enemies":"3 Sentries","floor":6.0,"turns":8.0},{"damage":9.0,"enemies":"Exordium Thugs","floor":7.0,"turns":5.0},{"damage":0.0,"enemies":"Gremlin Nob","floor":8.0,"turns":3.0},{"damage":0.0,"enemies":"Large Slime","floor":10.0,"turns":7.0},{"damage":0.0,"enemies":"Lagavulin","floor":11.0,"turns":7.0},{"damage":14.0,"enemies":"3 Sentries","floor":13.0,"turns":5.0},{"damage":10.0,"enemies":"Looter","floor":14.0,"turns":4.0},{"damage":11.0,"enemies":"Hexaghost","floor":16.0,"turns":7.0},{"damage":12.0,"enemies":"Chosen","floor":18.0,"turns":5.0},{"damage":37.0,"enemies":"Masked Bandits","floor":19.0,"turns":4.0},{"damage":6.0,"enemies":"Spheric Guardian","floor":21.0,"turns":5.0},{"damage":13.0,"enemies":"Gremlin Leader","floor":23.0,"turns":6.0},{"damage":5.0,"enemies":"Chosen and Byrds","floor":25.0,"turns":5.0},{"damage":9.0,"enemies":"Centurion and Healer","floor":27.0,"turns":4.0},{"damage":7.0,"enemies":"3 Cultists","floor":28.0,"turns":3.0},{"damage":9.0,"enemies":"Book of Stabbing","floor":31.0,"turns":4.0},{"damage":0.0,"enemies":"Champ","floor":33.0,"turns":7.0},{"damage":13.0,"enemies":"3 Darklings","floor":35.0,"turns":4.0},{"damage":18.0,"enemies":"Orb Walker","floor":36.0,"turns":4.0},{"damage":15.0,"enemies":"4 Shapes","floor":38.0,"turns":5.0},{"damage":11.0,"enemies":"Transient","floor":39.0,"turns":5.0},{"damage":31.0,"enemies":"Reptomancer","floor":42.0,"turns":6.0},{"damage":25.0,"enemies":"Nemesis","floor":44.0,"turns":5.0},{"damage":6.0,"enemies":"3 Darklings","floor":46.0,"turns":5.0},{"damage":0.0,"enemies":"Giant Head","floor":47.0,"turns":7.0},{"damage":3.0,"enemies":"Spire Growth","floor":48.0,"turns":3.0},{"damage":0,"enemies":"Time Eater","floor":50,"turns":13}],"seed_played":"-2958119134010065227","potions_obtained":[{"floor":1.0,"key":"Block Potion"},{"floor":3.0,"key":"DistilledChaos"},{"floor":6.0,"key":"LiquidMemories"},{"floor":10.0,"key":"Explosive Potion"},{"floor":14.0,"key":"EssenceOfSteel"},{"floor":18.0,"key":"CultistPotion"},{"floor":23.0,"key":"Fire Potion"},{"floor":33.0,"key":"PowerPotion"},{"floor":36.0,"key":"SkillPotion"},{"floor":38.0,"key":"Block Potion"},{"floor":44.0,"key":"Explosive Potion"},{"floor":48.0,"key":"Block Potion"}],"is_trial":false,"path_per_floor":["M","M","M","$","?","E","M","E","T","M","E","R","E","M","R","B",null,"M","?","$","M","?","E","?","M","T","M","M","?","?","E","R","B",null,"M","M","$","M","M","R","?","E","T","E","?","M","E","M","R","B",null],"character_chosen":"DEFECT","items_purchased":["Buffer","Ball Lightning","Runic Capacitor","Self Repair","DollysMirror"],"campfire_rested":1,"item_purchase_floors":[4,4,20,37,37],"current_hp_per_floor":[53,52,51,51,51,27,18,18,18,20,22,59,47,45,45,62,75,67,40,40,46,30,33,33,48,48,57,62,62,62,73,73,75,75,70,71,71,75,75,75,75,72,82,77,77,85,85,85,85,85],"gold":359,"neow_bonus":"TWO_FIFTY_GOLD","is_daily":false,"chose_seed":false,"campfire_upgraded":4,"win_rate":0.0,"timestamp":1608915833,"path_taken":["M","M","M","$","?","E","?","E","T","M","E","R","E","M","R","BOSS","M","?","$","M","?","E","?","M","T","?","M","?","?","E","R","BOSS","M","M","$","M","M","R","?","E","T","E","?","M","E","M","R","BOSS"],"items_purchased_type":["Card","Card","Relic","Card","Relic"],"build_version":"2020-12-22","purchased_purges":3,"victory":true,"max_hp_per_floor":[75,75,75,75,75,75,75,75,75,75,75,75,75,75,75,75,75,75,75,75,75,75,75,75,75,75,75,75,75,75,75,75,75,75,75,75,75,75,75,75,75,75,85,85,85,85,85,85,85,85],"card_choices":[{"not_picked":["Rebound","Skim"],"picked":"Recycle","floor":1.0},{"not_picked":["Genetic Algorithm","Tempest"],"picked":"Conserve Battery","floor":2.0},{"not_picked":["Coolheaded","Stack"],"picked":"White Noise","floor":3.0},{"not_picked":["Conserve Battery","Beam Cell","Go for the Eyes"],"picked":"SKIP","floor":6.0},{"not_picked":["Rip and Tear","Coolheaded"],"picked":"Glacier","floor":7.0},{"not_picked":["Lockon","Gash","Multi-Cast"],"picked":"SKIP","floor":7.0},{"not_picked":["Gash","Multi-Cast"],"picked":"Lockon","floor":7.0},{"not_picked":["Steam","Gash"],"picked":"Capacitor","floor":8.0},{"not_picked":["Cold Snap","Sweeping Beam"],"picked":"Force Field","floor":10.0},{"not_picked":["Conserve Battery","Tempest"],"picked":"Storm","floor":10.0},{"not_picked":["Cold Snap","Rip and Tear"],"picked":"Chaos","floor":11.0},{"not_picked":["Steam","Hologram"],"picked":"Auto Shields","floor":13.0},{"not_picked":["Scrape","Force Field"],"picked":"White Noise","floor":14.0},{"not_picked":["Gash","Sweeping Beam","Aggregate"],"picked":"SKIP","floor":14.0},{"not_picked":["Rainbow","Seek"],"picked":"Amplify","floor":16.0},{"not_picked":["Doom and Gloom+1","Steam","Rebound+1"],"picked":"SKIP","floor":18.0},{"not_picked":["Redo","Ball Lightning","Recycle"],"picked":"SKIP","floor":18.0},{"not_picked":["Conserve Battery","Gash+1"],"picked":"Heatsinks+1","floor":21.0},{"not_picked":["Redo","Turbo"],"picked":"Seek","floor":21.0},{"not_picked":["Barrage+1","Stack+1"],"picked":"Machine Learning","floor":23.0},{"not_picked":["Meteor Strike","Force Field"],"picked":"White Noise","floor":25.0},{"not_picked":["Rebound+1","Coolheaded","Cold Snap"],"picked":"SKIP","floor":25.0},{"not_picked":["Chill","Go for the Eyes+1","Stack"],"picked":"SKIP","floor":27.0},{"not_picked":["Hologram","Leap","Rebound"],"picked":"SKIP","floor":27.0},{"not_picked":["Leap","Coolheaded"],"picked":"Meteor Strike","floor":28.0},{"not_picked":["Leap","Sweeping Beam+1","Coolheaded+1"],"picked":"SKIP","floor":28.0},{"not_picked":["Beam Cell+1","Coolheaded","Ball Lightning"],"picked":"SKIP","floor":31.0},{"not_picked":["All For One","Amplify"],"picked":"Echo Form","floor":33.0},{"not_picked":["Leap","Steam","Beam Cell+1"],"picked":"SKIP","floor":35.0},{"not_picked":["Beam Cell+1","Glacier","Redo+1"],"picked":"SKIP","floor":35.0},{"not_picked":["Leap","Steam","Beam Cell+1"],"picked":"SKIP","floor":35.0},{"not_picked":["Beam Cell+1","Glacier","Redo+1"],"picked":"SKIP","floor":35.0},{"not_picked":["Ball Lightning","Steam"],"picked":"Rainbow","floor":36.0},{"not_picked":["Reinforced Body+1","Gash","Sweeping Beam"],"picked":"SKIP","floor":36.0},{"not_picked":["Stack+1","Steam"],"picked":"Chill+1","floor":38.0},{"not_picked":["Sweeping Beam+1","Blizzard","Darkness+1"],"picked":"SKIP","floor":38.0},{"not_picked":["Capacitor+1","Go for the Eyes+1","Machine Learning"],"picked":"SKIP","floor":39.0},{"not_picked":["Double Energy","Turbo+1","Steam"],"picked":"SKIP","floor":39.0},{"not_picked":["Steam","Electrodynamics","Skim+1"],"picked":"SKIP","floor":42.0},{"not_picked":["Beam Cell","Redo","Streamline+1"],"picked":"SKIP","floor":44.0},{"not_picked":["Hologram+1","Scrape","Steam+1"],"picked":"SKIP","floor":46.0},{"not_picked":["Rip and Tear","BootSequence+1","Reprogram+1"],"picked":"SKIP","floor":46.0},{"not_picked":["Undo+1","Gash","Ball Lightning"],"picked":"SKIP","floor":47.0},{"not_picked":["Sweeping Beam+1","Go for the Eyes","Conserve Battery+1"],"picked":"SKIP","floor":48.0},{"not_picked":["Chaos","Sweeping Beam","Rebound"],"picked":"SKIP","floor":48.0}],"player_experience":35528,"relics_obtained":[{"floor":6.0,"key":"Prayer Wheel"},{"floor":8.0,"key":"Blood Vial"},{"floor":9.0,"key":"Dream Catcher"},{"floor":11.0,"key":"Regal Pillow"},{"floor":13.0,"key":"Bird Faced Urn"},{"floor":19.0,"key":"Red Mask"},{"floor":22.0,"key":"Nilry\u0027s Codex"},{"floor":23.0,"key":"Turnip"},{"floor":26.0,"key":"Letter Opener"},{"floor":31.0,"key":"InkBottle"},{"floor":42.0,"key":"Omamori"},{"floor":43.0,"key":"Pear"},{"floor":44.0,"key":"Gambling Chip"},{"floor":47.0,"key":"Lantern"}],"event_choices":[{"cards_removed":["Strike_B"],"damage_healed":0.0,"max_hp_gain":0.0,"max_hp_loss":0.0,"gold_gain":0.0,"event_name":"Purifier","player_choice":"Purged","floor":5.0,"gold_loss":0.0,"damage_taken":0.0},{"damage_healed":0.0,"max_hp_gain":0.0,"max_hp_loss":0.0,"gold_gain":0.0,"event_name":"Masked Bandits","player_choice":"Fought Bandits","floor":19.0,"gold_loss":0.0,"damage_taken":0.0},{"damage_healed":0.0,"max_hp_gain":0.0,"max_hp_loss":0.0,"gold_gain":0.0,"event_name":"Cursed Tome","player_choice":"Obtained Book","floor":22.0,"gold_loss":0.0,"damage_taken":16.0},{"cards_removed":["Rip and Tear"],"damage_healed":0.0,"max_hp_gain":0.0,"max_hp_loss":0.0,"gold_gain":0.0,"event_name":"Purifier","player_choice":"Purged","floor":24.0,"gold_loss":0.0,"damage_taken":0.0},{"damage_healed":0.0,"max_hp_gain":0.0,"max_hp_loss":0.0,"gold_gain":0.0,"cards_transformed":["Reinforced Body","Dualcast"],"event_name":"Drug Dealer","player_choice":"Became Test Subject","floor":29.0,"gold_loss":0.0,"damage_taken":0.0,"cards_obtained":["Go for the Eyes","Tempest"]},{"damage_healed":0.0,"max_hp_gain":0.0,"max_hp_loss":0.0,"gold_gain":99.0,"event_name":"Nest","player_choice":"Stole From Cult","floor":30.0,"gold_loss":0.0,"damage_taken":0.0},{"cards_removed":["Ball Lightning"],"damage_healed":0.0,"max_hp_gain":0.0,"max_hp_loss":0.0,"gold_gain":0.0,"event_name":"Falling","player_choice":"Removed Attack","floor":41.0,"gold_loss":0.0,"damage_taken":0.0},{"cards_removed":["Zap"],"damage_healed":0.0,"max_hp_gain":0.0,"max_hp_loss":0.0,"gold_gain":0.0,"event_name":"Purifier","player_choice":"Purged","floor":45.0,"gold_loss":0.0,"damage_taken":0.0}],"is_beta":false,"boss_relics":[{"not_picked":["FrozenCore","Runic Pyramid"],"picked":"Pandora\u0027s Box"},{"not_picked":["Empty Cage","Tiny House"],"picked":"SacredBark"}],"items_purged_floors":[4,20,37],"is_endless":false,"potions_floor_spawned":[1,3,6,10,14,18,23,25,27,33,36,38,39,44,48],"ascension_level":1}}