{"host":"vc42n08di9czm3e7","time":1608938073,"event":{"mods":["AchievementEnabler","Act Like it!","BaseMod","Colored Powertips","Downfall","Friendly Minions","GifTheSpireLib","Minty Spire (QoL Compilation)","Rare Cards Sparkle","StSLib"],"gold_per_floor":[119,133,144,164,56,56,76,76,123,139,155,165,4,23,23,120,170,155,169,84,84,24,24,24],"floor_reached":23,"playtime":1430,"items_purged":["Strike_P","Defend_P"],"score":187,"play_id":"e1ed4bf8-f874-4a5f-a7b5-7b5aaab958fc","local_time":"20201225181433","is_ascension_mode":false,"campfire_choices":[{"floor":6,"key":"REST"},{"floor":8,"key":"REST"},{"floor":15,"key":"REST"}],"circlet_count":0,"master_deck":["Strike_P","Strike_P+1","Strike_P","Defend_P","Eruption","Vigilance","expansioncontent:Corrupt","FearNoEvil","PathToVictory","CutThroughFate","Evaluate","LikeWater","JustLucky+1","CrushJoints","EmptyFist+1","PathToVictory","Nirvana","Judgement","FollowUp","PathToVictory+1","InnerPeace","Prostrate","Meditate"],"relics":["PureWater","Whetstone","Membership Card","Tiny House"],"acts_visited":["Exordium","TheCity"],"potions_floor_usage":[4,16,18],"damage_taken":[{"damage":0,"enemies":"Cultist","floor":1,"turns":4},{"damage":0,"enemies":"2 Louse","floor":2,"turns":3},{"damage":6,"enemies":"Jaw Worm","floor":3,"turns":3},{"damage":17,"enemies":"Lots of Slimes","floor":4,"turns":4},{"damage":21,"enemies":"Gremlin Gang","floor":7,"turns":6},{"damage":4,"enemies":"Blue Slaver","floor":10,"turns":5},{"damage":0,"enemies":"Looter","floor":11,"turns":4},{"damage":7,"enemies":"Exordium Thugs","floor":12,"turns":4},{"damage":3,"enemies":"Gremlin Gang","floor":14,"turns":5},{"damage":25,"enemies":"Hexaghost","floor":16,"turns":9},{"damage":17,"enemies":"2 Thieves","floor":18,"turns":4},{"damage":0,"enemies":"Spheric Guardian","floor":19,"turns":2},{"damage":49,"enemies":"Gremlin Leader","floor":23,"turns":4}],"seed_played":"6875743259846814853","potions_obtained":[{"floor":1,"key":"ColorlessPotion"},{"floor":7,"key":"Fire Potion"},{"floor":14,"key":"BottledMiracle"},{"floor":17,"key":"LiquidBronze"},{"floor":19,"key":"FearPotion"}],"is_trial":false,"path_per_floor":["M","M","M","M","$","R","M","R","T","M","M","M","$","M","R","B",null,"M","M","$","?","?","E"],"character_chosen":"WATCHER","items_purchased":["LikeWater","Membership Card","PathToVictory","InnerPeace"],"campfire_rested":3,"item_purchase_floors":[5,13,13,20],"current_hp_per_floor":[51,51,45,28,28,49,28,49,49,45,45,38,38,35,56,31,77,60,60,60,46,46,0,0],"gold":24,"neow_bonus":"RANDOM_COLORLESS_2","is_daily":false,"chose_seed":false,"campfire_upgraded":0,"win_rate":0.0,"timestamp":1608938073,"path_taken":["M","M","M","?","$","R","M","R","T","M","M","M","$","M","R","BOSS","M","M","$","?","?","E"],"items_purchased_type":["Card","Relic","Card","Card"],"build_version":"2020-12-22","purchased_purges":2,"victory":false,"max_hp_per_floor":[72,72,72,72,72,72,72,72,72,72,72,72,72,72,72,72,77,77,77,77,82,82,82,82],"card_choices":[{"not_picked":["Secret Technique","Thinking Ahead"],"picked":"expansioncontent:Corrupt","floor":0},{"not_picked":["Protect","FlyingSleeves"],"picked":"FearNoEvil","floor":1},{"not_picked":["FlurryOfBlows","FlyingSleeves"],"picked":"PathToVictory","floor":2},{"not_picked":["ReachHeaven","Halt"],"picked":"CutThroughFate","floor":3},{"not_picked":["Blasphemy","FlyingSleeves"],"picked":"Evaluate","floor":4},{"not_picked":["EmptyBody","Swivel"],"picked":"JustLucky","floor":7},{"not_picked":["Study","Evaluate"],"picked":"CrushJoints","floor":10},{"not_picked":["Halt","Meditate"],"picked":"EmptyFist","floor":11},{"not_picked":["Evaluate","Protect","FlurryOfBlows"],"picked":"SKIP","floor":12},{"not_picked":["TalkToTheHand","Halt"],"picked":"Nirvana","floor":14},{"not_picked":["Scrawl","Ragnarok"],"picked":"Judgement","floor":16},{"not_picked":["CrushJoints","WheelKick"],"picked":"FollowUp","floor":17},{"not_picked":["Consecrate","BowlingBash+1"],"picked":"PathToVictory+1","floor":18},{"not_picked":["FlurryOfBlows","FearNoEvil","JustLucky"],"picked":"SKIP","floor":19}],"player_experience":239907,"relics_obtained":[{"floor":9,"key":"Whetstone"}],"event_choices":[{"damage_healed":0,"gold_gain":0,"player_choice":"Shed Blood","damage_taken":19,"max_hp_gain":5,"max_hp_loss":0,"event_name":"Forgotten Altar","floor":21,"gold_loss":0},{"damage_healed":0,"gold_gain":0,"cards_transformed":["Defend_P","Defend_P"],"player_choice":"Transformed Cards","damage_taken":0,"max_hp_gain":0,"max_hp_loss":0,"event_name":"Designer","floor":22,"gold_loss":60,"cards_obtained":["Prostrate","Meditate"]}],"is_beta":false,"boss_relics":[{"not_picked":["Fusion Hammer","expansioncontent:StudyCardRelic"],"picked":"Tiny House"}],"items_purged_floors":[5,20],"is_endless":false,"potions_floor_spawned":[1,7,14,19],"killed_by":"Gremlin Leader","ascension_level":0}}