{"host":"w31as9kcl9qjbzmo","time":1608926977,"event":{"mods":["BaseMod","Friendly Minions","Lobotomy","Minty Spire (QoL Compilation)","StSLib"],"gold_per_floor":[112,125,142,154,173,208,228,260,284,284,303,319,319,333,333,333,333],"floor_reached":16,"playtime":1150,"items_purged":[],"score":118,"play_id":"58b6965e-7954-4016-8bb8-225cf7c002ad","local_time":"20201226050937","is_ascension_mode":false,"campfire_choices":[{"floor":10,"key":"REST"},{"floor":13,"key":"REST"},{"data":"Bash","floor":15,"key":"SMITH"}],"circlet_count":0,"master_deck":["Strike_R","Strike_R","Strike_R","Strike_R","Strike_R","Defend_R","Defend_R","Defend_R","Bash+1","VoidDream","Infernal Blade","Flex","BeautyBeast","Infernal Blade","DespairKnight","Body Slam","BlackSwan","Body Slam","LaLuna","RedShoes","Thunderclap","Scarecrow","Bloodbath","OSAHOGD","Wild Strike","QueenOfHatred"],"relics":["Burning Blood","CogitoBucket","Gremlin Horn","HellTrain","Singing Bowl","Tiny Chest"],"acts_visited":["Exordium"],"potions_floor_usage":[8,8,8],"damage_taken":[{"damage":7,"enemies":"Small Slimes","floor":1,"turns":4},{"damage":6,"enemies":"Cultist","floor":2,"turns":3},{"damage":11,"enemies":"Jaw Worm","floor":3,"turns":2},{"damage":13,"enemies":"2 Fungi Beasts","floor":4,"turns":3},{"damage":10,"enemies":"Exordium Thugs","floor":5,"turns":4},{"damage":20,"enemies":"3 Sentries","floor":6,"turns":7},{"damage":47,"enemies":"3 Louse","floor":7,"turns":4},{"damage":3,"enemies":"Gremlin Nob","floor":8,"turns":4},{"damage":0,"enemies":"Looter","floor":11,"turns":1},{"damage":1,"enemies":"Exordium Wildlife","floor":12,"turns":3},{"damage":2,"enemies":"Large Slime","floor":14,"turns":3},{"damage":89,"enemies":"The Guardian","floor":16,"turns":7}],"seed_played":"4162499239009799861","potions_obtained":[{"floor":1,"key":"HeartOfIron"},{"floor":6,"key":"Fire Potion"},{"floor":7,"key":"ColorlessPotion"}],"is_trial":false,"path_per_floor":["M","M","M","M","M","E","M","E","T","R","M","M","R","M","R","B"],"character_chosen":"IRONCLAD","items_purchased":[],"campfire_rested":2,"item_purchase_floors":[],"current_hp_per_floor":[79,79,74,67,63,49,8,13,13,37,45,51,76,82,82,0,0],"gold":333,"neow_bonus":"","is_daily":false,"chose_seed":false,"campfire_upgraded":1,"win_rate":0.0,"timestamp":1608926977,"path_taken":["M","M","M","M","M","E","M","E","T","R","M","M","R","M","R","BOSS"],"items_purchased_type":[],"build_version":"2020-12-22","purchased_purges":0,"victory":false,"max_hp_per_floor":[80,80,80,80,80,80,80,82,82,82,84,84,84,86,86,86,86],"card_choices":[{"not_picked":["ShyLook","WallGazer"],"picked":"VoidDream","floor":1},{"not_picked":["Combust","Heavy Blade"],"picked":"Infernal Blade","floor":1},{"not_picked":["Bloodbath","PunishingBird","Wellcheers"],"picked":"Singing Bowl","floor":2},{"not_picked":["LittlePrince","WallGazer"],"picked":"OldLady","floor":2},{"not_picked":["Warcry","Body Slam"],"picked":"Flex","floor":2},{"not_picked":["SingingMachine","MHz","UniverseFragment"],"picked":"Singing Bowl","floor":3},{"not_picked":["BigBadWolf","WallGazer"],"picked":"BeautyBeast","floor":3},{"not_picked":["Inflame","Cleave"],"picked":"Infernal Blade","floor":3},{"not_picked":["ShyLook","Laetitia","OSAHOGD"],"picked":"Singing Bowl","floor":4},{"not_picked":["MHz","UniverseFragment"],"picked":"DespairKnight","floor":4},{"not_picked":["Anger","Clash","Body Slam"],"picked":"SKIP","floor":4},{"not_picked":["Anger","Clash","Body Slam"],"picked":"SKIP","floor":4},{"not_picked":["Anger","Clash"],"picked":"Body Slam","floor":4},{"not_picked":["Scarecrow","MeatLantern"],"picked":"BlackSwan","floor":5},{"not_picked":["Armaments","Warcry"],"picked":"Body Slam","floor":5},{"not_picked":["ShyLook","PunishingBird","Murderer"],"picked":"Singing Bowl","floor":6},{"not_picked":["Alriune","MeatLantern"],"picked":"LaLuna","floor":6},{"not_picked":["Double Tap","Brutality"],"picked":"Offering","floor":6},{"not_picked":["PunishingBird","GreedKing"],"picked":"RedShoes","floor":7},{"not_picked":["Perfected Strike","Havoc"],"picked":"Thunderclap","floor":7},{"not_picked":["MHz","GreedKing"],"picked":"Scarecrow","floor":8},{"not_picked":["Body Slam","Wild Strike","Flame Barrier"],"picked":"Singing Bowl","floor":8},{"not_picked":["Laetitia","MHz"],"picked":"Bloodbath","floor":11},{"not_picked":["Twin Strike","Havoc","Battle Trance"],"picked":"Singing Bowl","floor":11},{"not_picked":["WallGazer","CrumblingArmor"],"picked":"OSAHOGD","floor":12},{"not_picked":["Feel No Pain","Uppercut"],"picked":"Wild Strike","floor":12},{"not_picked":["MHz","WallGazer","OldLady"],"picked":"Singing Bowl","floor":14},{"not_picked":["ShyLook","BigBadWolf"],"picked":"QueenOfHatred","floor":14},{"not_picked":["Wild Strike","Whirlwind","Clothesline"],"picked":"Singing Bowl","floor":14}],"player_experience":333363,"relics_obtained":[{"floor":6,"key":"Gremlin Horn"},{"floor":8,"key":"Singing Bowl"},{"floor":9,"key":"Tiny Chest"}],"event_choices":[],"is_beta":false,"boss_relics":[],"items_purged_floors":[],"is_endless":false,"potions_floor_spawned":[1,6,7],"killed_by":"The Guardian","ascension_level":0}}