{"host":"1bqbj1s4pyvm9utn","time":1608855325,"event":{"mods":["AchievementEnabler","Aspiration","Bard","BaseMod","Beaked The Cultist","Better Altar","Better Match","Better Note","Better Sensory Stone","Better Skull","Better Third Choice","BetterRewards","CCEM","Clawfect","Colored Map","Conspire","Downfall","GifTheSpireLib","Halation","Hermit","Highlight Path","Humility","Infinite Spire","Jedi Mod","Jorbs\u0027s Wanderer Trilogy","Mad Scientist","Marisa????????","Mimic Mod","Minty Spire (QoL Compilation)","Permanent Neow","Replay The Spire","Shade Mod","Shop Mod","Spicy Shops","StSLib","Stuff the Spire","The Animator","The Bug Knight","The Construct","The Cursed","The Disciple","The Gatherer","The Hierophant","The Jungle","The Mystic","The Necromancer","The Runesmith","The Servant 0.9.4","Unceasing Turn Reminder","everything is the same but u backflip on backflip","slay the spire mod where everything is the same but ironclad has a cowboy hat","vexMod"],"gold_per_floor":[116,128,6,6,6,6,6,38,65,65,95,150,205,260,260,278,278],"floor_reached":16,"playtime":1321,"items_purged":[],"score":98,"play_id":"bf369772-33e2-495b-a9c7-3a1fd093a7ac","local_time":"20201224161525","is_ascension_mode":false,"campfire_choices":[{"data":"6A","floor":7,"key":"SMITH"},{"data":"MasterSpark","floor":10,"key":"SMITH"},{"floor":15,"key":"REST"}],"circlet_count":0,"master_deck":["Strike_MRS","Strike_MRS","Strike_MRS","Strike_MRS","Defend_MRS","Defend_MRS","Defend_MRS","Defend_MRS","MasterSpark+1","UpSweep","CurseOfTheBell","DC","FinalSpark+1","6A+1","Injury","SuperPerseids","MysteriousBeam","DoubleSpark","WitchOfGreed"],"relics":["MiniHakkero","vexMod:TanglingVine","Calling Bell","Boot","beaked:ShinyBauble","halation:Trompette","Replay:Bandana","Golden Idol","InkBottle","halation:SelfBoilingWater"],"acts_visited":["Exordium"],"potions_floor_usage":[8,12,12,14,14,14],"damage_taken":[{"damage":22,"enemies":"Jaw Worm","floor":1,"turns":5},{"damage":8,"enemies":"2 Louse","floor":2,"turns":2},{"damage":2,"enemies":"Cultist","floor":8,"turns":3},{"damage":22,"enemies":"conspire:2 RoseBushes","floor":11,"turns":3},{"damage":21,"enemies":"3 Sentries","floor":12,"turns":4},{"damage":20,"enemies":"conspire:MimicChest","floor":14,"turns":4},{"damage":43,"enemies":"The Guardian","floor":16,"turns":4}],"seed_played":"7952209184599251146","potions_obtained":[{"floor":1,"key":"Adrenaline Potion"},{"floor":8,"key":"SteroidPotion"},{"floor":11,"key":"Block Potion"},{"floor":13,"key":"Languid Potion"},{"floor":13,"key":"PowerPotion"},{"floor":13,"key":"jedi:hoardpotion"},{"floor":14,"key":"Fruit Juice"}],"is_trial":false,"path_per_floor":["M","M","$","?","$","?","R","M","T","R","M","E","?","?","R","B"],"character_chosen":"MARISA","items_purchased":["Replay:Bandana","6A"],"campfire_rested":1,"item_purchase_floors":[3,3],"current_hp_per_floor":[53,55,55,55,55,55,55,63,63,63,51,30,30,15,39,0,0],"gold":278,"neow_bonus":"DOUBLE_BOSS_RELIC","is_daily":false,"chose_seed":false,"campfire_upgraded":2,"win_rate":0.0,"timestamp":1608855325,"path_taken":["M","M","$","?","?","?","R","M","T","R","?","E","?","?","R","BOSS"],"items_purchased_type":["Relic","Card"],"build_version":"2020-12-22","purchased_purges":0,"victory":false,"max_hp_per_floor":[75,75,75,75,75,75,75,75,75,75,75,75,75,80,80,80,80],"card_choices":[{"not_picked":["AlicesGift","AsteroidBelt"],"picked":"DC","floor":1},{"not_picked":["DarkMatter","LuminesStrike"],"picked":"FinalSpark","floor":2},{"not_picked":["PowerUp","DeepEcoloBomb","GrandCross"],"picked":"SKIP","floor":8},{"not_picked":["GravityBeat","ChargeUpSpray"],"picked":"SuperPerseids","floor":11},{"not_picked":["6A","ShootTheMoon"],"picked":"MysteriousBeam","floor":12},{"not_picked":["GalacticHalo","6A"],"picked":"DoubleSpark","floor":13},{"not_picked":["OneTimeOff","SporeBomb"],"picked":"WitchOfGreed","floor":14}],"player_experience":884236,"relics_obtained":[{"floor":0,"key":"Boot"},{"floor":0,"key":"beaked:ShinyBauble"},{"floor":0,"key":"halation:Trompette"},{"floor":12,"key":"InkBottle"},{"floor":14,"key":"halation:SelfBoilingWater"}],"event_choices":[{"damage_healed":0,"gold_gain":0,"player_choice":"Take Wound","damage_taken":0,"relics_obtained":["Golden Idol"],"max_hp_gain":0,"max_hp_loss":0,"event_name":"Golden Idol","floor":4,"gold_loss":0,"cards_obtained":["Injury"]},{"damage_healed":0,"gold_gain":0,"player_choice":"Forge","damage_taken":0,"max_hp_gain":0,"max_hp_loss":0,"event_name":"Accursed Blacksmith","floor":6,"gold_loss":0,"cards_upgraded":["FinalSpark"]}],"is_beta":false,"boss_relics":[],"items_purged_floors":[],"is_endless":false,"potions_floor_spawned":[1,8,11,14],"killed_by":"The Guardian","ascension_level":0}}