{"host":"xb2tau8pgi8aflss","time":1608903813,"event":{"mods":["AchievementEnabler","BaseMod","Hermit","Minty Spire (QoL Compilation)","StSLib","SuperFastMode"],"gold_per_floor":[14,32,51,61,61,61,86,86,86,102,67,84,109,34,34,144,144,160,173,100,100,111,144,144,162,187,187,192,192],"floor_reached":28,"playtime":1196,"items_purged":["hermit:Strike_Hermit"],"score":361,"play_id":"19e77e7c-b6a9-4c69-a3a0-2c00ddf30837","local_time":"20201225224333","is_ascension_mode":true,"campfire_choices":[{"data":"hermit:Dive","floor":6,"key":"SMITH"},{"floor":8,"key":"REST"},{"floor":15,"key":"REST"},{"floor":24,"key":"REST"}],"circlet_count":0,"master_deck":["hermit:Snapshot","hermit:Covet","hermit:Determination","hermit:LoneWolf","hermit:GoldenBullet","hermit:WideOpen","hermit:Combo","hermit:Dive+1","hermit:Vantage","hermit:Coalescence","hermit:EyeOfTheStorm","hermit:Scavenge","hermit:Snipe","hermit:SprayPray","hermit:Misfire","hermit:BlackWind","hermit:GoldenBullet","hermit:Deadeye","hermit:BigShot","hermit:PistolWhip","hermit:TakeAim","hermit:RoundhouseKick","hermit:EyeOfTheStorm+1","hermit:Gestalt+1","hermit:CalledShot+1"],"relics":["hermit:Momento","Prayer Wheel","Singing Bowl","Matryoshka","Pandora\u0027s Box","Art of War","Dream Catcher","Blood Vial","Pantograph"],"acts_visited":["Exordium","TheCity"],"potions_floor_usage":[7,23,28,28],"damage_taken":[{"damage":0,"enemies":"Cultist","floor":1,"turns":4},{"damage":5,"enemies":"Small Slimes","floor":2,"turns":3},{"damage":12,"enemies":"Jaw Worm","floor":3,"turns":2},{"damage":27,"enemies":"Exordium Wildlife","floor":4,"turns":4},{"damage":21,"enemies":"Lagavulin","floor":7,"turns":12},{"damage":17,"enemies":"Large Slime","floor":10,"turns":5},{"damage":0,"enemies":"2 Fungi Beasts","floor":12,"turns":4},{"damage":8,"enemies":"Red Slaver","floor":13,"turns":5},{"damage":0,"enemies":"The Guardian","floor":16,"turns":10},{"damage":24,"enemies":"Shell Parasite","floor":18,"turns":6},{"damage":12,"enemies":"3 Byrds","floor":19,"turns":4},{"damage":0,"enemies":"Snake Plant","floor":22,"turns":2},{"damage":54,"enemies":"Slavers","floor":23,"turns":5},{"damage":2,"enemies":"Snecko","floor":25,"turns":4},{"damage":55,"enemies":"Book of Stabbing","floor":28,"turns":4}],"seed_played":"9128060693602230046","potions_obtained":[{"floor":3,"key":"GamblersBrew"},{"floor":4,"key":"BlessingOfTheForge"},{"floor":5,"key":"hermit:BlackBile"},{"floor":5,"key":"SkillPotion"},{"floor":7,"key":"hermit:Tonic"},{"floor":25,"key":"Regen Potion"}],"is_trial":false,"path_per_floor":["M","M","M","M","?","R","E","R","T","M","$","M","M","$","R","B",null,"M","M","$","?","M","E","R","M","T","T","E"],"character_chosen":"HERMIT","items_purchased":["hermit:Scavenge","hermit:TakeAim"],"campfire_rested":3,"item_purchase_floors":[11,20],"current_hp_per_floor":[75,70,58,31,31,31,10,32,32,17,17,21,15,15,39,41,85,65,57,57,57,57,5,33,33,33,33,0,0],"gold":192,"neow_bonus":"ONE_RARE_RELIC","is_daily":false,"chose_seed":false,"campfire_upgraded":1,"win_rate":0.0,"timestamp":1608903813,"path_taken":["M","M","M","M","?","R","E","R","T","M","$","?","M","$","R","BOSS","M","M","$","?","M","E","R","M","T","?","E"],"items_purchased_type":["Card","Card"],"build_version":"2020-12-22","purchased_purges":1,"victory":false,"max_hp_per_floor":[75,75,75,75,75,75,75,75,75,77,77,81,83,83,83,85,85,89,93,93,93,93,95,95,97,97,97,97,97],"card_choices":[{"not_picked":["hermit:Glare","hermit:Virtue"],"picked":"hermit:Determination","floor":1},{"not_picked":["hermit:Showdown","hermit:ShadowCloak"],"picked":"hermit:LoneWolf","floor":1},{"not_picked":["hermit:Headshot","hermit:FlashPowder"],"picked":"hermit:GoldenBullet","floor":2},{"not_picked":["hermit:Headshot","hermit:HoleUp"],"picked":"hermit:WideOpen","floor":2},{"not_picked":["hermit:SprayPray","hermit:Manifest"],"picked":"hermit:Combo","floor":3},{"not_picked":["hermit:BodyArmor","hermit:Misfire","hermit:Shortfuse"],"picked":"SKIP","floor":3},{"not_picked":["hermit:BodyArmor","hermit:Misfire"],"picked":"hermit:Dive","floor":4},{"not_picked":["hermit:FlashPowder","hermit:Desperado"],"picked":"hermit:Vantage","floor":4},{"not_picked":["hermit:Ricochet","hermit:Purgatory"],"picked":"hermit:Coalescence","floor":7},{"not_picked":["hermit:Shortfuse","hermit:LowProfile","hermit:TrackingShot"],"picked":"Singing Bowl","floor":10},{"not_picked":["hermit:Combo","hermit:Grudge"],"picked":"hermit:EyeOfTheStorm","floor":10},{"not_picked":["hermit:Horror","hermit:Midnight","hermit:Headshot"],"picked":"Singing Bowl","floor":12},{"not_picked":["hermit:TakeCover","hermit:WideOpen","hermit:Vantage"],"picked":"Singing Bowl","floor":12},{"not_picked":["hermit:Feint","hermit:TrackingShot"],"picked":"hermit:Snipe","floor":13},{"not_picked":["hermit:Glare","hermit:Misfire","hermit:Midnight"],"picked":"Singing Bowl","floor":13},{"not_picked":["hermit:Purgatory","hermit:Magnum","hermit:HighNoon"],"picked":"Singing Bowl","floor":16},{"not_picked":["hermit:Determination","hermit:LowProfile+1","hermit:Glare+1"],"picked":"Singing Bowl","floor":18},{"not_picked":["hermit:DeadMansHand","hermit:SprayPray","hermit:HighCaliber"],"picked":"Singing Bowl","floor":18},{"not_picked":["hermit:GoldenBullet","hermit:Vantage","hermit:LoneWolf"],"picked":"Singing Bowl","floor":19},{"not_picked":["hermit:Ricochet","hermit:Showdown","hermit:Manifest"],"picked":"Singing Bowl","floor":19},{"not_picked":["hermit:BlackWind","hermit:ItchyTrigger"],"picked":"hermit:EyeOfTheStorm+1","floor":22},{"not_picked":["hermit:Malice+1","hermit:FlashPowder+1"],"picked":"hermit:Gestalt+1","floor":22},{"not_picked":["hermit:TrackingShot","hermit:CalledShot","hermit:BigShot"],"picked":"Singing Bowl","floor":23},{"not_picked":["hermit:Cheat","hermit:Midnight+1"],"picked":"hermit:CalledShot+1","floor":25},{"not_picked":["hermit:Roulette+1","hermit:Showdown","hermit:Spite+1"],"picked":"Singing Bowl","floor":25}],"player_experience":761769,"relics_obtained":[{"floor":7,"key":"Singing Bowl"},{"floor":9,"key":"Matryoshka"},{"floor":23,"key":"Art of War"},{"floor":26,"key":"Dream Catcher"},{"floor":27,"key":"Blood Vial"},{"floor":27,"key":"Pantograph"}],"event_choices":[{"damage_healed":0,"gold_gain":0,"player_choice":"Got Potions","damage_taken":0,"max_hp_gain":0,"max_hp_loss":0,"event_name":"Lab","floor":5,"gold_loss":0},{"damage_healed":0,"gold_gain":0,"player_choice":"Read","damage_taken":0,"max_hp_gain":0,"max_hp_loss":0,"event_name":"The Library","floor":21,"gold_loss":0,"cards_obtained":["hermit:RoundhouseKick"]}],"is_beta":false,"boss_relics":[{"not_picked":["hermit:DentedPlate","Ectoplasm"],"picked":"Pandora\u0027s Box"}],"items_purged_floors":[14],"is_endless":false,"potions_floor_spawned":[3,4,7,12,13,22,25],"killed_by":"Book of Stabbing","ascension_level":3}}