{"host":"m6aaltr68g9tvoay","time":1608863095,"event":{"mods":["AchievementEnabler","BaseMod","Colored Map","Minty Spire (QoL Compilation)","StSLib"],"gold_per_floor":[114,114,129,144,159,159,189,189,189,219,294,324,324,339,339,439,439,454,454,86,185,35,35,65,65,115,145,70,70,100,100,100,200,200,215,52,52,77,77,107,107,146,146,146,146,71,71,101,101,101],"floor_reached":51,"playtime":1684,"items_purged":[],"score":949,"play_id":"2c9ae8f7-d2d0-4343-a6e0-6014f3104d18","local_time":"20201224182455","daily_mods":["Draft","Hoarder","Elite Swarm"],"is_ascension_mode":false,"campfire_choices":[{"data":"Seeing Red","floor":6,"key":"SMITH"},{"data":"Seeing Red","floor":8,"key":"SMITH"},{"floor":13,"key":"REST"},{"floor":15,"key":"REST"},{"data":"Seeing Red","floor":23,"key":"SMITH"},{"floor":25,"key":"REST"},{"data":"Havoc","floor":32,"key":"SMITH"},{"data":"Havoc","floor":41,"key":"SMITH"},{"data":"1","floor":44,"key":"LIFT"},{"data":"2","floor":47,"key":"LIFT"},{"floor":49,"key":"REST"}],"circlet_count":0,"master_deck":["Havoc+1","Havoc+1","Havoc","Seeing Red+1","Seeing Red+1","Seeing Red+1","Flame Barrier","Flame Barrier","Flame Barrier","Heavy Blade","Heavy Blade","Heavy Blade","Clothesline","Clothesline","Clothesline","Cleave","Cleave","Cleave","Clash+1","Clash","Clash","Flex","Flex","Flex","Combust","Combust","Combust","Clash","Clash","Clash","Thunderclap","Thunderclap","Thunderclap","Dropkick","Dropkick","Dropkick","Havoc","Havoc","Havoc","Disarm","Disarm","Disarm","Clash","Clash","Clash","Decay","Decay","Decay","Fiend Fire","Fiend Fire+1","Fiend Fire","Reaper","Reaper","Reaper","Bandage Up","Bandage Up","Bandage Up","Juggernaut","Juggernaut","Juggernaut"],"relics":["Burning Blood","Vajra","Pear","Potion Belt","InkBottle","Black Star","MutagenicStrength","Membership Card","Juzu Bracelet","Ancient Tea Set","Champion Belt","Red Skull","CeramicFish","HornCleat","Magic Flower","Toy Ornithopter","CaptainsWheel","Blue Candle","Busted Crown","Self Forming Clay","Bronze Scales","Orichalcum","Anchor","Girya","Du-Vu Doll","Whetstone","Omamori","Strawberry","Torii"],"acts_visited":["Exordium","TheCity","TheBeyond"],"potions_floor_usage":[16,27,27,30,30,33,48,50],"damage_taken":[{"damage":0,"enemies":"Small Slimes","floor":1,"turns":2},{"damage":6,"enemies":"Cultist","floor":3,"turns":3},{"damage":0,"enemies":"2 Louse","floor":4,"turns":1},{"damage":4,"enemies":"Large Slime","floor":5,"turns":3},{"damage":19,"enemies":"3 Sentries","floor":7,"turns":3},{"damage":18,"enemies":"Gremlin Nob","floor":10,"turns":4},{"damage":19,"enemies":"Lagavulin","floor":12,"turns":4},{"damage":18,"enemies":"Exordium Wildlife","floor":14,"turns":4},{"damage":21,"enemies":"Slime Boss","floor":16,"turns":7},{"damage":20,"enemies":"Shell Parasite","floor":18,"turns":3},{"damage":46,"enemies":"Gremlin Leader","floor":24,"turns":7},{"damage":54,"enemies":"Book of Stabbing","floor":27,"turns":5},{"damage":42,"enemies":"Slavers","floor":30,"turns":4},{"damage":98,"enemies":"Champ","floor":33,"turns":12},{"damage":5,"enemies":"3 Darklings","floor":35,"turns":4},{"damage":44,"enemies":"Reptomancer","floor":40,"turns":6},{"damage":2,"enemies":"Nemesis","floor":42,"turns":3},{"damage":23,"enemies":"Reptomancer","floor":48,"turns":5},{"damage":43,"enemies":"Donu and Deca","floor":50,"turns":7}],"seed_played":"-567031674859551473","potions_obtained":[{"floor":4,"key":"SteroidPotion"},{"floor":5,"key":"ColorlessPotion"},{"floor":7,"key":"Energy Potion"},{"floor":14,"key":"FearPotion"},{"floor":16,"key":"Regen Potion"},{"floor":27,"key":"LiquidMemories"},{"floor":33,"key":"SkillPotion"},{"floor":35,"key":"Swift Potion"}],"is_trial":false,"path_per_floor":["M","?","M","M","M","R","E","R","T","E","?","E","R","M","R","B",null,"M","?","$","?","$","R","E","R","T","E","$","?","E","?","R","B",null,"M","$","?","T","?","E","R","E","T","R","?","$","R","E","R","B",null],"character_chosen":"IRONCLAD","items_purchased":["Membership Card","Juzu Bracelet","Ancient Tea Set","Block Potion","Bandage Up","Champion Belt","Toy Ornithopter","Self Forming Clay","EssenceOfSteel","Omamori"],"campfire_rested":4,"item_purchase_floors":[20,20,20,20,20,22,28,36,36,46],"current_hp_per_floor":[80,80,80,80,80,80,67,67,77,65,54,41,68,57,84,78,90,83,83,83,83,83,83,58,85,85,46,46,46,84,90,90,17,90,90,90,85,85,85,76,76,85,85,85,85,85,85,79,92,70],"gold":101,"neow_bonus":"","is_daily":true,"chose_seed":false,"campfire_upgraded":5,"win_rate":0.0,"timestamp":1608863095,"path_taken":["M","?","M","M","?","R","E","R","T","E","?","E","R","M","R","BOSS","M","?","$","?","$","R","E","R","T","E","?","?","E","?","R","BOSS","M","$","?","?","?","E","R","E","T","R","?","$","R","E","R","BOSS"],"items_purchased_type":["Relic","Relic","Relic","Potion","Card","Relic","Relic","Relic","Potion","Relic"],"build_version":"2020-12-22","purchased_purges":0,"victory":true,"max_hp_per_floor":[80,80,80,80,80,80,80,80,90,90,90,90,90,90,90,90,90,90,90,90,90,90,90,90,90,90,90,90,90,90,90,90,90,90,90,90,85,85,85,85,85,85,85,85,85,85,85,92,92,92],"card_choices":[{"not_picked":["Iron Wave","Warcry"],"picked":"Havoc","floor":0},{"not_picked":["Reckless Charge","Pommel Strike"],"picked":"Seeing Red","floor":0},{"not_picked":["Searing Blow","Thunderclap"],"picked":"Flame Barrier","floor":0},{"not_picked":["Sentinel","Iron Wave"],"picked":"Heavy Blade","floor":0},{"not_picked":["Heavy Blade","Bloodletting"],"picked":"Clothesline","floor":0},{"not_picked":["Dual Wield","Heavy Blade"],"picked":"Cleave","floor":0},{"not_picked":["Cleave","Heavy Blade"],"picked":"Clash","floor":0},{"not_picked":["Power Through","Shrug It Off"],"picked":"Flex","floor":0},{"not_picked":["Heavy Blade","Seeing Red"],"picked":"Combust","floor":0},{"not_picked":["Armaments","Sword Boomerang"],"picked":"Clash","floor":0},{"not_picked":["Seeing Red","Perfected Strike"],"picked":"Thunderclap","floor":0},{"not_picked":["Wild Strike","Dual Wield"],"picked":"Dropkick","floor":0},{"not_picked":["Iron Wave","Cleave"],"picked":"Havoc","floor":0},{"not_picked":["Havoc","Body Slam"],"picked":"Disarm","floor":0},{"not_picked":["Armaments","Rupture"],"picked":"Clash","floor":0},{"not_picked":["Thunderclap","Combust","Sentinel"],"picked":"SKIP","floor":1},{"not_picked":["Entrench","Shrug It Off","Heavy Blade"],"picked":"SKIP","floor":3},{"not_picked":["Shrug It Off","Seeing Red","Heavy Blade"],"picked":"SKIP","floor":4},{"not_picked":["Clothesline","Searing Blow","Heavy Blade"],"picked":"SKIP","floor":5},{"not_picked":["Impervious","Exhume","Limit Break"],"picked":"SKIP","floor":7},{"not_picked":["Offering","Reaper"],"picked":"Fiend Fire","floor":10},{"not_picked":["Impervious","Limit Break"],"picked":"Reaper","floor":12},{"not_picked":["Anger","Sever Soul","Metallicize"],"picked":"SKIP","floor":14},{"not_picked":["Disarm","Dual Wield+1","Sword Boomerang"],"picked":"SKIP","floor":18},{"not_picked":["Impervious","Offering","Barricade"],"picked":"SKIP","floor":24},{"not_picked":["Corruption","Exhume","Juggernaut"],"picked":"SKIP","floor":27},{"not_picked":["Brutality","Offering","Immolate"],"picked":"SKIP","floor":30},{"not_picked":["Anger+1"],"picked":"SKIP","floor":35},{"not_picked":["Berserk"],"picked":"SKIP","floor":40},{"not_picked":[],"picked":"Juggernaut","floor":42},{"not_picked":["Impervious"],"picked":"SKIP","floor":48}],"player_experience":1310362,"relics_obtained":[{"floor":7,"key":"Vajra"},{"floor":9,"key":"Pear"},{"floor":10,"key":"Potion Belt"},{"floor":12,"key":"InkBottle"},{"floor":24,"key":"Red Skull"},{"floor":26,"key":"CeramicFish"},{"floor":27,"key":"HornCleat"},{"floor":27,"key":"Magic Flower"},{"floor":30,"key":"CaptainsWheel"},{"floor":30,"key":"Blue Candle"},{"floor":38,"key":"Bronze Scales"},{"floor":40,"key":"Orichalcum"},{"floor":40,"key":"Anchor"},{"floor":42,"key":"Girya"},{"floor":42,"key":"Du-Vu Doll"},{"floor":43,"key":"Whetstone"},{"floor":48,"key":"Strawberry"},{"floor":48,"key":"Torii"}],"event_choices":[{"damage_healed":0,"gold_gain":0,"player_choice":"Cursed","damage_taken":0,"max_hp_gain":0,"max_hp_loss":0,"event_name":"Wheel of Change","floor":2,"gold_loss":0,"cards_obtained":["Decay"]},{"damage_healed":0,"gold_gain":75,"player_choice":"Gather Gold","damage_taken":11,"max_hp_gain":0,"max_hp_loss":0,"event_name":"World of Goop","floor":11,"gold_loss":0},{"damage_healed":0,"gold_gain":0,"player_choice":"Inject Mutagens","damage_taken":0,"relics_obtained":["MutagenicStrength"],"max_hp_gain":0,"max_hp_loss":0,"event_name":"Drug Dealer","floor":19,"gold_loss":0},{"damage_healed":0,"gold_gain":99,"player_choice":"Stole From Cult","damage_taken":0,"max_hp_gain":0,"max_hp_loss":0,"event_name":"Nest","floor":21,"gold_loss":0},{"damage_healed":30,"gold_gain":0,"player_choice":"Heal","damage_taken":0,"max_hp_gain":0,"max_hp_loss":0,"event_name":"The Library","floor":31,"gold_loss":0},{"damage_healed":0,"gold_gain":0,"player_choice":"Max HP","damage_taken":0,"max_hp_gain":0,"max_hp_loss":5,"event_name":"Winding Halls","floor":37,"gold_loss":0},{"damage_healed":0,"gold_gain":0,"player_choice":"Ignored","damage_taken":0,"max_hp_gain":0,"max_hp_loss":0,"event_name":"SecretPortal","floor":39,"gold_loss":0},{"damage_healed":0,"gold_gain":0,"player_choice":"Ignored","damage_taken":0,"max_hp_gain":0,"max_hp_loss":0,"event_name":"Mysterious Sphere","floor":45,"gold_loss":0}],"is_beta":false,"boss_relics":[{"not_picked":["SacredBark","Astrolabe"],"picked":"Black Star"},{"not_picked":["Cursed Key","Coffee Dripper"],"picked":"Busted Crown"}],"items_purged_floors":[],"is_endless":false,"potions_floor_spawned":[4,5,7,14,16,27,33,35],"ascension_level":0}}