{"host":"me5zrznhexxkd3qy","time":1608917060,"event":{"mods":["2.2 Compatiblity","AchievementEnabler","BaseMod","Colored Map","Colored Powertips","Highlight Path","Minty Spire (QoL Compilation)","Replay The Spire","StSLib","The Animator","Waifu the Spire"],"gold_per_floor":[114,114,189,202,72,92,108,128,128,159,184,199,199,279,279,405,405,418,418,418,438,456,456,456,456,456,500,549,464,477,515,553,576,576,576,576],"floor_reached":35,"playtime":1452,"items_purged":["Injury"],"score":297,"play_id":"86b9d000-e347-4b2d-81d8-218794d9b603","local_time":"20201225092420","is_ascension_mode":false,"campfire_choices":[{"floor":13,"key":"REST"},{"floor":15,"key":"REST"},{"floor":23,"key":"REST"},{"floor":26,"key":"RECALL"},{"data":"Bludgeon","floor":34,"key":"SMITH"},{"data":"Perfected Strike","floor":34,"key":"SMITH"}],"circlet_count":0,"master_deck":["Strike_R+1","Strike_R","Strike_R","Strike_R","Defend_R","Defend_R","Defend_R+1","Defend_R","Bash","Bludgeon+1","ReplayTheSpireMod:Limb From Limb","Perfected Strike+1","Life Link","Life Link","Ghostly Armor","Headbutt","Carnage","Ghostly Armor","Shrug It Off","Twin Strike","Demonic Infusion","Heavy Blade","RitualDagger","Clash","Armaments+1","Shrug It Off","Run Through+1","Whirlwind","ReplayTheSpireMod:Splinters","Iron Wave+1","Thunderclap","Rage"],"relics":["Burning Blood","Golden Idol","Vajra","Odd Mushroom","Shuriken","Mark of Pain","CaptainsWheel","ReplayTheSpireMod:Spearhead","Dream Catcher","Replay:Arrowhead","Simple Rune"],"acts_visited":["Exordium","TheCity"],"potions_floor_usage":[16,32,32,32],"damage_taken":[{"damage":11,"enemies":"2 Louse","floor":1,"turns":4},{"damage":6,"enemies":"Jaw Worm","floor":4,"turns":3},{"damage":0,"enemies":"Cultist","floor":6,"turns":2},{"damage":4,"enemies":"Blue Slaver","floor":7,"turns":4},{"damage":7,"enemies":"Exordium Wildlife","floor":8,"turns":2},{"damage":29,"enemies":"Gremlin Nob","floor":10,"turns":4},{"damage":36,"enemies":"The Mushroom Lair","floor":11,"turns":4},{"damage":9,"enemies":"3 Louse","floor":12,"turns":3},{"damage":30,"enemies":"Hexaghost","floor":16,"turns":9},{"damage":30,"enemies":"2 Thieves","floor":18,"turns":3},{"damage":5,"enemies":"Chosen","floor":21,"turns":3},{"damage":21,"enemies":"Snake Plant","floor":22,"turns":3},{"damage":33,"enemies":"Replay:Snechameleon","floor":27,"turns":6},{"damage":28,"enemies":"Shelled Parasite and Fungi","floor":30,"turns":6},{"damage":9,"enemies":"Book of Stabbing","floor":32,"turns":4},{"damage":0,"enemies":"Centurion and Healer","floor":33,"turns":4},{"damage":14,"enemies":"Automaton","floor":35,"turns":2}],"seed_played":"-6908427213293050981","potions_obtained":[{"floor":1,"key":"FearPotion"},{"floor":6,"key":"ColorlessPotion"},{"floor":11,"key":"BlessingOfTheForge"},{"floor":16,"key":"Weak Potion"},{"floor":32,"key":"Swift Potion"},{"floor":33,"key":"LiquidBronze"}],"is_trial":false,"path_per_floor":["M","?","?","M","$","M","M","M","T","E","?","M","R","T","R","B",null,"M","?","?","M","M","R","PTL","PTL","R","E","T","?","M","?","E","M","R_BF","B"],"character_chosen":"IRONCLAD","items_purchased":["Life Link"],"campfire_rested":3,"item_purchase_floors":[5],"current_hp_per_floor":[75,75,64,64,64,70,72,71,71,48,18,15,39,39,63,39,80,56,50,50,51,36,60,60,60,60,33,33,33,11,11,8,14,14,0,0],"gold":576,"neow_bonus":"TRANSFORM_CARD","is_daily":false,"chose_seed":false,"campfire_upgraded":2,"win_rate":0.0,"timestamp":1608917060,"path_taken":["M","?","?","M","?","M","?","M","T","E","?","M","R","?","R","BOSS","M","?","?","M","?","R","PTL","PTL","R","E","T","?","M","?","E","M","R_BF","BOSS"],"items_purchased_type":["Card"],"build_version":"2020-12-22","purchased_purges":1,"victory":false,"max_hp_per_floor":[80,80,80,80,80,80,80,80,80,80,80,80,80,80,80,80,80,80,80,80,80,80,80,80,80,80,80,80,80,80,80,80,80,80,80,80],"card_choices":[{"not_picked":["Spot Weakness","Heavy Blade"],"picked":"ReplayTheSpireMod:Limb From Limb","floor":1},{"not_picked":["Run Through","Body Slam"],"picked":"Perfected Strike","floor":4},{"not_picked":["Pummel","Warcry"],"picked":"Ghostly Armor","floor":6},{"not_picked":["Body Slam","Anger"],"picked":"Headbutt","floor":7},{"not_picked":["Run Through","Reckless Charge"],"picked":"Carnage","floor":8},{"not_picked":["Reaper","Thunderclap"],"picked":"Ghostly Armor","floor":10},{"not_picked":["Burning Pact","True Grit"],"picked":"Shrug It Off","floor":11},{"not_picked":["True Grit","Ghostly Armor"],"picked":"Twin Strike","floor":12},{"not_picked":["Brutality","Corruption"],"picked":"Demonic Infusion","floor":16},{"not_picked":["Pommel Strike","True Grit"],"picked":"Heavy Blade","floor":18},{"not_picked":["ReplayTheSpireMod:Corrosion Curse","True Grit+1"],"picked":"Armaments+1","floor":21},{"not_picked":["Blood for Blood","Fire Breathing"],"picked":"Shrug It Off","floor":22},{"not_picked":["Fire Breathing","Body Slam"],"picked":"Run Through+1","floor":27},{"not_picked":["Feel No Pain","Combust"],"picked":"Whirlwind","floor":30},{"not_picked":["Perfected Strike","Pummel"],"picked":"Iron Wave+1","floor":31},{"not_picked":["Blood for Blood","Sever Soul"],"picked":"Thunderclap","floor":32},{"not_picked":["Sword Boomerang+1","Shrug It Off"],"picked":"Rage","floor":33}],"player_experience":8062,"relics_obtained":[{"floor":10,"key":"Vajra"},{"floor":11,"key":"Odd Mushroom"},{"floor":14,"key":"Shuriken"},{"floor":27,"key":"CaptainsWheel"},{"floor":28,"key":"ReplayTheSpireMod:Spearhead"},{"floor":31,"key":"Replay:Arrowhead"},{"floor":32,"key":"Simple Rune"}],"event_choices":[{"damage_healed":0,"gold_gain":0,"player_choice":"Take Wound","damage_taken":0,"relics_obtained":["Golden Idol"],"max_hp_gain":0,"max_hp_loss":0,"event_name":"Golden Idol","floor":2,"gold_loss":0,"cards_obtained":["Injury"]},{"damage_healed":0,"gold_gain":75,"player_choice":"Gather Gold","damage_taken":11,"max_hp_gain":0,"max_hp_loss":0,"event_name":"World of Goop","floor":3,"gold_loss":0},{"damage_healed":0,"gold_gain":0,"player_choice":"Fought Mushrooms","damage_taken":0,"max_hp_gain":0,"max_hp_loss":0,"event_name":"Mushrooms","floor":11,"gold_loss":0},{"damage_healed":0,"gold_gain":0,"player_choice":"Joined the Cult","damage_taken":6,"max_hp_gain":0,"max_hp_loss":0,"event_name":"Nest","floor":19,"gold_loss":0,"cards_obtained":["RitualDagger"]},{"damage_healed":0,"gold_gain":0,"player_choice":"1 cards matched","damage_taken":0,"max_hp_gain":0,"max_hp_loss":0,"event_name":"Match and Keep!","floor":20,"gold_loss":0,"cards_obtained":["Clash"]},{"damage_healed":0,"gold_gain":0,"player_choice":"Obtained Relic","damage_taken":0,"relics_obtained":["Dream Catcher"],"max_hp_gain":0,"max_hp_loss":0,"event_name":"Addict","floor":29,"gold_loss":85}],"is_beta":false,"boss_relics":[{"not_picked":["Replay:Wanted Poster","Electric Blood"],"picked":"Mark of Pain"}],"items_purged_floors":[5],"is_endless":false,"potions_floor_spawned":[1,6,11,16,18,22,32,33],"killed_by":"Automaton","ascension_level":0}}