{"host":"zig6x0mxqzam82fb","time":1608914673,"event":{"mods":["BaseMod","Block Reminder","Colored Map","Colored Powertips","Minty Spire (QoL Compilation)","Relic Stats"],"gold_per_floor":[412,432,382,382,382,408,419,419,444,457,457,22,61,88,88,202,202,229,24,46,73,73,73,94,114,194,214,214,248,273,273,273],"floor_reached":31,"playtime":1796,"items_purged":[],"score":390,"play_id":"277fc8b0-605d-43ed-a967-400778fc15a0","local_time":"20201225114433","is_ascension_mode":true,"campfire_choices":[{"floor":8,"key":"REST"},{"data":"Zap","floor":11,"key":"SMITH"},{"floor":15,"key":"REST"},{"floor":23,"key":"REST"},{"floor":28,"key":"REST"}],"circlet_count":0,"master_deck":["Strike_B","Strike_B","Strike_B","Defend_B","Defend_B","Defend_B","Defend_B","Zap+1","Dualcast+1","Streamline","Cold Snap","Electrodynamics","Auto Shields","Conserve Battery","Hologram+1","Trip+1","Coolheaded+1","Streamline","Amplify+1","Melter+1","Fusion+1","Magnetism","Steam+1","White Noise+1","Creative AI","Rebound","Turbo+1","Compile Driver+1","Conserve Battery+1"],"relics":["Cracked Core","Old Coin","Ancient Tea Set","Bag of Marbles","Omamori","Toxic Egg 2","CeramicFish","Cursed Key","Eternal Feather","MealTicket"],"acts_visited":["Exordium","TheCity"],"potions_floor_usage":[6,14,16,24,27,29,29],"damage_taken":[{"damage":2,"enemies":"2 Louse","floor":1,"turns":2},{"damage":12,"enemies":"Jaw Worm","floor":2,"turns":2},{"damage":22,"enemies":"Gremlin Nob","floor":6,"turns":4},{"damage":0,"enemies":"Small Slimes","floor":7,"turns":2},{"damage":1,"enemies":"Looter","floor":10,"turns":2},{"damage":18,"enemies":"Lagavulin","floor":13,"turns":5},{"damage":4,"enemies":"Large Slime","floor":14,"turns":2},{"damage":44,"enemies":"Hexaghost","floor":16,"turns":11},{"damage":0,"enemies":"Chosen","floor":18,"turns":4},{"damage":19,"enemies":"2 Thieves","floor":20,"turns":4},{"damage":2,"enemies":"Snake Plant","floor":21,"turns":5},{"damage":12,"enemies":"Shelled Parasite and Fungi","floor":24,"turns":4},{"damage":4,"enemies":"Centurion and Healer","floor":25,"turns":5},{"damage":12,"enemies":"Cultist and Chosen","floor":27,"turns":4},{"damage":22,"enemies":"Slavers","floor":29,"turns":4},{"damage":31,"enemies":"Snake Plant","floor":30,"turns":5},{"damage":6,"enemies":"Gremlin Leader","floor":31,"turns":1}],"seed_played":"-5024939838408267067","potions_obtained":[{"floor":1,"key":"SpeedPotion"},{"floor":2,"key":"Block Potion"},{"floor":13,"key":"Explosive Potion"},{"floor":16,"key":"Dexterity Potion"},{"floor":25,"key":"DuplicationPotion"},{"floor":27,"key":"ColorlessPotion"}],"is_trial":false,"path_per_floor":["M","M","?","?","?","E","M","R","T","M","R","$","E","M","R","B",null,"M","$","M","M","?","R","M","M","T","M","R","E","M","E"],"character_chosen":"DEFECT","items_purchased":["Toxic Egg 2","Hologram+1","Trip+1","PowerPotion","Fusion+1","Magnetism"],"campfire_rested":4,"item_purchase_floors":[12,12,12,12,19,19],"current_hp_per_floor":[66,54,54,51,51,29,29,49,49,48,48,48,30,26,46,2,52,52,52,33,31,31,51,39,35,35,23,58,36,5,0,0],"gold":273,"neow_bonus":"ONE_RARE_RELIC","is_daily":false,"chose_seed":false,"campfire_upgraded":1,"win_rate":0.0,"timestamp":1608914673,"path_taken":["M","M","?","?","?","E","M","R","T","M","R","$","E","M","R","BOSS","M","$","M","M","?","R","M","M","T","M","R","E","M","E"],"items_purchased_type":["Relic","Card","Card","Potion","Card","Card"],"build_version":"2020-12-22","purchased_purges":0,"victory":false,"max_hp_per_floor":[68,68,68,68,68,68,68,68,68,68,68,68,68,68,68,68,68,68,68,68,68,68,68,68,68,68,68,68,68,68,68,68],"relic_stats":{"counters":[17,66],"CeramicFish":117,"Eternal Feather":15,"MealTicket":0,"Cursed Key":1,"obtain_stats":[{"CeramicFish":13,"Eternal Feather":26,"MealTicket":29,"Bag of Marbles":6,"Omamori":9,"Toxic Egg 2":12,"Cracked Core":0,"Ancient Tea Set":4,"Cursed Key":17,"Old Coin":0},{"CeramicFish":6,"Eternal Feather":13,"MealTicket":15,"Bag of Marbles":3,"Omamori":4,"Toxic Egg 2":5,"Cracked Core":0,"Ancient Tea Set":2,"Cursed Key":8,"Old Coin":0},{"CeramicFish":17,"Eternal Feather":52,"MealTicket":60,"Bag of Marbles":8,"Omamori":10,"Toxic Egg 2":12,"Cracked Core":0,"Ancient Tea Set":4,"Cursed Key":30,"Old Coin":0}]},"card_choices":[{"not_picked":["Tempest","Rip and Tear"],"picked":"Streamline","floor":1},{"not_picked":["FTL","Turbo"],"picked":"Cold Snap","floor":2},{"not_picked":["Fusion","Double Energy"],"picked":"Electrodynamics","floor":6},{"not_picked":["Gash","Undo"],"picked":"Auto Shields","floor":7},{"not_picked":["Steam Power","Leap"],"picked":"Conserve Battery","floor":10},{"not_picked":["Ball Lightning","Aggregate+1"],"picked":"Coolheaded+1","floor":13},{"not_picked":["Barrage","Turbo+1"],"picked":"Streamline","floor":14},{"not_picked":["Core Surge","Machine Learning"],"picked":"Amplify+1","floor":16},{"not_picked":["Aggregate+1","Redo+1"],"picked":"Melter+1","floor":18},{"not_picked":["Fusion+1","Sweeping Beam"],"picked":"Steam+1","floor":20},{"not_picked":["Go for the Eyes","Sweeping Beam"],"picked":"White Noise+1","floor":21},{"not_picked":["Hologram+1","Cold Snap"],"picked":"Creative AI","floor":24},{"not_picked":["Double Energy+1","Barrage"],"picked":"Rebound","floor":25},{"not_picked":["Auto Shields+1","Redo+1"],"picked":"Turbo+1","floor":27},{"not_picked":["Redo+1","Beam Cell"],"picked":"Compile Driver+1","floor":29},{"not_picked":["Coolheaded+1","Rebound"],"picked":"Conserve Battery+1","floor":30}],"player_experience":322878,"relics_obtained":[{"floor":6,"key":"Bag of Marbles"},{"floor":9,"key":"Omamori"},{"floor":13,"key":"CeramicFish"},{"floor":26,"key":"Eternal Feather"},{"floor":29,"key":"MealTicket"}],"event_choices":[{"cards_removed":["Strike_B"],"damage_healed":0,"gold_gain":0,"player_choice":"Card Removal","damage_taken":0,"max_hp_gain":0,"max_hp_loss":0,"event_name":"The Cleric","floor":3,"gold_loss":50},{"damage_healed":0,"gold_gain":0,"player_choice":"Success","damage_taken":3,"relics_obtained":["Ancient Tea Set"],"max_hp_gain":0,"max_hp_loss":0,"event_name":"Scrap Ooze","floor":4,"gold_loss":0},{"damage_healed":0,"gold_gain":0,"player_choice":"Grow","damage_taken":0,"max_hp_gain":0,"max_hp_loss":0,"event_name":"Living Wall","floor":5,"gold_loss":0,"cards_upgraded":["Dualcast"]},{"damage_healed":0,"gold_gain":0,"player_choice":"Smashed Altar","damage_taken":0,"max_hp_gain":0,"max_hp_loss":0,"event_name":"Forgotten Altar","floor":22,"gold_loss":0,"cards_obtained":["Decay"]}],"is_beta":false,"boss_relics":[{"not_picked":["Velvet Choker","Ectoplasm"],"picked":"Cursed Key"}],"items_purged_floors":[],"is_endless":false,"potions_floor_spawned":[1,2,13,16,25,27],"killed_by":"Gremlin Leader","ascension_level":9}}