{"host":"gflyg4oztsw2ozs7","time":1608890250,"event":{"mods":["AchievementEnabler","BaseMod","DeckTracker","Minty Spire (QoL Compilation)","Permanent Neow","StSLib","SuperFastMode"],"gold_per_floor":[112,132,151,162,162,162,190,190,213,163,181,211,211,228,228,327,327,341,355,355,132,132,143,143,160,160,173,133,152,152,166,166,261,261,275,104,124,124,124,124,174,174,174,174,188,188,236,37,37,37,37,37,37,63,63],"floor_reached":56,"playtime":3015,"items_purged":["Predator","Venomology","Quick Slash"],"score":1157,"play_id":"717aae8d-7925-4d14-a66a-d01c4eb900a2","local_time":"20201225185730","is_ascension_mode":false,"campfire_choices":[{"floor":6,"key":"RECALL"},{"data":"Footwork","floor":13,"key":"SMITH"},{"floor":15,"key":"REST"},{"data":"A Thousand Cuts","floor":24,"key":"SMITH"},{"data":"Blade Dance","floor":32,"key":"SMITH"},{"data":"After Image","floor":40,"key":"SMITH"},{"data":"Accuracy","floor":42,"key":"SMITH"},{"data":"Accuracy","floor":44,"key":"SMITH"},{"data":"Finisher","floor":49,"key":"SMITH"},{"data":"Blade Dance","floor":52,"key":"SMITH"}],"circlet_count":0,"master_deck":["Survivor","Footwork+1","Blade Dance+1","Cloak And Dagger+1","A Thousand Cuts+1","Slice+1","Phantasmal Killer","Backstab+1","Backflip","Accuracy+1","Infinite Blades","Blade Dance+1","PiercingWail","PiercingWail+1","Finisher+1","After Image+1","Accuracy+1","Noxious Fumes+1","Infinite Blades","Cloak And Dagger+1","Cloak And Dagger+1","Accuracy"],"relics":["Empty Cage","Bag of Preparation","Omamori","Pandora\u0027s Box","Orrery","Peace Pipe","Pantograph","Astrolabe","FossilizedHelix","Darkstone Periapt","Calipers","Whetstone"],"acts_visited":["Exordium","TheCity","TheBeyond","TheEnding"],"potions_floor_usage":[12,12,16,33,33,33,45,45,50],"damage_taken":[{"damage":1,"enemies":"Cultist","floor":1,"turns":5},{"damage":1,"enemies":"Jaw Worm","floor":2,"turns":4},{"damage":0,"enemies":"2 Louse","floor":3,"turns":4},{"damage":10,"enemies":"Large Slime","floor":4,"turns":6},{"damage":24,"enemies":"Lagavulin","floor":7,"turns":7},{"damage":3,"enemies":"Looter","floor":11,"turns":3},{"damage":10,"enemies":"Gremlin Nob","floor":12,"turns":5},{"damage":4,"enemies":"Gremlin Gang","floor":14,"turns":5},{"damage":25,"enemies":"The Guardian","floor":16,"turns":13},{"damage":10,"enemies":"Chosen","floor":18,"turns":4},{"damage":12,"enemies":"Shell Parasite","floor":19,"turns":5},{"damage":12,"enemies":"Centurion and Healer","floor":23,"turns":4},{"damage":24,"enemies":"Snake Plant","floor":25,"turns":5},{"damage":11,"enemies":"3 Cultists","floor":27,"turns":4},{"damage":24,"enemies":"Snecko","floor":29,"turns":4},{"damage":4,"enemies":"Centurion and Healer","floor":31,"turns":3},{"damage":83,"enemies":"Collector","floor":33,"turns":8},{"damage":12,"enemies":"Orb Walker","floor":35,"turns":3},{"damage":17,"enemies":"3 Shapes","floor":37,"turns":3},{"damage":31,"enemies":"Mind Bloom Boss Battle","floor":41,"turns":4},{"damage":26,"enemies":"Transient","floor":45,"turns":5},{"damage":52,"enemies":"2 Orb Walkers","floor":47,"turns":6},{"damage":47,"enemies":"Awakened One","floor":50,"turns":6},{"damage":36,"enemies":"Shield and Spear","floor":54,"turns":3},{"damage":88,"enemies":"The Heart","floor":55,"turns":6}],"seed_played":"5917184165892731124","potions_obtained":[{"floor":2,"key":"EssenceOfSteel"},{"floor":4,"key":"Strength Potion"},{"floor":7,"key":"AttackPotion"},{"floor":29,"key":"LiquidBronze"},{"floor":33,"key":"Explosive Potion"},{"floor":35,"key":"ColorlessPotion"},{"floor":41,"key":"LiquidMemories"},{"floor":47,"key":"Strength Potion"},{"floor":54,"key":"Swift Potion"}],"is_trial":false,"path_per_floor":["M","M","M","M","?","R","E","?","T","?","M","E","R","M","R","B",null,"M","M","?","$","?","M","R","M","T","M","?","M","T","M","R","B",null,"M","$","M","?","?","R","?","R","T","R","M","?","?","$","R","B",null,"R","$","E","B",null],"character_chosen":"THE_SILENT","items_purchased":["Orrery","Accuracy","Infinite Blades"],"campfire_rested":1,"item_purchase_floors":[21,36,48],"current_hp_per_floor":[69,68,68,58,58,58,34,34,34,34,31,21,21,17,38,13,70,60,48,48,48,48,36,36,12,12,51,51,27,27,23,23,10,70,58,58,41,41,41,41,35,35,35,35,9,58,56,56,56,11,58,58,58,22,20],"gold":63,"neow_bonus":"BOSS_RELIC","is_daily":false,"chose_seed":false,"campfire_upgraded":8,"win_rate":0.0,"timestamp":1608890250,"path_taken":["M","M","M","?","?","R","E","?","T","?","M","E","R","M","R","BOSS","M","M","?","$","?","M","R","M","T","M","?","?","?","M","R","BOSS","M","$","M","?","?","R","?","R","T","R","?","?","?","$","R","BOSS","R","$","E","BOSS"],"items_purchased_type":["Relic","Card","Card"],"build_version":"2020-12-22","purchased_purges":3,"victory":true,"max_hp_per_floor":[70,70,70,70,70,70,70,70,70,70,70,70,70,70,70,70,70,70,70,70,70,70,70,70,70,70,70,70,70,70,70,70,70,70,70,70,70,66,66,66,66,66,66,66,66,58,58,58,58,58,58,58,58,58,58],"card_choices":[{"not_picked":["Bane","Dagger Spray"],"picked":"Dagger Throw","floor":1},{"not_picked":["Blur","Dodge and Roll"],"picked":"Footwork","floor":2},{"not_picked":["Dodge and Roll","Poisoned Stab"],"picked":"Blade Dance","floor":3},{"not_picked":["Dodge and Roll","Well Laid Plans"],"picked":"Quick Slash","floor":4},{"not_picked":["Expertise","Predator"],"picked":"Cloak And Dagger","floor":7},{"not_picked":["Quick Slash","Outmaneuver","Dagger Spray"],"picked":"SKIP","floor":11},{"not_picked":["Flying Knee","Poisoned Stab"],"picked":"Phantasmal Killer","floor":12},{"not_picked":["Bane","Setup","Outmaneuver"],"picked":"SKIP","floor":14},{"not_picked":["Glass Knife","Doppelganger"],"picked":"A Thousand Cuts","floor":16},{"not_picked":["Reflex","Dagger Spray","Prepared"],"picked":"SKIP","floor":18},{"not_picked":["Escape Plan","Concentrate"],"picked":"Backflip","floor":19},{"not_picked":["All Out Attack","Distraction"],"picked":"Infinite Blades","floor":21},{"not_picked":["Bane","Eviscerate+1"],"picked":"Storm of Steel","floor":21},{"not_picked":["Predator","Flying Knee"],"picked":"Blade Dance","floor":21},{"not_picked":["Outmaneuver","Eviscerate","Prepared"],"picked":"SKIP","floor":23},{"not_picked":["Caltrops+1","Eviscerate+1"],"picked":"PiercingWail","floor":25},{"not_picked":["Backflip","Flying Knee+1"],"picked":"PiercingWail+1","floor":27},{"not_picked":["Bouncing Flask+1","Dagger Throw","Skewer"],"picked":"SKIP","floor":29},{"not_picked":["Endless Agony","Outmaneuver"],"picked":"Finisher","floor":31},{"not_picked":["A Thousand Cuts","Die Die Die"],"picked":"After Image","floor":33},{"not_picked":["Slice","Dodge and Roll","Dagger Throw"],"picked":"SKIP","floor":35},{"not_picked":["Slice+1","Dagger Spray+1","Bouncing Flask"],"picked":"SKIP","floor":37},{"not_picked":["Predator+1","Caltrops+1","Setup+1"],"picked":"SKIP","floor":45},{"not_picked":["Escape Plan","Calculated Gamble+1"],"picked":"Noxious Fumes+1","floor":47},{"not_picked":["Tactician+1","Riddle With Holes+1"],"picked":"Accuracy","floor":54}],"player_experience":82299,"relics_obtained":[{"floor":7,"key":"Bag of Preparation"},{"floor":12,"key":"Omamori"},{"floor":26,"key":"Peace Pipe"},{"floor":30,"key":"Pantograph"},{"floor":41,"key":"FossilizedHelix"},{"floor":43,"key":"Darkstone Periapt"},{"floor":47,"key":"Calipers"},{"floor":54,"key":"Whetstone"}],"event_choices":[{"damage_healed":0,"gold_gain":0,"player_choice":"Ignored","damage_taken":0,"max_hp_gain":0,"max_hp_loss":0,"event_name":"Golden Idol","floor":5,"gold_loss":0},{"cards_removed":["Strike_G"],"damage_healed":0,"gold_gain":0,"player_choice":"Forget","damage_taken":0,"max_hp_gain":0,"max_hp_loss":0,"event_name":"Living Wall","floor":8,"gold_loss":0},{"cards_removed":["Strike_G"],"damage_healed":0,"gold_gain":0,"player_choice":"Card Removal","damage_taken":0,"max_hp_gain":0,"max_hp_loss":0,"event_name":"The Cleric","floor":10,"gold_loss":50},{"damage_healed":0,"gold_gain":0,"player_choice":"Read","damage_taken":0,"max_hp_gain":0,"max_hp_loss":0,"event_name":"The Library","floor":20,"gold_loss":0,"cards_obtained":["Accuracy"]},{"damage_healed":0,"gold_gain":0,"player_choice":"Ignored","damage_taken":0,"max_hp_gain":0,"max_hp_loss":0,"event_name":"Vampires","floor":22,"gold_loss":0},{"damage_healed":0,"gold_gain":0,"player_choice":"Upgrade","damage_taken":0,"max_hp_gain":0,"max_hp_loss":0,"event_name":"Designer","floor":28,"gold_loss":40,"cards_upgraded":["Cloak And Dagger"]},{"damage_healed":0,"gold_gain":0,"player_choice":"Max HP","damage_taken":0,"max_hp_gain":0,"max_hp_loss":4,"event_name":"Winding Halls","floor":38,"gold_loss":0},{"cards_removed":["Neutralize"],"damage_healed":0,"gold_gain":0,"player_choice":"Removed Attack","damage_taken":0,"max_hp_gain":0,"max_hp_loss":0,"event_name":"Falling","floor":39,"gold_loss":0},{"damage_healed":0,"gold_gain":0,"player_choice":"Fight","damage_taken":0,"max_hp_gain":0,"max_hp_loss":0,"event_name":"MindBloom","floor":41,"gold_loss":0},{"damage_healed":58,"gold_gain":0,"player_choice":"Heal","damage_taken":0,"max_hp_gain":0,"max_hp_loss":8,"event_name":"The Moai Head","floor":46,"gold_loss":0},{"damage_healed":0,"gold_gain":0,"player_choice":"Fight","damage_taken":0,"max_hp_gain":0,"max_hp_loss":0,"event_name":"Mysterious Sphere","floor":47,"gold_loss":0}],"is_beta":false,"boss_relics":[{"not_picked":["Snecko Eye","Busted Crown"],"picked":"Pandora\u0027s Box"},{"not_picked":["Sozu","HoveringKite"],"picked":"Astrolabe"}],"items_purged_floors":[21,36,48],"is_endless":false,"potions_floor_spawned":[2,4,7,29,31,33,35,41,47,54],"ascension_level":0}}