{"host":"qhhcmep1unj6mpf7","time":1608910787,"event":{"mods":["2.2 Compatiblity","AchievementEnabler","BaseMod","Colored Map","DeckTracker","Highlight Path","Keyboard Shortcuts","Minty Spire (QoL Compilation)","Permanent Neow","Quick Restart","Random Character Button","StSLib","SuperFastMode","everything is the same but u backflip on backflip"],"gold_per_floor":[119,131,3,20,20,20,52,52,129,129,140,151,226,141,141,239,239,253,253,203,223,238,238,238,272,272,272,284,284,303,101,101,216,228,260,286,309,338,350,362,392,404,416,462,474,499,511,316,316,316,316,316,114,148,148,148],"floor_reached":55,"playtime":2884,"items_purged":["Parasite","Strike_B","Strike_B","Defend_B","Injury","Defend_B"],"score":967,"play_id":"af22566d-acd7-4d04-91dc-443b57bffc73","local_time":"20201226003947","is_ascension_mode":true,"campfire_choices":[{"floor":6.0,"key":"DIG"},{"floor":8.0,"key":"DIG"},{"floor":10.0,"key":"DIG"},{"floor":15.0,"key":"DIG"},{"data":"Defragment","floor":23.0,"key":"SMITH"},{"data":"Blizzard","floor":27.0,"key":"SMITH"},{"data":"Coolheaded","floor":29.0,"key":"SMITH"},{"floor":32.0,"key":"DIG"},{"floor":40.0,"key":"DIG"},{"data":"Echo Form","floor":45.0,"key":"SMITH"},{"floor":47.0,"key":"RECALL"},{"data":"Coolheaded","floor":49.0,"key":"SMITH"},{"floor":52.0,"key":"DIG"}],"circlet_count":0,"master_deck":["Defend_B","Zap","Dualcast","Cold Snap","Coolheaded+1","Coolheaded+1","Glacier","Defragment+1","Biased Cognition","Blizzard+1","Biased Cognition","Flash of Steel","Coolheaded","Barrage","Blizzard+1","Consume","Meteor Strike","Double Energy+1","Echo Form+1","Core Surge","Undo"],"relics":["Cracked Core","Shovel","Smiling Mask","Blood Vial","Pen Nib","Mercury Hourglass","StoneCalendar","Art of War","Velvet Choker","Pear","Meat on the Bone","ClockworkSouvenir","MawBank","Cursed Key","Orichalcum","Juzu Bracelet","Dead Branch","PrismaticShard","Sundial","Letter Opener"],"acts_visited":["Exordium","TheCity","TheBeyond","TheEnding"],"potions_floor_usage":[55],"damage_taken":[{"damage":0.0,"enemies":"Small Slimes","floor":1.0,"turns":2.0},{"damage":0.0,"enemies":"Cultist","floor":2.0,"turns":4.0},{"damage":3.0,"enemies":"2 Louse","floor":4.0,"turns":2.0},{"damage":12.0,"enemies":"Lagavulin","floor":7.0,"turns":7.0},{"damage":19.0,"enemies":"Gremlin Gang","floor":11.0,"turns":4.0},{"damage":0.0,"enemies":"Large Slime","floor":12.0,"turns":6.0},{"damage":6.0,"enemies":"The Guardian","floor":16.0,"turns":10.0},{"damage":3.0,"enemies":"3 Byrds","floor":18.0,"turns":5.0},{"damage":10.0,"enemies":"2 Thieves","floor":21.0,"turns":4.0},{"damage":2.0,"enemies":"3 Cultists","floor":22.0,"turns":5.0},{"damage":14.0,"enemies":"Gremlin Leader","floor":25.0,"turns":5.0},{"damage":5.0,"enemies":"Snecko","floor":28.0,"turns":6.0},{"damage":0.0,"enemies":"Shelled Parasite and Fungi","floor":30.0,"turns":4.0},{"damage":13.0,"enemies":"Automaton","floor":33.0,"turns":8.0},{"damage":10.0,"enemies":"3 Darklings","floor":35.0,"turns":6.0},{"damage":0.0,"enemies":"Orb Walker","floor":36.0,"turns":5.0},{"damage":10.0,"enemies":"Sphere and 2 Shapes","floor":37.0,"turns":4.0},{"damage":0.0,"enemies":"Maw","floor":38.0,"turns":7.0},{"damage":0.0,"enemies":"3 Darklings","floor":41.0,"turns":5.0},{"damage":10.0,"enemies":"Reptomancer","floor":44.0,"turns":6.0},{"damage":1.0,"enemies":"4 Shapes","floor":46.0,"turns":5.0},{"damage":21.0,"enemies":"Time Eater","floor":50.0,"turns":8.0},{"damage":45,"enemies":"Shield and Spear","floor":54,"turns":6},{"damage":56,"enemies":"The Heart","floor":55,"turns":12}],"seed_played":"-8672643136643134112","potions_obtained":[{"floor":2.0,"key":"EntropicBrew"},{"floor":11.0,"key":"Block Potion"},{"floor":12.0,"key":"Fruit Juice"},{"floor":16.0,"key":"Fire Potion"},{"floor":18.0,"key":"BlessingOfTheForge"},{"floor":28.0,"key":"SneckoOil"},{"floor":30.0,"key":"Fire Potion"},{"floor":37.0,"key":"Weak Potion"},{"floor":44.0,"key":"SteroidPotion"},{"floor":46.0,"key":"PowerPotion"},{"floor":54,"key":"Dexterity Potion"}],"is_trial":false,"path_per_floor":["M","M","$","M","?","R","E","R","T","R","M","M","?","$","R","B",null,"M","?","$","M","M","R","?","E","T","R","M","R","M","$","R","B",null,"M","M","M","M","?","R","M","?","T","E","R","M","R","$","R","B",null,"R","$","E","B"],"character_chosen":"DEFECT","items_purchased":["Coolheaded","Defragment","ClockworkSouvenir","PrismaticShard","Core Surge"],"campfire_rested":0,"item_purchase_floors":[3,14,31,48,53],"current_hp_per_floor":[68,68,68,65,65,65,53,53,53,53,36,43,32,32,32,28,65,64,64,64,56,56,56,56,54,54,54,51,51,53,53,53,54,79,71,73,65,67,67,67,69,69,69,61,61,62,62,62,62,55,79,79,79,48,0,0],"gold":148,"neow_bonus":"ONE_RARE_RELIC","is_daily":false,"chose_seed":false,"campfire_upgraded":5,"win_rate":0.0,"timestamp":1608910787,"path_taken":["M","M","$","M","?","R","E","R","T","R","M","?","?","$","R","BOSS","M","?","$","?","M","R","?","E","T","R","M","R","M","$","R","BOSS","M","M","M","M","?","R","M","?","T","E","R","M","R","$","R","BOSS","R","$","E","BOSS"],"items_purchased_type":["Card","Card","Relic","Relic","Card"],"build_version":"2020-12-22","purchased_purges":6,"victory":false,"max_hp_per_floor":[75,75,72,72,72,72,72,72,72,72,72,77,77,77,77,77,77,77,77,77,77,77,77,77,87,87,87,87,87,87,87,87,87,87,87,87,87,87,87,87,87,87,87,87,87,87,87,87,87,87,87,87,87,87,87,87],"card_choices":[{"not_picked":["Gash","Doom and Gloom"],"picked":"Blizzard","floor":1.0},{"not_picked":["Conserve Battery","Scrape"],"picked":"Cold Snap","floor":2.0},{"not_picked":["Compile Driver","Self Repair"],"picked":"Coolheaded","floor":4.0},{"not_picked":["Compile Driver","Leap","Aggregate"],"picked":"SKIP","floor":7.0},{"not_picked":["Lockon","Streamline","Turbo"],"picked":"SKIP","floor":11.0},{"not_picked":["Beam Cell","Hyperbeam"],"picked":"Glacier","floor":12.0},{"not_picked":["Reboot","Buffer"],"picked":"Biased Cognition","floor":16.0},{"not_picked":["Self Repair","Steam Power"],"picked":"Blizzard+1","floor":18.0},{"not_picked":["Go for the Eyes","Sweeping Beam"],"picked":"Coolheaded","floor":21.0},{"not_picked":["Compile Driver","Redo","Melter+1"],"picked":"SKIP","floor":22.0},{"not_picked":["Heatsinks","Turbo+1","Ball Lightning"],"picked":"SKIP","floor":25.0},{"not_picked":["Conserve Battery","Auto Shields"],"picked":"Chill","floor":28.0},{"not_picked":["Rebound","Sunder"],"picked":"Consume","floor":30.0},{"not_picked":["Electrodynamics","Biased Cognition"],"picked":"Meteor Strike","floor":33.0},{"not_picked":["Stack","Compile Driver+1","Cold Snap"],"picked":"SKIP","floor":35.0},{"not_picked":["Blizzard+1","Barrage","Compile Driver"],"picked":"SKIP","floor":36.0},{"not_picked":["Turbo","Consume+1"],"picked":"Double Energy+1","floor":37.0},{"not_picked":["Ball Lightning+1","Leap+1","Consume"],"picked":"SKIP","floor":38.0},{"not_picked":["Doom and Gloom+1","Heatsinks+1"],"picked":"Echo Form","floor":41.0},{"not_picked":["Beam Cell+1","Go for the Eyes","Reprogram"],"picked":"SKIP","floor":44.0},{"not_picked":["Steam Power+1","Steam","Coolheaded"],"picked":"SKIP","floor":46.0},{"not_picked":["Cloak And Dagger","Dash+1"],"picked":"Undo","floor":54}],"player_experience":477091,"relics_obtained":[{"floor":6.0,"key":"Smiling Mask"},{"floor":7.0,"key":"Blood Vial"},{"floor":8.0,"key":"Pen Nib"},{"floor":9.0,"key":"Mercury Hourglass"},{"floor":10.0,"key":"StoneCalendar"},{"floor":15.0,"key":"Art of War"},{"floor":25.0,"key":"Pear"},{"floor":26.0,"key":"Meat on the Bone"},{"floor":32.0,"key":"MawBank"},{"floor":40.0,"key":"Juzu Bracelet"},{"floor":44.0,"key":"Dead Branch"},{"floor":52.0,"key":"Sundial"},{"floor":54,"key":"Letter Opener"}],"event_choices":[{"cards_removed":["Strike_B"],"damage_healed":0.0,"max_hp_gain":0.0,"max_hp_loss":0.0,"gold_gain":0.0,"event_name":"Bonfire Elementals","player_choice":"Offered Basic","floor":5.0,"gold_loss":0.0,"damage_taken":0.0},{"damage_healed":0.0,"max_hp_gain":0.0,"max_hp_loss":0.0,"gold_gain":75.0,"event_name":"World of Goop","player_choice":"Gather Gold","floor":13.0,"gold_loss":0.0,"damage_taken":11.0},{"damage_healed":0.0,"max_hp_gain":0.0,"max_hp_loss":0.0,"gold_gain":0.0,"event_name":"Match and Keep!","player_choice":"2 cards matched","floor":19.0,"gold_loss":0.0,"damage_taken":0.0,"cards_obtained":["Biased Cognition","Flash of Steel"]},{"damage_healed":0.0,"max_hp_gain":0.0,"max_hp_loss":0.0,"gold_gain":0.0,"cards_transformed":["Strike_B","Defend_B"],"event_name":"Drug Dealer","player_choice":"Became Test Subject","floor":24.0,"gold_loss":0.0,"damage_taken":0.0,"cards_obtained":["Barrage","Blizzard"]},{"cards_removed":["Chill"],"damage_healed":0.0,"max_hp_gain":0.0,"max_hp_loss":0.0,"gold_gain":0.0,"event_name":"WeMeetAgain","player_choice":"Gave Card","floor":39.0,"gold_loss":0.0,"damage_taken":0.0,"relics_obtained":["Orichalcum"]},{"cards_removed":["Blizzard"],"damage_healed":0.0,"max_hp_gain":0.0,"max_hp_loss":0.0,"gold_gain":0.0,"event_name":"Falling","player_choice":"Removed Attack","floor":42.0,"gold_loss":0.0,"damage_taken":0.0}],"is_beta":false,"boss_relics":[{"not_picked":["Busted Crown","Fusion Hammer"],"picked":"Velvet Choker"},{"not_picked":["Philosopher\u0027s Stone","Nuclear Battery"],"picked":"Cursed Key"}],"items_purged_floors":[3,14,20,31,48,53],"is_endless":false,"potions_floor_spawned":[2,11,12,16,18,28,30,37,41,44,46,54],"killed_by":"The Heart","ascension_level":9}}