{"host":"j5gdvqtwmxqn6tw6","time":1608917661,"event":{"mods":["BaseMod","Colored Map","Colored Powertips","Downfall","Minty Spire (QoL Compilation)","Replay The Spire","StSLib","SuperFastMode"],"gold_per_floor":[99,118,218,230,380,392,419,419,86,106,123,40,71,112,123,222,222,222,222,233,233,243,275,275,275,275,275],"floor_reached":25,"playtime":1223,"items_purged":["Slimebound:Icky"],"score":271,"play_id":"34c695f2-4609-4bca-8316-7ac7b1e07f15","local_time":"20201225183421","is_ascension_mode":false,"campfire_choices":[{"data":"hexamod:Sear","floor":1,"key":"SMITH"},{"data":"hexamod:ThermalTransfer","floor":8,"key":"SMITH"},{"data":"hexamod:SearingWound","floor":18,"key":"SMITH"}],"circlet_count":0,"master_deck":["hexamod:Strike","hexamod:Strike","hexamod:Strike","hexamod:Strike","hexamod:Defend","hexamod:Defend","hexamod:Defend","hexamod:Defend","hexamod:Sear+1","hexamod:Float","hexamod:Firestarter","hexamod:ThermalTransfer+1","hexamod:EmpoweringStance+1","hexamod:HexaLevel","hexamod:Incineration","hexamod:RainOfEmbers","hexamod:ChargedBarrage","hexamod:SpectersWail","hexamod:SearingWound+1","hexamod:PhantomCloak+1"],"relics":["hexamod:SpiritBrand","hexamod:MatchstickCase","Shuriken","hexamod:InflammatoryLetter","Mango","hexamod:IceCube","Garlic","Replay:Arrowhead"],"acts_visited":["Exordium","TheCity"],"potions_floor_usage":[13,13,16,16,16,25],"damage_taken":[{"damage":0,"enemies":"Small Slimes","floor":2,"turns":3},{"damage":1,"enemies":"Cultist","floor":4,"turns":3},{"damage":1,"enemies":"Jaw Worm","floor":6,"turns":4},{"damage":5,"enemies":"downfall:FleeingMerchant","floor":9,"turns":4},{"damage":0,"enemies":"3 Louse","floor":10,"turns":4},{"damage":1,"enemies":"2 Fungi Beasts","floor":11,"turns":5},{"damage":10,"enemies":"downfall:FleeingMerchant","floor":12,"turns":4},{"damage":0,"enemies":"Gremlin Nob","floor":13,"turns":3},{"damage":12,"enemies":"Lots of Slimes","floor":15,"turns":6},{"damage":39,"enemies":"downfall:Watcher","floor":16,"turns":7},{"damage":2,"enemies":"Chosen","floor":20,"turns":4},{"damage":9,"enemies":"Shell Parasite","floor":22,"turns":4},{"damage":48,"enemies":"Slavers","floor":23,"turns":7},{"damage":32,"enemies":"Sentry and Sphere","floor":25,"turns":6}],"seed_played":"-5921541754093985409","potions_obtained":[{"floor":6,"key":"Swift Potion"},{"floor":10,"key":"hexamod:DoubleChargePotion"},{"floor":11,"key":"Weak Potion"},{"floor":13,"key":"Strength Potion"},{"floor":15,"key":"Regen Potion"},{"floor":23,"key":"sneckomod:MuddlingPotion"}],"is_trial":false,"path_per_floor":["R","M","?","M","?","M","T","R","$","M","M","$","E","?","M","B",null,"R","?","M","?","M","E","T","M"],"character_chosen":"THE_SPIRIT","items_purchased":["Shuriken","hexamod:Incineration"],"campfire_rested":0,"item_purchase_floors":[9,12],"current_hp_per_floor":[77,77,77,76,76,75,75,75,70,70,69,59,59,43,31,7,91,91,91,89,89,80,32,32,0,0,0],"gold":275,"neow_bonus":"TEN_PERCENT_HP_BONUS","is_daily":false,"chose_seed":false,"campfire_upgraded":3,"win_rate":0.0,"timestamp":1608917661,"path_taken":["R","M","?","?","?","M","T","R","$","M","M","?","E","?","M","BOSS","R","?","?","?","M","E","T","?"],"items_purchased_type":["Relic","Card"],"build_version":"2020-12-22","purchased_purges":1,"victory":false,"max_hp_per_floor":[77,77,77,77,77,77,77,77,77,77,77,77,77,91,91,91,91,91,91,91,91,91,91,91,91,91,91],"card_choices":[{"not_picked":["hexamod:NightmareGuise","hexamod:EtherealExpedition"],"picked":"hexamod:Firestarter","floor":2},{"not_picked":["hexamod:NightmareGuise","hexamod:Firestarter","hexamod:AdvancingGuard"],"picked":"SKIP","floor":4},{"not_picked":["hexamod:ShieldOfDarkness","hexamod:BurningTouch"],"picked":"hexamod:ThermalTransfer","floor":6},{"not_picked":["hexamod:BurningTouch","hexamod:BacktrackSmack"],"picked":"hexamod:EmpoweringStance","floor":9},{"not_picked":["hexamod:FastForward","hexamod:NightmareGuise","hexamod:GhostShield"],"picked":"SKIP","floor":10},{"not_picked":["hexamod:GhostflameBarrier","hexamod:NecessarySacrifice","hexamod:Firestarter"],"picked":"SKIP","floor":11},{"not_picked":["hexamod:RadiantFlame","hexamod:HeatMetal"],"picked":"hexamod:HexaLevel","floor":12},{"not_picked":["hexamod:GhostLash","hexamod:Firestarter"],"picked":"hexamod:RainOfEmbers","floor":13},{"not_picked":["hexamod:SkipABeat","hexamod:HeatCrush"],"picked":"hexamod:ChargedBarrage","floor":14},{"not_picked":["hexamod:NightmareGuise","hexamod:NecessarySacrifice"],"picked":"hexamod:SpectersWail","floor":15},{"not_picked":["hexamod:TurnItUp","hexamod:FifthSeal"],"picked":"hexamod:SearingWound","floor":16},{"not_picked":["hexamod:RetreatToShadows+1","hexamod:GhostflameBarrier","hexamod:CatchUp"],"picked":"SKIP","floor":20},{"not_picked":["hexamod:BurningTouch","hexamod:InspiringFlames"],"picked":"hexamod:PhantomCloak+1","floor":22},{"not_picked":["hexamod:NightmareGuise","hexamod:SwordOfDarkness","hexamod:PhantomFireball+1"],"picked":"SKIP","floor":23}],"player_experience":54660,"relics_obtained":[{"floor":7,"key":"hexamod:MatchstickCase"},{"floor":13,"key":"hexamod:InflammatoryLetter"},{"floor":14,"key":"Mango"},{"floor":23,"key":"Garlic"},{"floor":24,"key":"Replay:Arrowhead"}],"event_choices":[{"damage_healed":0,"gold_gain":0,"player_choice":"Leave","damage_taken":0,"max_hp_gain":0,"max_hp_loss":0,"event_name":"FaceTrader","floor":19,"gold_loss":0},{"damage_healed":0,"gold_gain":0,"player_choice":"Forge","damage_taken":0,"max_hp_gain":0,"max_hp_loss":0,"event_name":"Accursed Blacksmith","floor":21,"gold_loss":0,"cards_upgraded":["hexamod:EmpoweringStance"]}],"is_beta":false,"boss_relics":[{"not_picked":["Philosopher\u0027s Stone","Replay:Ancient Bell"],"picked":"hexamod:IceCube"}],"items_purged_floors":[9],"is_endless":false,"potions_floor_spawned":[6,10,11,13,15,23],"killed_by":"Sentry and Sphere","ascension_level":0}}