{"host":"18wi9kpcl4eah7pe","time":1608896944,"event":{"mods":["BaseMod","Colored Powertips","Downfall","Minty Spire (QoL Compilation)","StSLib"],"gold_per_floor":[99,111,111,96,96,115,115,127,138,154,172,172,183,9,26,26,26,26],"floor_reached":16,"playtime":616,"items_purged":[],"score":101,"play_id":"3bd0cf1c-dc67-401c-b9c5-fa673470dc3d","local_time":"20201225054904","is_ascension_mode":true,"campfire_choices":[{"floor":1,"key":"RECALL"}],"circlet_count":0,"master_deck":["Slimebound:Strike_Slimebound","Slimebound:Tackle","Slimebound:Defend_Slimebound","Slimebound:Defend_Slimebound","Slimebound:Defend_Slimebound","Slimebound:Defend_Slimebound","Slimebound:Split","Slimebound:CorrosiveSpit","Slimebound:MegaLick","Slimebound:SplitMire","Slimebound:Grow","Slimebound:LeechEnergy","Slimebound:ForwardTackle","Slimebound:SlimeBarrage","Slimebound:ServeAndProtect","Slimebound:SpikyOuterGoop","Slimebound:MinionMaster","Slimebound:SamplingLick","Slimebound:LeechLife","Slimebound:ItLooksTasty"],"relics":["Slimebound:AbsorbEndCombat","downfall:BrokenWingStatue","MealTicket"],"acts_visited":["Exordium"],"potions_floor_usage":[11,16,16],"damage_taken":[{"damage":11,"enemies":"Cultist","floor":2,"turns":3},{"damage":10,"enemies":"downfall:FleeingMerchant","floor":4,"turns":4},{"damage":18,"enemies":"Jaw Worm","floor":6,"turns":4},{"damage":15,"enemies":"Small Slimes","floor":8,"turns":3},{"damage":14,"enemies":"2 Fungi Beasts","floor":9,"turns":5},{"damage":24,"enemies":"Red Slaver","floor":10,"turns":4},{"damage":7,"enemies":"Blue Slaver","floor":11,"turns":2},{"damage":16,"enemies":"Gremlin Gang","floor":13,"turns":4},{"damage":19,"enemies":"downfall:FleeingMerchant","floor":14,"turns":4},{"damage":40,"enemies":"Lots of Slimes","floor":15,"turns":5},{"damage":23,"enemies":"downfall:Silent","floor":16,"turns":3}],"seed_played":"4626389506887171849","potions_obtained":[{"floor":8,"key":"hexamod:EctoCoolerPotion"},{"floor":10,"key":"champ:CounterPotion"},{"floor":11,"key":"Ancient Potion"}],"is_trial":false,"path_per_floor":["R","M","?","$","?","M","T","M","M","M","M","?","M","$","M","B"],"character_chosen":"SLIMEBOUND","items_purchased":["Slimebound:LeechLife"],"campfire_rested":0,"item_purchase_floors":[14],"current_hp_per_floor":[66,61,61,59,59,53,53,50,50,38,39,39,41,47,19,0,0,0],"gold":26,"neow_bonus":"TEN_PERCENT_HP_BONUS","is_daily":false,"chose_seed":false,"campfire_upgraded":0,"win_rate":0.0,"timestamp":1608896944,"path_taken":["R","M","?","$","?","M","T","M","?","M","M","?","M","$","M","BOSS"],"items_purchased_type":["Card"],"build_version":"2020-12-22","purchased_purges":0,"victory":false,"max_hp_per_floor":[66,66,66,66,66,66,66,66,66,66,66,66,66,66,66,66,66,66],"card_choices":[{"not_picked":["Slimebound:ComboTackle","Slimebound:Schlurp"],"picked":"Slimebound:MegaLick","floor":2},{"not_picked":["Slimebound:LeechingTouch","Slimebound:Schlurp"],"picked":"Slimebound:SplitMire","floor":4},{"not_picked":["Slimebound:PressTheAttack","Slimebound:TongueLash"],"picked":"Slimebound:LeechEnergy","floor":6},{"not_picked":["Slimebound:SlimeTap","Slimebound:ServeAndProtect"],"picked":"Slimebound:ForwardTackle","floor":8},{"not_picked":["Slimebound:SlimeTap","Slimebound:ViciousTackle"],"picked":"Slimebound:SlimeBarrage","floor":9},{"not_picked":["Slimebound:ComboTackle","Slimebound:ViciousTackle"],"picked":"Slimebound:ServeAndProtect","floor":10},{"not_picked":["Slimebound:AcidTongue","Slimebound:ViciousTackle"],"picked":"Slimebound:SpikyOuterGoop","floor":11},{"not_picked":["Slimebound:SplitLeeching","Slimebound:ComboTackle"],"picked":"Slimebound:MinionMaster","floor":13},{"not_picked":["Slimebound:ComboTackle","Slimebound:Grow"],"picked":"Slimebound:SamplingLick","floor":14},{"not_picked":["Slimebound:DivideAndConquer","Slimebound:ViciousTackle"],"picked":"Slimebound:ItLooksTasty","floor":15}],"player_experience":854090,"relics_obtained":[{"floor":7,"key":"MealTicket"}],"event_choices":[{"damage_healed":0,"gold_gain":0,"cards_transformed":["Slimebound:Strike_Slimebound"],"player_choice":"Transformed","damage_taken":0,"max_hp_gain":0,"max_hp_loss":0,"event_name":"Transmorgrifier","floor":5,"gold_loss":0,"cards_obtained":["Slimebound:Grow"]}],"is_beta":false,"boss_relics":[],"items_purged_floors":[],"is_endless":false,"potions_floor_spawned":[8,10,11],"killed_by":"downfall:Silent","ascension_level":1}}