{"host":"u9xtr94typ21duox","time":1608882327,"event":{"mods":["BaseMod","Key Reminder","KinomotoSakuraMod(木之本樱)","LagranYue(拉格朗・月)","Marisa（F雨　魔理沙）","Minty Spire (QoL Compilation)","Reimu（博丽灵梦）","Remilia（蕾米莉亚）","Replay The Spire","StSLib","Td1madao Mod","The Administrix","The Bladedancer","The Bug Knight","The Construct","The Cursed","The Gatherer","The Runesmith","The Servant 0.9.4","WarShipGirlsR/战舰少女R mod","Youmu（魂魄妖梦）","vexMod"],"gold_per_floor":[113,42,7,7,23,23,53,73,73,107,117,150,204,221,221,221,221],"floor_reached":16,"playtime":550,"items_purged":[],"score":145,"play_id":"187735b0-8359-4f57-a06a-99ae20386b9b","local_time":"20201225154527","is_ascension_mode":false,"campfire_choices":[{"data":"Zap","floor":6,"key":"SMITH"},{"data":"Dualcast","floor":15,"key":"SMITH"}],"circlet_count":0,"master_deck":["Strike_B","Strike_B","Strike_B","Strike_B","Defend_B","Defend_B","Defend_B","Defend_B","Zap+1","Dualcast+1","Gash","Leap","Rebound","FTL","Forethought","Beam Cell","Steam"],"relics":["Cracked Core","LagranYue:RandomDrawCardRelic","NeowsBlessing","Solar Panel","Chameleon Ring","Peace Pipe","Prayer Wheel","CaptainsWheel","Juzu Bracelet"],"acts_visited":["Exordium"],"potions_floor_usage":[12],"damage_taken":[{"damage":0.0,"enemies":"Cultist","floor":1.0,"turns":1.0},{"damage":0,"enemies":"Jaw Worm","floor":5,"turns":1},{"damage":0,"enemies":"Gremlin Nob","floor":7,"turns":1},{"damage":0,"enemies":"2 Louse","floor":8,"turns":2},{"damage":18,"enemies":"Lagavulin","floor":10,"turns":8},{"damage":28,"enemies":"Gremlin Gang","floor":11,"turns":4},{"damage":26,"enemies":"3 Sentries","floor":12,"turns":8},{"damage":2,"enemies":"Lots of Slimes","floor":14,"turns":5},{"damage":5,"enemies":"Fading Forest","floor":16,"turns":7}],"seed_played":"-1422271989902820980","potions_obtained":[{"floor":8,"key":"Regen Potion"},{"floor":12,"key":"Dexterity Potion"},{"floor":14,"key":"LifebloodPotion"}],"is_trial":false,"path_per_floor":["M","$","?","?","M","R","E","M","T","E","M","E","T","M","R","B"],"character_chosen":"DEFECT","items_purchased":["Gash","Leap"],"campfire_rested":0,"item_purchase_floors":[2,2],"current_hp_per_floor":[75,75,75,75,75,75,75,75,75,61,37,38,38,38,38,33,33],"gold":221,"neow_bonus":"THREE_ENEMY_KILL","is_daily":false,"chose_seed":false,"campfire_upgraded":2,"win_rate":0.0,"timestamp":1608882327,"path_taken":["M","$","?","?","M","R","E","?","T","E","M","E","?","M","R","BOSS"],"items_purchased_type":["Card","Card"],"build_version":"2020-12-22","purchased_purges":0,"victory":false,"max_hp_per_floor":[75,75,75,75,75,75,75,75,75,75,75,75,75,75,75,75,75],"card_choices":[{"not_picked":["Panic Button","Reinforced Body","Doom and Gloom"],"picked":"SKIP","floor":1.0},{"not_picked":["Ball Lightning","Defragment","Leap"],"picked":"SKIP","floor":5},{"not_picked":["Cold Snap","Fission","Compile Driver"],"picked":"SKIP","floor":7},{"not_picked":["Barrage","Leap"],"picked":"Beam Cell","floor":8},{"not_picked":["Beam Cell","Undo"],"picked":"ReplayTheSpireMod:Fabricate Wheel","floor":10},{"not_picked":["ReplayGash","Rebound","White Noise"],"picked":"SKIP","floor":11},{"not_picked":["Barrage","Ball Lightning","Melter"],"picked":"SKIP","floor":11},{"not_picked":["Chaos","Panic Button"],"picked":"Steam","floor":12},{"not_picked":["Coolheaded","Barrage","Stack"],"picked":"SKIP","floor":14},{"not_picked":["BasicCrystalCard","Compile Driver","Coolheaded"],"picked":"SKIP","floor":14}],"player_experience":243549,"relics_obtained":[{"floor":7,"key":"Solar Panel"},{"floor":9,"key":"Chameleon Ring"},{"floor":10,"key":"Peace Pipe"},{"floor":12,"key":"CaptainsWheel"},{"floor":13,"key":"Juzu Bracelet"}],"event_choices":[{"damage_healed":18.0,"max_hp_gain":0.0,"max_hp_loss":0.0,"gold_gain":0.0,"event_name":"The Cleric","player_choice":"Healed","floor":3.0,"gold_loss":35.0,"damage_taken":0.0},{"damage_healed":0,"gold_gain":0,"player_choice":"3 cards matched","damage_taken":0,"max_hp_gain":0,"max_hp_loss":0,"event_name":"Match and Keep!","floor":4,"gold_loss":0,"cards_obtained":["Rebound","FTL","Forethought"]}],"is_beta":false,"boss_relics":[],"items_purged_floors":[],"is_endless":false,"potions_floor_spawned":[8,12,14],"killed_by":"Fading Forest","ascension_level":0}}