{"host":"1hv1kueuvc4r3rdp","time":1608878267,"event":{"mods":["AchievementEnabler","BaseMod","DeckTracker","Highlight Path","Minty Spire (QoL Compilation)","Permanent Neow","StSLib"],"gold_per_floor":[111,111,121,134,153,153,185,185,185,185,204,48,48,64,64,165,165,180,195,206,206,221,247,259,259,259,275,275,275,44,44,44,139,139],"floor_reached":33,"playtime":972,"items_purged":[],"score":371,"play_id":"0c44ccbe-e0fa-4f86-8f45-ebb61ac4ab2b","local_time":"20201225003747","is_ascension_mode":false,"campfire_choices":[{"data":"Ball Lightning","floor":6,"key":"SMITH"},{"data":"Zap","floor":8,"key":"SMITH"},{"data":"Sweeping Beam","floor":10,"key":"SMITH"},{"data":"Dualcast","floor":13,"key":"SMITH"},{"data":"Coolheaded","floor":15,"key":"SMITH"},{"floor":25,"key":"REST"},{"floor":28,"key":"REST"},{"data":"Static Discharge","floor":32,"key":"SMITH"}],"circlet_count":0,"master_deck":["Strike_B+1","Defend_B+1","Defend_B+1","Defend_B+1","Zap+1","Dualcast+1","Ball Lightning+1","Sweeping Beam+1","Leap","Go for the Eyes+1","Compile Driver+1","Coolheaded+1","Electrodynamics","FTL+1","Loop+1","Compile Driver+1","Conserve Battery","Fusion","Turbo+1","Consume+1","Static Discharge+1"],"relics":["Cracked Core","Molten Egg 2","Sundial","Bronze Scales","Astrolabe","HornCleat","Blue Candle","Akabeko","MutagenicStrength"],"acts_visited":["Exordium","TheCity"],"potions_floor_usage":[21,33],"damage_taken":[{"damage":1,"enemies":"Jaw Worm","floor":1,"turns":4},{"damage":1,"enemies":"Cultist","floor":3,"turns":3},{"damage":5,"enemies":"2 Louse","floor":4,"turns":2},{"damage":0,"enemies":"Exordium Wildlife","floor":5,"turns":2},{"damage":21,"enemies":"3 Sentries","floor":7,"turns":6},{"damage":6,"enemies":"Exordium Thugs","floor":11,"turns":4},{"damage":0,"enemies":"Large Slime","floor":14,"turns":3},{"damage":5,"enemies":"Hexaghost","floor":16,"turns":7},{"damage":11,"enemies":"2 Thieves","floor":18,"turns":2},{"damage":1,"enemies":"Spheric Guardian","floor":19,"turns":3},{"damage":3,"enemies":"Chosen and Byrds","floor":20,"turns":4},{"damage":0,"enemies":"Snecko","floor":21,"turns":2},{"damage":20,"enemies":"Shelled Parasite and Fungi","floor":22,"turns":4},{"damage":23,"enemies":"Slavers","floor":23,"turns":2},{"damage":8,"enemies":"Centurion and Healer","floor":24,"turns":3},{"damage":1,"enemies":"Cultist and Chosen","floor":27,"turns":5},{"damage":34,"enemies":"Automaton","floor":33,"turns":8}],"seed_played":"760345208069271383","potions_obtained":[{"floor":1,"key":"SmokeBomb"},{"floor":16,"key":"BlessingOfTheForge"},{"floor":20,"key":"BlessingOfTheForge"},{"floor":22,"key":"GamblersBrew"},{"floor":24,"key":"DuplicationPotion"},{"floor":27,"key":"Block Potion"}],"is_trial":true,"path_per_floor":["M","?","M","M","M","R","E","R","T","R","M","$","R","M","R","B",null,"M","M","M","M","M","E","M","R","T","M","R","?","$","?","R","B"],"character_chosen":"DEFECT","items_purchased":["Bronze Scales","Static Discharge","Akabeko"],"campfire_rested":2,"item_purchase_floors":[12,30,30],"current_hp_per_floor":[74,74,73,68,68,68,47,47,47,47,41,41,41,41,41,36,75,64,63,60,60,40,17,9,31,31,30,52,52,52,52,52,18,18],"gold":139,"neow_bonus":"","is_daily":false,"chose_seed":true,"campfire_upgraded":6,"win_rate":0.0,"timestamp":1608878267,"path_taken":["M","?","M","M","M","R","E","R","T","R","?","$","R","M","R","BOSS","M","M","M","M","M","E","M","R","T","M","R","?","$","?","R","BOSS"],"items_purchased_type":["Relic","Card","Relic"],"build_version":"2020-12-22","purchased_purges":0,"victory":false,"max_hp_per_floor":[75,75,75,75,75,75,75,75,75,75,75,75,75,75,75,75,75,75,75,75,75,75,75,75,75,75,75,75,75,75,75,75,75,75],"card_choices":[{"not_picked":["Hello World","Reinforced Body"],"picked":"Ball Lightning","floor":1},{"not_picked":["Gash","Turbo"],"picked":"Sweeping Beam","floor":3},{"not_picked":["Hologram","White Noise","Barrage"],"picked":"SKIP","floor":4},{"not_picked":["Turbo","Doom and Gloom"],"picked":"Leap","floor":5},{"not_picked":["Streamline+1","Reprogram"],"picked":"Go for the Eyes+1","floor":7},{"not_picked":["Leap","Sweeping Beam+1"],"picked":"Compile Driver+1","floor":11},{"not_picked":["Static Discharge","Turbo"],"picked":"Coolheaded","floor":14},{"not_picked":["Creative AI","Machine Learning"],"picked":"Electrodynamics","floor":16},{"not_picked":["Streamline+1","Barrage+1","Reprogram+1"],"picked":"SKIP","floor":18},{"not_picked":["Hologram","Compile Driver+1"],"picked":"Conserve Battery","floor":19},{"not_picked":["Coolheaded","Steam"],"picked":"Fusion","floor":20},{"not_picked":["Static Discharge","Beam Cell+1"],"picked":"Turbo+1","floor":22},{"not_picked":["Blizzard+1","Core Surge+1","Barrage+1"],"picked":"SKIP","floor":23},{"not_picked":["Streamline+1","Redo"],"picked":"Consume+1","floor":24},{"not_picked":["Fusion","Beam Cell+1","Leap"],"picked":"SKIP","floor":27}],"player_experience":1098288,"relics_obtained":[{"floor":7,"key":"Molten Egg 2"},{"floor":9,"key":"Sundial"},{"floor":23,"key":"HornCleat"},{"floor":26,"key":"Blue Candle"}],"event_choices":[{"cards_removed":["Strike_B"],"damage_healed":0,"gold_gain":0,"player_choice":"Offered Basic","damage_taken":0,"max_hp_gain":0,"max_hp_loss":0,"event_name":"Bonfire Elementals","floor":2,"gold_loss":0},{"damage_healed":0,"gold_gain":0,"player_choice":"Simplicity","damage_taken":0,"max_hp_gain":0,"max_hp_loss":0,"event_name":"Back to Basics","floor":29,"gold_loss":0,"cards_upgraded":["Strike_B","Defend_B","Defend_B","Defend_B"]},{"damage_healed":0,"gold_gain":0,"player_choice":"Inject Mutagens","damage_taken":0,"relics_obtained":["MutagenicStrength"],"max_hp_gain":0,"max_hp_loss":0,"event_name":"Drug Dealer","floor":31,"gold_loss":0}],"is_beta":false,"boss_relics":[{"not_picked":["Sozu","Coffee Dripper"],"picked":"Astrolabe"}],"items_purged_floors":[],"is_endless":false,"potions_floor_spawned":[1,16,20,21,22,24,27],"killed_by":"Automaton","ascension_level":0}}