{"host":"6xsbn6ynqlzwllfm","time":1608917637,"event":{"mods":["2.2 Compatiblity","BaseMod","Bestiary","Colored Map","Colored Powertips","Curses Come First","Downfall","Highlight Path","Keyboard Shortcuts","Minty Spire (QoL Compilation)","Quick Restart","Relic Stats","Slay the Relics Exporter","StSLib","SuperFastMode"],"gold_per_floor":[117,131,131,131,56,87,102,132,132,166,166,200,200,217,217,294,294,304,229,247,45,63,63,63],"floor_reached":23,"playtime":692,"items_purged":["Regret","Heavy Blade"],"score":488,"play_id":"4e73313a-e7ba-4a1b-be0c-7f2df071c735","local_time":"20201225123357","is_ascension_mode":true,"campfire_choices":[{"data":"Body Slam","floor":11,"key":"SMITH"},{"data":"Metallicize","floor":13,"key":"SMITH"},{"data":"Bash","floor":15,"key":"SMITH"}],"circlet_count":0,"master_deck":["AscendersBane","Bash+1","Uppercut+1","Metallicize+1","Iron Wave","Body Slam+1","Twin Strike","Iron Wave","Thunderclap","Demon Form","Double Tap+1","Exhume+1","Fire Breathing","Headbutt","Bloodletting+1","Iron Wave","Evolve","True Grit+1","Burning Pact+1","Sword Boomerang","Whirlwind","Impatience+1","Spot Weakness+1","Intimidate+1"],"relics":["Burning Blood","NeowsBlessing","Shuriken","Ice Cream","PreservedInsect","Prayer Wheel","Self Forming Clay","Toxic Egg 2","Pandora\u0027s Box"],"acts_visited":["Exordium","TheCity"],"potions_floor_usage":[12,16,22,23],"damage_taken":[{"damage":0,"enemies":"2 Louse","floor":1,"turns":1},{"damage":0,"enemies":"Small Slimes","floor":2,"turns":1},{"damage":0,"enemies":"3 Sentries","floor":6,"turns":2},{"damage":0,"enemies":"Cultist","floor":7,"turns":3},{"damage":7,"enemies":"Lagavulin","floor":8,"turns":7},{"damage":3,"enemies":"Gremlin Nob","floor":10,"turns":3},{"damage":4,"enemies":"Lagavulin","floor":12,"turns":5},{"damage":3,"enemies":"Blue Slaver","floor":14,"turns":4},{"damage":35,"enemies":"The Guardian","floor":16,"turns":10},{"damage":29,"enemies":"3 Byrds","floor":18,"turns":5},{"damage":25,"enemies":"Spheric Guardian","floor":20,"turns":5},{"damage":24,"enemies":"3 Cultists","floor":22,"turns":5},{"damage":9,"enemies":"Slavers","floor":23,"turns":1}],"seed_played":"2903465358552925897","potions_obtained":[{"floor":1,"key":"Swift Potion"},{"floor":2,"key":"SkillPotion"},{"floor":14,"key":"BlessingOfTheForge"},{"floor":22,"key":"AttackPotion"}],"is_trial":false,"path_per_floor":["M","M","?","?","$","E","M","E","T","E","R","E","R","M","R","B",null,"M","?","M","$","M","E"],"character_chosen":"IRONCLAD","items_purchased":["Impatience+1"],"campfire_rested":0,"item_purchase_floors":[21],"current_hp_per_floor":[74,75,52,52,52,58,64,63,63,66,66,68,68,71,71,42,67,44,44,25,25,7,0,0],"gold":63,"neow_bonus":"THREE_ENEMY_KILL","is_daily":false,"chose_seed":false,"campfire_upgraded":3,"win_rate":0.0,"timestamp":1608917637,"path_taken":["M","M","?","?","$","E","M","E","T","E","R","E","R","M","R","BOSS","M","?","M","$","M","E"],"items_purchased_type":["Card"],"build_version":"2020-12-22","purchased_purges":2,"victory":false,"max_hp_per_floor":[75,75,75,75,75,75,75,75,75,75,75,75,75,75,75,75,75,75,75,75,75,75,75,75],"relic_stats":{"counters":[13,52],"Shuriken":[20],"Self Forming Clay":[111],"Prayer Wheel":4,"Pandora\u0027s Box":["Heavy Blade","Double Tap","Blood for Blood","Exhume","Fire Breathing","Headbutt","Bloodletting","Iron Wave","Evolve"],"PreservedInsect":93,"obtain_stats":[{"Ice Cream":6,"NeowsBlessing":0,"Shuriken":4,"Self Forming Clay":10,"Prayer Wheel":9,"Pandora\u0027s Box":17,"PreservedInsect":8,"Toxic Egg 2":12,"Burning Blood":0},{"Ice Cream":3,"NeowsBlessing":0,"Shuriken":2,"Self Forming Clay":6,"Prayer Wheel":5,"Pandora\u0027s Box":9,"PreservedInsect":5,"Toxic Egg 2":7,"Burning Blood":0},{"Ice Cream":4,"NeowsBlessing":0,"Shuriken":2,"Self Forming Clay":17,"Prayer Wheel":14,"Pandora\u0027s Box":36,"PreservedInsect":14,"Toxic Egg 2":22,"Burning Blood":0}],"Burning Blood":67},"card_choices":[{"not_picked":["Armaments","Evolve"],"picked":"Uppercut","floor":1},{"not_picked":["Clothesline","Havoc"],"picked":"Metallicize","floor":2},{"not_picked":["Spot Weakness","Armaments"],"picked":"Iron Wave","floor":6},{"not_picked":["Shrug It Off","True Grit"],"picked":"Body Slam","floor":7},{"not_picked":["Perfected Strike","Limit Break","Warcry"],"picked":"SKIP","floor":8},{"not_picked":["Uppercut","Perfected Strike"],"picked":"Twin Strike","floor":10},{"not_picked":["Evolve","True Grit+1"],"picked":"Iron Wave","floor":14},{"not_picked":["Warcry+1","Clothesline"],"picked":"Thunderclap","floor":14},{"not_picked":["Bludgeon","Impervious+1"],"picked":"Demon Form","floor":16},{"not_picked":["Carnage","Heavy Blade"],"picked":"True Grit+1","floor":18},{"not_picked":["Anger","Cleave+1"],"picked":"Burning Pact+1","floor":18},{"not_picked":["Inflame","Rampage"],"picked":"Sword Boomerang","floor":20},{"not_picked":["Flex+1","Armaments+1"],"picked":"Whirlwind","floor":20},{"not_picked":["Twin Strike","Cleave+1"],"picked":"Spot Weakness+1","floor":22},{"not_picked":["Spot Weakness+1","Rupture"],"picked":"Intimidate+1","floor":22}],"player_experience":1254567,"relics_obtained":[{"floor":6,"key":"Ice Cream"},{"floor":8,"key":"PreservedInsect"},{"floor":9,"key":"Prayer Wheel"},{"floor":10,"key":"Self Forming Clay"},{"floor":12,"key":"Toxic Egg 2"}],"event_choices":[{"damage_healed":0,"gold_gain":0,"player_choice":"Entered Light","damage_taken":23,"max_hp_gain":0,"max_hp_loss":0,"event_name":"Shining Light","floor":3,"gold_loss":0,"cards_upgraded":["Defend_R","Uppercut"]},{"damage_healed":0,"gold_gain":0,"player_choice":"Box","damage_taken":0,"relics_obtained":["Shuriken"],"max_hp_gain":0,"max_hp_loss":0,"event_name":"Big Fish","floor":4,"gold_loss":0,"cards_obtained":["Regret"]},{"cards_removed":["Blood for Blood"],"damage_healed":0,"gold_gain":0,"player_choice":"Gave Gold","damage_taken":0,"max_hp_gain":0,"max_hp_loss":0,"event_name":"Beggar","floor":19,"gold_loss":75}],"is_beta":false,"boss_relics":[{"not_picked":["Astrolabe","SlaversCollar"],"picked":"Pandora\u0027s Box"}],"items_purged_floors":[5,21],"is_endless":false,"potions_floor_spawned":[1,2,8,14,22],"killed_by":"Slavers","ascension_level":20}}