{"host":"5yg5r29c2awvcp2u","time":1608856034,"event":{"mods":["BaseMod","Colored Map","Hubris","Minty Spire (QoL Compilation)","Quick Restart","StSLib","The Jungle"],"gold_per_floor":[20,36,36,36,49,76,91,91,116,116,146,162,187,207,207,285,285,297,297,297,297],"floor_reached":20,"playtime":617,"items_purged":[],"score":359,"play_id":"c92d3816-85a5-4834-b291-8bce963cad2d","local_time":"20201224172714","is_ascension_mode":true,"campfire_choices":[{"data":"Bash","floor":8,"key":"SMITH"},{"floor":10,"key":"REST"},{"floor":15,"key":"REST"}],"circlet_count":0,"master_deck":["AscendersBane","Strike_R","Strike_R","Strike_R","Strike_R","Defend_R","Defend_R","Defend_R","Defend_R","Bash+1","Fiend Fire","Twin Strike","Cleave","hubris:StunningStrike","Blood for Blood","hubris:ReadiedAction","Sword Boomerang","Headbutt","Disarm","Demon Form","Feed","hubris:ReadiedAction+1"],"relics":["Burning Blood","Centennial Puzzle","Dream Catcher","CaptainsWheel","hubris:ScarierMask","Shovel"],"acts_visited":["Exordium","Exordium"],"potions_floor_usage":[6,13],"damage_taken":[{"damage":12,"enemies":"Jaw Worm","floor":1,"turns":3},{"damage":2,"enemies":"2 Louse","floor":2,"turns":4},{"damage":5,"enemies":"Small Slimes","floor":5,"turns":3},{"damage":40,"enemies":"3 Sentries","floor":6,"turns":8},{"damage":7,"enemies":"2 Fungi Beasts","floor":7,"turns":3},{"damage":27,"enemies":"Exordium Thugs","floor":12,"turns":3},{"damage":30,"enemies":"Lagavulin","floor":13,"turns":6},{"damage":12,"enemies":"Looter","floor":14,"turns":3},{"damage":30,"enemies":"Hexaghost","floor":16,"turns":6},{"damage":19,"enemies":"theJungle:Flameango_and_Byrd","floor":18,"turns":5},{"damage":21,"enemies":"theJungle:5_Spyders","floor":20,"turns":4}],"seed_played":"-6035806431884208306","potions_obtained":[{"floor":2,"key":"Regen Potion"},{"floor":5,"key":"ColorlessPotion"}],"is_trial":false,"path_per_floor":["M","M","?","?","M","E","M","R","T","R","?","M","E","M","R","B",null,"M","?","M"],"character_chosen":"IRONCLAD","items_purchased":[],"campfire_rested":2,"item_purchase_floors":[],"current_hp_per_floor":[62,66,66,59,60,26,25,25,25,47,47,26,17,11,33,9,59,49,39,18,18],"gold":297,"neow_bonus":"THREE_RARE_CARDS","is_daily":false,"chose_seed":false,"campfire_upgraded":1,"win_rate":0.0,"timestamp":1608856034,"path_taken":["M","M","?","?","M","E","M","R","T","R","?","M","E","M","R","BOSS","M","?","M"],"items_purchased_type":[],"build_version":"2020-12-22","purchased_purges":0,"victory":false,"max_hp_per_floor":[75,75,75,75,75,75,75,75,75,75,75,75,75,75,75,75,75,78,78,78,78],"card_choices":[{"not_picked":["Double Tap","Reaper"],"picked":"Fiend Fire","floor":0},{"not_picked":["Clash","hubris:SharpeningStone"],"picked":"Twin Strike","floor":1},{"not_picked":["Twin Strike","Thunderclap"],"picked":"Cleave","floor":2},{"not_picked":["Wild Strike","Uppercut"],"picked":"hubris:StunningStrike","floor":5},{"not_picked":["Sever Soul","Sword Boomerang"],"picked":"Blood for Blood","floor":6},{"not_picked":["Flex","Thunderclap"],"picked":"hubris:ReadiedAction","floor":7},{"not_picked":["Warcry","Second Wind"],"picked":"Sword Boomerang","floor":10},{"not_picked":["Infernal Blade","hubris:ReadiedAction","Burning Pact"],"picked":"SKIP","floor":12},{"not_picked":["hubris:CleavingFinish","Perfected Strike"],"picked":"Headbutt","floor":13},{"not_picked":["Fire Breathing","Shrug It Off"],"picked":"Disarm","floor":14},{"not_picked":["Infernal Blade","Heavy Blade"],"picked":"Demon Form","floor":15},{"not_picked":["Bludgeon","Corruption"],"picked":"Feed","floor":16},{"not_picked":["Burning Pact","Shockwave"],"picked":"hubris:ReadiedAction+1","floor":18}],"player_experience":451561,"relics_obtained":[{"floor":6,"key":"Centennial Puzzle"},{"floor":9,"key":"Dream Catcher"},{"floor":13,"key":"CaptainsWheel"}],"event_choices":[{"damage_healed":0,"gold_gain":0,"player_choice":"Leave","damage_taken":0,"max_hp_gain":0,"max_hp_loss":0,"event_name":"The Cleric","floor":3,"gold_loss":0},{"cards_removed":["Strike_R"],"damage_healed":0,"gold_gain":0,"player_choice":"Card Removal","damage_taken":7,"max_hp_gain":0,"max_hp_loss":0,"event_name":"Golden Wing","floor":4,"gold_loss":0},{"damage_healed":0,"gold_gain":30,"player_choice":"Searched \u00271\u0027 times","damage_taken":0,"max_hp_gain":0,"max_hp_loss":0,"event_name":"Dead Adventurer","floor":11,"gold_loss":0}],"is_beta":false,"boss_relics":[{"not_picked":["Busted Crown","Mark of Pain"],"picked":"hubris:ScarierMask"}],"items_purged_floors":[],"is_endless":false,"potions_floor_spawned":[2,5],"killed_by":"theJungle:5_Spyders","ascension_level":19}}