{"host":"nmjik3bzoelmmajy","time":1608871098,"event":{"mods":["BaseMod","Better Third Choice","Colored Map","DeckTracker","Minty Spire (QoL Compilation)","Quick Restart","Say the Spire","StSLib","SuperFastMode"],"gold_per_floor":[210,228,238,257,18,18,18,18,18,31,56,67,67,86,86,86,86],"floor_reached":16,"playtime":895,"items_purged":[],"score":187,"play_id":"65cb2b86-6f6a-42d2-9c95-8da53d53e7e3","local_time":"20201225133818","is_ascension_mode":true,"campfire_choices":[{"data":"Dagger Spray","floor":6,"key":"SMITH"},{"data":"Leg Sweep","floor":8,"key":"SMITH"},{"floor":13,"key":"REST"},{"data":"Footwork","floor":15,"key":"SMITH"}],"circlet_count":0,"master_deck":["AscendersBane","Strike_G","Strike_G","Strike_G","Strike_G","Strike_G","Defend_G","Defend_G","Defend_G","Defend_G","Defend_G","Survivor","Neutralize","Dagger Spray+1","Prepared","Leg Sweep+1","Sucker Punch","After Image","Footwork+1","Finisher","Accuracy"],"relics":["Ring of the Snake","HandDrill","Kunai","Gambling Chip"],"acts_visited":["Exordium"],"potions_floor_usage":[10,11,14,14,16],"damage_taken":[{"damage":10,"enemies":"Cultist","floor":1,"turns":6},{"damage":2,"enemies":"Jaw Worm","floor":2,"turns":5},{"damage":0,"enemies":"2 Louse","floor":3,"turns":4},{"damage":18,"enemies":"Gremlin Gang","floor":4,"turns":9},{"damage":5,"enemies":"Large Slime","floor":10,"turns":9},{"damage":22,"enemies":"Gremlin Nob","floor":11,"turns":7},{"damage":4,"enemies":"Red Slaver","floor":12,"turns":7},{"damage":0,"enemies":"3 Louse","floor":14,"turns":3},{"damage":40,"enemies":"Hexaghost","floor":16,"turns":16}],"seed_played":"5271842766906059678","potions_obtained":[{"floor":7,"key":"PowerPotion"},{"floor":7,"key":"Regen Potion"},{"floor":11,"key":"SkillPotion"},{"floor":12,"key":"Explosive Potion"},{"floor":14,"key":"Fruit Juice"}],"is_trial":false,"path_per_floor":["M","M","M","M","$","R","?","R","T","M","E","M","R","M","R","B"],"character_chosen":"THE_SILENT","items_purchased":["After Image","HandDrill"],"campfire_rested":1,"item_purchase_floors":[5,5],"current_hp_per_floor":[49,47,47,29,29,29,29,29,29,39,17,13,32,37,37,0,0],"gold":86,"neow_bonus":"HUNDRED_GOLD","is_daily":false,"chose_seed":false,"campfire_upgraded":3,"win_rate":0.0,"timestamp":1608871098,"path_taken":["M","?","M","M","$","R","?","R","T","M","E","M","R","M","R","BOSS"],"items_purchased_type":["Card","Relic"],"build_version":"2020-12-22","purchased_purges":0,"victory":false,"max_hp_per_floor":[66,66,66,66,66,66,66,66,66,66,66,66,66,71,71,71,71],"card_choices":[{"not_picked":["Dodge and Roll","Prepared"],"picked":"Dagger Spray","floor":1},{"not_picked":["Bane","Concentrate"],"picked":"Prepared","floor":2},{"not_picked":["Underhanded Strike","Dodge and Roll"],"picked":"Leg Sweep","floor":3},{"not_picked":["Underhanded Strike","Slice"],"picked":"Sucker Punch","floor":4},{"not_picked":["Heel Hook","Poisoned Stab","Dodge and Roll"],"picked":"SKIP","floor":10},{"not_picked":["After Image","Infinite Blades"],"picked":"Footwork","floor":11},{"not_picked":["Prepared","Acrobatics"],"picked":"Finisher","floor":12},{"not_picked":["Bane","Deadly Poison"],"picked":"Accuracy","floor":14}],"player_experience":821718,"relics_obtained":[{"floor":9,"key":"Kunai"},{"floor":11,"key":"Gambling Chip"}],"event_choices":[{"damage_healed":0,"gold_gain":0,"player_choice":"Got Potions","damage_taken":0,"max_hp_gain":0,"max_hp_loss":0,"event_name":"Lab","floor":7,"gold_loss":0}],"is_beta":false,"boss_relics":[],"items_purged_floors":[],"is_endless":false,"potions_floor_spawned":[11,12,14],"killed_by":"Hexaghost","ascension_level":16}}