{"host":"k653q14gphaoox56","time":1608903424,"event":{"mods":["BaseMod","Colored Map","Conspire","DeckTracker","Hubris","Infinite Spire","Minty Spire (QoL Compilation)","Replay The Spire","StSLib"],"gold_per_floor":[111,161,161,176,176,176,205,236,260,305,325,350,373,39,39,160,160,192,192,192,216,216,216,249,281,306,324,324],"floor_reached":27,"playtime":1768,"items_purged":["Normality"],"score":383,"play_id":"c7c54fde-137a-4e6f-8d18-e9b4c1693f3e","local_time":"20201225083704","is_ascension_mode":false,"campfire_choices":[{"data":"Tactician","floor":6,"key":"SMITH"},{"floor":15,"key":"DIG"},{"floor":23,"key":"REST"}],"circlet_count":0,"master_deck":["Strike_G","Strike_G","Strike_G","Strike_G","Strike_G","Defend_G","Defend_G","Defend_G","Defend_G","Defend_G","Survivor","Neutralize","Tactician+1","Spreading Infection","Flying Knee+1","Choke+1","Pot Of Greed","Pot Of Greed","Poisoned Stab+1","Sucker Punch+1","Dagger Throw+1","Slice+1","Apotheosis","Infinite Blades","Bouncing Flask","Pot Of Greed","Dagger Spray+1","hubris:Despair","Tools of the Trade","Quick Slash+1","Doubt","ReplayTheSpireMod:Splinters","infinitespire:Punishment+1","Noxious Fumes","Hallucinations","Finisher+1","Toxin Wave"],"relics":["Ring of the Snake","NeowsBlessing","Ring of Greed","ReplayTheSpireMod:Ring of Exchange","Membership Card","Replay:Bandana","hubris:Towel","Molten Egg 2","Grinning Jar","Lizard Tail","conspire:DeflatedDodgeball","MealTicket","conspire:SlowCooker","Garlic","Chameleon Ring","Regal Pillow"],"acts_visited":["Exordium","TheCity"],"potions_floor_usage":[10,16,16,21,24],"damage_taken":[{"damage":0,"enemies":"2 Louse","floor":1,"turns":1},{"damage":0,"enemies":"Small Slimes","floor":4,"turns":1},{"damage":0,"enemies":"Lagavulin","floor":7,"turns":1},{"damage":0,"enemies":"conspire:RoseBush","floor":8,"turns":3},{"damage":12,"enemies":"conspire:MimicChest","floor":10,"turns":6},{"damage":20,"enemies":"Exordium Thugs","floor":11,"turns":6},{"damage":8,"enemies":"conspire:2 RoseBushes","floor":12,"turns":5},{"damage":0,"enemies":"3 Louse","floor":13,"turns":2},{"damage":11,"enemies":"Slime Boss","floor":16,"turns":5},{"damage":51,"enemies":"conspire:FuzzyDice","floor":18,"turns":5},{"damage":9,"enemies":"Shell Parasite","floor":21,"turns":3},{"damage":33,"enemies":"Nightmare","floor":24,"turns":8},{"damage":24,"enemies":"Centurion and Healer","floor":25,"turns":6},{"damage":35,"enemies":"3 Cultists","floor":27,"turns":4}],"seed_played":"-6244185953162476321","potions_obtained":[{"floor":1,"key":"SteroidPotion"},{"floor":4,"key":"Swift Potion"},{"floor":13,"key":"Poison Potion"},{"floor":16,"key":"Swift Potion"},{"floor":18,"key":"PowerPotion"},{"floor":24,"key":"Death Potion"}],"is_trial":false,"path_per_floor":["M","?","?","M","?","R","E","M","T","?","M","M","M","$","R_BF","B",null,"M","?","?","M","?","R","NM","M","T","M"],"character_chosen":"THE_SILENT","items_purchased":["Apotheosis","Infinite Blades","Bouncing Flask","conspire:DeflatedDodgeball","Dagger Spray+1"],"campfire_rested":1,"item_purchase_floors":[14,14,14,14,14],"current_hp_per_floor":[70,70,70,70,70,70,70,70,70,58,38,30,30,30,30,19,70,19,19,19,10,10,31,52,28,28,0,0],"gold":324,"neow_bonus":"THREE_ENEMY_KILL","is_daily":false,"chose_seed":false,"campfire_upgraded":1,"win_rate":0.0,"timestamp":1608903424,"path_taken":["M","?","?","M","?","R","E","?","T","?","M","M","M","?","R_BF","BOSS","M","?","?","M","?","R","NM","M","T","M"],"items_purchased_type":["Card","Card","Card","Relic","Card"],"build_version":"2020-12-22","purchased_purges":1,"victory":false,"max_hp_per_floor":[70,70,70,70,70,70,70,70,70,70,70,70,70,70,70,70,70,70,70,70,70,70,70,70,70,70,70,70],"card_choices":[{"not_picked":["Flechettes","Slice"],"picked":"Tactician","floor":1},{"not_picked":["Dagger Throw","Endless Agony"],"picked":"Bane","floor":4},{"not_picked":["Reflex","Backflip"],"picked":"Flying Knee+1","floor":7},{"not_picked":["hubris:SlightOfHand","Backflip"],"picked":"Choke+1","floor":8},{"not_picked":["ReplayTheSpireMod:Exploit Weakness","Acrobatics"],"picked":"Poisoned Stab+1","floor":10},{"not_picked":["Draining Mist","Poisoned Stab+1"],"picked":"Sucker Punch+1","floor":11},{"not_picked":["Riddle With Holes+1","Acrobatics"],"picked":"Dagger Throw+1","floor":12},{"not_picked":["Escape Plan","conspire:PoisonWeapons"],"picked":"Slice+1","floor":13},{"not_picked":["Doppelganger","Storm of Steel"],"picked":"Tools of the Trade","floor":16},{"not_picked":["ReplayTheSpireMod:Scrap Shanks","Cloak And Dagger"],"picked":"Quick Slash+1","floor":18},{"not_picked":["infinitespire:UltimateForm","infinitespire:NeuralNetwork"],"picked":"infinitespire:Punishment","floor":20},{"not_picked":["Acrobatics","Flying Knee+1"],"picked":"Noxious Fumes","floor":21},{"not_picked":["Atom Bomb+1","Deflect"],"picked":"Finisher+1","floor":24},{"not_picked":["Flechettes+1","Dagger Throw+1"],"picked":"Toxin Wave","floor":25}],"player_experience":107604,"relics_obtained":[{"floor":2,"key":"Ring of Greed"},{"floor":2,"key":"ReplayTheSpireMod:Ring of Exchange"},{"floor":2,"key":"Membership Card"},{"floor":2,"key":"Replay:Bandana"},{"floor":7,"key":"Molten Egg 2"},{"floor":9,"key":"Grinning Jar"},{"floor":10,"key":"Lizard Tail"},{"floor":15,"key":"MealTicket"},{"floor":24,"key":"Chameleon Ring"},{"floor":26,"key":"Regal Pillow"}],"event_choices":[{"cards_removed":["Bane"],"damage_healed":5,"gold_gain":0,"player_choice":"Offered Common","damage_taken":0,"max_hp_gain":0,"max_hp_loss":0,"event_name":"Bonfire Elementals","floor":5,"gold_loss":0},{"cards_removed":["Bane"],"damage_healed":5,"gold_gain":0,"player_choice":"Offered Special","damage_taken":0,"max_hp_gain":0,"max_hp_loss":0,"event_name":"Bonfire Elementals","floor":5,"gold_loss":0},{"damage_healed":0,"gold_gain":0,"player_choice":"Leave","damage_taken":0,"max_hp_gain":0,"max_hp_loss":0,"event_name":"conspire:Investor","floor":22,"gold_loss":0}],"is_beta":false,"boss_relics":[{"not_picked":["Painkiller Herb","hubris:RunicObelisk"],"picked":"conspire:SlowCooker"}],"items_purged_floors":[14],"is_endless":true,"potions_floor_spawned":[1,4,13,16,18,24],"killed_by":"3 Cultists","ascension_level":0}}