{"host":"baymyijz6sxaqj5s","time":1608879263,"event":{"mods":["AchievementEnabler","BaseMod","Colored Map","Colored Powertips","DeckTracker","KOR Keyword Fix","Keyboard Shortcuts","Minty Spire (QoL Compilation)","Quick Restart","StSLib","SuperFastMode"],"gold_per_floor":[113,113,129,145,145,178,178,204,204,204,132,145,65,83,83,187,187,202,202,202,213,227,227,227,253,253,263,263,263,295,308,308,403,403,413,427,156,169,182,212,0,0,25,25,55,73,148,161,161,161,161],"floor_reached":50,"playtime":2693,"items_purged":["Strike_G"],"score":580,"play_id":"7a8c23fc-b10f-4741-9a40-03966c029f30","local_time":"20201225155423","is_ascension_mode":true,"campfire_choices":[{"floor":7,"key":"REST"},{"floor":10,"key":"REST"},{"floor":15,"key":"REST"},{"floor":23,"key":"REST"},{"floor":28,"key":"REST"},{"data":"Crippling Poison","floor":32,"key":"SMITH"},{"floor":44,"key":"REST"},{"floor":49,"key":"REST"}],"circlet_count":0,"master_deck":["Strike_G","Strike_G+1","Strike_G+1","Strike_G","Defend_G","Defend_G","Defend_G","Defend_G","Defend_G","Survivor","Neutralize","Deadly Poison","Dodge and Roll","Noxious Fumes","Leg Sweep","Crippling Poison+1","Backflip","Bouncing Flask","After Image","Bane+1","Poisoned Stab","Flying Knee","Outmaneuver+1","Poisoned Stab+1","Deadly Poison","Corpse Explosion","Crippling Poison","Deflect"],"relics":["Ring of the Snake","Snake Skull","Incense Burner","Ornamental Fan","Runic Pyramid","Nilry\u0027s Codex","TungstenRod","The Specimen","Boot","Sozu","PreservedInsect","Happy Flower","Red Mask","MealTicket","Du-Vu Doll","Frozen Egg 2"],"acts_visited":["Exordium","TheCity","TheBeyond"],"potions_floor_usage":[14,16,22,25,25,27,31,33,35],"damage_taken":[{"damage":1,"enemies":"Jaw Worm","floor":1,"turns":5},{"damage":0,"enemies":"Small Slimes","floor":3,"turns":4},{"damage":0,"enemies":"2 Louse","floor":4,"turns":4},{"damage":51,"enemies":"3 Sentries","floor":6,"turns":15},{"damage":18,"enemies":"Lagavulin","floor":8,"turns":8},{"damage":1,"enemies":"2 Fungi Beasts","floor":12,"turns":4},{"damage":5,"enemies":"Red Slaver","floor":14,"turns":4},{"damage":24,"enemies":"Slime Boss","floor":16,"turns":11},{"damage":8,"enemies":"Shell Parasite","floor":18,"turns":5},{"damage":6,"enemies":"Spheric Guardian","floor":21,"turns":6},{"damage":16,"enemies":"Centurion and Healer","floor":22,"turns":6},{"damage":4,"enemies":"Book of Stabbing","floor":25,"turns":8},{"damage":5,"enemies":"Snake Plant","floor":27,"turns":5},{"damage":11,"enemies":"Gremlin Leader","floor":30,"turns":7},{"damage":0,"enemies":"Snecko","floor":31,"turns":4},{"damage":16,"enemies":"Champ","floor":33,"turns":9},{"damage":1,"enemies":"3 Darklings","floor":35,"turns":5},{"damage":1,"enemies":"3 Shapes","floor":36,"turns":3},{"damage":0,"enemies":"Maw","floor":38,"turns":8},{"damage":27,"enemies":"Writhing Mass","floor":39,"turns":6},{"damage":8,"enemies":"Giant Head","floor":40,"turns":8},{"damage":41,"enemies":"Reptomancer","floor":45,"turns":4},{"damage":6,"enemies":"Sphere and 2 Shapes","floor":46,"turns":4},{"damage":20,"enemies":"Jaw Worm Horde","floor":48,"turns":5},{"damage":28,"enemies":"Awakened One","floor":50,"turns":6}],"seed_played":"6967131375625014461","potions_obtained":[{"floor":8,"key":"Energy Potion"},{"floor":12,"key":"SpeedPotion"},{"floor":16,"key":"AttackPotion"},{"floor":22,"key":"SteroidPotion"},{"floor":24,"key":"GhostInAJar"},{"floor":24,"key":"Dexterity Potion"},{"floor":24,"key":"SpeedPotion"},{"floor":27,"key":"SpeedPotion"},{"floor":31,"key":"Block Potion"},{"floor":33,"key":"SkillPotion"}],"is_trial":false,"path_per_floor":["M","?","M","M","?","E","R","E","T","R","$","M","$","M","R","B",null,"M","?","?","M","M","R","?","E","T","M","R","?","E","M","R","B",null,"M","M","$","M","M","E","?","$","T","R","E","M","T","M","R","B"],"character_chosen":"THE_SILENT","items_purchased":["Leg Sweep","Backflip","Bouncing Flask","PreservedInsect","Deflect"],"campfire_rested":7,"item_purchase_floors":[11,13,13,37,37],"current_hp_per_floor":[76,76,76,76,61,10,33,15,15,38,38,37,37,32,55,31,77,69,55,39,33,17,41,41,37,37,32,56,82,71,71,71,55,82,81,80,80,80,53,45,45,45,45,69,28,22,22,2,26,0,0],"gold":161,"neow_bonus":"TEN_PERCENT_HP_BONUS","is_daily":false,"chose_seed":false,"campfire_upgraded":1,"win_rate":0.0,"timestamp":1608879263,"path_taken":["M","?","M","M","?","E","R","E","T","R","?","?","$","M","R","BOSS","M","?","?","M","M","R","?","E","T","?","R","?","E","M","R","BOSS","M","M","$","M","M","E","?","$","T","R","E","M","?","M","R","BOSS"],"items_purchased_type":["Card","Card","Card","Relic","Card"],"build_version":"2020-12-22","purchased_purges":1,"victory":false,"max_hp_per_floor":[77,77,77,77,77,77,77,77,77,77,77,77,77,77,77,77,77,77,82,82,82,82,82,82,82,82,82,82,82,82,82,82,82,82,82,82,82,82,82,82,82,82,82,82,82,82,82,82,82,82,82],"card_choices":[{"not_picked":["Slice","Deflect"],"picked":"Deadly Poison","floor":1},{"not_picked":["Tactician","Dagger Throw"],"picked":"Dodge and Roll","floor":3},{"not_picked":["Prepared","Escape Plan","Slice"],"picked":"SKIP","floor":4},{"not_picked":["Prepared","Underhanded Strike","Malaise"],"picked":"SKIP","floor":6},{"not_picked":["After Image","Envenom"],"picked":"Noxious Fumes","floor":8},{"not_picked":["Expertise","Acrobatics"],"picked":"Crippling Poison","floor":12},{"not_picked":["Dagger Spray","Prepared","Slice"],"picked":"SKIP","floor":14},{"not_picked":["Doppelganger","Phantasmal Killer"],"picked":"After Image","floor":16},{"not_picked":["Dodge and Roll+1","Slice"],"picked":"Bane+1","floor":18},{"not_picked":["Prepared","Backstab"],"picked":"Poisoned Stab","floor":21},{"not_picked":["PiercingWail","Escape Plan"],"picked":"Flying Knee","floor":22},{"not_picked":["Unload","Finisher"],"picked":"Outmaneuver+1","floor":25},{"not_picked":["All Out Attack","Prepared","Bouncing Flask"],"picked":"SKIP","floor":27},{"not_picked":["Dagger Throw","Leg Sweep"],"picked":"Poisoned Stab+1","floor":30},{"not_picked":["Slice","Blade Dance"],"picked":"Deadly Poison","floor":31},{"not_picked":["A Thousand Cuts","Doppelganger"],"picked":"Corpse Explosion","floor":33},{"not_picked":["Bane","Flechettes+1"],"picked":"Crippling Poison","floor":35},{"not_picked":["Prepared","Dodge and Roll","Endless Agony+1"],"picked":"SKIP","floor":36},{"not_picked":["Prepared","Bouncing Flask+1","Skewer+1"],"picked":"SKIP","floor":38},{"not_picked":["Dodge and Roll","Deflect","Skewer"],"picked":"SKIP","floor":39},{"not_picked":["PiercingWail+1","Envenom","Bouncing Flask+1"],"picked":"SKIP","floor":40},{"not_picked":["Dagger Throw","Predator+1","PiercingWail+1"],"picked":"SKIP","floor":45},{"not_picked":["Finisher+1","Prepared+1","Blade Dance+1"],"picked":"SKIP","floor":46},{"not_picked":["Flying Knee+1","Bouncing Flask+1","Cloak And Dagger"],"picked":"SKIP","floor":48}],"player_experience":228506,"relics_obtained":[{"floor":6,"key":"Snake Skull"},{"floor":8,"key":"Incense Burner"},{"floor":9,"key":"Ornamental Fan"},{"floor":20,"key":"Nilry\u0027s Codex"},{"floor":25,"key":"TungstenRod"},{"floor":26,"key":"The Specimen"},{"floor":30,"key":"Boot"},{"floor":40,"key":"Happy Flower"},{"floor":43,"key":"MealTicket"},{"floor":45,"key":"Du-Vu Doll"},{"floor":47,"key":"Frozen Egg 2"}],"event_choices":[{"damage_healed":0,"gold_gain":0,"player_choice":"Leave","damage_taken":0,"max_hp_gain":0,"max_hp_loss":0,"event_name":"The Cleric","floor":2,"gold_loss":0},{"damage_healed":0,"gold_gain":0,"player_choice":"Entered Light","damage_taken":15,"max_hp_gain":0,"max_hp_loss":0,"event_name":"Shining Light","floor":5,"gold_loss":0,"cards_upgraded":["Strike_G","Strike_G"]},{"damage_healed":0,"gold_gain":0,"player_choice":"Shed Blood","damage_taken":19,"max_hp_gain":5,"max_hp_loss":0,"event_name":"Forgotten Altar","floor":19,"gold_loss":0},{"damage_healed":0,"gold_gain":0,"player_choice":"Obtained Book","damage_taken":16,"max_hp_gain":0,"max_hp_loss":0,"event_name":"Cursed Tome","floor":20,"gold_loss":0},{"damage_healed":0,"gold_gain":0,"player_choice":"Got Potions","damage_taken":0,"max_hp_gain":0,"max_hp_loss":0,"event_name":"Lab","floor":24,"gold_loss":0},{"damage_healed":26,"gold_gain":0,"player_choice":"Full Heal","damage_taken":0,"max_hp_gain":0,"max_hp_loss":0,"event_name":"Wheel of Change","floor":29,"gold_loss":0},{"damage_healed":0,"gold_gain":0,"player_choice":"Paid","damage_taken":0,"relics_obtained":["Red Mask"],"max_hp_gain":0,"max_hp_loss":0,"event_name":"Tomb of Lord Red Mask","floor":41,"gold_loss":212}],"is_beta":false,"boss_relics":[{"not_picked":["Ectoplasm","Empty Cage"],"picked":"Runic Pyramid"},{"not_picked":["HoveringKite","Calling Bell"],"picked":"Sozu"}],"items_purged_floors":[37],"is_endless":false,"potions_floor_spawned":[8,12,16,22,27,31,33,36,38,39,46,48],"killed_by":"Awakened One","ascension_level":1}}