{"host":"ocy7z4248lncoz2b","time":1608882278,"event":{"mods":["BaseMod","Beaked The Cultist","Bestiary","Better Match","Better Sensory Stone","Better Third Choice","BetterRewards","Clockwork Mod","Colored Map","Colored Powertips","Conspire","Curses Come First","Downfall","Friendly Minions","Gremlin Mod","Highlight Path","Hubris","Infinite Spire","Jorbs\u0027s Wanderer Trilogy","Marisa????????","Mimic Mod","Minty Spire (QoL Compilation)","READ ME - Guardian Mod","Rare Cards Sparkle","Replay The Spire","Shop Mod","Spicy Shops","Spikes Relics","StSLib","SuperFastMode","The Administrix","The Blue Laboratory","The Construct","The Jungle","The Servant 0.9.4","The Wild Card","WarShipGirlsR/????R mod"],"gold_per_floor":[99,118,118,72,72,72,103,119,134,134,157,173,173,173,5,19,31,31,31],"floor_reached":18,"playtime":688,"items_purged":[],"score":102,"play_id":"de1dd1dd-501a-4e66-a51d-01473ecfd114","local_time":"20201225164438","is_ascension_mode":false,"campfire_choices":[{"data":"construct:SaveState","floor":1,"key":"SMITH"},{"data":"construct:Stasis","floor":10,"key":"SMITH"}],"circlet_count":0,"master_deck":["construct:Strike_Gold","construct:Strike_Gold","construct:Strike_Gold","construct:Strike_Gold","construct:Defend_Gold","construct:Defend_Gold","construct:Defend_Gold","construct:Defend_Gold","construct:Defend_Gold","construct:AttackMode","construct:DefenseMode","construct:SaveState+1","construct:Autoturret","construct:Overcharge","construct:CreateCores","construct:VentSteam","construct:NuclearCore","construct:FlammableFog","construct:Stasis+1","construct:PanicFire","construct:Implosion","construct:PointDefense"],"relics":["construct:ClockworkPhoenix","downfall:BrokenWingStatue","Smiling Mask","Anchor","Medical Kit"],"acts_visited":["Exordium"],"potions_floor_usage":[16,18,18],"damage_taken":[{"damage":5,"enemies":"2 Louse","floor":2,"turns":3},{"damage":10,"enemies":"downfall:FleeingMerchant","floor":4,"turns":4},{"damage":14,"enemies":"Small Slimes","floor":7,"turns":5},{"damage":0,"enemies":"Small Slimes","floor":8,"turns":4},{"damage":0,"enemies":"conspire:RoseBush","floor":9,"turns":5},{"damage":10,"enemies":"Exordium Thugs","floor":12,"turns":6},{"damage":8,"enemies":"downfall:FleeingMerchant","floor":15,"turns":4},{"damage":33,"enemies":"Gremlin Gang","floor":16,"turns":6},{"damage":2,"enemies":"conspire:2 RoseBushes","floor":17,"turns":8},{"damage":5,"enemies":"downfall:Ironclad","floor":18,"turns":2}],"seed_played":"6790861686704988633","potions_obtained":[{"floor":2,"key":"sneckomod:MuddlingPotion"},{"floor":8,"key":"infinitespire:BlackPotion"},{"floor":9,"key":"CultistPotion"},{"floor":16,"key":"blueLaboratory:NullPotion"}],"is_trial":false,"path_per_floor":["R","M","?","$","?","?","MIM","M","M","R","T","M","PTL","PTL","$","M","M","B"],"character_chosen":"THE_CONSTRUCT_MOD","items_purchased":["construct:CreateCores","Medical Kit"],"campfire_rested":0,"item_purchase_floors":[4,15],"current_hp_per_floor":[85,80,80,70,70,70,56,56,56,56,56,46,46,46,38,5,3,0,0],"gold":31,"neow_bonus":"THREE_CARDS","is_daily":false,"chose_seed":false,"campfire_upgraded":2,"win_rate":0.0,"timestamp":1608882278,"path_taken":["R","M","?","$","?","?","MIM","?","?","R","?","M","PTL","PTL","?","M","M","BOSS"],"items_purchased_type":["Card","Relic"],"build_version":"2020-12-22","purchased_purges":0,"victory":false,"max_hp_per_floor":[85,85,85,85,85,85,85,85,85,85,85,85,85,85,85,85,85,85,85],"card_choices":[{"not_picked":["construct:Zapper","construct:ShiftStrike"],"picked":"construct:SaveState","floor":0},{"not_picked":["construct:Accumulate","construct:Analyze"],"picked":"construct:Autoturret","floor":2},{"not_picked":["construct:CreateCores","construct:SyphonStrike"],"picked":"construct:Overcharge","floor":4},{"not_picked":["construct:Analyze","construct:Backfire"],"picked":"construct:NuclearCore","floor":7},{"not_picked":["construct:MoltenSmash","construct:Antimatter"],"picked":"construct:FlammableFog","floor":8},{"not_picked":["construct:PowerUp","construct:Analyze"],"picked":"construct:Stasis","floor":9},{"not_picked":["construct:Synchronize","construct:PhosphorStorm"],"picked":"construct:PanicFire","floor":12},{"not_picked":["construct:Backfire","construct:Boost"],"picked":"construct:Implosion","floor":15},{"not_picked":["construct:Tumble","construct:Forcefield"],"picked":"construct:PointDefense","floor":16},{"not_picked":["construct:SaveState","construct:Boost","construct:Accumulate"],"picked":"SKIP","floor":17}],"player_experience":313131,"relics_obtained":[{"floor":7,"key":"Smiling Mask"},{"floor":11,"key":"Anchor"}],"event_choices":[{"cards_removed":["construct:Strike_Gold"],"damage_healed":0,"gold_gain":0,"player_choice":"Offered Basic","damage_taken":0,"max_hp_gain":0,"max_hp_loss":0,"event_name":"Bonfire Elementals","floor":6,"gold_loss":0}],"is_beta":false,"boss_relics":[],"items_purged_floors":[],"is_endless":false,"potions_floor_spawned":[2,8,9,16],"killed_by":"downfall:Ironclad","ascension_level":0}}