{"host":"bbld1ic1uj90ldt9","time":1608926851,"event":{"mods":["2.2 Compatiblity","AchievementEnabler","Act Like it!","BaseMod","Better Third Choice","Conspire","Downfall","Emptier Cage","Gensokyo","Hallownest","Hermit","Highlight Path","Hubris","Marisa????????","Minty Spire (QoL Compilation)","Random Character Button","Replay The Spire","StSLib","The Animator","The Bug Knight","The Cursed","The Disciple","The Hierophant","The Jungle","The Runesmith","The Servant 0.9.4"],"gold_per_floor":[111,111,129,40,53,53,80,80,80,106,106,6,6],"floor_reached":12,"playtime":958,"items_purged":[],"score":122,"play_id":"f14c94d0-1c45-48ac-9e2f-deac7ce0b096","local_time":"20201225210731","is_ascension_mode":true,"campfire_choices":[{"data":"BasicCrystalCard","floor":6,"key":"SMITH"},{"floor":8,"key":"REST"}],"circlet_count":0,"master_deck":["AscendersBane","Strike_B","Strike_B","Strike_B","Strike_B","Defend_B","Defend_B","Defend_B","Defend_B","Zap","Dualcast","BasicCrystalCard+1","Stack","ReplayTheSpireMod:IOU","ReplayTheSpireMod:IOU","Turbo","Sweeping Beam","Creative AI"],"relics":["Runic Pyramid","Replay:Wax Seal","Lee\u0027s Waffle","Snack Pack","Runesmith:Nanobots","hubris:SphereOfDissonance","Vajra","Gensokyo:PortableGap"],"acts_visited":["Gensokyo:Gensokyo"],"potions_floor_usage":[10],"damage_taken":[{"damage":10,"enemies":"Gensokyo:2_Kodama","floor":1,"turns":3},{"damage":13,"enemies":"Gensokyo:3_Fairies","floor":3,"turns":6},{"damage":20,"enemies":"Gensokyo:Gryphon","floor":5,"turns":5},{"damage":30,"enemies":"Gensokyo:Mamizou","floor":7,"turns":12},{"damage":19,"enemies":"Gensokyo:Aya","floor":10,"turns":6},{"damage":39,"enemies":"Gensokyo:Cirno","floor":12,"turns":6}],"seed_played":"-1772797361337120326","potions_obtained":[{"floor":3,"key":"FearPotion"},{"floor":7,"key":"Elixir"}],"is_trial":false,"path_per_floor":["M","?","M","$","M","R","E","R","T","E","?","E"],"character_chosen":"DEFECT","items_purchased":["Lee\u0027s Waffle","Snack Pack"],"campfire_rested":1,"item_purchase_floors":[4,4],"current_hp_per_floor":[58,43,30,82,62,62,32,56,56,37,37,0,0],"gold":6,"neow_bonus":"BOSS_RELIC","is_daily":false,"chose_seed":false,"campfire_upgraded":1,"win_rate":0.0,"timestamp":1608926851,"path_taken":["M","?","M","$","M","R","E","R","T","E","?","E"],"items_purchased_type":["Relic","Relic"],"build_version":"2020-12-22","purchased_purges":0,"victory":false,"max_hp_per_floor":[75,75,75,82,82,82,82,82,82,82,74,74,74],"card_choices":[{"not_picked":["Hologram","ReplayTheSpireMod:Reroute Power"],"picked":"BasicCrystalCard","floor":1},{"not_picked":["Hologram","Coolheaded"],"picked":"Stack","floor":3},{"not_picked":["Barrage","Go for the Eyes"],"picked":"Turbo","floor":5},{"not_picked":["Barrage","Biased Cognition"],"picked":"Sweeping Beam","floor":7},{"not_picked":["Undo","FIFO Queue"],"picked":"Creative AI","floor":10}],"player_experience":2158073,"relics_obtained":[{"floor":7,"key":"Runesmith:Nanobots"},{"floor":9,"key":"hubris:SphereOfDissonance"},{"floor":10,"key":"Vajra"}],"event_choices":[],"is_beta":false,"boss_relics":[],"items_purged_floors":[],"is_endless":false,"potions_floor_spawned":[3,7],"killed_by":"Gensokyo:Cirno","ascension_level":11}}