{"host":"hu38hxukylnnynm2","time":1608918837,"event":{"mods":["AchievementEnabler","BaseMod","Card Forge","Colored Powertips","DNKmod","DeckTracker","Friendly Minions","Highlight Path","Minty Spire (QoL Compilation)","Spicy Shops","StSLib"],"gold_per_floor":[1019,1194,1194,500,519,545,147,179,179,197,197,211,57,72,72,170,170,186,32,32,50,64,64,90,18,18,46,46,46,46,66,66,168,168,183,195,69,69,69,100,100,135,135,160,178,219,278,301,301,301,301,301,18,52,52],"floor_reached":56,"playtime":2429,"items_purged":[],"score":1808,"play_id":"67146f3c-382b-4bbd-8391-4d7e9cdecd99","local_time":"20201225125357","is_ascension_mode":true,"campfire_choices":[{"floor":11,"key":"RECALL"},{"floor":15,"key":"REST"},{"floor":23,"key":"REST"},{"floor":28,"key":"REST"},{"floor":32,"key":"REST"},{"floor":41,"key":"REST"},{"floor":49,"key":"REST"},{"floor":52,"key":"REST"}],"circlet_count":0,"master_deck":["Strike_P+1","Strike_P+1","Strike_P+1","Strike_P+1","Defend_P+1","Defend_P+1","Defend_P+1","Defend_P+1","Eruption+1","Vigilance+1","Mayhem+1","Panache+1","Mayhem+1","Panache+1","Mayhem+1","Panache+1","Mayhem+1","Panache+1","Mayhem+1","Panache+1","Protect+1","CutThroughFate+1","CrushJoints+1","Magnetism+1","Pray+1","FearNoEvil+1","ForeignInfluence+1","FollowUp+1","Devotion+1","Prostrate+1","PathToVictory+1","Protect+1","Alpha+1","FollowUp+1","Devotion+1","PathToVictory+1","SashWhip+1","The Bomb+1","Chrysalis+1","Enlightenment+1","DevaForm+1","Prostrate+1","WaveOfTheHand+1","Sanctity+1","Consecrate+1","Vengeance+1","ForeignInfluence+1","DeceiveReality+1"],"relics":["PureWater","Hammer of Thor","Seething Fire","Anvil of the Gods","Ornamental Fan","ClockworkSouvenir","Bag of Preparation","Orichalcum","Bottled Flame","Anchor","PreservedInsect","Blood Vial","Damaru","Black Star","Membership Card","Akabeko","Potion Belt","Lantern","Letter Opener","Bronze Scales","Vajra","InkBottle","Fusion Hammer","TeardropLocket","Shuriken","Matryoshka","Blue Candle","Pantograph","Nunchaku","Mummified Hand","Juzu Bracelet","Centennial Puzzle","CeramicFish","Boot","Mango","Gremlin Horn","HandDrill","TheAbacus","Bottled Tornado","White Beast Statue"],"acts_visited":["Exordium","TheCity","TheBeyond","TheEnding"],"potions_floor_usage":[16,16,16,33,40,40,50,50,50,55],"damage_taken":[{"damage":0,"enemies":"Cultist","floor":1,"turns":2},{"damage":0,"enemies":"Jaw Worm","floor":5,"turns":2},{"damage":0,"enemies":"Gremlin Nob","floor":6,"turns":2},{"damage":0,"enemies":"3 Sentries","floor":8,"turns":2},{"damage":0,"enemies":"2 Louse","floor":10,"turns":1},{"damage":0,"enemies":"2 Fungi Beasts","floor":12,"turns":1},{"damage":0,"enemies":"Red Slaver","floor":14,"turns":1},{"damage":8,"enemies":"The Guardian","floor":16,"turns":3},{"damage":0,"enemies":"2 Thieves","floor":18,"turns":2},{"damage":0,"enemies":"Chosen","floor":21,"turns":3},{"damage":6,"enemies":"Shelled Parasite and Fungi","floor":22,"turns":3},{"damage":0,"enemies":"Gremlin Leader","floor":24,"turns":3},{"damage":5,"enemies":"Slavers","floor":27,"turns":2},{"damage":13,"enemies":"Centurion and Healer","floor":31,"turns":3},{"damage":0,"enemies":"Collector","floor":33,"turns":4},{"damage":2,"enemies":"3 Darklings","floor":35,"turns":2},{"damage":0,"enemies":"Orb Walker","floor":36,"turns":2},{"damage":17,"enemies":"Nemesis","floor":40,"turns":3},{"damage":22,"enemies":"Reptomancer","floor":42,"turns":3},{"damage":6,"enemies":"Giant Head","floor":44,"turns":4},{"damage":10,"enemies":"Maw","floor":45,"turns":5},{"damage":8,"enemies":"Reptomancer","floor":46,"turns":3},{"damage":23,"enemies":"2 Orb Walkers","floor":47,"turns":3},{"damage":0,"enemies":"3 Darklings","floor":48,"turns":2},{"damage":49,"enemies":"Awakened One","floor":50,"turns":5},{"damage":33,"enemies":"Shield and Spear","floor":54,"turns":3},{"damage":75,"enemies":"The Heart","floor":55,"turns":7}],"seed_played":"3737088857522607983","potions_obtained":[{"floor":1,"key":"EssenceOfSteel"},{"floor":5,"key":"EssenceOfSteel"},{"floor":8,"key":"Ancient Potion"},{"floor":16,"key":"GamblersBrew"},{"floor":20,"key":"SpeedPotion"},{"floor":20,"key":"SkillPotion"},{"floor":21,"key":"EssenceOfSteel"},{"floor":31,"key":"Explosive Potion"},{"floor":33,"key":"PowerPotion"},{"floor":42,"key":"SpeedPotion"},{"floor":44,"key":"Ancient Potion"},{"floor":45,"key":"Block Potion"}],"is_trial":false,"path_per_floor":["M","?","?","$","M","E","$","E","T","M","R","M","$","M","R","B",null,"M","$","?","M","M","R","E","$","T","E","R","?","?","M","R","B",null,"M","M","$","?","?","E","R","E","T","E","M","E","?","M","R","B",null,"R","$","E","B",null],"character_chosen":"WATCHER","items_purchased":["Ornamental Fan","ClockworkSouvenir","Bag of Preparation","Orichalcum","Anchor","PreservedInsect","Magnetism","Damaru","Membership Card","Lantern","TeardropLocket","Gremlin Horn","HandDrill","TheAbacus"],"campfire_rested":7,"item_purchase_floors":[4,4,4,4,7,7,7,13,19,25,37,53,53,53],"current_hp_per_floor":[110,110,110,110,110,110,110,110,110,110,110,110,110,110,110,102,110,110,110,110,110,104,110,110,110,110,105,110,110,110,97,110,110,110,108,110,110,100,100,85,110,88,88,84,76,70,63,65,102,75,124,124,124,91,43],"gold":52,"neow_bonus":"TEN_PERCENT_HP_BONUS","is_daily":false,"chose_seed":false,"campfire_upgraded":0,"win_rate":0.0,"timestamp":1608918837,"path_taken":["M","?","?","?","?","E","?","E","T","?","R","M","$","M","R","BOSS","M","$","?","?","M","R","E","$","T","E","R","?","?","M","R","BOSS","M","M","$","?","?","E","R","E","T","E","M","E","?","M","R","BOSS","R","$","E","BOSS"],"items_purchased_type":["Relic","Relic","Relic","Relic","Relic","Relic","Card","Relic","Relic","Relic","Relic","Relic","Relic","Relic"],"build_version":"2020-12-22","purchased_purges":0,"victory":true,"max_hp_per_floor":[110,110,110,110,110,110,110,110,110,110,110,110,110,110,110,110,110,110,110,110,110,110,110,110,110,110,110,110,110,110,110,110,110,110,110,110,110,110,110,110,110,110,110,110,110,110,124,124,124,124,124,124,124,124,124],"card_choices":[{"not_picked":["WaveOfTheHand","EmptyFist"],"picked":"Protect","floor":1},{"not_picked":["EmptyFist","FlyingSleeves"],"picked":"CutThroughFate","floor":5},{"not_picked":["Consecrate","CutThroughFate"],"picked":"CrushJoints","floor":6},{"not_picked":["LikeWater","EmptyMind"],"picked":"Pray","floor":8},{"not_picked":["BowlingBash","CutThroughFate"],"picked":"FearNoEvil","floor":10},{"not_picked":["FlyingSleeves","CrushJoints"],"picked":"ForeignInfluence","floor":12},{"not_picked":["JustLucky","Adaptation"],"picked":"FollowUp","floor":14},{"not_picked":["MasterReality","Omniscience"],"picked":"Devotion","floor":16},{"not_picked":["EmptyFist+1","CarveReality"],"picked":"Prostrate","floor":18},{"not_picked":["JustLucky","BattleHymn"],"picked":"PathToVictory+1","floor":21},{"not_picked":["Collect","Perseverance"],"picked":"Protect+1","floor":22},{"not_picked":["FollowUp+1","SashWhip+1"],"picked":"Alpha","floor":24},{"not_picked":["Consecrate","EmptyBody+1","FearNoEvil+1"],"picked":"SKIP","floor":27},{"not_picked":["FlyingSleeves","EmptyFist+1"],"picked":"FollowUp","floor":31},{"not_picked":["SpiritShield","Scrawl"],"picked":"Devotion","floor":33},{"not_picked":["SandsOfTime+1","ClearTheMind+1"],"picked":"PathToVictory+1","floor":35},{"not_picked":["ClearTheMind","ConjureBlade"],"picked":"SashWhip+1","floor":36},{"not_picked":["Finesse","Swift Strike"],"picked":"The Bomb","floor":38},{"not_picked":["Enlightenment","Madness"],"picked":"Chrysalis","floor":38},{"not_picked":["Purity","Impatience"],"picked":"Enlightenment","floor":38},{"not_picked":["Fasting2+1","ThirdEye"],"picked":"DevaForm","floor":40},{"not_picked":["EmptyFist","CutThroughFate"],"picked":"Prostrate","floor":42},{"not_picked":["Worship","Perseverance+1"],"picked":"WaveOfTheHand+1","floor":44},{"not_picked":["WaveOfTheHand","Crescendo"],"picked":"Sanctity+1","floor":45},{"not_picked":["Study","Fasting2"],"picked":"Consecrate+1","floor":46},{"not_picked":["Evaluate","EmptyFist+1"],"picked":"Vengeance","floor":47},{"not_picked":["Vengeance+1","WindmillStrike"],"picked":"ForeignInfluence+1","floor":48},{"not_picked":["CarveReality+1","Prostrate+1"],"picked":"DeceiveReality+1","floor":54}],"player_experience":508508,"relics_obtained":[{"floor":6,"key":"Bottled Flame"},{"floor":8,"key":"Blood Vial"},{"floor":24,"key":"Akabeko"},{"floor":24,"key":"Potion Belt"},{"floor":26,"key":"Letter Opener"},{"floor":27,"key":"Bronze Scales"},{"floor":27,"key":"Vajra"},{"floor":40,"key":"Shuriken"},{"floor":40,"key":"Matryoshka"},{"floor":42,"key":"Blue Candle"},{"floor":42,"key":"Pantograph"},{"floor":43,"key":"Nunchaku"},{"floor":43,"key":"Mummified Hand"},{"floor":44,"key":"Juzu Bracelet"},{"floor":44,"key":"Centennial Puzzle"},{"floor":46,"key":"CeramicFish"},{"floor":46,"key":"Boot"},{"floor":47,"key":"Mango"},{"floor":54,"key":"Bottled Tornado"},{"floor":54,"key":"White Beast Statue"}],"event_choices":[{"damage_healed":0,"gold_gain":175,"player_choice":"AGREE","damage_taken":0,"max_hp_gain":0,"max_hp_loss":0,"event_name":"Liars Game","floor":2,"gold_loss":0,"cards_obtained":["Doubt"]},{"damage_healed":0,"gold_gain":0,"player_choice":"Ignored","damage_taken":0,"max_hp_gain":0,"max_hp_loss":0,"event_name":"Shining Light","floor":3,"gold_loss":0},{"damage_healed":0,"gold_gain":0,"player_choice":"Got Potions","damage_taken":0,"max_hp_gain":0,"max_hp_loss":0,"event_name":"Lab","floor":20,"gold_loss":0},{"damage_healed":0,"gold_gain":0,"player_choice":"Stole Relic","damage_taken":0,"relics_obtained":["InkBottle"],"max_hp_gain":0,"max_hp_loss":0,"event_name":"Addict","floor":29,"gold_loss":0,"cards_obtained":["Shame"]},{"damage_healed":0,"gold_gain":0,"player_choice":"Cursed","damage_taken":0,"max_hp_gain":0,"max_hp_loss":0,"event_name":"Wheel of Change","floor":30,"gold_loss":0,"cards_obtained":["Decay"]},{"damage_healed":0,"gold_gain":0,"player_choice":"Memory 3","damage_taken":10,"max_hp_gain":0,"max_hp_loss":0,"event_name":"SensoryStone","floor":38,"gold_loss":0},{"damage_healed":0,"gold_gain":0,"player_choice":"Ignored","damage_taken":0,"max_hp_gain":0,"max_hp_loss":0,"event_name":"Transmorgrifier","floor":39,"gold_loss":0},{"damage_healed":0,"gold_gain":0,"player_choice":"Fight","damage_taken":0,"max_hp_gain":0,"max_hp_loss":0,"event_name":"Mysterious Sphere","floor":47,"gold_loss":0}],"is_beta":false,"boss_relics":[{"not_picked":["Busted Crown","SacredBark"],"picked":"Black Star"},{"not_picked":["Philosopher\u0027s Stone","Sozu"],"picked":"Fusion Hammer"}],"items_purged_floors":[],"is_endless":false,"potions_floor_spawned":[1,5,8,16,21,22,31,33,42,44,45,48],"ascension_level":4}}