{"host":"1qxljlv0g0hslid3","time":1608932599,"event":{"mods":["2.2 Compatiblity","AchievementEnabler","Act Like it!","Astrologer","BaseMod","Beaked The Cultist","BetterRewards","Clawfect","Conspire","Custom Start","Dio Mod","Elementarium","Energized Spire","Googly Eyes","GungeonMod","Hallownest","Hermit","Hero for Fun","Highlight Path","HololiveMod","Hubris","Infinite Spire","Jorbs\u0027s Wanderer Trilogy","Magitek Elite","Marisa????????","Minty Spire (QoL Compilation)","Prisma Mod","Remilia??????","Replay The Spire","Shop Mod","StSLib","The Administrix","The Animator","The Bug Knight","The Cursed","The Death Knight","The Elementalist","The Hierophant","The Jungle","The Necromancer","The Runesmith","The Senshi","The Servant 0.9.4","Wandering Minibosses","everything is the same but u backflip on backflip","slay the spire mod where everything is the same but ironclad has a cowboy hat"],"gold_per_floor":[112,112,112,131,131,163,180,16,91,110,120,152,152,186,186,288,288,302,302,302,316,387,387,414,414,414,439,339,339,339],"floor_reached":29,"playtime":2537,"items_purged":[],"score":388,"play_id":"1fdfbeaa-fada-4d64-8b17-a83e62752d6d","local_time":"20201225154319","is_ascension_mode":false,"campfire_choices":[{"data":"hermit:Determination","floor":15,"key":"SMITH"},{"data":"hermit:Maintenance","floor":23,"key":"SMITH"},{"data":"hermit:Maintenance","floor":25,"key":"SMITH"}],"circlet_count":1,"master_deck":["hermit:Strike_Hermit","hermit:Strike_Hermit","hermit:Strike_Hermit","hermit:Strike_Hermit","hermit:Defend_Hermit","hermit:Defend_Hermit","hermit:Defend_Hermit","hermit:Defend_Hermit","hermit:Snapshot","hermit:Covet","hermit:GoldenBullet","hermit:CursedWeapon","conspire:Banana","Hallucinations","hermit:Determination+1","hermit:Gambit","hermit:HighNoon","hermit:Combo","hermit:Ricochet","hermit:GoldenBullet","hubris:DuctTapeCard","conspire:SpireCoStock","conspire:SpireCoStock"],"relics":["hermit:Momento","NeowsBlessing","Hallownest:DreamNailRelic","Circlet","Replay:Accelerometer","DemoMod:OrangeGuonStone","Replay:Ringing Soul","Ring of Fangs","ReplayTheSpireMod:Ring of Challenge","infinitespire:Lucky Rock","SlaversCollar","beaked:SacredDeck","DemoMod:Relodestone","DemoMod:PoisonVial","hubris:DuctTape"],"acts_visited":["Exordium","Hallownest:Greenpath"],"potions_floor_usage":[10,18,27,27,29],"damage_taken":[{"damage":0,"enemies":"Hallownest:monsterHuskWarrior","floor":1,"turns":1},{"damage":2,"enemies":"Hallownest:2_MossCreeps","floor":4,"turns":3},{"damage":0,"enemies":"Hallownest:eliteCrystalGuardian","floor":6,"turns":1},{"damage":2,"enemies":"2_ Uuma","floor":7,"turns":4},{"damage":21,"enemies":"Hallownest:1_Baldur_1_Crawlid_1_Warrior","floor":10,"turns":5},{"damage":13,"enemies":"Hallownest:monsterFoolEater","floor":11,"turns":3},{"damage":2,"enemies":"Hallownest:eliteVengeflyKing","floor":12,"turns":5},{"damage":10,"enemies":"Hallownest:eliteCrystalGuardian","floor":14,"turns":5},{"damage":21,"enemies":"Hallownest:BossBrokenVessel","floor":16,"turns":9},{"damage":31,"enemies":"Hallownest:3_Youths","floor":18,"turns":7},{"damage":29,"enemies":"Hallownest:Flukemon_and_Top","floor":21,"turns":7},{"damage":33,"enemies":"Hallownest:Glutton_and_Coward","floor":22,"turns":7},{"damage":2,"enemies":"Hallownest:Nosk","floor":24,"turns":6},{"damage":26,"enemies":"Hallownest:Warrior_and_Youth","floor":27,"turns":5},{"damage":12,"enemies":"Hallownest:2_Husk_Sentries","floor":29,"turns":2}],"seed_played":"7021386125449313510","potions_obtained":[{"floor":1,"key":"hermit:BlackBile"},{"floor":12,"key":"DeathKnight:RimePotion"},{"floor":14,"key":"PowerPotion"},{"floor":16,"key":"Dexterity Potion"},{"floor":22,"key":"FearPotion"},{"floor":27,"key":"ColorlessPotion"}],"is_trial":false,"path_per_floor":["M","?","?","M","?","E","M","$","T","M","M","E","?","E","R","B",null,"M","?","AVR","M","M","R","E","R","T","M","?","M"],"character_chosen":"HERMIT","items_purchased":["hermit:Maintenance","conspire:Banana"],"campfire_rested":0,"item_purchase_floors":[8,8],"current_hp_per_floor":[75,75,75,73,73,73,71,71,71,51,39,38,41,35,35,18,89,59,73,76,51,22,22,24,24,27,2,5,0,0],"gold":339,"neow_bonus":"THREE_ENEMY_KILL","is_daily":false,"chose_seed":false,"campfire_upgraded":3,"win_rate":0.0,"timestamp":1608932599,"path_taken":["M","?","?","M","?","E","M","$","T","?","M","E","?","E","R","BOSS","M","?","AVR","M","M","R","E","R","T","M","?","M"],"items_purchased_type":["Card","Card"],"build_version":"2020-12-22","purchased_purges":0,"victory":false,"max_hp_per_floor":[75,75,75,75,75,75,75,75,75,76,77,78,81,85,85,89,89,90,90,93,97,101,101,105,105,108,109,112,113,113],"card_choices":[{"not_picked":["hermit:Feint","hermit:SprayPray"],"picked":"hermit:GoldenBullet","floor":1},{"not_picked":["hermit:Dive","hermit:BigShot","hermit:DeadMansHand"],"picked":"SKIP","floor":4},{"not_picked":["hermit:Virtue","hermit:TrackingShot"],"picked":"hermit:CursedWeapon","floor":6},{"not_picked":["hermit:Coalescence","hermit:Dive","hermit:Misfire"],"picked":"SKIP","floor":7},{"not_picked":["hermit:Vantage","hermit:HeroicBravado","hermit:EyeOfTheStorm"],"picked":"SKIP","floor":10},{"not_picked":["hermit:Vantage","hermit:TrackingShot"],"picked":"hermit:Maintenance","floor":11},{"not_picked":["hermit:Coalescence","hermit:BlackWind","hermit:ItchyTrigger"],"picked":"SKIP","floor":12},{"not_picked":["hermit:BodyArmor","hermit:Glare"],"picked":"hermit:Determination","floor":14},{"not_picked":["hermit:BlackWind","hermit:FinalCanter"],"picked":"hermit:Gambit","floor":16},{"not_picked":["hermit:Roulette","hermit:WideOpen","hermit:DeadMansHand"],"picked":"SKIP","floor":18},{"not_picked":["hermit:ItchyTrigger","hermit:Gestalt"],"picked":"hermit:Combo","floor":21},{"not_picked":["hermit:PistolWhip","hermit:Glare"],"picked":"hermit:Ricochet","floor":22},{"not_picked":["hermit:Manifest","hermit:Showdown"],"picked":"hermit:GoldenBullet","floor":24},{"not_picked":["hermit:TakeAim","hermit:Combo","hermit:Midnight"],"picked":"SKIP","floor":27}],"player_experience":544602,"relics_obtained":[{"floor":6,"key":"Replay:Accelerometer"},{"floor":9,"key":"DemoMod:OrangeGuonStone"},{"floor":12,"key":"Replay:Ringing Soul"},{"floor":13,"key":"Ring of Fangs"},{"floor":13,"key":"ReplayTheSpireMod:Ring of Challenge"},{"floor":14,"key":"infinitespire:Lucky Rock"},{"floor":24,"key":"DemoMod:PoisonVial"},{"floor":26,"key":"hubris:DuctTape"}],"event_choices":[{"damage_healed":0,"gold_gain":0,"player_choice":"Invest 2","damage_taken":0,"max_hp_gain":0,"max_hp_loss":0,"event_name":"conspire:Investor","floor":28,"gold_loss":0}],"is_beta":false,"boss_relics":[{"not_picked":["theSenshi:MoonKaleidoScopeRelic","conspire:SeveredTorchhead"],"picked":"SlaversCollar"}],"items_purged_floors":[],"is_endless":false,"potions_floor_spawned":[1,12,14,16,22,27],"killed_by":"Hallownest:2_Husk_Sentries","ascension_level":0}}