{"host":"6t1lyqu4vs0bu9t8","time":1608886510,"event":{"mods":["AchievementEnabler","BaseMod","Colored Map","Keyboard Shortcuts","Minty Spire (QoL Compilation)","Permanent Neow","Quick Restart","Rare Cards Sparkle","StSLib","SuperFastMode","everything is the same but u backflip on backflip"],"gold_per_floor":[111,122,135,159,159,159,309,337,360,388,173,173,192,207,207,279,279,299,326,109,109,109],"floor_reached":21,"playtime":1466,"items_purged":["Doubt","Defend_P"],"score":502,"play_id":"304da32e-a3f1-403c-870e-894edc2475f1","local_time":"20201225175510","is_ascension_mode":true,"campfire_choices":[{"data":"SignatureMove","floor":6.0,"key":"SMITH"},{"data":"Vault","floor":15.0,"key":"SMITH"}],"circlet_count":0,"master_deck":["AscendersBane","Strike_P","Strike_P","Strike_P","Defend_P","Defend_P","Defend_P","Eruption+1","Vigilance","SignatureMove+1","Conclude","ThirdEye","Vault+1","Swivel","EmptyBody","Vengeance"],"relics":["PureWater","Vajra","Smiling Mask","Omamori","PreservedInsect","Oddly Smooth Stone","Lee\u0027s Waffle","Calling Bell","CeramicFish","Mercury Hourglass","Ginger","Art of War"],"acts_visited":["TheCity"],"potions_floor_usage":[],"damage_taken":[{"damage":0.0,"enemies":"Cultist","floor":1.0,"turns":2.0},{"damage":0.0,"enemies":"2 Louse","floor":2.0,"turns":2.0},{"damage":12.0,"enemies":"Jaw Worm","floor":3.0,"turns":2.0},{"damage":0.0,"enemies":"Lagavulin","floor":8.0,"turns":4.0},{"damage":28.0,"enemies":"3 Sentries","floor":10.0,"turns":5.0},{"damage":7.0,"enemies":"Blue Slaver","floor":13.0,"turns":2.0},{"damage":3.0,"enemies":"Exordium Wildlife","floor":14.0,"turns":4.0},{"damage":0.0,"enemies":"Slime Boss","floor":16.0,"turns":3.0},{"damage":6.0,"enemies":"Shell Parasite","floor":18.0,"turns":3.0},{"damage":13.0,"enemies":"2 Thieves","floor":19.0,"turns":4.0},{"damage":0,"enemies":"3 Cultists","floor":21,"turns":1}],"seed_played":"3551785086187726392","potions_obtained":[{"floor":2.0,"key":"SkillPotion"},{"floor":3.0,"key":"Block Potion"},{"floor":13.0,"key":"LiquidMemories"},{"floor":14.0,"key":"SkillPotion"}],"is_trial":false,"path_per_floor":["M","M","M","T","?","R","?","E","T","E","$","?","M","M","R","B",null,"M","M","$","M"],"character_chosen":"WATCHER","items_purchased":["Lee\u0027s Waffle","Art of War"],"campfire_rested":0,"item_purchase_floors":[11,20],"current_hp_per_floor":[61,61,49,49,38,38,38,38,38,10,75,75,68,65,65,65,73,67,54,54,54,54],"gold":109,"neow_bonus":"UPGRADE_CARD","is_daily":false,"chose_seed":false,"campfire_upgraded":2,"win_rate":0.0,"timestamp":1608886510,"path_taken":["M","M","M","?","?","R","?","E","T","E","$","?","?","M","R","BOSS","M","M","$","M"],"items_purchased_type":["Relic","Relic"],"build_version":"2020-12-22","purchased_purges":2,"victory":false,"max_hp_per_floor":[68,68,68,68,68,68,68,68,68,68,75,75,75,75,75,75,75,75,75,75,75,75],"card_choices":[{"not_picked":["Prostrate","PathToVictory"],"picked":"SignatureMove","floor":1.0},{"not_picked":["Evaluate","Sanctity"],"picked":"Conclude","floor":2.0},{"not_picked":["CrushJoints","Prostrate"],"picked":"ThirdEye","floor":3.0},{"not_picked":["Crescendo","CutThroughFate","PathToVictory"],"picked":"SKIP","floor":8.0},{"not_picked":["Halt","ReachHeaven"],"picked":"Vault","floor":10.0},{"not_picked":["Evaluate","SashWhip","Weave"],"picked":"SKIP","floor":13.0},{"not_picked":["Evaluate","SashWhip","Weave"],"picked":"SKIP","floor":13.0},{"not_picked":["SignatureMove","Prostrate"],"picked":"Swivel","floor":14.0},{"not_picked":["PathToVictory","Evaluate"],"picked":"EmptyBody","floor":18.0},{"not_picked":["ClearTheMind","WreathOfFlame+1"],"picked":"Vengeance","floor":19.0}],"player_experience":414739,"relics_obtained":[{"floor":4.0,"key":"Vajra"},{"floor":8.0,"key":"Omamori"},{"floor":9.0,"key":"PreservedInsect"},{"floor":10.0,"key":"Oddly Smooth Stone"},{"floor":17.0,"key":"CeramicFish"},{"floor":17.0,"key":"Mercury Hourglass"},{"floor":17.0,"key":"Ginger"}],"event_choices":[{"damage_healed":0.0,"max_hp_gain":0.0,"max_hp_loss":0.0,"gold_gain":0.0,"event_name":"Scrap Ooze","player_choice":"Success","floor":5.0,"gold_loss":0.0,"damage_taken":11.0,"relics_obtained":["Smiling Mask"]},{"damage_healed":0.0,"max_hp_gain":0.0,"max_hp_loss":0.0,"gold_gain":150.0,"event_name":"Liars Game","player_choice":"AGREE","floor":7.0,"gold_loss":0.0,"damage_taken":0.0,"cards_obtained":["Doubt"]},{"cards_removed":["Strike_P"],"damage_healed":0.0,"max_hp_gain":0.0,"max_hp_loss":0.0,"gold_gain":0.0,"event_name":"Living Wall","player_choice":"Forget","floor":12.0,"gold_loss":0.0,"damage_taken":0.0}],"is_beta":false,"boss_relics":[{"not_picked":["Philosopher\u0027s Stone","Fusion Hammer"],"picked":"Calling Bell"}],"items_purged_floors":[11,20],"is_endless":false,"potions_floor_spawned":[2,3,13,14],"killed_by":"3 Cultists","ascension_level":18}}