{"host":"5fasz840ryq7obdf","time":1608922282,"event":{"mods":["AchievementEnabler","BaseMod","Bestiary","Better Altar","Better Skull","Better Third Choice","BetterRewards","Block Reminder","Colored Powertips","Curses Come First","Minty Spire (QoL Compilation)","Quick Restart","Relic Stats","Shop Mod","Spicy Shops","StSLib"],"gold_per_floor":[115,115,134,156,156,156,193,55,81,105,105,131,140,170,170,251,251,274,301,347,356,356,356,395,409,409,409,409],"floor_reached":27,"playtime":1407,"items_purged":["Strike_G","Strike_G","Strike_G"],"score":698,"play_id":"b75913d4-cdfb-4b41-a860-f0c9ea13febc","local_time":"20201225185122","is_ascension_mode":true,"campfire_choices":[{"floor":6.0,"key":"REST"},{"floor":11.0,"key":"REST"},{"data":"Neutralize","floor":15.0,"key":"SMITH"},{"data":"Night Terror","floor":23.0,"key":"SMITH"}],"circlet_count":0,"master_deck":["AscendersBane","Strike_G","Strike_G","Defend_G","Defend_G","Defend_G","Defend_G","Survivor+1","Neutralize+1","Noxious Fumes","Sadistic Nature","Deadly Poison","Well Laid Plans","Poisoned Stab","Footwork","Prepared","Prepared","Footwork","Pride","Deadly Poison+1","Deadly Poison","Decay","Night Terror+1","Poisoned Stab","Night Terror","Writhe","Venomology"],"relics":["Ring of the Snake","The Specimen","TwistedFunnel","HornCleat","Membership Card","CeramicFish","Centennial Puzzle","Blood Vial","Mummified Hand","Tiny Chest","War Paint","Bottled Flame","Calipers","HoveringKite","Lantern","Juzu Bracelet","Darkstone Periapt","Orichalcum","Singing Bowl"],"acts_visited":["Exordium","TheCity"],"potions_floor_usage":[25,27],"damage_taken":[{"damage":0.0,"enemies":"2 Louse","floor":1.0,"turns":1.0},{"damage":0.0,"enemies":"Cultist","floor":3.0,"turns":3.0},{"damage":4.0,"enemies":"Small Slimes","floor":4.0,"turns":2.0},{"damage":11.0,"enemies":"3 Sentries","floor":7.0,"turns":5.0},{"damage":8.0,"enemies":"3 Louse","floor":10.0,"turns":3.0},{"damage":2.0,"enemies":"Lagavulin","floor":12.0,"turns":4.0},{"damage":2.0,"enemies":"3 Sentries","floor":14.0,"turns":5.0},{"damage":18.0,"enemies":"Slime Boss","floor":16.0,"turns":9.0},{"damage":17.0,"enemies":"Shell Parasite","floor":18.0,"turns":3.0},{"damage":11.0,"enemies":"2 Thieves","floor":19.0,"turns":4.0},{"damage":17,"enemies":"Book of Stabbing","floor":24,"turns":6},{"damage":13,"enemies":"Centurion and Healer","floor":25,"turns":5},{"damage":4,"enemies":"Shelled Parasite and Fungi","floor":27,"turns":3}],"seed_played":"77052456473009490","potions_obtained":[{"floor":1.0,"key":"EssenceOfSteel"},{"floor":12.0,"key":"Block Potion"},{"floor":24,"key":"SteroidPotion"}],"is_trial":false,"path_per_floor":["M","?","M","M","?","R","E","$","T","M","R","E","?","E","R","B",null,"M","M","T","?","T","R","E","M","T","M"],"character_chosen":"THE_SILENT","items_purchased":["The Specimen","Noxious Fumes","Sadistic Nature","Deadly Poison","TwistedFunnel","HornCleat","Well Laid Plans","Poisoned Stab","Membership Card","CeramicFish","Footwork","Mummified Hand","Deadly Poison","Tiny Chest"],"campfire_rested":2,"item_purchase_floors":[0,0,0,0,0,0,0,0,0,0,0,8,8,8],"current_hp_per_floor":[17,17,17,13,6,25,14,14,14,8,27,27,27,27,27,11,52,37,28,28,28,28,28,13,2,2,0,0],"gold":409,"neow_bonus":"","is_daily":false,"chose_seed":false,"campfire_upgraded":2,"win_rate":0.0,"timestamp":1608922282,"path_taken":["M","?","?","M","?","R","E","$","T","M","R","E","?","E","R","BOSS","M","M","?","?","?","R","E","M","T","M"],"items_purchased_type":["Relic","Card","Card","Card","Relic","Relic","Card","Card","Relic","Relic","Card","Relic","Card","Relic"],"build_version":"2020-12-22","purchased_purges":3,"victory":false,"max_hp_per_floor":[66,66,66,66,66,66,66,66,66,66,66,66,66,66,66,66,66,66,66,66,66,66,66,66,66,66,66,66],"relic_stats":{"Darkstone Periapt":0,"Singing Bowl":0,"counters":[44,144],"CeramicFish":117,"HoveringKite":[29],"Juzu Bracelet":0,"War Paint":["Survivor","Deadly Poison"],"Orichalcum":[18],"Blood Vial":18,"Centennial Puzzle":[30],"Mummified Hand":[39],"Tiny Chest":1,"obtain_stats":[{"TwistedFunnel":0,"Darkstone Periapt":22,"Lantern":0,"Calipers":14,"Gremlin Horn":0,"Singing Bowl":26,"CeramicFish":0,"HoveringKite":34,"StoneCalendar":11,"Mango":45,"Bag of Preparation":8,"Juzu Bracelet":21,"Ancient Tea Set":39,"Blood Vial":7,"Centennial Puzzle":2,"HornCleat":0,"WristBlade":17,"Mummified Hand":8,"Strawberry":40,"Tiny Chest":8,"Kunai":26,"Ring of the Snake":0,"Happy Flower":0,"The Specimen":0,"Blue Candle":9,"Tingsha":42,"Pen Nib":25,"War Paint":9,"Orichalcum":24,"Mercury Hourglass":21,"OrangePellets":19,"Bottled Flame":23,"MutagenicStrength":28,"Orrery":0,"Bag of Marbles":14,"Membership Card":0},{"TwistedFunnel":31,"Darkstone Periapt":41,"Lantern":0,"Calipers":38,"Gremlin Horn":0,"Singing Bowl":43,"CeramicFish":31,"HoveringKite":19,"StoneCalendar":7,"Mango":27,"Bag of Preparation":5,"Juzu Bracelet":41,"Ancient Tea Set":22,"Blood Vial":35,"Centennial Puzzle":32,"HornCleat":31,"WristBlade":11,"Mummified Hand":35,"Strawberry":23,"Tiny Chest":35,"Kunai":16,"Ring of the Snake":0,"Happy Flower":0,"The Specimen":31,"Blue Candle":5,"Tingsha":25,"Pen Nib":16,"War Paint":35,"Orichalcum":42,"Mercury Hourglass":13,"OrangePellets":12,"Bottled Flame":14,"MutagenicStrength":16,"Orrery":0,"Bag of Marbles":10,"Membership Card":31},{"TwistedFunnel":91,"Darkstone Periapt":130,"Lantern":0,"Calipers":114,"Gremlin Horn":0,"Singing Bowl":141,"CeramicFish":91,"HoveringKite":58,"StoneCalendar":20,"Mango":80,"Bag of Preparation":15,"Juzu Bracelet":130,"Ancient Tea Set":69,"Blood Vial":102,"Centennial Puzzle":92,"HornCleat":91,"WristBlade":35,"Mummified Hand":102,"Strawberry":73,"Tiny Chest":102,"Kunai":48,"Ring of the Snake":0,"Happy Flower":0,"The Specimen":91,"Blue Candle":15,"Tingsha":75,"Pen Nib":48,"War Paint":102,"Orichalcum":136,"Mercury Hourglass":41,"OrangePellets":36,"Bottled Flame":44,"MutagenicStrength":48,"Orrery":0,"Bag of Marbles":28,"Membership Card":91}],"Ring of the Snake":[88]},"card_choices":[{"not_picked":["Choke","Masterful Stab","Quick Slash"],"picked":"SKIP","floor":1.0},{"not_picked":["Backstab","Dagger Spray"],"picked":"Prepared","floor":3.0},{"not_picked":["Glass Knife","Skewer"],"picked":"Prepared","floor":4.0},{"not_picked":["Dodge and Roll","Slice"],"picked":"Footwork","floor":7.0},{"not_picked":["Acrobatics","Predator"],"picked":"Deadly Poison","floor":10.0},{"not_picked":["Sucker Punch","Slice","Dagger Spray"],"picked":"SKIP","floor":12.0},{"not_picked":["Prepared","Cloak And Dagger","Caltrops"],"picked":"SKIP","floor":14.0},{"not_picked":["Storm of Steel","Envenom"],"picked":"Night Terror","floor":16.0},{"not_picked":["Underhanded Strike","Dagger Throw"],"picked":"Poisoned Stab","floor":18.0},{"not_picked":["Accuracy+1","Dagger Throw"],"picked":"Night Terror","floor":19.0},{"not_picked":["Accuracy+1","Poisoned Stab"],"picked":"Venomology","floor":24},{"not_picked":["Leg Sweep","Dodge and Roll","Sucker Punch"],"picked":"SKIP","floor":25}],"player_experience":1095639,"relics_obtained":[{"floor":7.0,"key":"Blood Vial"},{"floor":9.0,"key":"War Paint"},{"floor":12.0,"key":"Bottled Flame"},{"floor":14.0,"key":"Calipers"},{"floor":20.0,"key":"Lantern"},{"floor":22.0,"key":"Darkstone Periapt"},{"floor":24,"key":"Orichalcum"},{"floor":26,"key":"Singing Bowl"}],"event_choices":[{"damage_healed":0.0,"max_hp_gain":0.0,"max_hp_loss":0.0,"gold_gain":0.0,"event_name":"WeMeetAgain","player_choice":"Gave Potion","floor":2.0,"gold_loss":0.0,"damage_taken":0.0,"relics_obtained":["Centennial Puzzle"]},{"cards_removed":["Defend_G"],"damage_healed":0.0,"max_hp_gain":0.0,"max_hp_loss":0.0,"gold_gain":0.0,"event_name":"Golden Wing","player_choice":"Card Removal","floor":5.0,"gold_loss":0.0,"damage_taken":7.0},{"damage_healed":0.0,"max_hp_gain":0.0,"max_hp_loss":0.0,"gold_gain":0.0,"event_name":"Wheel of Change","player_choice":"Cursed","floor":13.0,"gold_loss":0.0,"damage_taken":0.0,"cards_obtained":["Decay"]},{"damage_healed":0.0,"max_hp_gain":0.0,"max_hp_loss":0.0,"gold_gain":0.0,"event_name":"The Mausoleum","player_choice":"Opened","floor":21.0,"gold_loss":0.0,"damage_taken":0.0,"relics_obtained":["Juzu Bracelet"],"cards_obtained":["Writhe"]}],"is_beta":false,"boss_relics":[{"not_picked":["Cursed Key","SlaversCollar"],"picked":"HoveringKite"}],"items_purged_floors":[0,0,0],"is_endless":false,"potions_floor_spawned":[1,12,24],"killed_by":"Shelled Parasite and Fungi","ascension_level":20}}