{"host":"qmmd8zc7eqgl2j9h","time":1608936588,"event":{"mods":["AchievementEnabler","Aspiration","BaseMod","Better Altar","Better Note","Better Sensory Stone","Better Skull","BetterRewards","Colored Map","Conspire","Googly Eyes","Hermit","Highlight Path","Infinite Spire","Marisa????????","Minty Spire (QoL Compilation)","Permanent Neow","Replay The Spire","StSLib","The Hierophant","The Necromancer","The Servant 0.9.4","Unceasing Turn Reminder","everything is the same but u backflip on backflip","slay the spire mod where everything is the same but ironclad has a cowboy hat"],"gold_per_floor":[116,291,291,301,319,354,354,372,372,415,435,452,72,87,87,191,191,210,59,39,39,53,53,63,80,105,118,147,147,161,181,181,285,335,352,370,320,320,336,336,336,367,367,367,367,392,404,404,404,404,404],"floor_reached":50,"playtime":3013,"items_purged":["Doubt"],"score":723,"play_id":"0ef5c33a-d24e-4da6-bf4a-b4105e1a894e","local_time":"20201225144948","is_ascension_mode":false,"campfire_choices":[{"floor":7,"key":"REST"},{"floor":15,"key":"REST"},{"data":"Backstab","floor":23,"key":"SMITH"},{"floor":32,"key":"REST"},{"floor":40,"key":"REST"},{"floor":45,"key":"REST"},{"floor":49,"key":"REST"}],"circlet_count":0,"master_deck":["Strike_G","Strike_G","Strike_G","Strike_G","Defend_G","Defend_G","Defend_G","Defend_G","Defend_G","Survivor","Neutralize","Bane","Unload","Dagger Spray","Deadly Poison","Cloak And Dagger","Prepared","Cloak And Dagger","Acrobatics","Backstab","Cloak And Dagger","Backstab+1","Toxin Wave","Unload","CurseOfTheBell","Blade Dance+1","Infinite Blades","infinitespire:FinalStrike","Bouncing Flask","Fluid Movement","Accuracy","Blade Dance+1","Strike_G","Strike_G","Strike_G","Strike_G","Defend_G","Defend_G","Defend_G","Defend_G+1","Defend_G","Survivor","Neutralize","Bane","Unload","Dagger Spray","Deadly Poison","Cloak And Dagger","Prepared","Cloak And Dagger","Acrobatics","Backstab","Cloak And Dagger","Backstab+1","Toxin Wave","Unload","CurseOfTheBell","Blade Dance+1","Infinite Blades","infinitespire:FinalStrike","Bouncing Flask","Fluid Movement","Catalyst","Accuracy","Blade Dance+1","ReplayTheSpireMod:Scrap Shanks","Infinite Blades","Accuracy","Flying Knee+1","Cloak And Dagger","conspire:SpireCoStock","Wraith","ReplayTheSpireMod:Speed Training+1","ReplayTheSpireMod:Chaos Vortex","infinitespire:Collect","Infinite Blades+1","conspire:PoisonWeapons","Writhe"],"relics":["Ring of the Snake","NeowsBlessing","Lantern","Blood Vial","infinitespire:Broken Mirror","Divine Protection","Calling Bell","Mango","Oddly Smooth Stone","Replay:WaspNest","White Beast Statue","aspiration:VileToxins","infinitespire:Lucky Rock","Tiny House","Replay:Ringing Soul","Pantograph","Replay:Baseball"],"acts_visited":["Exordium","TheCity","TheBeyond"],"potions_floor_usage":[6,12,24,25,27,28,28,30,33,33,36,39,39,42,42,46,50,50],"damage_taken":[{"damage":0,"enemies":"2 Louse","floor":1,"turns":1},{"damage":0,"enemies":"infinitespire:Voidling","floor":4,"turns":1},{"damage":0,"enemies":"Small Slimes","floor":5,"turns":1},{"damage":20,"enemies":"Gremlin Nob","floor":6,"turns":5},{"damage":0,"enemies":"Gremlin Gang","floor":8,"turns":1},{"damage":30,"enemies":"conspire:MimicChest","floor":10,"turns":9},{"damage":2,"enemies":"conspire:2 RoseBushes","floor":11,"turns":5},{"damage":7,"enemies":"Large Slime","floor":12,"turns":4},{"damage":0,"enemies":"Blue Slaver","floor":14,"turns":2},{"damage":24,"enemies":"Hexaghost","floor":16,"turns":9},{"damage":0,"enemies":"Spheric Guardian","floor":18,"turns":1},{"damage":0,"enemies":"Shell Parasite","floor":22,"turns":1},{"damage":20,"enemies":"Sentry and Sphere","floor":24,"turns":4},{"damage":7,"enemies":"Snecko","floor":25,"turns":3},{"damage":7,"enemies":"Snake Plant","floor":27,"turns":3},{"damage":9,"enemies":"Nightmare","floor":28,"turns":5},{"damage":0,"enemies":"Shelled Parasite and Fungi","floor":30,"turns":3},{"damage":0,"enemies":"conspire:HollyBat","floor":31,"turns":8},{"damage":87,"enemies":"Champ","floor":33,"turns":11},{"damage":7,"enemies":"Orb Walker","floor":35,"turns":2},{"damage":31,"enemies":"3 Darklings","floor":36,"turns":5},{"damage":34,"enemies":"Transient","floor":39,"turns":5},{"damage":66,"enemies":"Reptomancer","floor":42,"turns":5},{"damage":22,"enemies":"Spire Growth","floor":46,"turns":5},{"damage":6,"enemies":"Sphere and 2 Shapes","floor":47,"turns":5},{"damage":114,"enemies":"Replay:Hell Engine","floor":50,"turns":13}],"seed_played":"-6740657666227724080","potions_obtained":[{"floor":4,"key":"LifebloodPotion"},{"floor":8,"key":"Swift Potion"},{"floor":10,"key":"Dexterity Potion"},{"floor":11,"key":"ColorlessPotion"},{"floor":20,"key":"Energy Potion"},{"floor":22,"key":"FairyPotion"},{"floor":24,"key":"Strength Potion"},{"floor":25,"key":"Fire Potion"},{"floor":27,"key":"AttackPotion"},{"floor":28,"key":"Regen Potion"},{"floor":30,"key":"LiquidBronze"},{"floor":31,"key":"FearPotion"},{"floor":33,"key":"BlessingOfTheForge"},{"floor":34,"key":"LiquidBronze"},{"floor":35,"key":"conspire:TimeTravelPotion"},{"floor":36,"key":"Poison Potion"},{"floor":39,"key":"Explosive Potion"},{"floor":42,"key":"LifebloodPotion"},{"floor":46,"key":"Energy Potion"},{"floor":47,"key":"SpeedPotion"}],"is_trial":false,"path_per_floor":["M","?","?","M","M","E","R","M","T","?","M","M","$","M","R","B",null,"M","$","?","AVR","M","R","M","M","T","M","NM","?","M","M","R","B",null,"M","M","?","?","M","R","?","E","T","AVR","R","M","M","?","R","B"],"character_chosen":"THE_SILENT","items_purchased":["Divine Protection","Cloak And Dagger","Backstab","Infinite Blades"],"campfire_rested":6,"item_purchase_floors":[13,13,13,19],"current_hp_per_floor":[70,70,70,70,70,50,70,70,70,40,40,35,35,37,58,36,84,84,84,84,84,84,84,64,59,59,54,47,47,61,63,84,25,89,82,53,53,53,42,68,68,4,4,7,34,17,16,44,74,0,0],"gold":404,"neow_bonus":"THREE_ENEMY_KILL","is_daily":false,"chose_seed":false,"campfire_upgraded":1,"win_rate":0.0,"timestamp":1608936588,"path_taken":["M","?","?","M","M","E","R","?","T","?","?","M","$","M","R","BOSS","M","$","?","AVR","M","R","M","M","T","M","NM","?","M","M","R","BOSS","M","M","?","?","M","R","?","E","T","AVR","R","M","M","?","R","BOSS"],"items_purchased_type":["Relic","Card","Card","Card"],"build_version":"2020-12-22","purchased_purges":1,"victory":false,"max_hp_per_floor":[70,70,70,70,70,70,70,70,70,70,70,70,70,70,70,70,84,84,84,84,84,84,84,84,84,84,84,84,84,84,84,84,84,89,89,89,89,89,89,89,89,89,89,92,92,95,98,101,101,101,101],"card_choices":[{"not_picked":["Dagger Throw","PiercingWail"],"picked":"Bane","floor":1},{"not_picked":["Outmaneuver","Concentrate"],"picked":"Dagger Spray","floor":4},{"not_picked":["Bane","ReplayTheSpireMod:Speed Training"],"picked":"Deadly Poison","floor":5},{"not_picked":["Hidden Blade","Blur"],"picked":"Cloak And Dagger","floor":6},{"not_picked":["Tactician","ReplayTheSpireMod:Shiv Toss"],"picked":"Prepared","floor":8},{"not_picked":["Bane","Dagger Spray"],"picked":"Cloak And Dagger","floor":10},{"not_picked":["Reflex","Replay:Poison Smokescreen"],"picked":"Acrobatics","floor":11},{"not_picked":["Cloak And Dagger","Prepared"],"picked":"Backstab","floor":12},{"not_picked":["Dash","Deflect"],"picked":"Toxin Wave","floor":14},{"not_picked":["Glass Knife","aspiration:Lunge"],"picked":"Unload","floor":16},{"not_picked":["Dagger Throw","Eviscerate"],"picked":"Blade Dance+1","floor":18},{"not_picked":["Corpse Explosion","Infinite Blades"],"picked":"Bouncing Flask","floor":22},{"not_picked":["Setup","Dagger Throw+1"],"picked":"Fluid Movement","floor":24},{"not_picked":["Dagger Spray","Escape Plan"],"picked":"Catalyst","floor":25},{"not_picked":["Blade Dance","Acrobatics"],"picked":"Accuracy","floor":27},{"not_picked":["Concentrate+1","Acrobatics"],"picked":"Blade Dance+1","floor":28},{"not_picked":["Cloak And Dagger+1","Blur"],"picked":"ReplayTheSpireMod:Scrap Shanks","floor":30},{"not_picked":["Slice+1","Cloak And Dagger"],"picked":"Infinite Blades","floor":31},{"not_picked":["Deflect","Outmaneuver"],"picked":"Accuracy","floor":34},{"not_picked":["Slice+1","Predator"],"picked":"Flying Knee+1","floor":35},{"not_picked":["Bane+1","PiercingWail"],"picked":"Cloak And Dagger","floor":36},{"not_picked":["Dodge and Roll+1","Backflip"],"picked":"ReplayTheSpireMod:Speed Training+1","floor":39},{"not_picked":["Eviscerate+1","Riddle With Holes+1","Setup"],"picked":"SKIP","floor":42},{"not_picked":["PiercingWail","Quick Slash"],"picked":"Infinite Blades+1","floor":46},{"not_picked":["Escape Plan+1","Catalyst+1"],"picked":"conspire:PoisonWeapons","floor":47}],"player_experience":217695,"relics_obtained":[{"floor":6,"key":"Lantern"},{"floor":9,"key":"Blood Vial"},{"floor":10,"key":"infinitespire:Broken Mirror"},{"floor":17,"key":"Mango"},{"floor":17,"key":"Oddly Smooth Stone"},{"floor":17,"key":"Replay:WaspNest"},{"floor":26,"key":"aspiration:VileToxins"},{"floor":28,"key":"infinitespire:Lucky Rock"},{"floor":42,"key":"Replay:Ringing Soul"},{"floor":43,"key":"Pantograph"}],"event_choices":[{"damage_healed":0,"gold_gain":175,"player_choice":"AGREE","damage_taken":0,"max_hp_gain":0,"max_hp_loss":0,"event_name":"Liars Game","floor":2,"gold_loss":0,"cards_obtained":["Doubt"]},{"damage_healed":0,"gold_gain":0,"cards_transformed":["Strike_G"],"player_choice":"Transformed","damage_taken":0,"max_hp_gain":0,"max_hp_loss":0,"event_name":"Transmorgrifier","floor":3,"gold_loss":0,"cards_obtained":["Unload"]},{"damage_healed":0,"gold_gain":0,"player_choice":"Bought 1 Potion","damage_taken":0,"max_hp_gain":0,"max_hp_loss":0,"event_name":"The Woman in Blue","floor":20,"gold_loss":0},{"damage_healed":0,"gold_gain":0,"player_choice":"Invest 1","damage_taken":0,"max_hp_gain":0,"max_hp_loss":0,"event_name":"conspire:Investor","floor":37,"gold_loss":0},{"damage_healed":0,"gold_gain":0,"player_choice":"Ignored","damage_taken":0,"max_hp_gain":0,"max_hp_loss":0,"event_name":"OrinTheCat","floor":38,"gold_loss":0},{"cards_removed":["Catalyst"],"damage_healed":0,"gold_gain":0,"player_choice":"Removed Skill","damage_taken":0,"max_hp_gain":0,"max_hp_loss":0,"event_name":"Falling","floor":41,"gold_loss":0},{"damage_healed":25,"gold_gain":0,"player_choice":"Writhe","damage_taken":0,"max_hp_gain":0,"max_hp_loss":0,"event_name":"Winding Halls","floor":48,"gold_loss":0,"cards_obtained":["Writhe"]}],"is_beta":false,"boss_relics":[{"not_picked":["aspiration:FutureDiary","conspire:RoyalGoblet"],"picked":"Calling Bell"},{"not_picked":["Fusion Hammer","aspiration:RunicSpoon"],"picked":"Tiny House"}],"items_purged_floors":[19],"is_endless":true,"potions_floor_spawned":[4,8,10,11,22,24,25,27,28,30,31,33,35,36,39,42,46,47],"killed_by":"Replay:Hell Engine","ascension_level":0}}