{"host":"naykp6d9ulahlwib","time":1608936234,"event":{"mods":["BaseMod","Highlight Path","Minty Spire (QoL Compilation)","Shop Mod","StSLib"],"gold_per_floor":[14,14,89,109,109,109,135,135,135,152,7,7,7,19,19,122,122,142,142,142,160,75,75,109,125,151,70,70,80,80,20,20,20,20],"floor_reached":33,"playtime":3368,"items_purged":["Strike_G"],"score":418,"play_id":"6f4e8cd5-8f68-4ff7-bbdb-221405ba2339","local_time":"20201225164354","is_ascension_mode":true,"campfire_choices":[{"floor":6.0,"key":"REST"},{"data":"Burst","floor":8.0,"key":"SMITH"},{"data":"Neutralize","floor":13.0,"key":"SMITH"},{"floor":15.0,"key":"REST"},{"data":"Night Terror","floor":23.0,"key":"SMITH"},{"floor":30,"key":"REST"},{"floor":32,"key":"REST"}],"circlet_count":0,"master_deck":["AscendersBane","Defend_G","Defend_G","Defend_G+1","Defend_G+1","Survivor","Neutralize+1","Burst+1","Crippling Poison","Deadly Poison","Noxious Fumes+1","Night Terror+1","Poisoned Stab","RitualDagger","Deadly Poison","Bullet Time","Well Laid Plans+1"],"relics":["Ring of the Snake","Mango","Frozen Egg 2","Empty Cage","Centennial Puzzle","Akabeko","Omamori"],"acts_visited":["Exordium","TheCity"],"potions_floor_usage":[],"damage_taken":[{"damage":6.0,"enemies":"2 Louse","floor":1.0,"turns":4.0},{"damage":0.0,"enemies":"Small Slimes","floor":4.0,"turns":5.0},{"damage":14.0,"enemies":"3 Sentries","floor":7.0,"turns":14.0},{"damage":0.0,"enemies":"Jaw Worm","floor":10.0,"turns":4.0},{"damage":2.0,"enemies":"Exordium Thugs","floor":14.0,"turns":5.0},{"damage":18.0,"enemies":"Hexaghost","floor":16.0,"turns":9.0},{"damage":14.0,"enemies":"Spheric Guardian","floor":18.0,"turns":6.0},{"damage":3.0,"enemies":"3 Byrds","floor":21.0,"turns":6.0},{"damage":15.0,"enemies":"Gremlin Leader","floor":24.0,"turns":9.0},{"damage":20.0,"enemies":"Centurion and Healer","floor":25.0,"turns":7.0},{"damage":11.0,"enemies":"Colosseum Slavers","floor":28.0,"turns":5.0},{"damage":0,"enemies":"Snake Plant","floor":29,"turns":4},{"damage":57,"enemies":"Champ","floor":33,"turns":8}],"seed_played":"1188643857957078239","potions_obtained":[{"floor":4.0,"key":"Poison Potion"},{"floor":14.0,"key":"AttackPotion"},{"floor":24.0,"key":"Fire Potion"},{"floor":25.0,"key":"Poison Potion"}],"is_trial":false,"path_per_floor":["M","?","?","M","?","R","E","R","T","M","$","?","R","M","R","B",null,"M","?","?","M","?","R","E","M","T","$","?","M","R","?","R","B"],"character_chosen":"THE_SILENT","items_purchased":["Noxious Fumes+1","Well Laid Plans+1"],"campfire_rested":4,"item_purchase_floors":[11,27],"current_hp_per_floor":[57,57,46,46,32,53,53,53,53,53,53,46,46,44,69,51,76,62,62,56,53,53,53,38,18,18,18,7,7,32,32,57,0,0],"gold":20,"neow_bonus":"THREE_RARE_CARDS","is_daily":false,"chose_seed":false,"campfire_upgraded":3,"win_rate":0.0,"timestamp":1608936234,"path_taken":["M","?","?","M","?","R","E","R","T","?","$","?","R","M","R","BOSS","M","?","?","M","?","R","E","M","T","$","?","?","R","?","R","BOSS"],"items_purchased_type":["Card","Card"],"build_version":"2020-12-22","purchased_purges":1,"victory":false,"max_hp_per_floor":[70,70,70,70,70,70,84,84,84,84,84,84,84,84,84,84,84,84,84,84,84,84,84,84,84,84,84,84,84,84,84,84,84,84],"card_choices":[{"not_picked":["Unload","Die Die Die"],"picked":"Burst","floor":0.0},{"not_picked":["Backflip","Flying Knee"],"picked":"Crippling Poison","floor":1.0},{"not_picked":["Prepared","Dash"],"picked":"Deadly Poison","floor":4.0},{"not_picked":["Cloak And Dagger","Caltrops","Skewer"],"picked":"SKIP","floor":7.0},{"not_picked":["Dagger Spray","Deflect","Riddle With Holes"],"picked":"SKIP","floor":10.0},{"not_picked":["Heel Hook","Reflex","Skewer"],"picked":"SKIP","floor":14.0},{"not_picked":["After Image+1","Unload"],"picked":"Night Terror","floor":16.0},{"not_picked":["Finisher","Blade Dance"],"picked":"Poisoned Stab","floor":18.0},{"not_picked":["Acrobatics","Bane"],"picked":"Deadly Poison","floor":21.0},{"not_picked":["PiercingWail","Poisoned Stab"],"picked":"Bullet Time","floor":24.0},{"not_picked":["Riddle With Holes+1","Acrobatics","Heel Hook"],"picked":"SKIP","floor":25.0},{"not_picked":["Cloak And Dagger","Slice","Outmaneuver"],"picked":"SKIP","floor":29}],"player_experience":892964,"relics_obtained":[{"floor":7.0,"key":"Mango"},{"floor":9.0,"key":"Frozen Egg 2"},{"floor":24.0,"key":"Akabeko"},{"floor":26.0,"key":"Omamori"}],"event_choices":[{"cards_removed":["Strike_G"],"damage_healed":0.0,"max_hp_gain":0.0,"max_hp_loss":0.0,"gold_gain":0.0,"event_name":"Living Wall","player_choice":"Forget","floor":2.0,"gold_loss":0.0,"damage_taken":0.0},{"damage_healed":0.0,"max_hp_gain":0.0,"max_hp_loss":0.0,"gold_gain":75.0,"event_name":"World of Goop","player_choice":"Gather Gold","floor":3.0,"gold_loss":0.0,"damage_taken":11.0},{"damage_healed":0.0,"max_hp_gain":0.0,"max_hp_loss":0.0,"gold_gain":0.0,"event_name":"Shining Light","player_choice":"Entered Light","floor":5.0,"gold_loss":0.0,"damage_taken":14.0,"cards_upgraded":["Defend_G","Defend_G"]},{"cards_removed":["Defend_G"],"damage_healed":0.0,"max_hp_gain":0.0,"max_hp_loss":0.0,"gold_gain":0.0,"event_name":"Golden Wing","player_choice":"Card Removal","floor":12.0,"gold_loss":0.0,"damage_taken":7.0},{"damage_healed":0.0,"max_hp_gain":0.0,"max_hp_loss":0.0,"gold_gain":0.0,"event_name":"Vampires","player_choice":"Ignored","floor":19.0,"gold_loss":0.0,"damage_taken":0.0},{"damage_healed":0.0,"max_hp_gain":0.0,"max_hp_loss":0.0,"gold_gain":0.0,"event_name":"Nest","player_choice":"Joined the Cult","floor":20.0,"gold_loss":0.0,"damage_taken":6.0,"cards_obtained":["RitualDagger"]},{"damage_healed":0.0,"max_hp_gain":0.0,"max_hp_loss":0.0,"gold_gain":0.0,"event_name":"Addict","player_choice":"Obtained Relic","floor":22.0,"gold_loss":85.0,"damage_taken":0.0,"relics_obtained":["Centennial Puzzle"]},{"damage_healed":0.0,"max_hp_gain":0.0,"max_hp_loss":0.0,"gold_gain":0.0,"event_name":"Colosseum","player_choice":"Fight","floor":28.0,"gold_loss":0.0,"damage_taken":0.0},{"damage_healed":0.0,"max_hp_gain":0.0,"max_hp_loss":0.0,"gold_gain":0.0,"event_name":"Colosseum","player_choice":"Fled From Nobs","floor":28.0,"gold_loss":0.0,"damage_taken":0.0},{"cards_removed":["Strike_G"],"damage_healed":0,"gold_gain":0,"player_choice":"Single Remove","damage_taken":0,"max_hp_gain":0,"max_hp_loss":0,"event_name":"Designer","floor":31,"gold_loss":60}],"is_beta":false,"boss_relics":[{"not_picked":["Calling Bell","Ectoplasm"],"picked":"Empty Cage"}],"items_purged_floors":[11],"is_endless":false,"potions_floor_spawned":[4,14,24,25,28],"killed_by":"Champ","ascension_level":12}}