{"host":"2hlhnd4tei6r1t0s","time":1608872300,"event":{"mods":["ATMod(阿瑾Mod)","Act Like it!","Aspiration","Astrologer","BaseMod","Conspire","Dota2Spire","Downfall","Gensokyo","Gremlin Mod","GungeonMod","Hallownest","Hermit","HumanHunterMod(怪物杀人mod)","Jedi Mod","Jorbs\u0027s Wanderer Trilogy","Koishi","Lobotomy","LobotomyExtend","Luminous","Mari Mod (Legacy)","Mari\u0027s V1 Patch","Minty Spire (QoL Compilation)","MostiFishMod","Pale of the Ancients","Potionbrewer","Prisma Mod","Quick Restart","Relic Stats","Replay The Spire","Robot Space Explorer","RumiaBox-露米娅的神秘盒子","Slay the Relics Exporter","StSLib","Synergy Search","TestMod","The Administrix","The Alterego","The Cursed","The Hayseed","The Mystic","The Poker Player","The Runesmith","TheWitcher","Uncapped","WarShipGirlsR/战舰少女R mod","[IsaacMod]以撒尖塔","[地精首领爬塔]The Maniac","noobMod","vexMod","【东方二次创作】八云紫mod","【功能Mod】混沌之环修复补丁","【功能Mod】聪明的最终Boss","【遗物卡牌】REMEMod","残留之物"],"gold_per_floor":[113,163,176,141,153,178,178,211,211,231,231,242,272,290,290,386,386,413,478,490,490,507,519,534,20,20,20,20,7,7,7,7,7,7,7,7,7,7,155,161,161],"floor_reached":40,"playtime":1587,"items_purged":[],"score":561,"play_id":"54fde9d0-f1d2-431b-8c14-2af0f108f3f4","local_time":"20201225125820","is_ascension_mode":false,"campfire_choices":[{"data":"HalloweenModCandy","floor":7,"key":"SMITH"},{"data":"HalloweenModCandy","floor":15,"key":"SMITH"},{"data":"HalloweenModCandy","floor":27,"key":"SMITH"},{"data":"HalloweenModCandy","floor":30,"key":"SMITH"},{"floor":32,"key":"DIG"}],"circlet_count":0,"master_deck":["potionbrewer:Collect","potionbrewer:ChemicalSpill","BloodyBrimstone","AT_MachinaRedman","potionbrewer:IronFist","potionbrewer:ChemicalWeapons","potionbrewer:Shovel","potionbrewer:BeatDown+1","potionbrewer:FuelCell","potionbrewer:OneTwoPunch","potionbrewer:FlareUp","HalloweenModGhostCostume","HalloweenModTrick","HalloweenModCandy+1","HalloweenModCandy+1","HalloweenModGhostCostume","HalloweenModCandy","HalloweenModGhostCostume","HalloweenModGhostCostume","HalloweenModCandy+1","HalloweenModGhostCostume","HalloweenModCandy+1","HalloweenModTrick+1","potionbrewer:UnstableFormula","HalloweenModGhostCostume+1","HalloweenModGhostCostume+1","HalloweenModGhostCostume+1","potionbrewer:Spark","potionbrewer:Spark","potionbrewer:Smack","potionbrewer:LabAccident","HalloweenModCandy+1","Dramatic Entrance","potionbrewer:PrivateReserves","potionbrewer:BlindingMist","potionbrewer:OneTwoPunch","potionbrewer:Backhand","REME_ProfessionalPlagiarism","potionbrewer:LabJournal","HalloweenModCandy+1","HalloweenModGhostCostume+1","Decay"],"relics":["potionbrewer:PotionKit","ice","testmod-TestBox","DaveBox","HushsDoor","KeepersGift","AT_ATBox","Pandora\u0027s Box","HalloweenModHalloween","Blue Candle","aspiration:DSix","SynthV:TestCard","LetterFromLob","Mummified Hand","ZombieArmy","DemoMod:MonsterBlood","AT_BladeRuinedKing","REME_PuzzleBoxRelic","GuanYuAspect","DemoMod:OrangeGuonStone","conspire:TreasureMap","REME_HourglassOfDeath","jedi:ominousloannote","REME_ArchaeologicalTools","potionbrewer:Torch","Replay:WaspNest","Runic Dome","GuppysHead","DemoMod:GlassGuonStoneRelic","Ring of Peace","ReplayTheSpireMod:Ring of Challenge"],"acts_visited":["Exordium","TheCity","TheBeyond"],"potions_floor_usage":[18,18,18,18,33,33,33],"damage_taken":[{"damage":0,"enemies":"Jaw Worm","floor":1,"turns":1},{"damage":28,"enemies":"Hiden Room Battle","floor":2,"turns":2},{"damage":0,"enemies":"Cultist","floor":3,"turns":1},{"damage":0,"enemies":"2 Louse","floor":5,"turns":1},{"damage":10,"enemies":"Replay:BlueRogue","floor":6,"turns":3},{"damage":3,"enemies":"Exordium Wildlife","floor":8,"turns":3},{"damage":0,"enemies":"Exordium Wildlife","floor":10,"turns":1},{"damage":0,"enemies":"2 Fungi Beasts","floor":12,"turns":1},{"damage":1,"enemies":"Red Slaver","floor":13,"turns":3},{"damage":0,"enemies":"Red Slaver","floor":14,"turns":1},{"damage":20,"enemies":"Fading Forest","floor":16,"turns":5},{"damage":3,"enemies":"Shell Parasite","floor":18,"turns":2},{"damage":2,"enemies":"Chosen","floor":20,"turns":3},{"damage":42,"enemies":"Shelled Parasite and Fungi","floor":22,"turns":3},{"damage":8,"enemies":"Snecko","floor":23,"turns":3},{"damage":20,"enemies":"Cultist and Chosen","floor":24,"turns":3},{"damage":91,"enemies":"Collector","floor":33,"turns":4},{"damage":2,"enemies":"3 Darklings","floor":35,"turns":2},{"damage":1,"enemies":"Orb Walker","floor":37,"turns":1},{"damage":8,"enemies":"Nemesis","floor":40,"turns":2}],"seed_played":"5116255584637199505","potions_obtained":[{"floor":3,"key":"SpeedPotion"},{"floor":5,"key":"Strength Potion"},{"floor":10,"key":"Dota2Spire:HealingSalve"},{"floor":14,"key":"potionbrewer:DiscountPotion"},{"floor":18,"key":"ColorlessPotion"},{"floor":22,"key":"potionbrewer:AcidPotion"},{"floor":24,"key":"jedi:StrikingPotion"}],"is_trial":false,"path_per_floor":["M","?","M","?","M","E","R","?","T","M","?","M","?","M","R","B",null,"M","?","M","?","M","M","M","$","T","R","?","$","R","$","R","B",null,"M","?","M","?","?","E"],"character_chosen":"POTIONBREWER","items_purchased":["DemoMod:OrangeGuonStone","conspire:TreasureMap","potionbrewer:Spark","potionbrewer:Smack","jedi:ominousloannote","REME_ArchaeologicalTools","potionbrewer:Torch","potionbrewer:LabAccident","Dramatic Entrance","potionbrewer:PrivateReserves","potionbrewer:BlindingMist","potionbrewer:OneTwoPunch","potionbrewer:Backhand","REME_ProfessionalPlagiarism","potionbrewer:LabJournal","GuppysHead"],"campfire_rested":0,"item_purchase_floors":[25,25,25,25,29,29,29,29,34,34,34,34,34,34,34,34],"current_hp_per_floor":[75,47,51,68,68,73,73,73,73,70,70,67,64,64,64,59,31,31,16,27,27,17,15,14,14,14,14,11,11,11,11,11,18,5,5,5,5,5,5,0,0],"gold":161,"neow_bonus":"DSIX","is_daily":false,"chose_seed":false,"campfire_upgraded":4,"win_rate":0.0,"timestamp":1608872300,"path_taken":["M","?","M","?","M","E","R","?","T","?","?","M","?","M","R","BOSS","M","?","M","?","?","?","?","$","T","R","?","?","R","$","R","BOSS","M","?","M","?","?","E"],"items_purchased_type":["Relic","Relic","Card","Card","Relic","Relic","Relic","Card","Card","Card","Card","Card","Card","Card","Card","Relic"],"build_version":"2020-12-22","purchased_purges":0,"victory":false,"max_hp_per_floor":[75,72,69,69,69,73,73,73,73,70,70,67,64,64,64,61,31,31,31,28,28,25,22,22,22,22,22,27,27,27,27,27,33,5,5,5,5,5,5,8,8],"relic_stats":{"counters":[20,44],"Mummified Hand":[26],"Blue Candle":[8],"Pandora\u0027s Box":["potionbrewer:IronFist","potionbrewer:ChemicalWeapons","potionbrewer:Shovel","potionbrewer:AlchemistForm","potionbrewer:BeatDown","potionbrewer:FuelCell","potionbrewer:OneTwoPunch","potionbrewer:FlareUp"],"obtain_stats":[{"AT_ATBox":0,"DaveBox":0,"HalloweenModHalloween":0,"DemoMod:GlassGuonStoneRelic":2,"ice":0,"potionbrewer:PotionKit":0,"GuanYuAspect":17,"Mummified Hand":2,"DemoMod:MonsterBlood":6,"Ring of Peace":38,"REME_ArchaeologicalTools":29,"aspiration:DSix":0,"ZombieArmy":2,"KeepersGift":0,"conspire:TreasureMap":25,"testmod-TestBox":0,"Blue Candle":0,"DemoMod:OrangeGuonStone":25,"AT_BladeRuinedKing":8,"Replay:WaspNest":32,"potionbrewer:Torch":29,"Runic Dome":34,"SynthV:TestCard":1,"REME_HourglassOfDeath":26,"jedi:ominousloannote":29,"Pandora\u0027s Box":0,"LetterFromLob":1,"GuppysHead":34,"REME_PuzzleBoxRelic":13,"ReplayTheSpireMod:Ring of Challenge":38,"HushsDoor":0,"REME_ComplimentaryCards":0},{"AT_ATBox":0,"DaveBox":0,"HalloweenModHalloween":0,"DemoMod:GlassGuonStoneRelic":2,"ice":0,"potionbrewer:PotionKit":0,"GuanYuAspect":11,"Mummified Hand":2,"DemoMod:MonsterBlood":5,"Ring of Peace":19,"REME_ArchaeologicalTools":16,"aspiration:DSix":0,"ZombieArmy":2,"KeepersGift":0,"conspire:TreasureMap":16,"testmod-TestBox":0,"Blue Candle":0,"DemoMod:OrangeGuonStone":16,"AT_BladeRuinedKing":6,"Replay:WaspNest":16,"potionbrewer:Torch":16,"Runic Dome":17,"SynthV:TestCard":1,"REME_HourglassOfDeath":16,"jedi:ominousloannote":16,"Pandora\u0027s Box":0,"LetterFromLob":1,"GuppysHead":17,"REME_PuzzleBoxRelic":9,"ReplayTheSpireMod:Ring of Challenge":19,"HushsDoor":0,"REME_ComplimentaryCards":0},{"AT_ATBox":0,"DaveBox":0,"HalloweenModHalloween":0,"DemoMod:GlassGuonStoneRelic":3,"ice":0,"potionbrewer:PotionKit":0,"GuanYuAspect":22,"Mummified Hand":3,"DemoMod:MonsterBlood":8,"Ring of Peace":42,"REME_ArchaeologicalTools":35,"aspiration:DSix":0,"ZombieArmy":3,"KeepersGift":0,"conspire:TreasureMap":35,"testmod-TestBox":0,"Blue Candle":0,"DemoMod:OrangeGuonStone":35,"AT_BladeRuinedKing":11,"Replay:WaspNest":35,"potionbrewer:Torch":35,"Runic Dome":39,"SynthV:TestCard":1,"REME_HourglassOfDeath":35,"jedi:ominousloannote":35,"Pandora\u0027s Box":0,"LetterFromLob":1,"GuppysHead":39,"REME_PuzzleBoxRelic":16,"ReplayTheSpireMod:Ring of Challenge":42,"HushsDoor":0,"REME_ComplimentaryCards":0}]},"card_choices":[{"not_picked":[],"picked":"BloodyBrimstone","floor":0},{"not_picked":["HalloweenModGhostCostume","HalloweenModTrick"],"picked":"HalloweenModCandy","floor":1},{"not_picked":["HalloweenModTrick","HalloweenModCandy","HalloweenModCandy","HalloweenModTrick"],"picked":"HalloweenModGhostCostume","floor":2},{"not_picked":["HalloweenModGhostCostume","HalloweenModCandy","HalloweenModCandy","HalloweenModCandy"],"picked":"HalloweenModTrick","floor":3},{"not_picked":["HalloweenModTrick","HalloweenModGhostCostume","HalloweenModCandy","HalloweenModTrick"],"picked":"HalloweenModCandy","floor":5},{"not_picked":["HalloweenModTrick","HalloweenModGhostCostume","HalloweenModTrick","HalloweenModTrick"],"picked":"HalloweenModCandy","floor":6},{"not_picked":["HalloweenModCandy","HalloweenModTrick","HalloweenModCandy","HalloweenModTrick"],"picked":"HalloweenModGhostCostume","floor":8},{"not_picked":["HalloweenModGhostCostume","HalloweenModTrick","HalloweenModGhostCostume","HalloweenModGhostCostume"],"picked":"HalloweenModCandy","floor":10},{"not_picked":["HalloweenModCandy","HalloweenModTrick","HalloweenModTrick","HalloweenModGhostCostume"],"picked":"HalloweenModGhostCostume","floor":12},{"not_picked":["HalloweenModTrick","HalloweenModGhostCostume","HalloweenModCandy","HalloweenModGhostCostume"],"picked":"HalloweenModGhostCostume","floor":13},{"not_picked":["HalloweenModTrick","HalloweenModGhostCostume","HalloweenModGhostCostume","HalloweenModTrick"],"picked":"HalloweenModCandy","floor":14},{"not_picked":["HalloweenModCandy","HalloweenModTrick","HalloweenModCandy","HalloweenModTrick"],"picked":"HalloweenModGhostCostume","floor":16},{"not_picked":["HalloweenModTrick+1","HalloweenModGhostCostume+1","HalloweenModCandy","HalloweenModGhostCostume"],"picked":"HalloweenModCandy+1","floor":18},{"not_picked":["HalloweenModCandy","HalloweenModGhostCostume","HalloweenModGhostCostume","HalloweenModTrick"],"picked":"HalloweenModTrick+1","floor":20},{"not_picked":["HalloweenModCandy","HalloweenModTrick","HalloweenModGhostCostume","HalloweenModCandy"],"picked":"HalloweenModGhostCostume+1","floor":22},{"not_picked":["HalloweenModGhostCostume","HalloweenModCandy","HalloweenModTrick","HalloweenModTrick"],"picked":"HalloweenModGhostCostume+1","floor":23},{"not_picked":["HalloweenModGhostCostume","HalloweenModTrick+1","HalloweenModCandy","HalloweenModGhostCostume"],"picked":"HalloweenModGhostCostume+1","floor":24},{"not_picked":["HalloweenModTrick","HalloweenModGhostCostume","HalloweenModCandy","HalloweenModGhostCostume"],"picked":"HalloweenModCandy+1","floor":33},{"not_picked":["HalloweenModTrick","HalloweenModCandy","HalloweenModGhostCostume+1","HalloweenModGhostCostume+1"],"picked":"HalloweenModCandy+1","floor":35},{"not_picked":["HalloweenModTrick+1","HalloweenModCandy+1","HalloweenModCandy+1","HalloweenModGhostCostume"],"picked":"HalloweenModGhostCostume+1","floor":37}],"player_experience":10533,"relics_obtained":[{"floor":1,"key":"SynthV:TestCard"},{"floor":1,"key":"LetterFromLob"},{"floor":2,"key":"Mummified Hand"},{"floor":2,"key":"ZombieArmy"},{"floor":6,"key":"DemoMod:MonsterBlood"},{"floor":8,"key":"AT_BladeRuinedKing"},{"floor":13,"key":"REME_PuzzleBoxRelic"},{"floor":26,"key":"REME_HourglassOfDeath"},{"floor":32,"key":"Replay:WaspNest"},{"floor":38,"key":"Ring of Peace"},{"floor":38,"key":"ReplayTheSpireMod:Ring of Challenge"}],"event_choices":[{"damage_healed":0,"gold_gain":0,"player_choice":"Fight","damage_taken":0,"max_hp_gain":0,"max_hp_loss":0,"event_name":"HidenRoomEvent","floor":2,"gold_loss":0},{"damage_healed":17,"gold_gain":0,"player_choice":"Healed","damage_taken":0,"max_hp_gain":0,"max_hp_loss":0,"event_name":"The Cleric","floor":4,"gold_loss":35},{"damage_healed":0,"gold_gain":0,"player_choice":"Read","damage_taken":0,"max_hp_gain":0,"max_hp_loss":0,"event_name":"The Library","floor":21,"gold_loss":0,"cards_obtained":["potionbrewer:UnstableFormula"]},{"damage_healed":0,"gold_gain":0,"player_choice":"Shed Blood","damage_taken":6,"max_hp_gain":5,"max_hp_loss":0,"event_name":"Forgotten Altar","floor":28,"gold_loss":0},{"cards_removed":["potionbrewer:AlchemistForm"],"damage_healed":0,"gold_gain":0,"player_choice":"Card Removal","damage_taken":0,"max_hp_gain":0,"max_hp_loss":0,"event_name":"Wheel of Change","floor":36,"gold_loss":0},{"damage_healed":0,"gold_gain":400,"player_choice":"Sell","damage_taken":0,"max_hp_gain":0,"max_hp_loss":0,"event_name":"恩洛斯的盘子","floor":39,"relics_lost":["REME_ComplimentaryCards"],"gold_loss":0}],"is_beta":false,"boss_relics":[{"not_picked":["EE1DDrone","aspiration:SecretTechniqueScroll"],"picked":"GuanYuAspect"},{"not_picked":[]},{"not_picked":["SlaversCollar","FixedStarFall"],"picked":"Runic Dome"},{"not_picked":[]}],"items_purged_floors":[],"is_endless":false,"potions_floor_spawned":[3,5,10,14,18,22,24],"killed_by":"Nemesis","ascension_level":0}}