{"host":"4hhgf71pxvqwkagf","time":1608917258,"event":{"mods":["2.2 Compatiblity","AchievementEnabler","BaseMod","GungeonMod","Hermit","Lobotomy","Minty Spire (QoL Compilation)","Permanent Neow","Quick Restart","READ ME - Guardian Mod","StSLib","SuperFastMode","The Bug Knight","The Hierophant","everything is the same but u backflip on backflip"],"gold_per_floor":[116,116,135,34,45,59,59,89,112,112,122,140,174,189,189,189,189],"floor_reached":16,"playtime":1260,"items_purged":[],"score":104,"play_id":"dc405bb0-d2b9-4d51-a271-91b219b193fc","local_time":"20201226022738","is_ascension_mode":false,"campfire_choices":[{"data":"HollowMod:FocusHealStart","floor":7.0,"key":"SMITH"},{"data":"HollowMod:DescendingDark","floor":10.0,"key":"SMITH"},{"data":"HollowMod:SiblingsSouls","floor":15.0,"key":"SMITH"}],"circlet_count":0,"master_deck":["HollowMod:NailStrikeStart","HollowMod:NailStrikeStart","HollowMod:NailStrikeStart","HollowMod:NailStrikeStart","HollowMod:QuickDashStart","HollowMod:QuickDashStart","HollowMod:QuickDashStart","HollowMod:QuickDashStart","HollowMod:FocusHealStart+1","HollowMod:PogoStrike+1","HollowMod:CycloneSlash","HollowMod:HowlingWraiths","HollowMod:VengefulVoid","HollowMod:CloakDash","HollowMod:DescendingDark+1","HollowMod:VengefulVoid","HollowMod:SiblingsSouls+1","HollowMod:SiblingsSouls"],"relics":["HollowMod:VesselMask","DemoMod:PoisonVial","DemoMod:ClearGuonStone","DemoMod:GlassGuonStoneRelic","HollowMod:LumaflyLanternRelic"],"acts_visited":["Exordium"],"potions_floor_usage":[],"damage_taken":[{"damage":0.0,"enemies":"Small Slimes","floor":1.0,"turns":2.0},{"damage":0.0,"enemies":"Cultist","floor":3.0,"turns":3.0},{"damage":11.0,"enemies":"Jaw Worm","floor":5.0,"turns":3.0},{"damage":0.0,"enemies":"Large Slime","floor":6.0,"turns":4.0},{"damage":0.0,"enemies":"Exordium Wildlife","floor":11.0,"turns":2.0},{"damage":0.0,"enemies":"3 Louse","floor":12.0,"turns":1.0},{"damage":9.0,"enemies":"Gremlin Nob","floor":13.0,"turns":3.0},{"damage":0.0,"enemies":"2 Fungi Beasts","floor":14.0,"turns":1.0},{"damage":0,"enemies":"Hexaghost","floor":16,"turns":1}],"seed_played":"8427750696062812989","potions_obtained":[{"floor":1.0,"key":"FearPotion"},{"floor":5.0,"key":"Weak Potion"},{"floor":13.0,"key":"Fire Potion"},{"floor":14.0,"key":"Swift Potion"}],"is_trial":false,"path_per_floor":["M","?","M","$","M","M","R","?","T","R","M","M","E","M","R","B"],"character_chosen":"THE_BUGKNIGHT","items_purchased":["HollowMod:CloakDash","HollowMod:DescendingDark"],"campfire_rested":0,"item_purchase_floors":[4,4],"current_hp_per_floor":[75,75,75,75,64,64,64,64,64,64,64,64,61,61,61,61,61],"gold":189,"neow_bonus":"THREE_CARDS","is_daily":false,"chose_seed":false,"campfire_upgraded":3,"win_rate":0.0,"timestamp":1608917258,"path_taken":["M","?","M","$","?","M","R","?","T","R","M","M","E","M","R","BOSS"],"items_purchased_type":["Card","Card"],"build_version":"2020-12-22","purchased_purges":0,"victory":false,"max_hp_per_floor":[75,75,75,75,75,75,75,75,75,75,75,75,75,75,75,75,75],"card_choices":[{"not_picked":["HollowMod:CloakDash","HollowMod:CrystalDash"],"picked":"HollowMod:CycloneSlash","floor":0.0},{"not_picked":["HollowMod:DoubleDash","HollowMod:VengefulSpirit"],"picked":"HollowMod:HowlingWraiths","floor":1.0},{"not_picked":["HollowMod:LifebloodCocoon","HollowMod:DoubleDash"],"picked":"HollowMod:VengefulVoid","floor":3.0},{"not_picked":["HollowMod:HeavyBlow","HollowMod:PureNailStrike","HollowMod:DesolateDive"],"picked":"SKIP","floor":5.0},{"not_picked":["HollowMod:NewJinnsSoul","HollowMod:SoulVessel"],"picked":"HollowMod:VengefulVoid","floor":6.0},{"not_picked":["HollowMod:LifebloodCocoon","HollowMod:ShapeofUnn","HollowMod:RecoilStrike"],"picked":"SKIP","floor":11.0},{"not_picked":["HollowMod:AbyssShriek","HollowMod:CycloneSlash"],"picked":"HollowMod:SiblingsSouls","floor":12.0},{"not_picked":["HollowMod:PerfectDash","HollowMod:HeavyBlow","HollowMod:TaintedHusks"],"picked":"SKIP","floor":13.0},{"not_picked":["HollowMod:InfectionAssault","HollowMod:FallenFury"],"picked":"HollowMod:SiblingsSouls","floor":14.0}],"player_experience":405076,"relics_obtained":[{"floor":9.0,"key":"DemoMod:ClearGuonStone"},{"floor":13.0,"key":"HollowMod:LumaflyLanternRelic"}],"event_choices":[{"damage_healed":0.0,"max_hp_gain":0.0,"max_hp_loss":0.0,"gold_gain":0.0,"event_name":"Upgrade Shrine","player_choice":"Upgraded","floor":2.0,"gold_loss":0.0,"damage_taken":0.0,"cards_upgraded":["HollowMod:PogoStrike"]},{"damage_healed":0.0,"max_hp_gain":0.0,"max_hp_loss":0.0,"gold_gain":30.0,"event_name":"Dead Adventurer","player_choice":"Searched \u00272\u0027 times","floor":8.0,"gold_loss":0.0,"damage_taken":0.0,"relics_obtained":["DemoMod:PoisonVial"]}],"is_beta":false,"boss_relics":[],"items_purged_floors":[],"is_endless":false,"potions_floor_spawned":[1,5,13,14],"killed_by":"Hexaghost","ascension_level":0}}