{"host":"cfluht5kr2kfk9p9","time":1608885579,"event":{"mods":["ATMod(阿瑾Mod)","BaseMod","GungeonMod","Highlight Path","Koishi","Minty Spire (QoL Compilation)","Quick Restart","Rare Cards Sparkle","Relic Stats","Replay The Spire","RumiaBox-露米娅的神秘盒子","Spicy Shops","StSLib","TestMod","The Alterego","UnlockEverythingMod","[IsaacMod]以撒尖塔","【功能Mod】混沌之环修复补丁","【遗物卡牌】REMEMod"],"gold_per_floor":[115,135,60,60,76,107,257,291,291,291,311,342,267,278,278,278,278,278,203,118,38,0,0,0],"floor_reached":23,"playtime":717,"items_purged":["Strike_G"],"score":518,"play_id":"5a0d4a0a-e5d7-4ecf-8639-3e09db9ba62c","local_time":"20201225163939","is_ascension_mode":true,"campfire_choices":[{"floor":10,"key":"REST"},{"data":"AT_KneejerkReflex","floor":15,"key":"SMITH"}],"circlet_count":0,"master_deck":["AscendersBane","Strike_G","Strike_G","Strike_G","Defend_G","Defend_G","Defend_G","Defend_G","Defend_G","Survivor","Neutralize","AT_FamilyPortrait","A Thousand Cuts","AbeCurse","Blade Dance","Acrobatics","Terror","AT_KneejerkReflex+1","Envenom"],"relics":["HushsDoor","D4","Tingsha","testmod-BlackFramedGlasses","Incense Burner","testmod-Nyarlathotep","Pondfish Scales","DemoMod:JetPack","DemoMod:DecoyRelic","SalivaCoin","Ectoplasm","Ring of Chaos","BranchBurnRelic","testmod-EnergyCheck","REME_HourglassOfDeath"],"acts_visited":["Exordium","TheCity"],"potions_floor_usage":[14,23],"damage_taken":[{"damage":0,"enemies":"Cultist","floor":1,"turns":3},{"damage":0,"enemies":"2 Louse","floor":2,"turns":2},{"damage":1,"enemies":"Small Slimes","floor":5,"turns":3},{"damage":0,"enemies":"Lagavulin","floor":6,"turns":4},{"damage":28,"enemies":"Gremlin Nob","floor":8,"turns":4},{"damage":13,"enemies":"Blue Slaver","floor":11,"turns":3},{"damage":0,"enemies":"Lagavulin","floor":12,"turns":4},{"damage":0,"enemies":"Looter","floor":14,"turns":2},{"damage":12,"enemies":"The Guardian","floor":16,"turns":6},{"damage":0,"enemies":"3 Byrds","floor":18,"turns":2},{"damage":23,"enemies":"2 Thieves","floor":21,"turns":3},{"damage":0,"enemies":"Gremlin Leader","floor":23,"turns":1}],"seed_played":"576166486726861460","potions_obtained":[{"floor":2,"key":"ColorlessPotion"},{"floor":6,"key":"testmod-TestPotion"}],"is_trial":false,"path_per_floor":["M","M","$","?","M","E","?","E","T","R","M","E","?","M","R","B",null,"M","?","?","M","?","E"],"character_chosen":"THE_SILENT","items_purchased":[],"campfire_rested":1,"item_purchase_floors":[],"current_hp_per_floor":[63,65,65,65,64,64,64,38,38,66,53,53,53,60,60,64,66,66,66,66,45,45,46,46],"gold":0,"neow_bonus":"BOSS_RELIC","is_daily":false,"chose_seed":false,"campfire_upgraded":1,"win_rate":0.0,"timestamp":1608885579,"path_taken":["M","?","$","?","M","E","?","E","T","R","M","E","?","M","R","BOSS","M","?","?","?","?","E"],"items_purchased_type":[],"build_version":"2020-12-22","purchased_purges":1,"victory":false,"max_hp_per_floor":[66,66,66,66,66,66,66,66,66,66,66,66,66,66,66,66,66,66,66,66,66,66,66,66],"relic_stats":{"counters":[12,36],"Tingsha":[218],"Ectoplasm":223,"obtain_stats":[{"Regal Pillow":9,"AT_ATBox":0,"Vampiric Spirits":6,"DemoMod:GlassGuonStoneRelic":1,"Replay:Multitool":4,"Incense Burner":14,"testmod-Nyarlathotep":14,"testmod-BlackFramedGlasses":14,"SatanicBible":0,"BranchBurnRelic":15,"testmod-DeterminationOfClimber":0,"DemoMod:JetPack":14,"Ring of the Snake":0,"KeepersGift":0,"testmod-TestBox":0,"Dead Branch":14,"Tingsha":14,"testmod-CyclicPeriapt":4,"Ring of Chaos":14,"MoneyPower":4,"testmod-Justice":8,"D4":4,"Pondfish Scales":14,"REME_HourglassOfDeath":20,"Snecko Eye":4,"DemoMod:DecoyRelic":14,"ChewingGum":0,"Ectoplasm":14,"SalivaCoin":14,"DemoMod:RingOfEthereal":4,"HushsDoor":0,"testmod-EnergyCheck":17,"Abe\u0027s Treasure":4,"REME_ComplimentaryCards":0,"testmod-HeartOfDaVinci":12},{"Regal Pillow":5,"AT_ATBox":0,"Vampiric Spirits":4,"DemoMod:GlassGuonStoneRelic":1,"Replay:Multitool":2,"Incense Burner":8,"testmod-Nyarlathotep":8,"testmod-BlackFramedGlasses":8,"SatanicBible":0,"BranchBurnRelic":8,"testmod-DeterminationOfClimber":0,"DemoMod:JetPack":8,"Ring of the Snake":0,"KeepersGift":0,"testmod-TestBox":0,"Dead Branch":8,"Tingsha":8,"testmod-CyclicPeriapt":2,"Ring of Chaos":8,"MoneyPower":2,"testmod-Justice":5,"D4":2,"Pondfish Scales":8,"REME_HourglassOfDeath":10,"Snecko Eye":2,"DemoMod:DecoyRelic":8,"ChewingGum":0,"Ectoplasm":8,"SalivaCoin":8,"DemoMod:RingOfEthereal":2,"HushsDoor":0,"testmod-EnergyCheck":9,"Abe\u0027s Treasure":2,"REME_ComplimentaryCards":0,"testmod-HeartOfDaVinci":7},{"Regal Pillow":16,"AT_ATBox":0,"Vampiric Spirits":12,"DemoMod:GlassGuonStoneRelic":3,"Replay:Multitool":5,"Incense Burner":25,"testmod-Nyarlathotep":25,"testmod-BlackFramedGlasses":25,"SatanicBible":0,"BranchBurnRelic":25,"testmod-DeterminationOfClimber":0,"DemoMod:JetPack":25,"Ring of the Snake":0,"KeepersGift":0,"testmod-TestBox":0,"Dead Branch":25,"Tingsha":25,"testmod-CyclicPeriapt":5,"Ring of Chaos":25,"MoneyPower":5,"testmod-Justice":16,"D4":5,"Pondfish Scales":25,"REME_HourglassOfDeath":33,"Snecko Eye":5,"DemoMod:DecoyRelic":25,"ChewingGum":0,"Ectoplasm":25,"SalivaCoin":25,"DemoMod:RingOfEthereal":5,"HushsDoor":0,"testmod-EnergyCheck":31,"Abe\u0027s Treasure":5,"REME_ComplimentaryCards":0,"testmod-HeartOfDaVinci":23}]},"card_choices":[{"not_picked":["Underhanded Strike","Distraction","Outmaneuver"],"picked":"SKIP","floor":1},{"not_picked":["Blur","Sneak Up"],"picked":"Bomb","floor":2},{"not_picked":["Bomb","Deadly Poison"],"picked":"Blade Dance","floor":5},{"not_picked":["Dagger Throw","Masterful Stab"],"picked":"Acrobatics","floor":6},{"not_picked":["ReplayTheSpireMod:Exploit Weakness","Tools of the Trade","Choke"],"picked":"SKIP","floor":8},{"not_picked":["Bane","Dodge and Roll"],"picked":"Terror","floor":11},{"not_picked":["Skewer","AT_FocusSwordFire","Dagger Spray"],"picked":"SKIP","floor":12},{"not_picked":["Draining Mist","AT_FocusSwordFire"],"picked":"AT_KneejerkReflex","floor":14},{"not_picked":["REME_CopyPotion","Replay:Bag of Tricks"],"picked":"Envenom","floor":16},{"not_picked":["Blade Dance","Slice","Venomology"],"picked":"SKIP","floor":18},{"not_picked":["Blade Dance","Bane+1","AT_TinkerSharpsword"],"picked":"SKIP","floor":21}],"player_experience":19795,"relics_obtained":[{"floor":6,"key":"Vampiric Spirits"},{"floor":8,"key":"testmod-Justice"},{"floor":9,"key":"Regal Pillow"},{"floor":12,"key":"testmod-HeartOfDaVinci"}],"event_choices":[{"damage_healed":0,"gold_gain":0,"player_choice":"Swap Relic","damage_taken":0,"relics_obtained":["D4"],"max_hp_gain":0,"max_hp_loss":0,"event_name":"给自己的盒子","floor":4,"relics_lost":["SatanicBible"],"gold_loss":0},{"damage_healed":0,"gold_gain":150,"player_choice":"AGREE","damage_taken":0,"max_hp_gain":0,"max_hp_loss":0,"event_name":"Liars Game","floor":7,"gold_loss":0,"cards_obtained":["Doubt"]},{"cards_removed":["Doubt"],"damage_healed":0,"gold_gain":0,"player_choice":"Card Removal","damage_taken":0,"max_hp_gain":0,"max_hp_loss":0,"event_name":"The Cleric","floor":13,"gold_loss":75},{"cards_removed":["Strike_G"],"damage_healed":0,"gold_gain":0,"player_choice":"Gave Gold","damage_taken":0,"max_hp_gain":0,"max_hp_loss":0,"event_name":"Beggar","floor":19,"gold_loss":75},{"damage_healed":0,"gold_gain":0,"player_choice":"Obtained Relic","damage_taken":0,"relics_obtained":["REME_HourglassOfDeath"],"max_hp_gain":0,"max_hp_loss":0,"event_name":"Addict","floor":20,"gold_loss":85},{"damage_healed":0,"gold_gain":0,"player_choice":"Paid Fearfully","damage_taken":0,"max_hp_gain":0,"max_hp_loss":0,"event_name":"Masked Bandits","floor":22,"gold_loss":38}],"is_beta":false,"boss_relics":[{"not_picked":["ChewingGum","EasyGame_NEW"],"picked":"testmod-EnergyCheck"},{"not_picked":[]}],"items_purged_floors":[3],"is_endless":false,"potions_floor_spawned":[2,6,8,18],"killed_by":"Gremlin Leader","ascension_level":20}}