{"host":"2461dio7vetlq1z3","time":1608886971,"event":{"mods":["2.2 Compatiblity","AchievementEnabler","Aspiration","BaseMod","Better Third Choice","Hermit","Minty Spire (QoL Compilation)","Relic Stats","Spicy Shops","StSLib","The Runesmith","Waifu the Spire"],"gold_per_floor":[14,25,42,42,57,84,84,94,94,125,125,138,138,163,163,239,239,249,41,57,84,97,97,122,122,122,140,140,12,44,44,44,119,119,129,79,79,95,45,75,90,109,109,137,151,184,195,228,228,228,228,228,18,51,51],"floor_reached":56,"playtime":3777,"items_purged":["Strike_P","Strike_P","Strike_P","Defend_P","CutThroughFate"],"score":2504,"play_id":"efd7fd3d-f88c-4421-881c-7c58af8ebcbd","local_time":"20201225100251","is_ascension_mode":true,"campfire_choices":[{"data":"MentalFortress","floor":7,"key":"SMITH"},{"data":"Eruption","floor":11,"key":"SMITH"},{"data":"CrushJoints","floor":15,"key":"SMITH"},{"data":"FlurryOfBlows","floor":23,"key":"SMITH"},{"data":"FlurryOfBlows","floor":25,"key":"SMITH"},{"data":"FlurryOfBlows","floor":28,"key":"SMITH"},{"data":"Vault","floor":32,"key":"SMITH"},{"floor":49,"key":"RECALL"},{"data":"Wireheading","floor":52,"key":"SMITH"}],"circlet_count":0,"master_deck":["AscendersBane","Defend_P+1","Eruption+1","Vigilance+1","MentalFortress+1","Prostrate+1","FlurryOfBlows+1","EmptyBody+1","CrushJoints+1","Conclude+1","CutThroughFate","FlurryOfBlows+1","Scrawl+1","EmptyBody+1","Vault+1","Wallop+1","Protect+1","FlurryOfBlows+1","Wallop","Wireheading+1","Wallop","LessonLearned+1","Panache+1","Finesse+1","EmptyBody+1","CrushJoints+1","MentalFortress+1","Vault"],"relics":["PureWater","Mummified Hand","Bag of Preparation","Tiny Chest","aspiration:SeaSaltIceCream","WristBlade","Smiling Mask","aspiration:MobileForge","Vajra","Red Mask","Incense Burner","Darkstone Periapt","aspiration:HiddenCompartment","Yang","Sozu","Anchor","Nunchaku","CaptainsWheel","Meat on the Bone","War Paint","Sundial"],"acts_visited":["Exordium","TheCity","TheBeyond","TheEnding"],"potions_floor_usage":[6,24,55,55],"damage_taken":[{"damage":0,"enemies":"2 Louse","floor":1,"turns":4},{"damage":3,"enemies":"Cultist","floor":2,"turns":3},{"damage":0,"enemies":"Jaw Worm","floor":3,"turns":3},{"damage":8,"enemies":"3 Louse","floor":5,"turns":3},{"damage":7,"enemies":"Lagavulin","floor":6,"turns":6},{"damage":0,"enemies":"2 Fungi Beasts","floor":8,"turns":1},{"damage":0,"enemies":"Gremlin Nob","floor":10,"turns":2},{"damage":0,"enemies":"Exordium Wildlife","floor":12,"turns":3},{"damage":6,"enemies":"3 Sentries","floor":14,"turns":5},{"damage":25,"enemies":"The Guardian","floor":16,"turns":7},{"damage":1,"enemies":"Chosen","floor":18,"turns":2},{"damage":0,"enemies":"3 Byrds","floor":20,"turns":3},{"damage":0,"enemies":"Masked Bandits","floor":21,"turns":2},{"damage":0,"enemies":"Snecko","floor":22,"turns":4},{"damage":0,"enemies":"Slavers","floor":24,"turns":5},{"damage":0,"enemies":"3 Cultists","floor":27,"turns":2},{"damage":0,"enemies":"Book of Stabbing","floor":30,"turns":4},{"damage":0,"enemies":"Collector","floor":33,"turns":4},{"damage":0,"enemies":"3 Shapes","floor":35,"turns":3},{"damage":0,"enemies":"3 Darklings","floor":38,"turns":4},{"damage":16,"enemies":"Reptomancer","floor":40,"turns":3},{"damage":0,"enemies":"Writhing Mass","floor":41,"turns":3},{"damage":3,"enemies":"Spire Growth","floor":42,"turns":3},{"damage":0,"enemies":"Giant Head","floor":44,"turns":5},{"damage":0,"enemies":"Transient","floor":45,"turns":6},{"damage":0,"enemies":"Reptomancer","floor":46,"turns":7},{"damage":0,"enemies":"Sphere and 2 Shapes","floor":47,"turns":2},{"damage":7,"enemies":"Nemesis","floor":48,"turns":10},{"damage":0,"enemies":"Donu and Deca","floor":50,"turns":7},{"damage":0,"enemies":"Shield and Spear","floor":54,"turns":6},{"damage":7,"enemies":"The Heart","floor":55,"turns":7}],"seed_played":"5578829919902677274","potions_obtained":[{"floor":5,"key":"SkillPotion"},{"floor":8,"key":"Explosive Potion"},{"floor":10,"key":"SpeedPotion"},{"floor":12,"key":"Regen Potion"},{"floor":21,"key":"Strength Potion"},{"floor":24,"key":"CultistPotion"}],"is_trial":false,"path_per_floor":["M","M","M","?","M","E","R","M","T","E","R","M","T","E","R","B",null,"M","$","M","?","M","R","E","R","T","M","R","$","E","T","R","B",null,"M","$","?","M","$","E","M","M","T","E","M","E","M","E","R","B",null,"R","$","E","B",null],"character_chosen":"WATCHER","items_purchased":["Vajra","Wireheading","War Paint"],"campfire_rested":0,"item_purchase_floors":[19,29,53],"current_hp_per_floor":[61,58,58,58,50,43,43,43,43,43,43,43,43,37,37,12,54,53,53,53,53,53,53,67,67,67,67,67,67,67,67,67,67,68,68,68,58,58,58,42,42,39,39,39,39,39,39,32,32,44,62,62,62,62,55],"gold":51,"neow_bonus":"TRANSFORM_TWO_CARDS","is_daily":false,"chose_seed":false,"campfire_upgraded":8,"win_rate":0.0,"timestamp":1608886971,"path_taken":["M","M","M","?","M","E","R","M","T","E","R","?","?","E","R","BOSS","M","$","M","?","M","R","E","R","T","M","R","$","E","?","R","BOSS","M","$","?","M","$","E","M","M","T","E","M","E","M","E","R","BOSS","R","$","E","BOSS"],"items_purchased_type":["Relic","Card","Relic"],"build_version":"2020-12-22","purchased_purges":5,"victory":true,"max_hp_per_floor":[68,68,68,68,68,68,68,68,68,68,68,68,68,68,68,68,68,68,68,68,68,68,68,68,68,68,68,68,68,68,68,68,68,68,68,68,68,68,68,68,68,68,68,68,68,68,68,68,68,68,68,68,68,68,68],"relic_stats":{"Darkstone Periapt":0,"counters":[31,129],"Yang":[221],"Bag of Preparation":[50],"War Paint":["EmptyBody","Vigilance"],"Smiling Mask":375,"Sozu":4,"Nunchaku":[13],"Mummified Hand":[67],"Sundial":[0],"Tiny Chest":1,"obtain_stats":[{"Darkstone Periapt":26,"Vajra":19,"Yang":31,"Bag of Preparation":9,"Incense Burner":24,"aspiration:SeaSaltIceCream":13,"War Paint":53,"Smiling Mask":14,"aspiration:HiddenCompartment":30,"Sozu":34,"Anchor":40,"Nunchaku":44,"CaptainsWheel":46,"WristBlade":13,"Mummified Hand":6,"aspiration:MobileForge":17,"Sundial":54,"Tiny Chest":10,"Red Mask":21,"PureWater":0,"Meat on the Bone":48},{"Darkstone Periapt":15,"Vajra":11,"Yang":17,"Bag of Preparation":6,"Incense Burner":15,"aspiration:SeaSaltIceCream":8,"War Paint":29,"Smiling Mask":9,"aspiration:HiddenCompartment":17,"Sozu":18,"Anchor":21,"Nunchaku":24,"CaptainsWheel":26,"WristBlade":8,"Mummified Hand":5,"aspiration:MobileForge":10,"Sundial":30,"Tiny Chest":7,"Red Mask":13,"PureWater":0,"Meat on the Bone":28},{"Darkstone Periapt":53,"Vajra":39,"Yang":59,"Bag of Preparation":20,"Incense Burner":53,"aspiration:SeaSaltIceCream":25,"War Paint":116,"Smiling Mask":30,"aspiration:HiddenCompartment":59,"Sozu":63,"Anchor":73,"Nunchaku":84,"CaptainsWheel":97,"WristBlade":25,"Mummified Hand":19,"aspiration:MobileForge":37,"Sundial":122,"Tiny Chest":22,"Red Mask":44,"PureWater":0,"Meat on the Bone":109}],"Meat on the Bone":12},"card_choices":[{"not_picked":["JustLucky","InnerPeace"],"picked":"FlurryOfBlows","floor":1},{"not_picked":["FlyingSleeves","Pray"],"picked":"EmptyBody","floor":2},{"not_picked":["Halt","ThirdEye"],"picked":"CrushJoints","floor":3},{"not_picked":["Evaluate","Prostrate"],"picked":"Conclude","floor":5},{"not_picked":["Perseverance","EmptyMind"],"picked":"CutThroughFate","floor":6},{"not_picked":["CutThroughFate","WreathOfFlame"],"picked":"FlurryOfBlows","floor":8},{"not_picked":["Study","Halt"],"picked":"Scrawl","floor":10},{"not_picked":["SashWhip","FlyingSleeves"],"picked":"CutThroughFate","floor":12},{"not_picked":["Collect","Protect"],"picked":"EmptyBody","floor":14},{"not_picked":["Wish","Omniscience"],"picked":"Vault","floor":16},{"not_picked":["Halt","Prostrate","ThirdEye"],"picked":"SKIP","floor":18},{"not_picked":["FlyingSleeves","Vengeance"],"picked":"Wallop","floor":20},{"not_picked":["FlyingSleeves","EmptyBody"],"picked":"Protect+1","floor":21},{"not_picked":["Prostrate","ThirdEye"],"picked":"FlurryOfBlows","floor":22},{"not_picked":["Protect","Adaptation"],"picked":"Wallop","floor":24},{"not_picked":["Blasphemy","CarveReality","Halt"],"picked":"SKIP","floor":27},{"not_picked":["Nirvana","Protect+1"],"picked":"Wallop","floor":30},{"not_picked":["Establishment","Scrawl"],"picked":"LessonLearned","floor":33},{"not_picked":["Halt","Conclude+1","Perseverance"],"picked":"SKIP","floor":35},{"not_picked":["Mind Blast","Jack Of All Trades"],"picked":"Panache","floor":37},{"not_picked":["Magnetism","Apotheosis"],"picked":"Finesse","floor":37},{"not_picked":["SandsOfTime+1","Evaluate","EmptyBody+1"],"picked":"SKIP","floor":38},{"not_picked":["SandsOfTime+1","Evaluate"],"picked":"EmptyBody+1","floor":38},{"not_picked":["ThirdEye","CarveReality"],"picked":"CrushJoints+1","floor":40},{"not_picked":["CutThroughFate","SashWhip","Omniscience"],"picked":"SKIP","floor":41},{"not_picked":["ClearTheMind","Adaptation+1","FollowUp+1"],"picked":"SKIP","floor":42},{"not_picked":["ReachHeaven+1","Nirvana+1","Consecrate"],"picked":"SKIP","floor":44},{"not_picked":["Protect+1","CutThroughFate","BattleHymn"],"picked":"SKIP","floor":45},{"not_picked":["EmptyFist","EmptyBody+1"],"picked":"MentalFortress","floor":46},{"not_picked":["EmptyFist","EmptyBody","Consecrate+1"],"picked":"SKIP","floor":47},{"not_picked":["Protect","Crescendo","Consecrate"],"picked":"SKIP","floor":48},{"not_picked":["SandsOfTime","Adaptation"],"picked":"Vault","floor":54}],"player_experience":914428,"relics_obtained":[{"floor":6,"key":"Mummified Hand"},{"floor":9,"key":"Bag of Preparation"},{"floor":10,"key":"Tiny Chest"},{"floor":13,"key":"aspiration:SeaSaltIceCream"},{"floor":14,"key":"Smiling Mask"},{"floor":21,"key":"Red Mask"},{"floor":24,"key":"Incense Burner"},{"floor":26,"key":"Darkstone Periapt"},{"floor":30,"key":"aspiration:HiddenCompartment"},{"floor":31,"key":"Yang"},{"floor":40,"key":"Anchor"},{"floor":44,"key":"Nunchaku"},{"floor":46,"key":"CaptainsWheel"},{"floor":48,"key":"Meat on the Bone"},{"floor":54,"key":"Sundial"}],"event_choices":[{"cards_removed":["Defend_P"],"damage_healed":0,"gold_gain":0,"player_choice":"Offered Basic","damage_taken":0,"max_hp_gain":0,"max_hp_loss":0,"event_name":"Bonfire Elementals","floor":4,"gold_loss":0},{"damage_healed":0,"gold_gain":0,"player_choice":"Fought Bandits","damage_taken":0,"max_hp_gain":0,"max_hp_loss":0,"event_name":"Masked Bandits","floor":21,"gold_loss":0},{"damage_healed":0,"gold_gain":0,"player_choice":"Memory 3","damage_taken":10,"max_hp_gain":0,"max_hp_loss":0,"event_name":"SensoryStone","floor":37,"gold_loss":0}],"is_beta":false,"boss_relics":[{"not_picked":["Cursed Key","aspiration:RitualDagger"],"picked":"aspiration:MobileForge"},{"not_picked":["Black Star","aspiration:FutureDiary"],"picked":"Sozu"}],"items_purged_floors":[19,29,36,39,53],"is_endless":false,"potions_floor_spawned":[5,8,10,12,21,24,27,33,40,42,45,46,54],"ascension_level":16}}