{"host":"9kcqr6gvt9348rwr","time":1608887357,"event":{"mods":["Alarm Clock","BaseMod","Better Third Choice","BetterRewards","Colored Map","Colored Powertips","Conspire","Downfall","Ironclad Rager","Minty Spire (QoL Compilation)","Practice Mode","Rare Cards Sparkle","Relic Sorter","Replay The Spire","Shop Mod","Spicy Shops","StSLib"],"gold_per_floor":[115,127,27,55,123,123,179,179,179,179,222,265,237,311,311,469,469,483,493,84,147,9,9,9,34,34],"floor_reached":25,"playtime":2800,"items_purged":["Bash","Strike_R"],"score":203,"play_id":"56ce398d-bf14-4e8d-bc42-e8caa62c8b49","local_time":"20201225170917","is_ascension_mode":false,"campfire_choices":[{"data":"conspire:SpireCoStock","floor":6.0,"key":"SMITH"},{"data":"conspire:SpireCoStock","floor":8.0,"key":"SMITH"},{"floor":10.0,"key":"REST"},{"data":"Armaments","floor":15,"key":"SMITH"},{"floor":24,"key":"REST"}],"circlet_count":0,"master_deck":["Strike_R","Strike_R","Strike_R","Strike_R","Defend_R","Defend_R","Defend_R","ReplayTheSpireMod:Limb From Limb","Thunderclap","Cleave","Armaments+1","conspire:SpireCoStock+1","conspire:SpireCoStock+1","conspire:ExplosiveBarrier","Anger","Offering","Bloodletting","Anger","Rupture","Demon Form","CurseOfTheBell","Hemogenesis","Rage","Midas Touch","Intimidate","Intimidate","Flex+1","Seeing Red"],"relics":["Burning Blood","Self Forming Clay","Blue Doll","Iron Hammer","Champion Belt","MerchantsRug","Membership Card"],"acts_visited":["Exordium","TheCity"],"potions_floor_usage":[14,16],"damage_taken":[{"damage":3.0,"enemies":"Small Slimes","floor":1.0,"turns":3.0},{"damage":6.0,"enemies":"Cultist","floor":2.0,"turns":3.0},{"damage":5.0,"enemies":"conspire:RoseBush","floor":4.0,"turns":4.0},{"damage":10.0,"enemies":"Large Slime","floor":7.0,"turns":5.0},{"damage":12.0,"enemies":"conspire:2 RoseBushes","floor":11.0,"turns":4.0},{"damage":12.0,"enemies":"3 Louse","floor":12.0,"turns":3.0},{"damage":23,"enemies":"Lagavulin","floor":14,"turns":5},{"damage":40,"enemies":"Fading Forest","floor":16,"turns":11},{"damage":44,"enemies":"3 Byrds","floor":18,"turns":6},{"damage":29,"enemies":"Spheric Guardian","floor":19,"turns":6},{"damage":20,"enemies":"conspire:HollyBat","floor":21,"turns":9},{"damage":35,"enemies":"conspire:MimicChest","floor":25,"turns":7}],"seed_played":"3566270782055373531","potions_obtained":[{"floor":2.0,"key":"SteroidPotion"},{"floor":4.0,"key":"Adrenaline Potion"},{"floor":5.0,"key":"Block Potion"},{"floor":5.0,"key":"Reflective Coating"},{"floor":19,"key":"Fire Potion"}],"is_trial":false,"path_per_floor":["M","M","?","M","?","R","M","R","T","R","M","M","?","E","R","B",null,"M","M","$","M","$","?","R","?"],"character_chosen":"IRONCLAD","items_purchased":["Thunderclap","Midas Touch","Intimidate","MerchantsRug","Flex+1","Membership Card"],"campfire_rested":2,"item_purchase_floors":[0,20,20,20,20,22],"current_hp_per_floor":[80,80,80,80,48,48,44,44,44,68,62,56,56,39,39,15,80,42,26,26,17,17,2,27,0,0],"gold":34,"neow_bonus":"","is_daily":false,"chose_seed":false,"campfire_upgraded":3,"win_rate":0.0,"timestamp":1608887357,"path_taken":["M","M","?","M","?","R","?","R","T","R","M","M","?","E","R","BOSS","M","M","$","M","$","?","R","?"],"items_purchased_type":["Card","Card","Card","Relic","Card","Relic"],"build_version":"2020-12-22","purchased_purges":2,"victory":false,"max_hp_per_floor":[80,80,80,80,80,80,80,80,80,80,80,80,80,80,80,80,80,80,80,80,80,80,85,85,85,85],"card_choices":[{"not_picked":["Flex","ReplayTheSpireMod:Strike From Hell"],"picked":"Cleave","floor":1.0},{"not_picked":["Hemokinesis","Thunderclap"],"picked":"Armaments","floor":2.0},{"not_picked":["Replay:Undeath\u0027s Touch","Cleave"],"picked":"conspire:ExplosiveBarrier","floor":4.0},{"not_picked":["Iron Wave","Pommel Strike"],"picked":"Anger","floor":5.0},{"not_picked":["Cleave","Hemokinesis"],"picked":"Offering","floor":7.0},{"not_picked":["Headbutt","Warcry"],"picked":"Bloodletting","floor":11.0},{"not_picked":["Burning Pact","True Grit"],"picked":"Anger","floor":12.0},{"not_picked":["Headbutt","Dual Wield"],"picked":"Rupture","floor":14},{"not_picked":["Impervious","Corruption"],"picked":"Demon Form","floor":16},{"not_picked":["Blood for Blood","Shrug It Off+1"],"picked":"Hemogenesis","floor":18},{"not_picked":["Cleave","ReplayTheSpireMod:Limb From Limb"],"picked":"Rage","floor":19},{"not_picked":["Body Slam","Run Through+1"],"picked":"Seeing Red","floor":21}],"player_experience":1506,"relics_obtained":[{"floor":9.0,"key":"Self Forming Clay"},{"floor":14,"key":"Replay:Bottled Eggs"},{"floor":17,"key":"Blue Doll"},{"floor":17,"key":"Iron Hammer"},{"floor":17,"key":"Champion Belt"}],"event_choices":[{"damage_healed":0.0,"max_hp_gain":0.0,"max_hp_loss":0.0,"gold_gain":0.0,"event_name":"conspire:Investor","player_choice":"Invest 2","floor":3.0,"gold_loss":0.0,"damage_taken":0.0},{"damage_healed":0,"gold_gain":0,"player_choice":"Left","damage_taken":0,"max_hp_gain":0,"max_hp_loss":0,"event_name":"betterThird:BetterGoop","floor":13,"gold_loss":28},{"damage_healed":0,"gold_gain":0,"player_choice":"Shed Blood","damage_taken":20,"max_hp_gain":5,"max_hp_loss":0,"event_name":"Forgotten Altar","floor":23,"gold_loss":0}],"is_beta":false,"boss_relics":[{"not_picked":["Velvet Choker","Snecko Eye"],"picked":"Calling Bell"}],"items_purged_floors":[20,20],"is_endless":false,"potions_floor_spawned":[2,4,7,11,19],"killed_by":"conspire:MimicChest","ascension_level":0}}