{"host":"v4s5k3c6jywmeofl","time":1608875350,"event":{"mods":["Act Like it!","BaseMod","Colored Map","Downfall","Gensokyo","Hallownest","Hermit","Marisa????????","Minty Spire (QoL Compilation)","Quick Restart","Random Character Button","Rare Cards Sparkle","Replay The Spire","StSLib","The Animator","The Bug Knight","The Cursed","The Hierophant","The Servant 0.9.4"],"gold_per_floor":[113,113,113,130,130,130,150,73,96,131,148,148,161,191,191,292,292,303,303,328,345,54,85,85,116,116,145,145,245,245,24,24,24,24],"floor_reached":33,"playtime":1278,"items_purged":["Pain","sneckomod:Bewildered"],"score":349,"play_id":"1809adf0-d866-4783-bf4d-a711d58fc546","local_time":"20201225004910","is_ascension_mode":true,"campfire_choices":[{"data":"Flex","floor":6,"key":"SMITH"},{"floor":12,"key":"REST"},{"data":"Armaments","floor":15,"key":"SMITH"},{"floor":24,"key":"REST"},{"floor":28,"key":"REST"},{"floor":32,"key":"REST"}],"circlet_count":0,"master_deck":["Strike_R+1","Strike_R","Strike_R","Strike_R","Strike_R","Defend_R+1","Defend_R","Defend_R","Defend_R+1","Bash","expansioncontent:DarkVoid","Combust","Flex+1","Armaments+1","Spot Weakness+1","Life Link","Blood for Blood+1","Shockwave","Spot Weakness","Demon Form","Pommel Strike","Spreading Infection","Combust+1","Spot Weakness","Flex+1","Double Tap","Writhe","Twin Strike+1","Heavy Blade","Spot Weakness","Armaments"],"relics":["Burning Blood","WarpedTongs","ReplayFunnel","WingedGreaves","Cursed Key","Potion Belt","Juzu Bracelet","Whetstone","Pen Nib","Toy Ornithopter","Pet Ghost","War Paint","Champion Belt","Question Card","ReplayTheSpireMod:Ring of Exchange"],"acts_visited":["Exordium","TheCity"],"potions_floor_usage":[25,25,27,27,29],"damage_taken":[{"damage":17,"enemies":"Jaw Worm","floor":1,"turns":5},{"damage":0,"enemies":"2 Louse","floor":4,"turns":1},{"damage":0,"enemies":"Cultist","floor":7,"turns":2},{"damage":29,"enemies":"HollowMod:MossKnight","floor":10,"turns":7},{"damage":27,"enemies":"Large Slime","floor":11,"turns":4},{"damage":0,"enemies":"Lots of Slimes","floor":13,"turns":1},{"damage":23,"enemies":"Gremlin Nob","floor":14,"turns":4},{"damage":34,"enemies":"Fading Forest","floor":16,"turns":11},{"damage":13,"enemies":"Shell Parasite","floor":18,"turns":4},{"damage":34,"enemies":"Spheric Guardian","floor":21,"turns":5},{"damage":34,"enemies":"HollowMod:Nosk","floor":23,"turns":5},{"damage":29,"enemies":"Book of Stabbing","floor":25,"turns":6},{"damage":9,"enemies":"Replay:Snechameleon","floor":27,"turns":3},{"damage":16,"enemies":"Colosseum Slavers","floor":29,"turns":3},{"damage":36,"enemies":"Colosseum Nobs","floor":29,"turns":3},{"damage":46,"enemies":"Collector","floor":33,"turns":3}],"seed_played":"2147659782844052681","potions_obtained":[{"floor":1,"key":"Ancient Potion"},{"floor":4,"key":"Swift Potion"},{"floor":5,"key":"Death Potion"},{"floor":5,"key":"Flashbang"},{"floor":21,"key":"Adrenaline Potion"},{"floor":25,"key":"Languid Potion"},{"floor":29,"key":"SpeedPotion"}],"is_trial":false,"path_per_floor":["M","?","?","M","?","R","M","$","T","E","M","R","M","E","R","B",null,"M","?","T","M","$","E","R","E","T","E","R","?","?","$","R","B"],"character_chosen":"IRONCLAD","items_purchased":["Spot Weakness","Spot Weakness","Whetstone","Spot Weakness","Armaments"],"campfire_rested":4,"item_purchase_floors":[8,22,22,31,31],"current_hp_per_floor":[69,69,69,75,75,75,80,80,80,57,36,60,66,49,49,48,80,73,73,73,45,45,17,41,18,18,25,49,14,14,14,38,0,0],"gold":24,"neow_bonus":"RANDOM_COLORLESS","is_daily":false,"chose_seed":false,"campfire_upgraded":2,"win_rate":0.0,"timestamp":1608875350,"path_taken":["M","?","?","?","?","R","M","$","T","E","?","R","?","E","R","BOSS","M","?","?","M","$","E","R","E","T","E","R","?","?","$","R","BOSS"],"items_purchased_type":["Card","Card","Relic","Card","Card"],"build_version":"2020-12-22","purchased_purges":2,"victory":false,"max_hp_per_floor":[80,80,80,80,80,80,80,80,80,80,80,80,80,80,80,80,80,80,80,80,80,80,80,80,80,80,80,80,80,80,80,80,80,80],"card_choices":[{"not_picked":["expansioncontent:DecasProtection","expansioncontent:SlimeTackle"],"picked":"expansioncontent:DarkVoid","floor":0},{"not_picked":["Carnage","Anger"],"picked":"Combust","floor":1},{"not_picked":["Armaments","Metallicize"],"picked":"Flex","floor":4},{"not_picked":["Defy Death","Run Through"],"picked":"Armaments","floor":7},{"not_picked":["ReplayReversal","Clash"],"picked":"Life Link","floor":10},{"not_picked":["Run Through","Clash"],"picked":"Blood for Blood","floor":11},{"not_picked":["Life Link","Battle Trance"],"picked":"Shockwave","floor":13},{"not_picked":["ReplayTheSpireMod:Strike From Hell","Reckless Charge"],"picked":"Spot Weakness","floor":14},{"not_picked":["Hemogenesis","Offering"],"picked":"Demon Form","floor":16},{"not_picked":["Sever Soul","Thunderclap+1"],"picked":"Pommel Strike","floor":18},{"not_picked":["ReplayTheSpireMod:Strike From Hell","Warcry"],"picked":"Combust+1","floor":21},{"not_picked":["ReplayTheSpireMod:Limb From Limb+1","Juggernaut"],"picked":"Flex+1","floor":23},{"not_picked":["Cleave","Anger"],"picked":"Double Tap","floor":25},{"not_picked":["Pommel Strike","Power Through"],"picked":"Twin Strike+1","floor":27},{"not_picked":["Replay:Undeath\u0027s Touch","True Grit"],"picked":"Heavy Blade","floor":29}],"player_experience":146993,"relics_obtained":[{"floor":10,"key":"ReplayFunnel"},{"floor":14,"key":"WingedGreaves"},{"floor":20,"key":"Juzu Bracelet"},{"floor":23,"key":"Pen Nib"},{"floor":25,"key":"Toy Ornithopter"},{"floor":26,"key":"Pet Ghost"},{"floor":27,"key":"War Paint"},{"floor":29,"key":"Champion Belt"},{"floor":29,"key":"Question Card"},{"floor":30,"key":"ReplayTheSpireMod:Ring of Exchange"}],"event_choices":[{"damage_healed":0,"gold_gain":0,"player_choice":"Rummage","damage_taken":0,"relics_obtained":["WarpedTongs"],"max_hp_gain":0,"max_hp_loss":0,"event_name":"Accursed Blacksmith","floor":3,"gold_loss":0,"cards_obtained":["Pain"]},{"damage_healed":0,"gold_gain":0,"player_choice":"Got Potions","damage_taken":0,"max_hp_gain":0,"max_hp_loss":0,"event_name":"Lab","floor":5,"gold_loss":0},{"damage_healed":0,"gold_gain":0,"player_choice":"Fight","damage_taken":0,"max_hp_gain":0,"max_hp_loss":0,"event_name":"Colosseum","floor":29,"gold_loss":0},{"damage_healed":0,"gold_gain":0,"player_choice":"Fought Nobs","damage_taken":0,"max_hp_gain":0,"max_hp_loss":0,"event_name":"Colosseum","floor":29,"gold_loss":0}],"is_beta":false,"boss_relics":[{"not_picked":["Ectoplasm","Busted Crown"],"picked":"Cursed Key"}],"items_purged_floors":[22,31],"is_endless":false,"potions_floor_spawned":[1,4,10,13,18,21,25,29],"killed_by":"Collector","ascension_level":1}}