{"host":"Brown Brick","time":1608939469,"event":{"mods":["BaseMod","Melee Mod","Minty Spire (QoL Compilation)","Rare Cards Sparkle","Relic Stats","Robot Space Explorer","StSLib","The Marked","Unceasing Turn Reminder","everything is the same but u backflip on backflip"],"gold_per_floor":[111,186,151,151,151,177,194,194,219,276,25,25,41,56,56,159,159,172,185,106,116,126,126,155,155,227,227,152,152,170,189,189,288,288,307,320,370,370,381,409,409,151,228,260,273,273,0,16,16,16],"floor_reached":51,"playtime":4854,"items_purged":[],"score":700,"play_id":"98749710-4544-4c34-9d28-2cf000705556","local_time":"20201226003749","is_ascension_mode":false,"campfire_choices":[{"floor":8,"key":"REST"},{"data":"theMarked:StartUp","floor":15,"key":"SMITH"},{"floor":23,"key":"REST"},{"floor":25,"key":"REST"},{"floor":32,"key":"REST"},{"floor":41,"key":"REST"},{"floor":46,"key":"REST"},{"floor":49,"key":"REST"}],"circlet_count":0,"master_deck":["theMarked:Strike+1","theMarked:Strike+1","theMarked:Strike+1","theMarked:Strike+1","theMarked:Strike+1","theMarked:Defend+1","theMarked:Defend+1","theMarked:Defend+1","theMarked:Defend+1","theMarked:SoldierOfQuellstein+1","theMarked:EnhanceMovement+1","theMarked:EmpowerWeapon","theMarked:StartUp+1","theMarked:WardOff","theMarked:SummonStrength","theMarked:Indomitable","theMarked:Opportunist","theMarked:WardOff","theMarked:MysticalArsenal","theMarked:WardOff+1","theMarked:ElectricStrings+1","theMarked:RogueSparks","theMarked:MysticalArsenal+1","theMarked:FavorableWinds","theMarked:HeightenedSenses+1","theMarked:MagicAdept","theMarked:ReduceFriction+1","theMarked:SwordAndMagic+1","theMarked:EternalStudent","theMarked:DeterminationOfTheMarked+1","Parasite","theMarked:Panic+1","theMarked:WardOff+1"],"relics":["theMarked:ArtifactOfAir","Bronze Scales","Whetstone","Juzu Bracelet","Toy Ornithopter","theMarked:NailFile","theMarked:SpiritSword","Ornamental Fan","Mercury Hourglass","Prayer Wheel","SlaversCollar","Girya","Question Card","Kunai","theMarked:Gun","PreservedInsect","Red Mask"],"acts_visited":["Exordium","TheCity","TheBeyond"],"potions_floor_usage":[16,16,22,24,24,24,24,33,35,37,48,50,50],"damage_taken":[{"damage":0,"enemies":"2 Louse","floor":1,"turns":3},{"damage":17,"enemies":"3 Sentries","floor":6,"turns":9},{"damage":6,"enemies":"Jaw Worm","floor":7,"turns":2},{"damage":14,"enemies":"3 Sentries","floor":10,"turns":6},{"damage":0,"enemies":"Small Slimes","floor":13,"turns":2},{"damage":0,"enemies":"Looter","floor":14,"turns":3},{"damage":24,"enemies":"Hexaghost","floor":16,"turns":10},{"damage":19,"enemies":"Spheric Guardian","floor":18,"turns":4},{"damage":5,"enemies":"Shell Parasite","floor":19,"turns":6},{"damage":20,"enemies":"Chosen and Byrds","floor":21,"turns":7},{"damage":29,"enemies":"Shelled Parasite and Fungi","floor":22,"turns":5},{"damage":36,"enemies":"Book of Stabbing","floor":24,"turns":5},{"damage":14,"enemies":"Centurion and Healer","floor":30,"turns":7},{"damage":6,"enemies":"Sentry and Sphere","floor":31,"turns":5},{"damage":46,"enemies":"Collector","floor":33,"turns":8},{"damage":0,"enemies":"3 Darklings","floor":35,"turns":5},{"damage":17,"enemies":"3 Shapes","floor":36,"turns":6},{"damage":7,"enemies":"Mind Bloom Boss Battle","floor":37,"turns":6},{"damage":22,"enemies":"Sphere and 2 Shapes","floor":39,"turns":6},{"damage":24,"enemies":"Reptomancer","floor":40,"turns":7},{"damage":26,"enemies":"Giant Head","floor":44,"turns":7},{"damage":23,"enemies":"Writhing Mass","floor":45,"turns":7},{"damage":12,"enemies":"4 Shapes","floor":48,"turns":6},{"damage":57,"enemies":"Donu and Deca","floor":50,"turns":7}],"seed_played":"-2217052893135013132","potions_obtained":[{"floor":6,"key":"EssenceOfSteel"},{"floor":7,"key":"SkillPotion"},{"floor":13,"key":"LiquidBronze"},{"floor":16,"key":"EntropicBrew"},{"floor":19,"key":"Fire Potion"},{"floor":22,"key":"DistilledChaos"},{"floor":24,"key":"theMarked:SummonPotion"},{"floor":31,"key":"Strength Potion"},{"floor":35,"key":"ColorlessPotion"},{"floor":39,"key":"Strength Potion"},{"floor":45,"key":"Strength Potion"},{"floor":48,"key":"SmokeBomb"}],"is_trial":false,"path_per_floor":["M","?","?","?","?","E","M","R","T","?","$","?","M","M","R","B",null,"M","M","$","M","M","R","E","R","T","?","?","?","M","M","R","B",null,"M","M","?","?","M","E","R","$","T","E","M","R","?","M","R","B",null],"character_chosen":"THE_DEFAULT","items_purchased":["theMarked:NailFile","theMarked:Opportunist","Kunai"],"campfire_rested":7,"item_purchase_floors":[11,20,42],"current_hp_per_floor":[70,59,70,70,37,20,14,35,35,21,21,26,26,26,26,12,75,56,51,51,31,7,29,13,35,35,35,35,35,21,15,37,10,75,75,58,63,63,41,24,45,45,45,33,17,38,38,31,52,19],"gold":16,"neow_bonus":"UPGRADE_CARD","is_daily":false,"chose_seed":false,"campfire_upgraded":1,"win_rate":0.0,"timestamp":1608939469,"path_taken":["M","?","?","?","?","E","M","R","T","?","$","?","M","M","R","BOSS","M","M","$","M","M","R","E","R","T","?","?","?","M","M","R","BOSS","M","M","?","?","M","E","R","$","T","E","M","R","?","M","R","BOSS"],"items_purchased_type":["Relic","Card","Relic"],"build_version":"2020-12-18","purchased_purges":0,"victory":true,"max_hp_per_floor":[70,70,70,70,70,70,70,70,70,70,70,75,75,75,75,75,75,75,75,75,75,75,75,75,75,75,75,75,75,75,75,75,75,75,75,75,75,71,71,71,71,71,71,71,71,71,71,71,71,71],"relic_stats":{"counters":[24,138],"Ornamental Fan":[60],"Bronze Scales":[364],"Prayer Wheel":7,"PreservedInsect":0,"Juzu Bracelet":2,"Whetstone":["theMarked:Strike","theMarked:Strike"],"Kunai":[7],"Question Card":5,"obtain_stats":[{"theMarked:NailFile":11,"Girya":37,"theMarked:Gun":43,"theMarked:SpiritSword":17,"PreservedInsect":44,"Juzu Bracelet":9,"Whetstone":6,"Question Card":40,"Mercury Hourglass":26,"theMarked:ArtifactOfAir":0,"SlaversCollar":34,"Ornamental Fan":24,"Bronze Scales":5,"Prayer Wheel":27,"Red Mask":47,"Kunai":42,"Toy Ornithopter":10},{"theMarked:NailFile":4,"Girya":18,"theMarked:Gun":20,"theMarked:SpiritSword":7,"PreservedInsect":21,"Juzu Bracelet":3,"Whetstone":2,"Question Card":20,"Mercury Hourglass":12,"theMarked:ArtifactOfAir":0,"SlaversCollar":15,"Ornamental Fan":12,"Bronze Scales":1,"Prayer Wheel":12,"Red Mask":22,"Kunai":20,"Toy Ornithopter":3},{"theMarked:NailFile":20,"Girya":98,"theMarked:Gun":111,"theMarked:SpiritSword":35,"PreservedInsect":118,"Juzu Bracelet":14,"Whetstone":12,"Question Card":111,"Mercury Hourglass":62,"theMarked:ArtifactOfAir":0,"SlaversCollar":82,"Ornamental Fan":62,"Bronze Scales":3,"Prayer Wheel":62,"Red Mask":125,"Kunai":111,"Toy Ornithopter":14}],"Toy Ornithopter":60,"Mercury Hourglass":[313]},"card_choices":[{"not_picked":["theMarked:Static","theMarked:Frustration"],"picked":"theMarked:EnhanceMovement","floor":1},{"not_picked":["theMarked:RogueSparks","theMarked:Improvise"],"picked":"theMarked:Static","floor":6},{"not_picked":["theMarked:Frustration","theMarked:Electrocute"],"picked":"theMarked:EmpowerWeapon","floor":7},{"not_picked":["theMarked:Electrocute","theMarked:Frustration"],"picked":"theMarked:StartUp","floor":10},{"not_picked":["theMarked:Parkour","theMarked:Aftermath","theMarked:ReduceFriction"],"picked":"SKIP","floor":13},{"not_picked":["theMarked:Electrocute","theMarked:Improvise"],"picked":"theMarked:WardOff","floor":14},{"not_picked":["theMarked:TakeOffHeels","theMarked:TurnInvisible"],"picked":"theMarked:SummonStrength","floor":16},{"not_picked":["theMarked:BanishingStrike","theMarked:HeightenedSenses+1"],"picked":"theMarked:Indomitable","floor":18},{"not_picked":["theMarked:ChainLightning","theMarked:GodGivenPower","theMarked:TwofoldDefense"],"picked":"SKIP","floor":19},{"not_picked":["theMarked:SelfDefenseTraining","theMarked:Improvise"],"picked":"theMarked:WardOff","floor":21},{"not_picked":["theMarked:SwordAndMagic","theMarked:BanishingWave"],"picked":"theMarked:MysticalArsenal","floor":22},{"not_picked":["theMarked:Challenge","theMarked:Parkour","theMarked:Electrify"],"picked":"SKIP","floor":24},{"not_picked":["theMarked:Electrocute+1","theMarked:EmpowerWeapon"],"picked":"theMarked:WardOff+1","floor":30},{"not_picked":["theMarked:WastefulAttack+1","theMarked:ReduceFriction"],"picked":"theMarked:ElectricStrings+1","floor":30},{"not_picked":["theMarked:WastefulAttack","theMarked:Convert"],"picked":"theMarked:RogueSparks","floor":31},{"not_picked":["theMarked:Improvise","theMarked:Frustration","theMarked:MysticalArsenal+1"],"picked":"SKIP","floor":31},{"not_picked":["theMarked:Improvise","theMarked:Frustration"],"picked":"theMarked:MysticalArsenal+1","floor":31},{"not_picked":["theMarked:Defy","theMarked:Snap"],"picked":"theMarked:FavorableWinds","floor":33},{"not_picked":["theMarked:SelfDefenseTraining","theMarked:ChainLightning"],"picked":"theMarked:HeightenedSenses+1","floor":35},{"not_picked":["theMarked:Overcharge","theMarked:HeightenedSenses+1"],"picked":"theMarked:MagicAdept","floor":35},{"not_picked":["theMarked:ChainLightning","theMarked:Generate"],"picked":"theMarked:ReduceFriction+1","floor":36},{"not_picked":["theMarked:MagicAdept+1","theMarked:HeightenedSenses","theMarked:Aftermath+1"],"picked":"SKIP","floor":36},{"not_picked":["theMarked:RepellingDischarge+1","theMarked:MaelstromOfLightning"],"picked":"theMarked:SwordAndMagic+1","floor":37},{"not_picked":["theMarked:Opportunist+1","theMarked:SelfDefenseTraining"],"picked":"theMarked:EternalStudent","floor":39},{"not_picked":["theMarked:ElectricStrings","theMarked:Aftermath","theMarked:TakeCover+1"],"picked":"SKIP","floor":39},{"not_picked":["theMarked:EnhanceMovement","theMarked:RepellingDischarge+1"],"picked":"theMarked:DeterminationOfTheMarked+1","floor":40},{"not_picked":["theMarked:RepellingDischarge+1","theMarked:DeterminationOfTheMarked","theMarked:Electrocute+1","theMarked:Parkour"],"picked":"SKIP","floor":44},{"not_picked":["theMarked:PowerFlow","theMarked:Overcharge+1","theMarked:ResourceFulStrike","theMarked:BanishingStrike"],"picked":"SKIP","floor":45},{"not_picked":["theMarked:BanishingStrike+1","theMarked:TwofoldDefense+1","theMarked:SwordAndMagic","theMarked:Indomitable"],"picked":"SKIP","floor":45},{"not_picked":["theMarked:BanishingWave","theMarked:Convert+1","theMarked:DispelDoubt"],"picked":"theMarked:Panic+1","floor":48},{"not_picked":["theMarked:Improvise","theMarked:Electrocute","theMarked:RepellingDischarge"],"picked":"theMarked:WardOff+1","floor":48}],"player_experience":630449,"relics_obtained":[{"floor":6,"key":"Whetstone"},{"floor":9,"key":"Juzu Bracelet"},{"floor":24,"key":"Ornamental Fan"},{"floor":26,"key":"Mercury Hourglass"},{"floor":37,"key":"Girya"},{"floor":40,"key":"Question Card"},{"floor":43,"key":"theMarked:Gun"},{"floor":44,"key":"PreservedInsect"}],"event_choices":[{"damage_healed":0,"gold_gain":75,"player_choice":"Gather Gold","damage_taken":11,"max_hp_gain":0,"max_hp_loss":0,"event_name":"World of Goop","floor":2,"gold_loss":0},{"damage_healed":17,"gold_gain":0,"player_choice":"Healed","damage_taken":0,"max_hp_gain":0,"max_hp_loss":0,"event_name":"The Cleric","floor":3,"gold_loss":35},{"damage_healed":0,"gold_gain":0,"player_choice":"Grow","damage_taken":0,"max_hp_gain":0,"max_hp_loss":0,"event_name":"Living Wall","floor":4,"gold_loss":0,"cards_upgraded":["theMarked:EnhanceMovement"]},{"damage_healed":0,"gold_gain":0,"player_choice":"Success","damage_taken":33,"relics_obtained":["Bronze Scales"],"max_hp_gain":0,"max_hp_loss":0,"event_name":"Scrap Ooze","floor":5,"gold_loss":0},{"damage_healed":0,"gold_gain":30,"player_choice":"Searched \u00273\u0027 times","damage_taken":0,"relics_obtained":["Toy Ornithopter"],"max_hp_gain":0,"max_hp_loss":0,"event_name":"Dead Adventurer","floor":10,"gold_loss":0},{"damage_healed":0,"gold_gain":0,"player_choice":"Donut","damage_taken":0,"max_hp_gain":5,"max_hp_loss":0,"event_name":"Big Fish","floor":12,"gold_loss":0},{"damage_healed":0,"gold_gain":0,"player_choice":"Gave Potion","damage_taken":0,"relics_obtained":["Prayer Wheel"],"max_hp_gain":0,"max_hp_loss":0,"event_name":"WeMeetAgain","floor":27,"gold_loss":0},{"cards_removed":["theMarked:Static"],"damage_healed":0,"gold_gain":0,"player_choice":"Gave Gold","damage_taken":0,"max_hp_gain":0,"max_hp_loss":0,"event_name":"Beggar","floor":28,"gold_loss":75},{"damage_healed":0,"gold_gain":0,"player_choice":"Simplicity","damage_taken":0,"max_hp_gain":0,"max_hp_loss":0,"event_name":"Back to Basics","floor":29,"gold_loss":0,"cards_upgraded":["theMarked:Strike","theMarked:Strike","theMarked:Strike","theMarked:Defend","theMarked:Defend","theMarked:Defend","theMarked:Defend"]},{"damage_healed":0,"gold_gain":0,"player_choice":"Fight","damage_taken":0,"max_hp_gain":0,"max_hp_loss":0,"event_name":"MindBloom","floor":37,"gold_loss":0},{"damage_healed":0,"gold_gain":0,"player_choice":"Max HP","damage_taken":0,"max_hp_gain":0,"max_hp_loss":4,"event_name":"Winding Halls","floor":38,"gold_loss":0},{"damage_healed":0,"gold_gain":0,"player_choice":"Paid","damage_taken":0,"relics_obtained":["Red Mask"],"max_hp_gain":0,"max_hp_loss":0,"event_name":"Tomb of Lord Red Mask","floor":47,"gold_loss":273}],"is_beta":true,"boss_relics":[{"not_picked":["Coffee Dripper","Cursed Key"],"picked":"theMarked:SpiritSword"},{"not_picked":["Pandora\u0027s Box","Astrolabe"],"picked":"SlaversCollar"}],"items_purged_floors":[],"is_endless":false,"potions_floor_spawned":[6,7,13,16,19,22,24,31,35,39,45,48],"ascension_level":0}}