{"host":"wkq136ike0ligh15","time":1608870209,"event":{"mods":["Bard","BaseMod","Clockwork Mod","Minty Spire (QoL Compilation)","StSLib"],"gold_per_floor":[119,136,101,115,130,165,165,340,340,354,354,354],"floor_reached":11,"playtime":314,"items_purged":[],"score":75,"play_id":"ba68f913-23ad-44a2-b285-cbd46c7b6c1e","local_time":"20201224232329","is_ascension_mode":false,"campfire_choices":[{"floor":7.0,"key":"REST"}],"circlet_count":0,"master_deck":["Strike_G","Strike_G","Strike_G","Strike_G","Strike_G","Defend_G","Defend_G","Defend_G","Defend_G","Defend_G","Survivor","Neutralize","Underhanded Strike","PiercingWail","Noxious Fumes","Flying Knee","Eviscerate","Doubt","Blade Dance"],"relics":["Ring of the Snake","NeowsBlessing","Shuriken","Kunai"],"acts_visited":["Exordium"],"potions_floor_usage":[11],"damage_taken":[{"damage":0.0,"enemies":"Jaw Worm","floor":1.0,"turns":1.0},{"damage":0.0,"enemies":"Small Slimes","floor":2.0,"turns":1.0},{"damage":0.0,"enemies":"2 Louse","floor":4.0,"turns":1.0},{"damage":4.0,"enemies":"Red Slaver","floor":5.0,"turns":5.0},{"damage":45.0,"enemies":"3 Sentries","floor":6.0,"turns":8.0},{"damage":22.0,"enemies":"Large Slime","floor":10.0,"turns":8.0},{"damage":31,"enemies":"Gremlin Nob","floor":11,"turns":5}],"seed_played":"-1083815676577495006","potions_obtained":[{"floor":4.0,"key":"Swift Potion"},{"floor":5.0,"key":"Energy Potion"}],"is_trial":false,"path_per_floor":["M","M","?","M","M","E","R","?","T","M","E"],"character_chosen":"THE_SILENT","items_purchased":[],"campfire_rested":1,"item_purchase_floors":[],"current_hp_per_floor":[70,70,70,70,66,21,42,42,42,20,0,0],"gold":354,"neow_bonus":"THREE_ENEMY_KILL","is_daily":false,"chose_seed":false,"campfire_upgraded":0,"win_rate":0.0,"timestamp":1608870209,"path_taken":["M","M","?","M","M","E","R","?","T","M","E"],"items_purchased_type":[],"build_version":"2020-12-22","purchased_purges":0,"victory":false,"max_hp_per_floor":[70,70,70,70,70,70,70,70,70,70,70,70],"card_choices":[{"not_picked":["Outmaneuver","Dagger Throw"],"picked":"Underhanded Strike","floor":1.0},{"not_picked":["Bane","Quick Slash"],"picked":"PiercingWail","floor":2.0},{"not_picked":["Blur","Well Laid Plans"],"picked":"Noxious Fumes","floor":4.0},{"not_picked":["Prepared","Sucker Punch"],"picked":"Flying Knee","floor":5.0},{"not_picked":["Dodge and Roll","Reflex"],"picked":"Eviscerate","floor":6.0},{"not_picked":["Escape Plan","Cloak And Dagger"],"picked":"Blade Dance","floor":10.0}],"player_experience":236206,"relics_obtained":[{"floor":6.0,"key":"Shuriken"},{"floor":9.0,"key":"Kunai"}],"event_choices":[{"damage_healed":17.0,"max_hp_gain":0.0,"max_hp_loss":0.0,"gold_gain":0.0,"event_name":"The Cleric","player_choice":"Healed","floor":3.0,"gold_loss":35.0,"damage_taken":0.0},{"damage_healed":0.0,"max_hp_gain":0.0,"max_hp_loss":0.0,"gold_gain":175.0,"event_name":"Liars Game","player_choice":"AGREE","floor":8.0,"gold_loss":0.0,"damage_taken":0.0,"cards_obtained":["Doubt"]}],"is_beta":false,"boss_relics":[],"items_purged_floors":[],"is_endless":false,"potions_floor_spawned":[4,5],"killed_by":"Gremlin Nob","ascension_level":0}}