{"host":"od099uxc49ip1k8b","time":1608898557,"event":{"mods":["Act Like it!","BaseMod","Downfall","Gensokyo","Hermit","Highlight Path","Koishi","Marisa????????","Minty Spire (QoL Compilation)","Rare Cards Sparkle","Remilia??????","StSLib","Td1madao Mod","The Administrix","The Animator","The Cursed","The Gatherer","The Servant 0.9.4","The Wild Card","Waifu the Spire","WarShipGirlsR/????R mod","Yuyuko"],"gold_per_floor":[214,229,239,239,250,250,32,32,32,46,56,73,96,107,107,211,211,225,242,255,275,295,295,295,295,295,313,313,313,327,106,106,210,210,226,23,34,134,134,134],"floor_reached":39,"playtime":8850,"items_purged":["rmod:punchline"],"score":404,"play_id":"20e4b244-0591-4453-82bc-e0f90fa4b423","local_time":"20201225071557","is_ascension_mode":false,"campfire_choices":[{"data":"rmod:basicallowance","floor":6,"key":"SMITH"},{"data":"rmod:chargemoney","floor":8,"key":"SMITH"},{"floor":15,"key":"REST"},{"floor":23,"key":"REST"},{"floor":25,"key":"REST"},{"floor":28,"key":"REST"},{"data":"rmod:diamondstrike","floor":32,"key":"SMITH"}],"circlet_count":0,"master_deck":["rmod:strick","rmod:strick","rmod:strick","rmod:strick","rmod:defend","rmod:defend","rmod:defend","rmod:defend","rmod:basicallowance+1","rmod:maingunfire","rmod:firesupport","rmod:gendarmerie","rmod:intelligenceanalysis","rmod:wife","rmod:ring","rmod:chargemoney+1","rmod:firesupport","rmod:launchingtorpedo","rmod:supportaircraftcarrier","rmod:steelsupply","rmod:windflower","rmod:diamondstrike+1","rmod:selfconfidence","rmod:aluminumsupply","Regret","rmod:luckystar","rmod:mineteam","rmod:acesubmarine","rmod:salvage","rmod:supportescort","rmod:selfconfidence"],"relics":["rmod:firstchargereward","Strawberry","Cursed Key","Bottled Tornado","Nloth\u0027s Gift","SlaversCollar","MealTicket"],"acts_visited":["Exordium","TheCity","TheBeyond"],"potions_floor_usage":[22,22,31,33,33,39],"damage_taken":[{"damage":8,"enemies":"Small Slimes","floor":1,"turns":3},{"damage":0,"enemies":"Jaw Worm","floor":2,"turns":4},{"damage":0,"enemies":"Cultist","floor":3,"turns":3},{"damage":4,"enemies":"Exordium Wildlife","floor":5,"turns":4},{"damage":12,"enemies":"Large Slime","floor":10,"turns":6},{"damage":12,"enemies":"Lots of Slimes","floor":11,"turns":6},{"damage":6,"enemies":"Exordium Thugs","floor":12,"turns":3},{"damage":0,"enemies":"3 Louse","floor":14,"turns":3},{"damage":42,"enemies":"The Guardian","floor":16,"turns":10},{"damage":20,"enemies":"2 Thieves","floor":18,"turns":5},{"damage":3,"enemies":"Chosen","floor":19,"turns":6},{"damage":16,"enemies":"Centurion and Healer","floor":20,"turns":5},{"damage":31,"enemies":"Snake Plant","floor":21,"turns":5},{"damage":7,"enemies":"Snecko","floor":22,"turns":6},{"damage":5,"enemies":"3 Cultists","floor":27,"turns":3},{"damage":20,"enemies":"Sentry and Sphere","floor":30,"turns":6},{"damage":58,"enemies":"Champ","floor":33,"turns":9},{"damage":40,"enemies":"3 Shapes","floor":35,"turns":6},{"damage":45,"enemies":"3 Darklings","floor":37,"turns":7},{"damage":12,"enemies":"Spire Growth","floor":39,"turns":3}],"seed_played":"8906578746465650687","potions_obtained":[{"floor":2,"key":"Swift Potion"},{"floor":5,"key":"PowerPotion"},{"floor":11,"key":"EssenceOfSteel"},{"floor":14,"key":"Energy Potion"},{"floor":27,"key":"Strength Potion"},{"floor":33,"key":"Explosive Potion"}],"is_trial":false,"path_per_floor":["M","M","M","?","M","R","$","R","T","M","M","M","T","M","R","B",null,"M","M","M","M","M","R","?","R","T","M","R","?","M","$","R","B",null,"M","$","M","?","M"],"character_chosen":"PRAEFECT","items_purchased":["rmod:wife","rmod:ring","rmod:chargemoney","Fruit Juice","AttackPotion","rmod:supportescort","MealTicket"],"campfire_rested":4,"item_purchase_floors":[7,7,7,31,31,36,36],"current_hp_per_floor":[67,67,67,72,68,68,68,68,68,56,44,38,45,45,71,29,87,67,64,48,17,10,36,36,62,62,57,83,83,63,68,68,10,92,52,52,7,7,0,0],"gold":134,"neow_bonus":"HUNDRED_GOLD","is_daily":false,"chose_seed":false,"campfire_upgraded":3,"win_rate":0.0,"timestamp":1608898557,"path_taken":["M","M","M","?","M","R","$","R","T","M","M","M","?","M","R","BOSS","M","M","M","?","M","R","?","R","T","M","R","?","M","$","R","BOSS","M","?","M","?","?"],"items_purchased_type":["Card","Card","Card","Potion","Potion","Card","Relic"],"build_version":"2020-12-22","purchased_purges":1,"victory":false,"max_hp_per_floor":[75,75,75,80,80,80,80,80,80,80,80,80,87,87,87,87,87,87,87,87,87,87,87,87,87,87,87,87,87,87,92,92,92,92,92,92,92,92,92,92],"card_choices":[{"not_picked":["rmod:bulid","rmod:maintain"],"picked":"rmod:firesupport","floor":1},{"not_picked":["rmod:guardianhero","rmod:steelsupply"],"picked":"rmod:gendarmerie","floor":2},{"not_picked":["rmod:expedition","rmod:ammunitionsupply"],"picked":"rmod:punchline","floor":3},{"not_picked":["rmod:ammunitionsupply","rmod:heivgo"],"picked":"rmod:intelligenceanalysis","floor":5},{"not_picked":["rmod:unsinkable","rmod:combined"],"picked":"rmod:firesupport","floor":10},{"not_picked":["rmod:stealaluminum","rmod:shuttlebombing"],"picked":"rmod:launchingtorpedo","floor":11},{"not_picked":["rmod:intelligenceanalysis","rmod:expedition"],"picked":"rmod:supportaircraftcarrier","floor":12},{"not_picked":["rmod:tearstotiara","rmod:supportescort"],"picked":"rmod:steelsupply","floor":14},{"not_picked":["rmod:ridicule","rmod:saltedfish"],"picked":"rmod:windflower","floor":16},{"not_picked":["rmod:goodsister+1","rmod:goodfighter","rmod:circuitoustactics"],"picked":"SKIP","floor":18},{"not_picked":["rmod:smokecover","rmod:aggressivemary"],"picked":"rmod:diamondstrike","floor":19},{"not_picked":["rmod:goodfighter","rmod:aviationdawn","rmod:combined"],"picked":"SKIP","floor":20},{"not_picked":["rmod:maintain","rmod:luckystar"],"picked":"rmod:selfconfidence","floor":21},{"not_picked":["rmod:tearstotiara","rmod:combined"],"picked":"rmod:aluminumsupply","floor":22},{"not_picked":["rmod:ammunitionsupply","rmod:aluminumsupply"],"picked":"rmod:luckystar","floor":27},{"not_picked":["rmod:diamondstrike","rmod:expeditionaryescort"],"picked":"rmod:mineteam","floor":30},{"not_picked":["rmod:seals","rmod:desperatesituation"],"picked":"rmod:acesubmarine","floor":33},{"not_picked":["rmod:luckystar","rmod:ammunitionsupply+1"],"picked":"rmod:salvage","floor":35},{"not_picked":["rmod:ammunitionsupply+1","rmod:aggressivemary"],"picked":"rmod:selfconfidence","floor":37}],"player_experience":66176,"relics_obtained":[{"floor":9,"key":"InkBottle"},{"floor":13,"key":"Strawberry"},{"floor":26,"key":"Bottled Tornado"}],"event_choices":[{"damage_healed":0,"gold_gain":0,"player_choice":"Donut","damage_taken":0,"max_hp_gain":5,"max_hp_loss":0,"event_name":"Big Fish","floor":4,"gold_loss":0},{"damage_healed":0,"gold_gain":0,"player_choice":"Ignored","damage_taken":0,"max_hp_gain":0,"max_hp_loss":0,"event_name":"Ghosts","floor":24,"gold_loss":0},{"damage_healed":0,"gold_gain":0,"player_choice":"Traded Relic","damage_taken":0,"relics_obtained":["Nloth\u0027s Gift"],"max_hp_gain":0,"max_hp_loss":0,"event_name":"N\u0027loth","floor":29,"relics_lost":["InkBottle"],"gold_loss":0},{"damage_healed":0,"gold_gain":100,"player_choice":"Pray","damage_taken":0,"max_hp_gain":0,"max_hp_loss":0,"event_name":"Golden Shrine","floor":38,"gold_loss":0}],"is_beta":false,"boss_relics":[{"not_picked":["Velvet Choker","Empty Cage"],"picked":"Cursed Key"},{"not_picked":["Runic Pyramid","Philosopher\u0027s Stone"],"picked":"SlaversCollar"}],"items_purged_floors":[31],"is_endless":false,"potions_floor_spawned":[2,5,11,14,18,19,27,33],"killed_by":"Spire Growth","ascension_level":0}}