{"host":"i0avyit1s6jb1siw","time":1608924448,"event":{"mods":["BaseMod","DeckTracker","Dota2Spire","Highlight Path","Minty Spire (QoL Compilation)","Quick Restart","Replay The Spire","StSLib","SuperFastMode"],"gold_per_floor":[111,111,111,126,126,126,141,141,141,141,168,187,201,213,213,284,284,236,161,161,61,61,61],"floor_reached":22,"playtime":361,"items_purged":["Strike_G","Strike_G"],"score":368,"play_id":"446901a1-60c5-4bc2-af47-0a59a398d767","local_time":"20201225202728","is_ascension_mode":true,"campfire_choices":[{"data":"Neutralize","floor":6,"key":"SMITH"},{"data":"Poisoned Stab","floor":8,"key":"SMITH"},{"data":"Dagger Throw","floor":10,"key":"SMITH"},{"data":"Noxious Fumes","floor":15,"key":"SMITH"}],"circlet_count":0,"master_deck":["AscendersBane","Strike_G","Strike_G+1","Defend_G+1","Defend_G","Defend_G","Defend_G","Defend_G","Survivor","Neutralize+1","Poisoned Stab+1","Dagger Throw+1","Malaise","Bouncing Flask","Noxious Fumes+1","Adrenaline"],"relics":["Ring of the Snake","Art of War","Happy Flower","Snack Pack","SacredBark"],"acts_visited":["Exordium","TheCity"],"potions_floor_usage":[11],"damage_taken":[{"damage":2,"enemies":"Small Slimes","floor":1,"turns":5},{"damage":0,"enemies":"Jaw Worm","floor":4,"turns":5},{"damage":0,"enemies":"2 Louse","floor":7,"turns":4},{"damage":11,"enemies":"Replay:BlueRogue","floor":11,"turns":5},{"damage":0,"enemies":"2 Fungi Beasts","floor":12,"turns":4},{"damage":2,"enemies":"Exordium Thugs","floor":13,"turns":5},{"damage":0,"enemies":"Looter","floor":14,"turns":3},{"damage":11,"enemies":"The Guardian","floor":16,"turns":8},{"damage":31,"enemies":"2 Thieves","floor":18,"turns":5},{"damage":30,"enemies":"Chosen","floor":22,"turns":3}],"seed_played":"-5388952530757770386","potions_obtained":[{"floor":1,"key":"Poison Potion"},{"floor":12,"key":"Elixir"},{"floor":13,"key":"BlessingOfTheForge"}],"is_trial":false,"path_per_floor":["M","?","?","M","?","R","M","R","T","R","E","M","M","M","R","B",null,"M","$","?","$","M"],"character_chosen":"THE_SILENT","items_purchased":[],"campfire_rested":0,"item_purchase_floors":[],"current_hp_per_floor":[57,37,37,37,30,30,30,30,30,30,19,21,23,25,25,16,54,27,27,27,27,0,0],"gold":61,"neow_bonus":"RANDOM_COMMON_RELIC","is_daily":false,"chose_seed":false,"campfire_upgraded":4,"win_rate":0.0,"timestamp":1608924448,"path_taken":["M","?","?","M","?","R","M","R","T","R","E","M","M","M","R","BOSS","M","$","?","?","M"],"items_purchased_type":[],"build_version":"2020-12-22","purchased_purges":2,"victory":false,"max_hp_per_floor":[66,66,66,66,66,66,66,66,66,66,66,66,66,66,66,66,66,66,66,66,66,66,66],"card_choices":[{"not_picked":["Setup","Underhanded Strike","Bane"],"picked":"SKIP","floor":1},{"not_picked":["Endless Agony","Finisher"],"picked":"Poisoned Stab","floor":4},{"not_picked":["ReplayTheSpireMod:Exploit Weakness","Underhanded Strike"],"picked":"Dagger Throw","floor":7},{"not_picked":["Endless Agony","Sucker Punch"],"picked":"Malaise","floor":11},{"not_picked":["Quick Slash","Dodge and Roll","Bane"],"picked":"SKIP","floor":12},{"not_picked":["Dodge and Roll","Underhanded Strike"],"picked":"Bouncing Flask","floor":13},{"not_picked":["Blade Dance","Dagger Throw"],"picked":"Noxious Fumes","floor":14},{"not_picked":["Phantasmal Killer","After Image"],"picked":"Adrenaline","floor":16},{"not_picked":["Terror","Deadly Poison","Hidden Blade"],"picked":"SKIP","floor":18}],"player_experience":2117355,"relics_obtained":[{"floor":9,"key":"Happy Flower"},{"floor":11,"key":"Snack Pack"}],"event_choices":[{"damage_healed":0,"gold_gain":0,"player_choice":"Entered Light","damage_taken":20,"max_hp_gain":0,"max_hp_loss":0,"event_name":"Shining Light","floor":2,"gold_loss":0,"cards_upgraded":["Defend_G","Strike_G"]},{"cards_removed":["Strike_G"],"damage_healed":0,"gold_gain":0,"player_choice":"Card Removal","damage_taken":7,"max_hp_gain":0,"max_hp_loss":0,"event_name":"Golden Wing","floor":5,"gold_loss":0}],"is_beta":false,"boss_relics":[{"not_picked":["Snecko Scales","Kintsugi"],"picked":"SacredBark"}],"items_purged_floors":[19,21],"is_endless":false,"potions_floor_spawned":[1,12,13,16],"killed_by":"Chosen","ascension_level":20}}