{"host":"utqe55yv0jihe4d6","time":1608868453,"event":{"mods":["2.2 Compatiblity","AchievementEnabler","BaseMod","Block Reminder","Colored Map","Colored Powertips","Minty Spire (QoL Compilation)","Quick Restart","Rare Cards Sparkle","Relic Stats","SuperFastMode"],"gold_per_floor":[114,114,124,137,151,151,182,192,242,242,242,242,242,16,16,16,16],"floor_reached":16,"playtime":293,"items_purged":[],"score":200,"play_id":"2aadee52-18d2-4e2b-adf6-5cf1fc283542","local_time":"20201224225413","is_ascension_mode":true,"campfire_choices":[{"data":"True Grit","floor":6,"key":"SMITH"},{"data":"Immolate","floor":10,"key":"SMITH"},{"data":"Fiend Fire","floor":12,"key":"SMITH"},{"data":"Headbutt","floor":15,"key":"SMITH"}],"circlet_count":0,"master_deck":["AscendersBane","Strike_R","Strike_R","Strike_R","Strike_R","Strike_R","Defend_R","Defend_R","Defend_R","Defend_R","Bash+1","Fiend Fire+1","Cleave","Flex","True Grit+1","Headbutt+1","Immolate+1"],"relics":["Burning Blood","Potion Belt","Nunchaku","Golden Idol","ClockworkSouvenir"],"acts_visited":["Exordium"],"potions_floor_usage":[7,16],"damage_taken":[{"damage":7,"enemies":"Jaw Worm","floor":1,"turns":4},{"damage":1,"enemies":"Cultist","floor":3,"turns":3},{"damage":8,"enemies":"2 Louse","floor":4,"turns":2},{"damage":3,"enemies":"2 Fungi Beasts","floor":5,"turns":3},{"damage":41,"enemies":"3 Sentries","floor":7,"turns":9},{"damage":8,"enemies":"Blue Slaver","floor":8,"turns":3},{"damage":37,"enemies":"The Guardian","floor":16,"turns":5}],"seed_played":"7296612026368198489","potions_obtained":[{"floor":1,"key":"CultistPotion"},{"floor":3,"key":"Weak Potion"}],"is_trial":false,"path_per_floor":["M","?","M","M","M","R","E","M","T","R","?","R","?","$","R","B"],"character_chosen":"IRONCLAD","items_purchased":["ClockworkSouvenir","Swift Potion"],"campfire_rested":0,"item_purchase_floors":[14,14],"current_hp_per_floor":[67,67,68,66,68,68,33,31,31,31,36,36,36,36,36,0,0],"gold":16,"neow_bonus":"THREE_RARE_CARDS","is_daily":false,"chose_seed":false,"campfire_upgraded":4,"win_rate":0.0,"timestamp":1608868453,"path_taken":["M","?","M","M","?","R","E","?","T","R","?","R","?","$","R","BOSS"],"items_purchased_type":["Relic","Potion"],"build_version":"2020-12-22","purchased_purges":0,"victory":false,"max_hp_per_floor":[68,68,68,68,68,68,68,68,68,68,73,73,66,66,66,66,66],"relic_stats":{"Nunchaku":[0],"counters":[7,29],"Golden Idol":0,"obtain_stats":[{"Potion Belt":7,"Nunchaku":9,"Golden Idol":13,"Burning Blood":0,"ClockworkSouvenir":14},{"Potion Belt":5,"Nunchaku":6,"Golden Idol":6,"Burning Blood":0,"ClockworkSouvenir":6},{"Potion Belt":21,"Nunchaku":24,"Golden Idol":24,"Burning Blood":0,"ClockworkSouvenir":24}],"Burning Blood":31},"card_choices":[{"not_picked":["Berserk","Barricade"],"picked":"Fiend Fire","floor":0},{"not_picked":["Burning Pact","True Grit"],"picked":"Cleave","floor":1},{"not_picked":["Intimidate","Wild Strike"],"picked":"Flex","floor":3},{"not_picked":["Ghostly Armor","Pummel"],"picked":"True Grit","floor":4},{"not_picked":["Sever Soul","Armaments","Intimidate"],"picked":"SKIP","floor":5},{"not_picked":["Cleave","Clothesline"],"picked":"Headbutt","floor":7},{"not_picked":["Twin Strike","Perfected Strike"],"picked":"Immolate","floor":8}],"player_experience":2856387,"relics_obtained":[{"floor":7,"key":"Potion Belt"},{"floor":9,"key":"Nunchaku"}],"event_choices":[{"damage_healed":0,"gold_gain":0,"player_choice":"Upgraded","damage_taken":0,"max_hp_gain":0,"max_hp_loss":0,"event_name":"Upgrade Shrine","floor":2,"gold_loss":0,"cards_upgraded":["Bash"]},{"damage_healed":0,"gold_gain":0,"player_choice":"Donut","damage_taken":0,"max_hp_gain":5,"max_hp_loss":0,"event_name":"Big Fish","floor":11,"gold_loss":0},{"damage_healed":0,"gold_gain":0,"player_choice":"Lose Max HP","damage_taken":0,"relics_obtained":["Golden Idol"],"max_hp_gain":0,"max_hp_loss":7,"event_name":"Golden Idol","floor":13,"gold_loss":0}],"is_beta":false,"boss_relics":[],"items_purged_floors":[],"is_endless":false,"potions_floor_spawned":[1,3],"killed_by":"The Guardian","ascension_level":20}}