{"host":"j06fkfseroga8i8e","time":1608917588,"event":{"mods":["BaseMod","Bestiary","Colored Map","Colored Powertips","Minty Spire (QoL Compilation)","Relic Stats","StSLib","everything is the same but u backflip on backflip"],"gold_per_floor":[112,129,139,158,158,192,192,219,219],"floor_reached":8,"playtime":181,"items_purged":[],"score":109,"play_id":"3dd84636-237e-452e-97da-35b92bb3126b","local_time":"20201225123308","is_ascension_mode":true,"campfire_choices":[{"data":"Streamline","floor":7,"key":"SMITH"}],"circlet_count":0,"master_deck":["AscendersBane","Strike_B","Strike_B","Strike_B","Strike_B","Defend_B","Defend_B","Defend_B","Defend_B","Zap","Dualcast","Streamline+1","Steam","Self Repair","Self Repair"],"relics":["Cracked Core","Bag of Marbles","The Courier","Pen Nib"],"acts_visited":["Exordium"],"potions_floor_usage":[],"damage_taken":[{"damage":0,"enemies":"Cultist","floor":1,"turns":4},{"damage":0,"enemies":"2 Louse","floor":2,"turns":1},{"damage":2,"enemies":"Jaw Worm","floor":3,"turns":3},{"damage":16,"enemies":"Looter","floor":4,"turns":3},{"damage":50,"enemies":"Lagavulin","floor":6,"turns":9},{"damage":34,"enemies":"Gremlin Nob","floor":8,"turns":4}],"seed_played":"2575243446763566585","potions_obtained":[{"floor":2,"key":"ColorlessPotion"},{"floor":8,"key":"SneckoOil"}],"is_trial":false,"path_per_floor":["M","M","M","M","?","E","R","E"],"character_chosen":"DEFECT","items_purchased":[],"campfire_rested":0,"item_purchase_floors":[],"current_hp_per_floor":[68,68,66,57,75,39,39,19,19],"gold":219,"neow_bonus":"RANDOM_COMMON_RELIC","is_daily":false,"chose_seed":false,"campfire_upgraded":1,"win_rate":0.0,"timestamp":1608917588,"path_taken":["M","M","M","?","?","E","R","E"],"items_purchased_type":[],"build_version":"2020-12-22","purchased_purges":0,"victory":false,"max_hp_per_floor":[75,75,75,75,75,75,75,75,75],"relic_stats":{"counters":[6,24],"Pen Nib":[0],"obtain_stats":[{"The Courier":6,"Pen Nib":8,"Bag of Marbles":0,"Cracked Core":0},{"The Courier":5,"Pen Nib":6,"Bag of Marbles":0,"Cracked Core":0},{"The Courier":20,"Pen Nib":24,"Bag of Marbles":0,"Cracked Core":0}]},"card_choices":[{"not_picked":["Heatsinks","Barrage"],"picked":"Streamline","floor":1},{"not_picked":["Coolheaded","Turbo"],"picked":"Steam","floor":2},{"not_picked":["Glacier","Fusion"],"picked":"Self Repair","floor":3},{"not_picked":["Conserve Battery","Hologram"],"picked":"Self Repair","floor":4},{"not_picked":["Hologram","Barrage","Hello World"],"picked":"SKIP","floor":6}],"player_experience":565338,"relics_obtained":[{"floor":6,"key":"The Courier"},{"floor":8,"key":"Pen Nib"}],"event_choices":[{"damage_healed":18,"gold_gain":0,"player_choice":"Full Heal","damage_taken":0,"max_hp_gain":0,"max_hp_loss":0,"event_name":"Wheel of Change","floor":5,"gold_loss":0}],"is_beta":false,"boss_relics":[],"items_purged_floors":[],"is_endless":false,"potions_floor_spawned":[2,8],"killed_by":"Gremlin Nob","ascension_level":12}}