{"host":"xodzlm10r37577ou","time":1608906505,"event":{"mods":["Act Like it!","BaseMod","Gensokyo","Koishi","Marisa£®ÏF”Í°°ƒß¿Ì…≥£©","Minty Spire (QoL Compilation)","Reimu£®≤©¿ˆ¡È√Œ£©","Replay The Spire","StSLib","Yakumo Yukari mod"],"gold_per_floor":[237,287,323,96,130,187,187,240,540,540,540,540,540,567,567,692,692,716,758,758,658,704,704,742,774,799,836,836,552,552,578,578,699,699,732,732,808,808,855,910,955,955,955,989,989,839,839,865,865,893],"floor_reached":51,"playtime":2595,"items_purged":["AT_purpleEX","Delirium","Languid","Writhe"],"score":880,"play_id":"0ca49938-fed6-454a-afd1-7529234e9166","local_time":"20201225222825","is_ascension_mode":false,"campfire_choices":[{"data":"Umbrella_purple","floor":7.0,"key":"SMITH"},{"data":"RuleDissolution_purple","floor":10.0,"key":"SMITH"},{"data":"Worldmountain_purple","floor":12.0,"key":"SMITH"},{"floor":15,"key":"REST"},{"data":"Fancifulhole_purple","floor":23,"key":"SMITH"},{"data":"Mirror_WaveAndshot_purple","floor":28,"key":"SMITH"},{"data":"ReplayUltimateDefense","floor":32,"key":"SMITH"},{"data":"Fancifulhole_purple","floor":47,"key":"SMITH"},{"data":"WangLiang_LineAndCurveDreams_purple","floor":49,"key":"SMITH"}],"circlet_count":0,"master_deck":["AT_purpleEX","AT_purpleEX","Defend_purpleEX","Defend_purpleEX","Defend_purpleEX","Observe_purple_1","Observe_purple_2","Umbrella_purple+1","Worldmountain_purple+1","RuleDissolution_purple+1","Replay:Hysterical Blindness","EighthInstrument_OneDividesIntoTwo_purple+1","Boundary_ObjectiveBoundary_purple","Parasite","ButterflyHabitatTemple_purple+1","Gensokyo:AllTheWorldsEvil","CommonCold","WatchEyeChange_purple","Fancifulhole_purple+1","CurseOfTheBell","Bait_HighSpeedFlying_purple+1","Computing_the_future_purpleEX","Mirror_WaveAndshot_purple+1","Nest_LightFlightworm_purple+1","ReplayTheSpireMod:Uncanny Aura","ReplayUltimateDefense+1","RealityDreamConfluencek_purple+1","WangLiang_LineAndCurveDreams_purple+1","Master of Strategy","Sadistic Nature","Replay:Hysterical Blindness","Realm_recovery_purpleEX+1","Clumsy","Fancifulhole_purple+1","Writhe"],"relics":["Memoryfragments_purpleEX","Replay:Wanted Poster","ReplayTheSpireMod:Ring of Addiction","Ring of Greed","SacredBark","White Beast Statue","Replay:Bandana","Replay:Wax Seal","Blood Vial","Replay:Bottled Steam","PureWhite:ReiMu","Old Coin","Replay:Grab Bag","Cursed Key","Philosopher\u0027s Stone","Calling Bell","Empty Cage","Regal Pillow","Kunai","TungstenRod","Replay:Ringing Soul","Bronze Scales","BargainBundle","Replay:Drink Me","Replay:Towering Pillar of Hats","ReplayFunnel","RuthlessExorcism:ReiMu"],"acts_visited":["Exordium","TheCity","TheBeyond"],"potions_floor_usage":[16,18,22,25,25,33,33,33,41,50,50,50],"damage_taken":[{"damage":0.0,"enemies":"Small Slimes","floor":1.0,"turns":4.0},{"damage":5.0,"enemies":"2 Louse","floor":3.0,"turns":3.0},{"damage":19.0,"enemies":"Cultist","floor":5.0,"turns":3.0},{"damage":42.0,"enemies":"Lagavulin","floor":6.0,"turns":6.0},{"damage":11.0,"enemies":"Replay:BlueRogue","floor":8.0,"turns":5.0},{"damage":0,"enemies":"2 Fungi Beasts","floor":14,"turns":2},{"damage":3,"enemies":"The Guardian","floor":16,"turns":4},{"damage":0,"enemies":"Shell Parasite","floor":18,"turns":2},{"damage":5,"enemies":"3 Byrds","floor":19,"turns":3},{"damage":2,"enemies":"Cultist and Chosen","floor":22,"turns":4},{"damage":8,"enemies":"Centurion and Healer","floor":24,"turns":3},{"damage":16,"enemies":"Slavers","floor":25,"turns":1},{"damage":1,"enemies":"Chosen and Byrds","floor":27,"turns":2},{"damage":0,"enemies":"Sentry and Sphere","floor":31,"turns":2},{"damage":8,"enemies":"Automaton","floor":33,"turns":5},{"damage":3,"enemies":"Orb Walker","floor":35,"turns":2},{"damage":0,"enemies":"Mind Bloom Boss Battle","floor":37,"turns":3},{"damage":0,"enemies":"3 Darklings","floor":39,"turns":2},{"damage":0,"enemies":"Giant Head","floor":40,"turns":4},{"damage":30,"enemies":"4 Shapes","floor":41,"turns":2},{"damage":4,"enemies":"Transient","floor":44,"turns":5},{"damage":11,"enemies":"Spire Growth","floor":48,"turns":3},{"damage":0,"enemies":"Replay:Hell Engine","floor":50,"turns":7}],"seed_played":"7279415338414321077","potions_obtained":[{"floor":2.0,"key":"ZuzhouPotion:ReiMu"},{"floor":2.0,"key":"ZuzhouPotion:ReiMu"},{"floor":2.0,"key":"SteroidPotion"},{"floor":5.0,"key":"Block Potion"},{"floor":6.0,"key":"PowerPotion"},{"floor":8.0,"key":"FearPotion"},{"floor":16,"key":"ColorlessPotion"},{"floor":18,"key":"Swift Potion"},{"floor":22,"key":"Explosive Potion"},{"floor":24,"key":"SkillPotion"},{"floor":25,"key":"Explosive Potion"},{"floor":27,"key":"EntropicBrew"},{"floor":33,"key":"LiquidMemories"},{"floor":35,"key":"SkillPotion"},{"floor":40,"key":"DuplicationPotion"},{"floor":41,"key":"MagicPotion:ReiMu"},{"floor":48,"key":"PowerPotion"}],"is_trial":false,"path_per_floor":["M","?","M","$","M","E","R","E","T","R","?","R","?","M","R","B",null,"M","M","?","$","M","R","M","E","T","M","R","$","?","M","R","B",null,"M","?","?","?","M","E","M","?","T","M","?","$","R","M","R","B",null],"character_chosen":"Youkari","items_purchased":["Blood Vial","BargainBundle","ReplayTheSpireMod:Uncanny Aura","ReplayUltimateDefense"],"campfire_rested":1,"item_purchase_floors":[4,29,29,29],"current_hp_per_floor":[70,70,66,66,50,15,15,11,11,11,11,11,11,18,37,40,66,66,65,65,65,62,62,56,42,45,53,53,56,40,45,45,45,57,54,48,55,50,55,62,32,32,35,36,36,36,36,27,27,32],"gold":893,"neow_bonus":"BOSS_RELIC","is_daily":false,"chose_seed":false,"campfire_upgraded":8,"win_rate":0.0,"timestamp":1608906505,"path_taken":["M","?","M","$","M","E","R","E","T","R","?","R","?","M","R","BOSS","M","M","?","?","M","R","M","E","T","M","R","$","?","M","R","BOSS","M","?","?","?","?","E","M","?","T","M","?","$","R","M","R","BOSS"],"items_purchased_type":["Relic","Relic","Card","Card"],"build_version":"2020-12-22","purchased_purges":4,"victory":true,"max_hp_per_floor":[70,70,70,70,70,70,70,70,70,68,68,68,68,66,66,66,66,66,66,66,66,64,64,64,64,67,70,70,71,71,74,72,75,57,57,60,61,61,61,62,62,59,62,65,63,63,63,61,61,64],"card_choices":[{"not_picked":["OmniscientAndOmnipotent_Monster_purple","RuleDissolution_purple"],"picked":"Umbrella_purple","floor":1.0},{"not_picked":["ExistenceContinue_purple","WingOfChimera_purple"],"picked":"Worldmountain_purple","floor":3.0},{"not_picked":["Bait_Toxicbait_purple","Mirror_FourBoundary_purple"],"picked":"RuleDissolution_purple","floor":5.0},{"not_picked":["RuleDissolution_purple","ExistenceContinue_purple"],"picked":"EighthInstrument_OneDividesIntoTwo_purple","floor":6.0},{"not_picked":["ExternalForce_HighSpeedFlying_purple","RuptureOfTimeAndSpace_purple"],"picked":"Boundary_ObjectiveBoundary_purple","floor":8.0},{"not_picked":["Charmbait_purple","Realm_recovery_purpleEX"],"picked":"WatchEyeChange_purple","floor":14},{"not_picked":["GluttonyofRealm_purpleEX","Human_Monster_Realm_purple"],"picked":"Fancifulhole_purple","floor":16},{"not_picked":["Charmbait_purple","ExternalForce_HighSpeedFlying_purple"],"picked":"Bait_HighSpeedFlying_purple","floor":18},{"not_picked":["AdvanceAttack_purple","Bait_HighSpeedFlying_purple"],"picked":"Computing_the_future_purpleEX","floor":19},{"not_picked":["WatchEChange_purple","ExistenceContinue_purple+1","SfantasyHide_purple"],"picked":"SKIP","floor":22},{"not_picked":["DimensionStaggered_purple+1","Charmbait_purple"],"picked":"Mirror_WaveAndshot_purple","floor":24},{"not_picked":["Boundary_ObjectiveBoundary_purple","RuleDissolution_purple","Line_surface_state_purple+1"],"picked":"SKIP","floor":25},{"not_picked":["ButterflyHabitatTemple_purple","StateDuplicate_purple"],"picked":"Nest_LightFlightworm_purple+1","floor":27},{"not_picked":["Charmbait_purple+1","MetroBOOM_purple"],"picked":"RealityDreamConfluencek_purple+1","floor":31},{"not_picked":["Monsters_DoubleDeathButterfly_purple","ContainerChange_purple"],"picked":"WangLiang_LineAndCurveDreams_purple","floor":33},{"not_picked":["OmniscientAndOmnipotent_Monster_purple+1","StateErode_purple","RuptureOfTimeAndSpace_purple"],"picked":"SKIP","floor":35},{"not_picked":["Midas Touch","Panacea"],"picked":"Master of Strategy","floor":36},{"not_picked":["Replay:Sssssssssstrike","Violence"],"picked":"Sadistic Nature","floor":36},{"not_picked":["Mirror_WaveAndshot_purple+1","SfantasyHide_purple+1"],"picked":"Realm_recovery_purpleEX+1","floor":37},{"not_picked":["Line_surface_state_purple","RuleDissolution_purple","AdvanceAttack_purple"],"picked":"SKIP","floor":39},{"not_picked":["PositiveMatter_Antimatter_Universe_purple+1","StateDuplicate_purple","Bait_HighSpeedFlying_purple"],"picked":"SKIP","floor":40},{"not_picked":["Line_surface_state_purple","Realm_recovery_purpleEX","Bait_HighSpeedFlying_purple"],"picked":"SKIP","floor":41},{"not_picked":["Worldmountain_purple","Umbrella_purple"],"picked":"Fancifulhole_purple","floor":44},{"not_picked":["MNeedle_purple+1","Shallow_ocean_purpleEX","ButterflyHabitatTemple_purple"],"picked":"SKIP","floor":48}],"player_experience":592303,"relics_obtained":[{"floor":2.0,"key":"ReplayTheSpireMod:Ring of Addiction"},{"floor":2.0,"key":"Ring of Greed"},{"floor":2.0,"key":"SacredBark"},{"floor":2.0,"key":"White Beast Statue"},{"floor":2.0,"key":"Replay:Bandana"},{"floor":2.0,"key":"Replay:Wax Seal"},{"floor":6.0,"key":"Replay:Bottled Steam"},{"floor":8.0,"key":"PureWhite:ReiMu"},{"floor":9.0,"key":"Old Coin"},{"floor":17,"key":"Regal Pillow"},{"floor":17,"key":"Kunai"},{"floor":17,"key":"TungstenRod"},{"floor":25,"key":"Replay:Ringing Soul"},{"floor":26,"key":"Bronze Scales"},{"floor":37,"key":"Replay:Towering Pillar of Hats"},{"floor":40,"key":"ReplayFunnel"},{"floor":43,"key":"RuthlessExorcism:ReiMu"}],"event_choices":[{"damage_healed":0.0,"max_hp_gain":0.0,"max_hp_loss":0.0,"gold_gain":0.0,"event_name":"Living Wall","player_choice":"Grow","floor":11.0,"gold_loss":0.0,"damage_taken":0.0,"cards_upgraded":["EighthInstrument_OneDividesIntoTwo_purple"]},{"damage_healed":0,"gold_gain":0,"player_choice":"Forge","damage_taken":0,"max_hp_gain":0,"max_hp_loss":0,"event_name":"Accursed Blacksmith","floor":20,"gold_loss":0,"cards_upgraded":["Bait_HighSpeedFlying_purple"]},{"damage_healed":0,"gold_gain":0,"player_choice":"Memory 3","damage_taken":10,"max_hp_gain":0,"max_hp_loss":0,"event_name":"SensoryStone","floor":36,"gold_loss":0},{"damage_healed":0,"gold_gain":0,"player_choice":"Fight","damage_taken":0,"max_hp_gain":0,"max_hp_loss":0,"event_name":"MindBloom","floor":37,"gold_loss":0},{"damage_healed":0,"gold_gain":0,"player_choice":"Damaged","damage_taken":6,"max_hp_gain":0,"max_hp_loss":0,"event_name":"Wheel of Change","floor":38,"gold_loss":0},{"damage_healed":0,"gold_gain":0,"player_choice":"Max HP","damage_taken":0,"max_hp_gain":0,"max_hp_loss":3,"event_name":"Winding Halls","floor":42,"gold_loss":0},{"cards_removed":["Defend_purpleEX"],"damage_healed":0,"gold_gain":0,"player_choice":"Removed Skill","damage_taken":0,"max_hp_gain":0,"max_hp_loss":0,"event_name":"Falling","floor":45,"gold_loss":0}],"is_beta":false,"boss_relics":[{"not_picked":["Honey Jar","Painkiller Herb"],"picked":"Replay:Grab Bag"},{"not_picked":["SlaversCollar","Coffee Dripper"],"picked":"Cursed Key"},{"not_picked":["Fusion Hammer","Busted Crown"],"picked":"Philosopher\u0027s Stone"},{"not_picked":["Ring of Chaos","Astrolabe"],"picked":"Calling Bell"},{"not_picked":["Kintsugi","Black Star"],"picked":"Empty Cage"},{"not_picked":["ReplayTheSpireMod:DimensionalGlitch","Abe\u0027s Treasure"],"picked":"Replay:Drink Me"}],"items_purged_floors":[4,21,29,46],"is_endless":false,"potions_floor_spawned":[3,5,6,8,14,16,18,19,22,24,25,27,31,33,35,37,39,40,41,44,48],"ascension_level":0}}