{"host":"wna8kqr6yweggo4i","time":1608921131,"event":{"mods":["BaseMod","Colored Powertips","Hermit","Hubris","Marisa????????","Minty Spire (QoL Compilation)","StSLib"],"gold_per_floor":[217,234,234,89,89,121,121,155,155,155,155,155,2,34,34,138,188,207,207,52,69,86,86,102,131,131,144,64,0,15,49,49,144,144,163,163,163,176,24,24,24,24,24,41,41,54,74,54,54,54,54,54,27,27,27],"floor_reached":54,"playtime":2016,"items_purged":[],"score":766,"play_id":"3ae0b5bb-6c99-4284-922e-04a605558534","local_time":"20201225123211","is_ascension_mode":false,"campfire_choices":[{"floor":7,"key":"REST"},{"data":"PowerUp","floor":10,"key":"SMITH"},{"data":"MasterSpark","floor":12,"key":"SMITH"},{"floor":15,"key":"REST"},{"floor":23,"key":"REST"},{"floor":32,"key":"REST"},{"floor":40,"key":"REST"},{"floor":42,"key":"REST"},{"floor":45,"key":"RECALL"},{"floor":49,"key":"REST"},{"floor":52,"key":"DIG"}],"circlet_count":0,"master_deck":["Strike_MRS","Strike_MRS+1","Strike_MRS+1","Strike_MRS","Defend_MRS+1","Defend_MRS","Defend_MRS","Defend_MRS+1","MasterSpark+1","UpSweep+1","SporeBomb","MysteriousBeam","PowerUp+1","TreasureHunter","CollectingQuirk","MilkyWay","GrandCross","GalacticHalo+1","GalacticHalo","ChargingUp","FairyDestructionRay+1","AbsoluteMagnitude","MysteriousBeam","Wraith","Discovery","EnergyRecoil+1","UltimateShortwave","MysteriousBeam+1","DC"],"relics":["MiniHakkero","Lee\u0027s Waffle","Letter Opener","Ice Cream","hubris:Reverence","WingedGreaves","Vajra","Whetstone","hubris:BundleOfHerbs","Tiny House","hubris:Towel","War Paint","Shovel","hubris:PeanutButter","Happy Flower","RampagingMagicTools","Blood Vial","Eternal Feather"],"acts_visited":["Exordium","TheCity","TheBeyond","TheEnding"],"potions_floor_usage":[16,25,25,31,33,50,50],"damage_taken":[{"damage":1,"enemies":"Cultist","floor":1,"turns":3},{"damage":3,"enemies":"Jaw Worm","floor":2,"turns":4},{"damage":39,"enemies":"3 Sentries","floor":6,"turns":9},{"damage":0,"enemies":"Gremlin Nob","floor":8,"turns":2},{"damage":13,"enemies":"Lagavulin","floor":14,"turns":3},{"damage":16,"enemies":"Slime Boss","floor":16,"turns":5},{"damage":30,"enemies":"2 Thieves","floor":18,"turns":3},{"damage":10,"enemies":"Shell Parasite","floor":21,"turns":3},{"damage":9,"enemies":"Cultist and Chosen","floor":22,"turns":5},{"damage":28,"enemies":"Shelled Parasite and Fungi","floor":24,"turns":3},{"damage":31,"enemies":"Gremlin Leader","floor":25,"turns":5},{"damage":3,"enemies":"Snake Plant","floor":27,"turns":3},{"damage":9,"enemies":"Snecko","floor":30,"turns":5},{"damage":0,"enemies":"Book of Stabbing","floor":31,"turns":2},{"damage":41,"enemies":"Collector","floor":33,"turns":6},{"damage":12,"enemies":"3 Shapes","floor":35,"turns":2},{"damage":62,"enemies":"3 Darklings","floor":38,"turns":3},{"damage":20,"enemies":"4 Shapes","floor":44,"turns":3},{"damage":27,"enemies":"Transient","floor":46,"turns":5},{"damage":15,"enemies":"Sphere and 2 Shapes","floor":47,"turns":2},{"damage":90,"enemies":"hubris:GrandSnecko","floor":50,"turns":13},{"damage":112,"enemies":"Shield and Spear","floor":54,"turns":4}],"seed_played":"-7348745961758207831","potions_obtained":[{"floor":1,"key":"AttackPotion"},{"floor":16,"key":"Ancient Potion"},{"floor":17,"key":"Explosive Potion"},{"floor":18,"key":"PowerPotion"},{"floor":30,"key":"Strength Potion"},{"floor":33,"key":"PowerPotion"},{"floor":46,"key":"BlessingOfTheForge"},{"floor":48,"key":"BottledSpark"}],"is_trial":false,"path_per_floor":["M","M","?","$","?","E","R","E","T","R","T","R","$","E","R","B",null,"M","?","$","M","M","R","M","E","T","M","$","?","M","E","R","B",null,"M","?","?","M","$","R","$","R","T","M","R","M","M","?","R","B",null,"R","$","E"],"character_chosen":"MARISA","items_purchased":["Lee\u0027s Waffle","Vajra","War Paint","ChargingUp","Blood Vial","DC"],"campfire_rested":7,"item_purchase_floors":[4,13,20,28,39,53],"current_hp_per_floor":[74,71,71,82,87,48,74,74,74,74,74,74,74,61,87,71,92,62,62,62,52,49,76,53,28,28,25,25,25,16,16,43,8,92,80,80,80,18,18,45,45,72,72,54,54,29,16,16,43,30,92,92,92,0,0],"gold":27,"neow_bonus":"HUNDRED_GOLD","is_daily":false,"chose_seed":false,"campfire_upgraded":2,"win_rate":0.0,"timestamp":1608921131,"path_taken":["M","?","?","?","?","E","R","E","T","R","?","R","$","E","R","BOSS","M","?","$","M","M","R","M","E","T","M","$","?","M","E","R","BOSS","M","?","?","M","$","R","?","R","T","M","R","M","?","?","R","BOSS","R","$","E"],"items_purchased_type":["Relic","Relic","Relic","Card","Relic","Card"],"build_version":"2020-12-22","purchased_purges":0,"victory":false,"max_hp_per_floor":[75,75,75,82,87,87,87,87,87,87,87,87,87,87,87,87,92,92,92,92,92,92,92,92,92,92,92,92,92,92,92,92,92,92,92,92,92,92,92,92,92,92,92,92,92,92,92,92,92,92,92,92,92,92,92],"card_choices":[{"not_picked":["Orbital","IllusionStar"],"picked":"SporeBomb","floor":1},{"not_picked":["EnergyRecoil","Acceleration","WitchOfGreed"],"picked":"SKIP","floor":2},{"not_picked":["DarkMatter","EventHorizon"],"picked":"MysteriousBeam","floor":6},{"not_picked":["GravityBeat","IllusionStar"],"picked":"PowerUp","floor":8},{"not_picked":["DoubleSpark","CollectingQuirk"],"picked":"TreasureHunter","floor":14},{"not_picked":["BlazingStar","MaximisePower"],"picked":"CollectingQuirk","floor":16},{"not_picked":["LuminesStrike","AlicesGift"],"picked":"MilkyWay","floor":17},{"not_picked":["WitchLeyline","OrrerysSun"],"picked":"GrandCross","floor":18},{"not_picked":["GrandCross","IllusionStar"],"picked":"GalacticHalo+1","floor":21},{"not_picked":["TreasureHunter","IllusionStar","Acceleration"],"picked":"SKIP","floor":22},{"not_picked":["StarDustReverie","Acceleration","WitchOfGreed+1"],"picked":"SKIP","floor":24},{"not_picked":["DoubleSpark","FairyDestructionRay"],"picked":"GalacticHalo","floor":25},{"not_picked":["DoubleSpark","WitchLeyline","DarkSpark"],"picked":"SKIP","floor":27},{"not_picked":["Acceleration","ManaConvection","JA"],"picked":"SKIP","floor":30},{"not_picked":["OneTimeOff","UnstableBomb"],"picked":"FairyDestructionRay+1","floor":31},{"not_picked":["BlazingStar","SatelliteIllusion"],"picked":"AbsoluteMagnitude","floor":33},{"not_picked":["Acceleration","ManaConvection+1"],"picked":"MysteriousBeam","floor":35},{"not_picked":["hubris:EnhanceAbility","Chrysalis"],"picked":"Discovery","floor":37},{"not_picked":["Orbital","PulseMagic"],"picked":"EnergyRecoil+1","floor":38},{"not_picked":["WitchOfGreed+1","DoubleSpark","DC"],"picked":"SKIP","floor":44},{"not_picked":["WitchLeyline+1","NonDirectionalLaser"],"picked":"UltimateShortwave","floor":46},{"not_picked":["FairyDestructionRay","AsteroidBelt"],"picked":"MysteriousBeam+1","floor":47}],"player_experience":385889,"relics_obtained":[{"floor":6,"key":"Letter Opener"},{"floor":8,"key":"Ice Cream"},{"floor":9,"key":"hubris:Reverence"},{"floor":11,"key":"WingedGreaves"},{"floor":14,"key":"Whetstone"},{"floor":16,"key":"hubris:BundleOfHerbs"},{"floor":25,"key":"Shovel"},{"floor":26,"key":"hubris:PeanutButter"},{"floor":31,"key":"Happy Flower"},{"floor":52,"key":"Eternal Feather"}],"event_choices":[{"damage_healed":0,"gold_gain":0,"player_choice":"Leave","damage_taken":0,"max_hp_gain":0,"max_hp_loss":0,"event_name":"The Cleric","floor":3,"gold_loss":0},{"damage_healed":0,"gold_gain":0,"player_choice":"Donut","damage_taken":0,"max_hp_gain":5,"max_hp_loss":0,"event_name":"Big Fish","floor":5,"gold_loss":0},{"damage_healed":0,"gold_gain":0,"player_choice":"Paid Fearfully","damage_taken":0,"max_hp_gain":0,"max_hp_loss":0,"event_name":"Masked Bandits","floor":29,"gold_loss":64},{"damage_healed":0,"gold_gain":0,"player_choice":"Ignored","damage_taken":0,"max_hp_gain":0,"max_hp_loss":0,"event_name":"OrinTheCat","floor":36,"gold_loss":0},{"damage_healed":0,"gold_gain":0,"player_choice":"Memory 1","damage_taken":0,"max_hp_gain":0,"max_hp_loss":0,"event_name":"SensoryStone","floor":37,"gold_loss":0},{"damage_healed":0,"gold_gain":0,"player_choice":"Bought 1 Potion","damage_taken":0,"max_hp_gain":0,"max_hp_loss":0,"event_name":"The Woman in Blue","floor":48,"gold_loss":0}],"is_beta":false,"boss_relics":[{"not_picked":["BewitchedHakkero","SacredBark"],"picked":"Tiny House"},{"not_picked":["Runic Pyramid","Philosopher\u0027s Stone"],"picked":"RampagingMagicTools"}],"items_purged_floors":[],"is_endless":false,"potions_floor_spawned":[1,16,18,24,30,33,46],"killed_by":"Shield and Spear","ascension_level":0}}