{"host":"v1m5rkjj38qutr02","time":1608879299,"event":{"mods":["Act Like it!","BaseMod","Conspire","Gensokyo","GungeonMod","Hallownest","Minty Spire (QoL Compilation)","Replay The Spire","StSLib","The Bug Knight","Youmu£®ªÍ∆«—˝√Œ£©"],"gold_per_floor":[119,165,116,140,140,168,168,200,200,211,230,230,86,100,100,100,100],"floor_reached":16,"playtime":636,"items_purged":[],"score":173,"play_id":"397b2785-b76b-4a23-b180-cd0fab7f67fd","local_time":"20201225145459","is_ascension_mode":true,"campfire_choices":[{"floor":7,"key":"REST"},{"data":"ReplayTheSpireMod:Calculation Training","floor":15,"key":"SMITH"}],"circlet_count":0,"master_deck":["Strike_B","Strike_B","Strike_B","Strike_B","Defend_B","Defend_B","Defend_B","Defend_B","Zap","Dualcast","Creative AI+1","Hologram","Redo","Turbo","Aggregate","Reboot","ReplayTheSpireMod:Calculation Training+1"],"relics":["Cracked Core","Orichalcum","Oddly Smooth Stone","Regal Pillow","Replay:Antivirus Software","Gremlin Horn","Solar Panel"],"acts_visited":["Exordium"],"potions_floor_usage":[16],"damage_taken":[{"damage":1,"enemies":"Cultist","floor":1,"turns":5},{"damage":19,"enemies":"3 Sentries","floor":6,"turns":8},{"damage":0,"enemies":"HollowMod:MossKnight","floor":8,"turns":7},{"damage":0,"enemies":"2 Louse","floor":10,"turns":3},{"damage":4,"enemies":"Jaw Worm","floor":11,"turns":3},{"damage":7,"enemies":"conspire:2 RoseBushes","floor":14,"turns":5},{"damage":78,"enemies":"Fading Forest","floor":16,"turns":7}],"seed_played":"-975831815879410607","potions_obtained":[{"floor":1,"key":"DemoMod:BlankPotion"},{"floor":2,"key":"BlessingOfTheForge"},{"floor":2,"key":"Milkshake"},{"floor":11,"key":"CultistPotion"}],"is_trial":false,"path_per_floor":["M","?","$","T","T","E","R","E","T","M","M","?","$","M","R","B"],"character_chosen":"DEFECT","items_purchased":["Turbo","Reboot"],"campfire_rested":1,"item_purchase_floors":[3,13],"current_hp_per_floor":[67,67,67,67,67,48,68,68,68,68,66,66,66,67,67,0,0],"gold":100,"neow_bonus":"THREE_RARE_CARDS","is_daily":false,"chose_seed":false,"campfire_upgraded":1,"win_rate":0.0,"timestamp":1608879299,"path_taken":["M","?","$","?","?","E","R","E","T","?","?","?","$","M","R","BOSS"],"items_purchased_type":["Card","Card"],"build_version":"2020-12-22","purchased_purges":0,"victory":false,"max_hp_per_floor":[68,68,68,68,68,68,68,68,68,68,68,68,68,68,68,68,68],"card_choices":[{"not_picked":["Mirror Shield","Echo Form"],"picked":"Creative AI","floor":0},{"not_picked":["Rebound","Redo"],"picked":"Hologram","floor":1},{"not_picked":["Steam","Leap"],"picked":"Redo","floor":2},{"not_picked":["Beam Cell","Sunder","Leap"],"picked":"SKIP","floor":6},{"not_picked":["Fusion","Sweeping Beam"],"picked":"Aggregate","floor":8},{"not_picked":["Compile Driver","Reprogram","Auto Shields"],"picked":"SKIP","floor":10},{"not_picked":["BasicCrystalCard","ReplaySort","Reprogram"],"picked":"SKIP","floor":11},{"not_picked":["Genetic Algorithm","Conserve Battery"],"picked":"ReplayTheSpireMod:Calculation Training","floor":14}],"player_experience":378278,"relics_obtained":[{"floor":2,"key":"Orichalcum"},{"floor":4,"key":"Oddly Smooth Stone"},{"floor":5,"key":"Regal Pillow"},{"floor":6,"key":"Replay:Antivirus Software"},{"floor":8,"key":"Gremlin Horn"},{"floor":9,"key":"Solar Panel"}],"event_choices":[{"damage_healed":0,"gold_gain":0,"player_choice":"Forge","damage_taken":0,"max_hp_gain":0,"max_hp_loss":0,"event_name":"Accursed Blacksmith","floor":12,"gold_loss":0,"cards_upgraded":["Creative AI"]}],"is_beta":false,"boss_relics":[],"items_purged_floors":[],"is_endless":false,"potions_floor_spawned":[1,11],"killed_by":"Fading Forest","ascension_level":6}}