{"host":"5dzuyvrjb30uqvwu","time":1608871791,"event":{"mods":["AchievementEnabler","BaseMod","Colored Powertips","Lobotomy","Minty Spire (QoL Compilation)","Quick Restart","slay the spire mod where everything is the same but ironclad has a cowboy hat"],"gold_per_floor":[110,126,126,147,1,1,42,42,42,85,47,82,113,159,171,303,315,346,358,370,370],"floor_reached":20,"playtime":1109,"items_purged":[],"score":202,"play_id":"5a00d7fc-6a65-40fb-86bd-db188e0dd038","local_time":"20201224204951","is_ascension_mode":true,"campfire_choices":[{"data":"Rampage","floor":6.0,"key":"SMITH"},{"data":"Combust","floor":8.0,"key":"SMITH"},{"data":"Exhume","floor":15.0,"key":"SMITH"}],"circlet_count":0,"master_deck":["Strike_R","Strike_R","Strike_R","Strike_R","Strike_R","Defend_R","Defend_R","Defend_R","Bash","CrumblingArmor","PunishingBird","Rampage+1","LongBird","Combust+1","Demon Form","Exhume+1","Demon Form","GalaxyChild"],"relics":["Burning Blood","CogitoBucket","RabbitCall","Golden Idol","Orichalcum","Blue Candle","MawBank","The Courier","BehaviorAdjustment","HornCleat","Sozu"],"acts_visited":["Exordium","TheCity"],"potions_floor_usage":[16,20],"damage_taken":[{"damage":5.0,"enemies":"Small Slimes","floor":1.0,"turns":4.0},{"damage":10.0,"enemies":"2 Louse","floor":2.0,"turns":3.0},{"damage":3.0,"enemies":"Cultist","floor":4.0,"turns":3.0},{"damage":3.0,"enemies":"3 Sentries","floor":7.0,"turns":4.0},{"damage":15.0,"enemies":"Lagavulin","floor":10.0,"turns":5.0},{"damage":22.0,"enemies":"2 Fungi Beasts","floor":12.0,"turns":6.0},{"damage":5.0,"enemies":"Looter","floor":13.0,"turns":2.0},{"damage":12.0,"enemies":"3 Sentries","floor":14.0,"turns":5.0},{"damage":37,"enemies":"The Guardian","floor":16,"turns":7},{"damage":9,"enemies":"Chosen","floor":18,"turns":4},{"damage":24,"enemies":"Shell Parasite","floor":20,"turns":3}],"seed_played":"917066280483489710","potions_obtained":[{"floor":1.0,"key":"AttackPotion"},{"floor":10.0,"key":"Fire Potion"},{"floor":12.0,"key":"DistilledChaos"},{"floor":14.0,"key":"Energy Potion"}],"is_trial":false,"path_per_floor":["M","M","?","M","$","R","E","R","T","E","?","M","M","E","R","B",null,"M","?","M"],"character_chosen":"IRONCLAD","items_purchased":["Orichalcum"],"campfire_rested":0,"item_purchase_floors":[5],"current_hp_per_floor":[80,76,56,59,59,59,62,62,62,53,53,45,46,40,40,9,80,79,79,57,57],"gold":370,"neow_bonus":"","is_daily":false,"chose_seed":false,"campfire_upgraded":3,"win_rate":0.0,"timestamp":1608871791,"path_taken":["M","M","?","M","$","R","E","R","T","E","?","M","M","E","R","BOSS","M","?","?"],"items_purchased_type":["Relic"],"build_version":"2020-12-22","purchased_purges":0,"victory":false,"max_hp_per_floor":[80,80,80,80,80,80,80,80,80,80,80,80,80,80,80,80,80,80,80,80,80],"card_choices":[{"not_picked":["Rudolta","CherryBlossoms"],"picked":"CrumblingArmor","floor":1.0},{"not_picked":["Pummel","Wild Strike","Armaments"],"picked":"SKIP","floor":1.0},{"not_picked":["CherryBlossoms","OldLady"],"picked":"PunishingBird","floor":2.0},{"not_picked":["Pummel","Clothesline"],"picked":"Rampage","floor":2.0},{"not_picked":["OldLady","MeatLantern","OSAHOGD"],"picked":"Singing Bowl","floor":4.0},{"not_picked":["Cleave","Sever Soul","Burning Pact"],"picked":"SKIP","floor":4.0},{"not_picked":["CherryBlossoms","LaLuna"],"picked":"LongBird","floor":7.0},{"not_picked":["Shrug It Off","Burning Pact"],"picked":"Combust","floor":7.0},{"not_picked":["Bloodbath","Murderer","OldLady"],"picked":"Singing Bowl","floor":10.0},{"not_picked":["Evolve","Flex"],"picked":"Demon Form","floor":10.0},{"not_picked":["BeautyBeast","UniverseFragment","MHz"],"picked":"Singing Bowl","floor":12.0},{"not_picked":["Dual Wield","Whirlwind","Metallicize"],"picked":"SKIP","floor":12.0},{"not_picked":["Alriune","OldLady","WhitesApple"],"picked":"Singing Bowl","floor":13.0},{"not_picked":["Clash","Rage","Dual Wield"],"picked":"SKIP","floor":13.0},{"not_picked":["FieryBird","CherryBlossoms","DespairKnight"],"picked":"Singing Bowl","floor":14.0},{"not_picked":["Evolve","Pommel Strike"],"picked":"Exhume","floor":14.0},{"not_picked":["FieryBird","Bloodbath","SingingMachine"],"picked":"Singing Bowl","floor":16},{"not_picked":["Immolate","Fiend Fire"],"picked":"Demon Form","floor":16},{"not_picked":["Bloodbath","MHz"],"picked":"GalaxyChild","floor":18},{"not_picked":["Power Through","Dropkick","Evolve"],"picked":"SKIP","floor":18}],"player_experience":328106,"relics_obtained":[{"floor":7.0,"key":"Blue Candle"},{"floor":9.0,"key":"MawBank"},{"floor":10.0,"key":"The Courier"},{"floor":14.0,"key":"HornCleat"}],"event_choices":[{"damage_healed":0.0,"max_hp_gain":0.0,"max_hp_loss":0.0,"gold_gain":0.0,"event_name":"Golden Idol","player_choice":"Take Damage","floor":3.0,"gold_loss":0.0,"damage_taken":20.0,"relics_obtained":["Golden Idol"]},{"cards_removed":["Defend_R"],"damage_healed":0.0,"max_hp_gain":0.0,"max_hp_loss":0.0,"gold_gain":0.0,"event_name":"The Cleric","player_choice":"Card Removal","floor":11.0,"gold_loss":50.0,"damage_taken":0.0},{"damage_healed":0,"gold_gain":0,"player_choice":"Got Potions","damage_taken":0,"max_hp_gain":0,"max_hp_loss":0,"event_name":"Lab","floor":19,"gold_loss":0}],"is_beta":false,"boss_relics":[{"not_picked":["Runic Cube","Velvet Choker"],"picked":"Sozu"}],"items_purged_floors":[],"is_endless":false,"potions_floor_spawned":[1,10,12,14],"killed_by":"Shell Parasite","ascension_level":1}}