{"host":"mi0eibewekhugwl1","time":1608908122,"event":{"mods":["AchievementEnabler","BaseMod","Colored Map","Colored Powertips","DeckTracker","Keyboard Shortcuts","Minty Spire (QoL Compilation)","Quick Restart","Rare Cards Sparkle","Relic Stats","StSLib","SuperFastMode","everything is the same but u backflip on backflip"],"gold_per_floor":[116,126,145,70,70,70,80,110,110,110,110,139,139,139,139,212,212,222,222,232,24,43,43,54,69,69,113,139,166,178,106,106,106,106],"floor_reached":33,"playtime":677,"items_purged":["Strike_R","Strike_R"],"score":604,"play_id":"88610093-9104-42bb-bd25-45ba57bf4620","local_time":"20201225235522","is_ascension_mode":true,"campfire_choices":[{"data":"Apotheosis","floor":6,"key":"SMITH"},{"floor":10,"key":"REST"},{"data":"Disarm","floor":15,"key":"SMITH"},{"floor":23,"key":"REST"},{"floor":30,"key":"RECALL"},{"floor":32,"key":"REST"}],"circlet_count":0,"master_deck":["AscendersBane","Strike_R","Defend_R","Defend_R","Defend_R","Defend_R","Bash","Apotheosis+1","Battle Trance","Pommel Strike","Flame Barrier","Twin Strike","Cleave","Disarm+1","Sword Boomerang","Double Tap","Fire Breathing","Burning Pact","Wild Strike","Pommel Strike+1","Reckless Charge","Offering+1","Inflame"],"relics":["Burning Blood","Regal Pillow","Gremlin Horn","Mummified Hand","Ornamental Fan","Vajra","Mercury Hourglass","MawBank","Toxic Egg 2"],"acts_visited":["Exordium","TheCity"],"potions_floor_usage":[8,12,25,33],"damage_taken":[{"damage":11,"enemies":"Jaw Worm","floor":1,"turns":4},{"damage":6,"enemies":"2 Louse","floor":2,"turns":4},{"damage":3,"enemies":"Cultist","floor":3,"turns":4},{"damage":1,"enemies":"Blue Slaver","floor":7,"turns":5},{"damage":34,"enemies":"Lagavulin","floor":8,"turns":8},{"damage":8,"enemies":"Gremlin Nob","floor":12,"turns":3},{"damage":11,"enemies":"Hexaghost","floor":16,"turns":8},{"damage":25,"enemies":"3 Byrds","floor":18,"turns":4},{"damage":19,"enemies":"Shell Parasite","floor":20,"turns":4},{"damage":2,"enemies":"Cultist and Chosen","floor":22,"turns":4},{"damage":0,"enemies":"Sentry and Sphere","floor":24,"turns":3},{"damage":0,"enemies":"3 Cultists","floor":25,"turns":2},{"damage":0,"enemies":"Gremlin Leader","floor":27,"turns":5},{"damage":24,"enemies":"Cultist and Chosen","floor":28,"turns":4},{"damage":10,"enemies":"Snecko","floor":29,"turns":4},{"damage":91,"enemies":"Automaton","floor":33,"turns":6}],"seed_played":"-7256281207370765400","potions_obtained":[{"floor":2,"key":"GamblersBrew"},{"floor":7,"key":"Dexterity Potion"},{"floor":16,"key":"FearPotion"},{"floor":22,"key":"DistilledChaos"},{"floor":28,"key":"DistilledChaos"}],"is_trial":false,"path_per_floor":["M","M","M","$","?","R","M","E","T","R","?","E","T","?","R","B",null,"M","?","M","$","M","R","M","M","T","E","M","M","R","$","R","B"],"character_chosen":"IRONCLAD","items_purchased":["Wild Strike","PowerPotion","Inflame"],"campfire_rested":3,"item_purchase_floors":[21,21,31],"current_hp_per_floor":[45,45,48,48,43,43,48,20,20,57,57,55,55,55,55,50,69,50,50,37,37,41,75,75,75,75,75,57,53,53,53,75,0,0],"gold":106,"neow_bonus":"RANDOM_COLORLESS_2","is_daily":false,"chose_seed":false,"campfire_upgraded":2,"win_rate":0.0,"timestamp":1608908122,"path_taken":["M","M","M","$","?","R","M","E","T","R","?","E","?","?","R","BOSS","M","?","M","$","M","R","M","?","T","E","M","M","R","$","R","BOSS"],"items_purchased_type":["Card","Potion","Card"],"build_version":"2020-12-22","purchased_purges":2,"victory":false,"max_hp_per_floor":[75,75,75,75,75,75,75,75,75,75,75,75,75,75,75,75,75,75,75,75,75,75,75,75,75,75,75,75,75,75,75,75,75,75],"relic_stats":{"Regal Pillow":27,"Gremlin Horn":[14,14],"counters":[16,72],"Mummified Hand":[11],"Ornamental Fan":[72],"MawBank":60,"obtain_stats":[{"Regal Pillow":5,"Gremlin Horn":8,"Mummified Hand":9,"Ornamental Fan":11,"Vajra":12,"Toxic Egg 2":27,"MawBank":26,"Burning Blood":0,"Mercury Hourglass":13},{"Regal Pillow":3,"Gremlin Horn":5,"Mummified Hand":5,"Ornamental Fan":5,"Vajra":6,"Toxic Egg 2":13,"MawBank":12,"Burning Blood":0,"Mercury Hourglass":6},{"Regal Pillow":12,"Gremlin Horn":25,"Mummified Hand":25,"Ornamental Fan":25,"Vajra":28,"Toxic Egg 2":58,"MawBank":53,"Burning Blood":0,"Mercury Hourglass":28}],"Burning Blood":72,"Mercury Hourglass":[194]},"card_choices":[{"not_picked":["Sadistic Nature","Transmutation"],"picked":"Apotheosis","floor":0},{"not_picked":["Pummel","True Grit"],"picked":"Battle Trance","floor":1},{"not_picked":["Thunderclap","Headbutt"],"picked":"Pommel Strike","floor":2},{"not_picked":["Clothesline","Perfected Strike"],"picked":"Flame Barrier","floor":3},{"not_picked":["Thunderclap","Perfected Strike"],"picked":"Twin Strike","floor":7},{"not_picked":["Shockwave","Flame Barrier"],"picked":"Cleave","floor":8},{"not_picked":["Clash","Seeing Red"],"picked":"Disarm","floor":12},{"not_picked":["Feed","Exhume"],"picked":"Double Tap","floor":16},{"not_picked":["Iron Wave","Metallicize","Wild Strike"],"picked":"SKIP","floor":18},{"not_picked":["Havoc+1","Wild Strike"],"picked":"Burning Pact","floor":20},{"not_picked":["Twin Strike","Clothesline"],"picked":"Pommel Strike+1","floor":22},{"not_picked":["Ghostly Armor","Body Slam","Warcry"],"picked":"SKIP","floor":24},{"not_picked":["Perfected Strike","Sword Boomerang","Pommel Strike"],"picked":"SKIP","floor":25},{"not_picked":["Flex+1","Clothesline"],"picked":"Reckless Charge","floor":27},{"not_picked":["Flex+1","Dropkick","Dual Wield+1"],"picked":"SKIP","floor":28},{"not_picked":["Flex+1","Iron Wave+1"],"picked":"Offering+1","floor":29}],"player_experience":1707050,"relics_obtained":[{"floor":8,"key":"Gremlin Horn"},{"floor":9,"key":"Mummified Hand"},{"floor":12,"key":"Vajra"},{"floor":13,"key":"Mercury Hourglass"},{"floor":26,"key":"MawBank"},{"floor":27,"key":"Toxic Egg 2"}],"event_choices":[{"damage_healed":0,"gold_gain":0,"player_choice":"Success","damage_taken":5,"relics_obtained":["Regal Pillow"],"max_hp_gain":0,"max_hp_loss":0,"event_name":"Scrap Ooze","floor":5,"gold_loss":0},{"damage_healed":0,"gold_gain":0,"player_choice":"Searched \u00272\u0027 times","damage_taken":0,"relics_obtained":["Ornamental Fan"],"max_hp_gain":0,"max_hp_loss":0,"event_name":"Dead Adventurer","floor":11,"gold_loss":0},{"damage_healed":0,"gold_gain":0,"player_choice":"Searched \u00272\u0027 times","damage_taken":0,"relics_obtained":["Ornamental Fan"],"max_hp_gain":0,"max_hp_loss":0,"event_name":"Dead Adventurer","floor":11,"gold_loss":0},{"damage_healed":0,"gold_gain":0,"cards_transformed":["Strike_R"],"player_choice":"Change","damage_taken":0,"max_hp_gain":0,"max_hp_loss":0,"event_name":"Living Wall","floor":14,"gold_loss":0,"cards_obtained":["Sword Boomerang"]},{"damage_healed":0,"gold_gain":0,"cards_transformed":["Strike_R"],"player_choice":"Transformed","damage_taken":0,"max_hp_gain":0,"max_hp_loss":0,"event_name":"Transmorgrifier","floor":19,"gold_loss":0,"cards_obtained":["Fire Breathing"]}],"is_beta":false,"boss_relics":[{"not_picked":["Ectoplasm","Velvet Choker","Busted Crown"]}],"items_purged_floors":[4,21],"is_endless":false,"potions_floor_spawned":[2,7,16,22,24,28,29],"killed_by":"Automaton","ascension_level":20}}