{"host":"u94b8se4p65mmtuf","time":1608859923,"event":{"mods":["BaseMod","Downfall","Hubris","Infinite Spire","Jorbs\u0027s Wanderer Trilogy","Minty Spire (QoL Compilation)","Replay The Spire","StSLib","SuperFastMode","The Animator","The Jungle"],"gold_per_floor":[127,147,164,164,164,204,204,204,204,214,226,237,237,264,264,411,436,416,441,500,500,500],"floor_reached":21,"playtime":1559,"items_purged":[],"score":233,"play_id":"9cb7a432-d26e-4c6f-afd8-68adca620e00","local_time":"20201224203203","is_ascension_mode":false,"campfire_choices":[{"floor":8,"key":"REST"},{"floor":13,"key":"REST"}],"circlet_count":0,"master_deck":["animator:Strike_Konosuba","animator:Defend_Konosuba","animator:Strike","animator:Strike","animator:Strike","animator:Defend","animator:Defend","animator:Defend","animator:Kazuma","animator:Aqua","animator:Spearman+1","animator:Alexander","animator:Kazuma","animator:Mitsurugi","animator:Spearman","animator:Priestess+1","animator:Witch+1","ReplayTheSpireMod:Doomed","animator:Gilgamesh+2","Shame","Guardian:TwinSlam","animator:Albedo","animator:QuestionMark+1","hubris:Fate+1","animator:Kazuma+1"],"relics":["animator:LivingPicture","animator:TheMissingPiece","animator:PurgingStone","NeowsBlessing","Toxic Egg 2","infinitespire:Satchel","Blood Vial","Bottled Lightning","ReplayTheSpireMod:Ring of Challenge","Ring of Fury","ReplayTheSpireMod:SealedPack","Strange Spoon"],"acts_visited":["Exordium","TheCity"],"potions_floor_usage":[12,16,16,21,21],"damage_taken":[{"damage":0,"enemies":"Small Slimes","floor":1,"turns":1},{"damage":0,"enemies":"Jaw Worm","floor":2,"turns":1},{"damage":0,"enemies":"Cultist","floor":3,"turns":1},{"damage":54,"enemies":"3 Sentries","floor":6,"turns":19},{"damage":3,"enemies":"Red Slaver","floor":10,"turns":3},{"damage":0,"enemies":"3 Louse","floor":11,"turns":3},{"damage":1,"enemies":"Large Slime","floor":12,"turns":7},{"damage":0,"enemies":"Exordium Wildlife","floor":14,"turns":4},{"damage":0,"enemies":"Slime Boss","floor":16,"turns":6},{"damage":26,"enemies":"2 Thieves","floor":18,"turns":3},{"damage":41,"enemies":"Spheric Guardian","floor":20,"turns":3},{"damage":11,"enemies":"Centurion and Healer","floor":21,"turns":8}],"seed_played":"-7420634467326178908","potions_obtained":[{"floor":2,"key":"Explosive Potion"},{"floor":10,"key":"Guardian:BlockOnCardUsePotion"},{"floor":12,"key":"Adrenaline Potion"},{"floor":16,"key":"Elixir"},{"floor":20,"key":"PowerPotion"}],"is_trial":false,"path_per_floor":["M","M","M","?","?","E","$","R","T","M","M","M","R","M","R","B",null,"M","AVR","M","M"],"character_chosen":"THE_ANIMATOR","items_purchased":["Blood Vial"],"campfire_rested":2,"item_purchase_floors":[7],"current_hp_per_floor":[66,66,66,63,63,11,1,20,20,21,26,29,49,53,53,57,67,41,41,4,0,0],"gold":500,"neow_bonus":"THREE_ENEMY_KILL","is_daily":false,"chose_seed":false,"campfire_upgraded":0,"win_rate":0.0,"timestamp":1608859923,"path_taken":["M","M","M","?","?","E","?","R","T","M","M","M","R","?","R","BOSS","M","AVR","M","M"],"items_purchased_type":["Relic"],"build_version":"2020-12-22","purchased_purges":0,"victory":false,"max_hp_per_floor":[66,66,66,66,66,66,66,66,66,66,67,67,67,67,67,67,67,67,67,67,67,67],"card_choices":[{"not_picked":["animator:Illya","animator:DolaCouronne"],"picked":"animator:Spearman","floor":1},{"not_picked":["animator:Souei","animator:Pride"],"picked":"animator:Alexander","floor":2},{"not_picked":["animator:RoyMustang","animator:DolaRiku"],"picked":"animator:Kazuma","floor":3},{"not_picked":["animator:Vanir","animator:Chris"],"picked":"animator:Mitsurugi","floor":6},{"not_picked":["animator:Shion","animator:Cocytus"],"picked":"animator:Spearman","floor":10},{"not_picked":["animator:Genos","animator:Shalltear"],"picked":"animator:Priestess+1","floor":11},{"not_picked":["animator:Assassin","animator:YachiyoNanami","animator:HighElfArcher"],"picked":"SKIP","floor":12},{"not_picked":["animator:GuildGirl","animator:Spearman"],"picked":"animator:Witch+1","floor":14},{"not_picked":["animator:GoblinSlayer","animator:Rimuru"],"picked":"animator:Gilgamesh","floor":16},{"not_picked":["Dualcast","Zap"],"picked":"Guardian:TwinSlam","floor":17},{"not_picked":["animator:Boros","animator:Shiro"],"picked":"animator:Albedo","floor":17},{"not_picked":["animator:Magilou","animator:Kagari"],"picked":"animator:QuestionMark","floor":17},{"not_picked":["infinitespire:Menacing","ReplayTheSpireMod:Haul"],"picked":"hubris:Fate","floor":17},{"not_picked":["animator:Ainz","animator:SakuraMatou+1"],"picked":"animator:Kazuma+1","floor":18},{"not_picked":["animator:GuildGirl","animator:ElricAlphonse+1","animator:Scar"],"picked":"SKIP","floor":20}],"player_experience":96991,"relics_obtained":[{"floor":6,"key":"infinitespire:Satchel"},{"floor":9,"key":"Bottled Lightning"},{"floor":15,"key":"ReplayTheSpireMod:Ring of Challenge"},{"floor":15,"key":"Ring of Fury"}],"event_choices":[{"damage_healed":0,"gold_gain":0,"player_choice":"Success","damage_taken":3,"relics_obtained":["Toxic Egg 2"],"max_hp_gain":0,"max_hp_loss":0,"event_name":"Scrap Ooze","floor":4,"gold_loss":0}],"is_beta":false,"boss_relics":[{"not_picked":["Ectoplasm","ReplayTheSpireMod:DimensionalGlitch"],"picked":"ReplayTheSpireMod:SealedPack"}],"items_purged_floors":[],"is_endless":false,"potions_floor_spawned":[2,10,12,16,20],"killed_by":"Centurion and Healer","ascension_level":0}}