{"host":"2j5d0uw0vihq8b8w","time":1608914389,"event":{"mods":["2.2 Compatiblity","AchievementEnabler","BaseMod","BetterRewards","Colored Map","Colored Powertips","Custom Start","DeckTracker","Minty Spire (QoL Compilation)","Permanent Neow","Quick Restart","Rare Cards Sparkle","StSLib","SuperFastMode","The Dragon Tamer"],"gold_per_floor":[317,317,317,333,333,333,366,366,416,427,427,177,177,188,188,188,188],"floor_reached":16,"playtime":577,"items_purged":["Strike_G"],"score":196,"play_id":"8685f07f-70d4-4338-968f-57f5fd5f3e64","local_time":"20201226013949","is_ascension_mode":true,"campfire_choices":[{"data":"Setup","floor":6.0,"key":"SMITH"},{"floor":8,"key":"REST"},{"data":"Concentrate","floor":11,"key":"SMITH"},{"data":"Acrobatics","floor":13,"key":"SMITH"},{"data":"Accuracy","floor":15,"key":"SMITH"}],"circlet_count":0,"master_deck":["AscendersBane","Strike_G","Strike_G","Strike_G","Defend_G","Defend_G","Defend_G","Defend_G","Defend_G","Survivor","Neutralize","Blade Dance","Acrobatics+1","Setup+1","Concentrate+1","Underhanded Strike","Grand Finale","Madness","Accuracy+1"],"relics":["Ring of the Snake","Old Coin","Paper Crane","Happy Flower"],"acts_visited":["Exordium"],"potions_floor_usage":[7,7,16],"damage_taken":[{"damage":11.0,"enemies":"Cultist","floor":1.0,"turns":5.0},{"damage":7.0,"enemies":"Small Slimes","floor":4.0,"turns":3.0},{"damage":39,"enemies":"3 Sentries","floor":7,"turns":14},{"damage":0,"enemies":"2 Louse","floor":10,"turns":3},{"damage":8,"enemies":"Blue Slaver","floor":14,"turns":3},{"damage":44,"enemies":"The Guardian","floor":16,"turns":7}],"seed_played":"-8002038045002270712","potions_obtained":[{"floor":4.0,"key":"CunningPotion"},{"floor":5.0,"key":"AttackPotion"},{"floor":5.0,"key":"EssenceOfSteel"},{"floor":7,"key":"PowerPotion"}],"is_trial":false,"path_per_floor":["M","?","?","M","?","R","E","R","T","M","R","$","R","M","R","B"],"character_chosen":"THE_SILENT","items_purchased":["Grand Finale","Madness"],"campfire_rested":1,"item_purchase_floors":[12,12],"current_hp_per_floor":[48,48,48,41,41,41,2,21,21,21,21,21,21,13,13,0,0],"gold":188,"neow_bonus":"ONE_RARE_RELIC","is_daily":false,"chose_seed":false,"campfire_upgraded":4,"win_rate":0.0,"timestamp":1608914389,"path_taken":["M","?","?","M","?","R","E","R","T","M","R","$","R","M","R","BOSS"],"items_purchased_type":["Card","Card"],"build_version":"2020-12-22","purchased_purges":1,"victory":false,"max_hp_per_floor":[66,66,66,66,66,66,66,66,66,66,66,66,66,66,66,66,66],"card_choices":[{"not_picked":["Acrobatics","Choke"],"picked":"Blade Dance","floor":1.0},{"not_picked":["Dash","Cloak And Dagger"],"picked":"Setup","floor":4.0},{"not_picked":["PiercingWail","Flechettes"],"picked":"Concentrate","floor":7},{"not_picked":["PiercingWail","Dodge and Roll"],"picked":"Underhanded Strike","floor":10},{"not_picked":["Well Laid Plans","Tactician"],"picked":"Accuracy","floor":14}],"player_experience":710057,"relics_obtained":[{"floor":7,"key":"Paper Crane"},{"floor":9,"key":"Happy Flower"}],"event_choices":[{"damage_healed":0.0,"max_hp_gain":0.0,"max_hp_loss":0.0,"gold_gain":0.0,"event_name":"Shining Light","player_choice":"Ignored","floor":2.0,"gold_loss":0.0,"damage_taken":0.0},{"damage_healed":0.0,"max_hp_gain":0.0,"max_hp_loss":0.0,"gold_gain":0.0,"cards_transformed":["Strike_G"],"event_name":"Living Wall","player_choice":"Change","floor":3.0,"gold_loss":0.0,"damage_taken":0.0,"cards_obtained":["Acrobatics"]},{"damage_healed":0.0,"max_hp_gain":0.0,"max_hp_loss":0.0,"gold_gain":0.0,"event_name":"Lab","player_choice":"Got Potions","floor":5.0,"gold_loss":0.0,"damage_taken":0.0}],"is_beta":false,"boss_relics":[],"items_purged_floors":[12],"is_endless":false,"potions_floor_spawned":[4,7],"killed_by":"The Guardian","ascension_level":20}}