{"host":"h5acbxt0wmjo1kpm","time":1608890850,"event":{"mods":["2.2 Compatiblity","Act Like it!","AlwaysNeverKeys","Aspiration","Bartender","BaseMod","Better Third Choice","Colored Map","Elementarium","Gensokyo","GifTheSpireLib","Hallownest","Marisa????????","Minty Spire (QoL Compilation)","Permanent Neow","Potionbrewer","Relic Filter","Replay The Spire","Robot Space Explorer","RumiaBox-????????","Shade Mod","Spicy Shops","StSLib","Strawberry Spire","The Blackbeard","The Dragon Tamer","The Forsaken","The Gatherer","The Problem Sleuth","The Servant 0.9.4","Wandering Minibosses","vexMod"],"gold_per_floor":[119,2,222,222,222,256,266,291,291,291,291,305,83,94,94,189,189,199,124,124,144,144,144,172,172,172,208,241,264,119,537,537,645,645,665,311,344,344,368,368,102,102,102],"floor_reached":42,"playtime":4360,"items_purged":["Strike_G"],"score":812,"play_id":"e42d3daf-c39d-43dc-96f9-990550a84d85","local_time":"20201225020730","is_ascension_mode":true,"campfire_choices":[{"data":"Crippling Poison","floor":11.0,"key":"SMITH"},{"data":"Footwork","floor":15.0,"key":"SMITH"},{"data":"Neutralize","floor":23,"key":"SMITH"},{"data":"strawberrySpire:Momentum","floor":32,"key":"SMITH"},{"floor":40,"key":"REST"}],"circlet_count":0,"master_deck":["AscendersBane","Defend_G+1","Defend_G","Defend_G","Defend_G","Survivor+1","Neutralize+1","strawberrySpire:Slide","strawberrySpire:Insectonator+1","Crippling Poison+1","Backstab","Footwork+1","strawberrySpire:Momentum+1","Corpse Explosion","Replay:Poison Smokescreen+1","Bite","Bite","Bite","Bite","Bite","strawberrySpire:Urgency+1","Bouncing Flask+1","After Image+1","Gensokyo:BlemishedSteel","Gensokyo:Shovel","Gensokyo:RedCapeBlueCape","Predator+1","Catalyst+1","Dagger Throw+1","Backflip","Transmutation+1","Atom Bomb+1","Draining Mist+1"],"relics":["Ring of the Snake","Pear","SSSystem","Darkstone Periapt","Bag of Preparation","strawberrySpire:ShipInABottle","Gensokyo:OccultBall","SecretRecord","AddBug","Bag of Preparation","Protect_Vest","Pondfish Scales","CeramicFish","Replay:Baseball","Pear","War Paint","theForsaken:PaleLantern","Baka2","Omamori","strawberrySpire:ShipInABottle","aspiration:SeaSaltIceCream","Astrolabe"],"acts_visited":["Gensokyo:Gensokyo","TheCity","Gensokyo:Gensokyoest"],"potions_floor_usage":[28,29,33,37,39],"damage_taken":[{"damage":0.0,"enemies":"Gensokyo:2_Kodama","floor":1.0,"turns":4.0},{"damage":2.0,"enemies":"Gensokyo:Python","floor":3.0,"turns":4.0},{"damage":28.0,"enemies":"Gensokyo:Aya","floor":6.0,"turns":7.0},{"damage":9.0,"enemies":"Gensokyo:Gryphon","floor":7.0,"turns":4.0},{"damage":0.0,"enemies":"Gensokyo:Kitsune","floor":12.0,"turns":1.0},{"damage":0.0,"enemies":"Gensokyo:LivingMonolith","floor":14.0,"turns":1.0},{"damage":0,"enemies":"Gensokyo:Reimu","floor":16,"turns":9},{"damage":2,"enemies":"Shell Parasite","floor":18,"turns":6},{"damage":0,"enemies":"Chosen","floor":21,"turns":4},{"damage":0,"enemies":"Replay:Snechameleon","floor":24,"turns":6},{"damage":0,"enemies":"Centurion and Healer","floor":27,"turns":3},{"damage":4,"enemies":"Gremlin Leader","floor":28,"turns":5},{"damage":49,"enemies":"Snake Plant","floor":29,"turns":6},{"damage":34,"enemies":"Snecko","floor":31,"turns":4},{"damage":78,"enemies":"Champ","floor":33,"turns":13},{"damage":0,"enemies":"Gensokyo:3_Boulders","floor":35,"turns":3},{"damage":16,"enemies":"Gensokyo:3_Bats","floor":37,"turns":6},{"damage":67,"enemies":"Gensokyo:AtlasGolem","floor":39,"turns":6},{"damage":41,"enemies":"Gensokyo:Doremy","floor":42,"turns":5}],"seed_played":"633238131480518836","potions_obtained":[{"floor":1.0,"key":"CunningPotion"},{"floor":7.0,"key":"potionbrewer:NoxiousPotion"},{"floor":14.0,"key":"SpeedPotion"},{"floor":27,"key":"Weak Potion"},{"floor":28,"key":"potionbrewer:ToxicPotion"},{"floor":35,"key":"ColorlessPotion"},{"floor":37,"key":"Dexterity Potion"}],"is_trial":false,"path_per_floor":["M","COS","M","?","?","E","M","T","T","?","R","M","$","M","R","B",null,"M","$","?","M","?","R","E","T","T","M","E","M","$","M","R","B",null,"M","COS","M","?","M","R","$","E"],"character_chosen":"THE_SILENT","items_purchased":["SecretRecord","strawberrySpire:Momentum","War Paint","Backflip","aspiration:SeaSaltIceCream"],"campfire_rested":1,"item_purchase_floors":[13,13,30,41,41],"current_hp_per_floor":[63,63,61,56,56,28,19,19,19,19,19,19,19,19,19,19,65,63,63,56,56,47,47,53,53,53,59,61,63,63,50,50,12,59,72,72,64,64,12,34,34,0,0],"gold":102,"neow_bonus":"ONE_RANDOM_RARE_CARD","is_daily":false,"chose_seed":false,"campfire_upgraded":4,"win_rate":0.0,"timestamp":1608890850,"path_taken":["M","COS","M","?","?","E","M","?","T","?","R","M","$","M","R","BOSS","M","$","?","M","?","R","E","?","T","M","E","M","$","M","R","BOSS","M","COS","M","?","M","R","$","E"],"items_purchased_type":["Relic","Card","Relic","Card","Relic"],"build_version":"2020-12-22","purchased_purges":1,"victory":false,"max_hp_per_floor":[70,70,70,80,80,80,80,80,80,80,80,80,80,80,80,80,80,80,80,56,56,61,61,61,61,61,61,61,74,74,74,74,74,74,74,74,74,74,74,74,74,74,74],"card_choices":[{"not_picked":["Finisher","Acrobatics"],"picked":"strawberrySpire:Slide","floor":1.0},{"not_picked":["strawberrySpire:Rummage","Masterful Stab","Underhanded Strike"],"picked":"SKIP","floor":3.0},{"not_picked":["Venomology","strawberrySpire:Marathoner"],"picked":"strawberrySpire:KnifeParty","floor":6.0},{"not_picked":["strawberrySpire:DeltaFlow","Toxin Wave"],"picked":"Crippling Poison","floor":6.0},{"not_picked":["strawberrySpire:Momentum","Hidden Blade"],"picked":"Backstab","floor":7.0},{"not_picked":["Dodge and Roll+1","Draining Mist+1","Fluid Movement+1"],"picked":"SKIP","floor":7.0},{"not_picked":["Underhanded Strike","All Out Attack+1","Footwork"],"picked":"SKIP","floor":12.0},{"not_picked":["Underhanded Strike","All Out Attack+1"],"picked":"Footwork","floor":12.0},{"not_picked":["Bane","Sneak Up","Tactician+1"],"picked":"SKIP","floor":14.0},{"not_picked":["Adrenaline","strawberrySpire:KnifeParty+1"],"picked":"Corpse Explosion","floor":16},{"not_picked":["Cloak And Dagger+1","Calculated Gamble+1"],"picked":"Replay:Poison Smokescreen+1","floor":18},{"not_picked":["Underhanded Strike+1","Calculated Gamble","Blade Dance"],"picked":"SKIP","floor":21},{"not_picked":["Underhanded Strike+1","Calculated Gamble","Blade Dance"],"picked":"SKIP","floor":21},{"not_picked":["strawberrySpire:DeltaFlow+1","Wraith Form v2"],"picked":"strawberrySpire:Trickbox","floor":24},{"not_picked":["Bane","Terror"],"picked":"strawberrySpire:Urgency+1","floor":27},{"not_picked":["Blade Dance+1","Dagger Spray","Heel Hook"],"picked":"SKIP","floor":28},{"not_picked":["Deadly Poison","Quick Slash"],"picked":"Bouncing Flask+1","floor":29},{"not_picked":["Outmaneuver","strawberrySpire:Plunge+1","Finisher"],"picked":"SKIP","floor":31},{"not_picked":["Venomology","strawberrySpire:KnifeParty"],"picked":"After Image+1","floor":33},{"not_picked":["Dodge and Roll+1","strawberrySpire:Pant+1","PiercingWail"],"picked":"SKIP","floor":35},{"not_picked":["strawberrySpire:Pant+1","Escape Plan+1"],"picked":"Predator+1","floor":37},{"not_picked":["Acrobatics+1","Deadly Poison"],"picked":"Catalyst+1","floor":37},{"not_picked":["Dodge and Roll+1","Bullet Time+1"],"picked":"Dagger Throw+1","floor":39}],"player_experience":1928081,"relics_obtained":[{"floor":1.0,"key":"Baka"},{"floor":6.0,"key":"Darkstone Periapt"},{"floor":8.0,"key":"Bag of Preparation"},{"floor":9.0,"key":"strawberrySpire:ShipInABottle"},{"floor":16,"key":"Gensokyo:OccultBall"},{"floor":18,"key":"Gensokyo:OccultBall"},{"floor":18,"key":"Bag of Preparation"},{"floor":21,"key":"Gensokyo:OccultBall"},{"floor":24,"key":"Protect_Vest"},{"floor":24,"key":"Pondfish Scales"},{"floor":26,"key":"CeramicFish"},{"floor":28,"key":"Replay:Baseball"},{"floor":29,"key":"Pear"},{"floor":33,"key":"Gensokyo:OccultBall"},{"floor":37,"key":"Baka2"},{"floor":39,"key":"strawberrySpire:ShipInABottle"}],"event_choices":[{"damage_healed":0,"gold_gain":0,"player_choice":"Became a vampire","damage_taken":0,"max_hp_gain":0,"max_hp_loss":24,"event_name":"Vampires","floor":20,"gold_loss":0,"cards_obtained":["Bite","Bite","Bite","Bite","Bite"]},{"damage_healed":0,"gold_gain":0,"player_choice":"Shed Blood","damage_taken":14,"max_hp_gain":5,"max_hp_loss":0,"event_name":"Forgotten Altar","floor":22,"gold_loss":0}],"is_beta":false,"boss_relics":[{"not_picked":["Snecko Scales","HoveringKite"],"picked":"AddBug"},{"not_picked":["aspiration:WatcherSkillbook","Velvet Choker"],"picked":"theForsaken:PaleLantern"}],"items_purged_floors":[19],"is_endless":false,"potions_floor_spawned":[1,7,14,16,27,28,35,37],"killed_by":"Gensokyo:Doremy","ascension_level":10}}