{"host":"2461dio7vetlq1z3","time":1608875800,"event":{"mods":["2.2 Compatiblity","AchievementEnabler","Aspiration","BaseMod","Better Third Choice","Hermit","Minty Spire (QoL Compilation)","Relic Stats","Spicy Shops","StSLib","The Runesmith","Waifu the Spire"],"gold_per_floor":[109,109,133,133,151,179,198,227,254,254,273,284,284,313,313,387,387,401,412,412,327,338,366,366,401,401,419,419,233,261,51,51,125,125,143,155,170,188,56,56,105,140,166,166],"floor_reached":43,"playtime":1445,"items_purged":["Strike_R","Strike_R"],"score":1172,"play_id":"335322f7-bc38-443d-bee6-dcf2636e0a1c","local_time":"20201225065640","is_ascension_mode":true,"campfire_choices":[{"data":"Berserk","floor":15,"key":"SMITH"},{"data":"Whirlwind","floor":24,"key":"SMITH"},{"data":"Hyperbeam","floor":28,"key":"SMITH"},{"data":"Bash","floor":32,"key":"SMITH"},{"data":"Crescendo","floor":40,"key":"SMITH"}],"circlet_count":0,"master_deck":["AscendersBane","Defend_R","Defend_R","Defend_R","Bash+1","Battle Trance","Eviscerate","Skewer","Burst","Anger","Ghostly Armor","Anger","Inflame","Whirlwind+1","Berserk+1","Inflame","Reaper","Disarm","Shrug It Off","Genetic Algorithm","Hyperbeam+1","Violence","Crescendo+1","Reaper"],"relics":["Burning Blood","NeowsBlessing","Regal Pillow","Happy Flower","aspiration:ArtOfWarUpgrade","Lantern","Orichalcum","aspiration:PoetsPen_weak","PrismaticShard","aspiration:Lifesprig","Nunchaku","InkBottle","The Courier","Chemical X","aspiration:Stabinomicon","Anchor","aspiration:RunicSpoon","aspiration:HatOfInfinitePower","Juzu Bracelet"],"acts_visited":["Exordium","TheCity","TheBeyond"],"potions_floor_usage":[8,19,33],"damage_taken":[{"damage":0,"enemies":"Small Slimes","floor":1,"turns":1},{"damage":0,"enemies":"Jaw Worm","floor":5,"turns":1},{"damage":0,"enemies":"3 Sentries","floor":6,"turns":1},{"damage":0,"enemies":"Cultist","floor":7,"turns":3},{"damage":8,"enemies":"Gremlin Nob","floor":8,"turns":3},{"damage":1,"enemies":"Looter","floor":11,"turns":2},{"damage":0,"enemies":"Blue Slaver","floor":12,"turns":2},{"damage":0,"enemies":"Lagavulin","floor":14,"turns":4},{"damage":15,"enemies":"The Guardian","floor":16,"turns":7},{"damage":1,"enemies":"3 Byrds","floor":18,"turns":3},{"damage":16,"enemies":"Shell Parasite","floor":19,"turns":2},{"damage":29,"enemies":"Snake Plant","floor":22,"turns":3},{"damage":26,"enemies":"Book of Stabbing","floor":23,"turns":4},{"damage":2,"enemies":"Gremlin Leader","floor":25,"turns":5},{"damage":0,"enemies":"Chosen and Byrds","floor":27,"turns":3},{"damage":34,"enemies":"Book of Stabbing","floor":30,"turns":4},{"damage":1,"enemies":"Automaton","floor":33,"turns":3},{"damage":1,"enemies":"Orb Walker","floor":35,"turns":2},{"damage":0,"enemies":"3 Darklings","floor":36,"turns":3},{"damage":17,"enemies":"Sphere and 2 Shapes","floor":37,"turns":2},{"damage":18,"enemies":"Transient","floor":38,"turns":4},{"damage":2,"enemies":"2 Orb Walkers","floor":41,"turns":2},{"damage":9,"enemies":"Giant Head","floor":42,"turns":3}],"seed_played":"-6703061718478279995","potions_obtained":[{"floor":5,"key":"FearPotion"},{"floor":11,"key":"Swift Potion"},{"floor":12,"key":"LiquidMemories"},{"floor":18,"key":"FairyPotion"},{"floor":22,"key":"Energy Potion"},{"floor":27,"key":"PowerPotion"},{"floor":33,"key":"SkillPotion"},{"floor":41,"key":"PowerPotion"}],"is_trial":false,"path_per_floor":["M","?","T","?","M","E","M","E","T","R","M","M","R","E","R","B",null,"M","M","?","?","M","E","R","E","T","M","R","$","E","$","R","B",null,"M","M","M","M","$","R","?","E","T"],"character_chosen":"IRONCLAD","items_purchased":["Chemical X","Anchor","Reaper"],"campfire_rested":0,"item_purchase_floors":[29,31,39],"current_hp_per_floor":[74,74,74,74,75,75,75,73,73,73,75,75,75,75,75,66,73,75,65,53,53,30,34,34,54,54,73,73,73,45,45,45,50,69,75,75,64,52,52,52,64,75,75,75],"gold":166,"neow_bonus":"THREE_ENEMY_KILL","is_daily":false,"chose_seed":false,"campfire_upgraded":5,"win_rate":0.0,"timestamp":1608875800,"path_taken":["M","?","?","?","?","E","M","E","T","R","M","M","R","E","R","BOSS","M","M","?","?","M","E","R","E","T","M","R","?","E","$","R","BOSS","M","M","M","M","$","R","?","E","T"],"items_purchased_type":["Relic","Relic","Card"],"build_version":"2020-12-22","purchased_purges":2,"victory":false,"max_hp_per_floor":[75,75,75,75,75,75,75,75,75,75,75,75,75,75,75,75,75,75,75,75,75,75,75,75,75,75,75,75,75,75,75,75,75,75,75,75,75,75,75,75,75,75,75,75],"relic_stats":{"Regal Pillow":0,"Nunchaku":[7],"Happy Flower":[21],"counters":[23,67],"aspiration:RunicSpoon":[21],"Juzu Bracelet":0,"Chemical X":[21],"Orichalcum":[54],"obtain_stats":[{"Regal Pillow":3,"Lantern":9,"aspiration:Lifesprig":21,"NeowsBlessing":0,"Happy Flower":6,"aspiration:RunicSpoon":34,"aspiration:PoetsPen_weak":17,"The Courier":26,"aspiration:Stabinomicon":30,"Juzu Bracelet":42,"Orichalcum":14,"PrismaticShard":20,"Burning Blood":0,"Nunchaku":23,"Anchor":31,"aspiration:ArtOfWarUpgrade":13,"Art of War":8,"Chemical X":29,"aspiration:HatOfInfinitePower":41,"InkBottle":25},{"Regal Pillow":1,"Lantern":5,"aspiration:Lifesprig":11,"NeowsBlessing":0,"Happy Flower":3,"aspiration:RunicSpoon":17,"aspiration:PoetsPen_weak":9,"The Courier":14,"aspiration:Stabinomicon":16,"Juzu Bracelet":23,"Orichalcum":8,"PrismaticShard":11,"Burning Blood":0,"Nunchaku":13,"Anchor":16,"aspiration:ArtOfWarUpgrade":7,"Art of War":5,"Chemical X":15,"aspiration:HatOfInfinitePower":22,"InkBottle":14},{"Regal Pillow":1,"Lantern":9,"aspiration:Lifesprig":29,"NeowsBlessing":0,"Happy Flower":3,"aspiration:RunicSpoon":51,"aspiration:PoetsPen_weak":24,"The Courier":41,"aspiration:Stabinomicon":48,"Juzu Bracelet":67,"Orichalcum":17,"PrismaticShard":29,"Burning Blood":0,"Nunchaku":36,"Anchor":48,"aspiration:ArtOfWarUpgrade":13,"Art of War":9,"Chemical X":44,"aspiration:HatOfInfinitePower":64,"InkBottle":41}],"Burning Blood":94,"InkBottle":[7]},"card_choices":[{"not_picked":["Sword Boomerang","Flex"],"picked":"Battle Trance","floor":1},{"not_picked":["Ghostly Armor","Warcry"],"picked":"Anger","floor":5},{"not_picked":["Burning Pact","True Grit"],"picked":"Ghostly Armor","floor":6},{"not_picked":["Heavy Blade","Clash"],"picked":"Anger","floor":7},{"not_picked":["Combust","Sword Boomerang"],"picked":"Inflame","floor":8},{"not_picked":["Rampage","Hemokinesis"],"picked":"Whirlwind","floor":11},{"not_picked":["Thunderclap","Havoc"],"picked":"Berserk","floor":12},{"not_picked":["Twin Strike","Infernal Blade"],"picked":"Inflame","floor":14},{"not_picked":["Offering","Fiend Fire"],"picked":"Reaper","floor":16},{"not_picked":["Wild Strike","Body Slam","Clothesline"],"picked":"SKIP","floor":18},{"not_picked":["Sever Soul+1","Perfected Strike"],"picked":"Disarm","floor":19},{"not_picked":["Rampage","Intimidate"],"picked":"Shrug It Off","floor":20},{"not_picked":["hermit:Shortfuse","Runesmith:Augment"],"picked":"Genetic Algorithm","floor":22},{"not_picked":["hermit:Headshot","Compile Driver","Coolheaded"],"picked":"SKIP","floor":23},{"not_picked":["Coolheaded","Purity"],"picked":"Hyperbeam","floor":25},{"not_picked":["Compile Driver","Consecrate+1","hermit:Feint"],"picked":"SKIP","floor":27},{"not_picked":["hermit:Desperado","True Grit","hermit:Manifest"],"picked":"SKIP","floor":30},{"not_picked":["After Image","Brutality"],"picked":"Violence","floor":33},{"not_picked":["Distraction","Conserve Battery","Pommel Strike"],"picked":"SKIP","floor":35},{"not_picked":["Flex","hermit:LowProfile+1"],"picked":"Crescendo","floor":36},{"not_picked":["Sunder","Runesmith:OneForEveryone","Sweeping Beam"],"picked":"SKIP","floor":37},{"not_picked":["CutThroughFate","EmptyBody+1","Prostrate"],"picked":"SKIP","floor":38},{"not_picked":["hermit:ItchyTrigger","True Grit","PathToVictory+1"],"picked":"SKIP","floor":42}],"player_experience":908879,"relics_obtained":[{"floor":3,"key":"Regal Pillow"},{"floor":6,"key":"Happy Flower"},{"floor":8,"key":"Art of War"},{"floor":9,"key":"Lantern"},{"floor":14,"key":"Orichalcum"},{"floor":20,"key":"PrismaticShard"},{"floor":23,"key":"Nunchaku"},{"floor":25,"key":"InkBottle"},{"floor":26,"key":"The Courier"},{"floor":30,"key":"aspiration:Stabinomicon"},{"floor":41,"key":"aspiration:HatOfInfinitePower"},{"floor":42,"key":"Juzu Bracelet"}],"event_choices":[{"cards_removed":["Strike_R"],"damage_healed":0,"gold_gain":0,"player_choice":"Purged","damage_taken":0,"max_hp_gain":0,"max_hp_loss":0,"event_name":"Purifier","floor":4,"gold_loss":0},{"damage_healed":0,"gold_gain":0,"player_choice":"Obtained Relic","damage_taken":0,"relics_obtained":["aspiration:Lifesprig"],"max_hp_gain":0,"max_hp_loss":0,"event_name":"Addict","floor":21,"gold_loss":85},{"damage_healed":0,"gold_gain":0,"player_choice":"Fight","damage_taken":0,"max_hp_gain":0,"max_hp_loss":0,"event_name":"Mysterious Sphere","floor":41,"gold_loss":0}],"is_beta":false,"boss_relics":[{"not_picked":["Coffee Dripper","aspiration:MobileForge"],"picked":"aspiration:PoetsPen_weak"},{"not_picked":["Empty Cage","Velvet Choker"],"picked":"aspiration:RunicSpoon"}],"items_purged_floors":[29,31],"is_endless":false,"potions_floor_spawned":[5,11,12,18,22,27,33,36,41,42],"ascension_level":20}}