{"host":"9ndbo4kgsfoemf7y","time":1608896583,"event":{"mods":["AchievementEnabler","BaseMod","Colored Map","DeckTracker","Keyboard Shortcuts","Minty Spire (QoL Compilation)","Permanent Neow","Quick Restart","Relic Stats","StSLib","SuperFastMode"],"gold_per_floor":[17,17,27,37,47,47,74,74,74,74,93,108,29,56,56,155,155,166,166,184,203,203,203],"floor_reached":22,"playtime":861,"items_purged":[],"score":218,"play_id":"06a5675d-80b5-4fa6-90e3-e3b7c76167d0","local_time":"20201225204303","is_ascension_mode":true,"campfire_choices":[{"data":"Redo","floor":6.0,"key":"SMITH"},{"data":"Glacier","floor":8.0,"key":"SMITH"},{"data":"Coolheaded","floor":10.0,"key":"SMITH"},{"data":"Genetic Algorithm","floor":15.0,"key":"SMITH"}],"circlet_count":0,"master_deck":["Strike_B","Strike_B","Strike_B","Strike_B","Defend_B","Defend_B","Defend_B","Defend_B","Zap","Dualcast","Rainbow","Redo+1","Blizzard","Coolheaded+1","Melter","Glacier+1","Cold Snap","Streamline","Genetic Algorithm+1","Hologram","All For One","Hologram","Gash","Gash+1","Beam Cell"],"relics":["Cracked Core","Anchor","Singing Bowl","Matryoshka","Inserter"],"acts_visited":["Exordium","TheCity"],"potions_floor_usage":[18,21],"damage_taken":[{"damage":0.0,"enemies":"Cultist","floor":1.0,"turns":3.0},{"damage":7.0,"enemies":"Small Slimes","floor":3.0,"turns":4.0},{"damage":2.0,"enemies":"Jaw Worm","floor":4.0,"turns":4.0},{"damage":13.0,"enemies":"Large Slime","floor":5.0,"turns":5.0},{"damage":15.0,"enemies":"Gremlin Nob","floor":7.0,"turns":4.0},{"damage":3.0,"enemies":"Gremlin Gang","floor":11.0,"turns":4.0},{"damage":0.0,"enemies":"Looter","floor":12.0,"turns":3.0},{"damage":2.0,"enemies":"3 Sentries","floor":14.0,"turns":4.0},{"damage":20,"enemies":"Slime Boss","floor":16,"turns":11},{"damage":32,"enemies":"3 Byrds","floor":18,"turns":5},{"damage":7,"enemies":"Chosen","floor":20,"turns":6},{"damage":21,"enemies":"Centurion and Healer","floor":21,"turns":8},{"damage":19,"enemies":"Snake Plant","floor":22,"turns":2}],"seed_played":"6837580226902796872","potions_obtained":[{"floor":3.0,"key":"EntropicBrew"},{"floor":7.0,"key":"EssenceOfSteel"},{"floor":14.0,"key":"Explosive Potion"},{"floor":16,"key":"LiquidMemories"},{"floor":21,"key":"SkillPotion"}],"is_trial":false,"path_per_floor":["M","?","M","M","M","R","E","R","T","R","M","M","$","E","R","B",null,"M","?","M","M","M"],"character_chosen":"DEFECT","items_purchased":["Genetic Algorithm"],"campfire_rested":0,"item_purchase_floors":[13],"current_hp_per_floor":[75,75,68,66,53,53,38,38,38,38,35,35,35,33,33,13,75,43,43,36,15,0,0],"gold":203,"neow_bonus":"THREE_RARE_CARDS","is_daily":false,"chose_seed":false,"campfire_upgraded":4,"win_rate":0.0,"timestamp":1608896583,"path_taken":["M","?","M","?","M","R","E","R","T","R","M","M","$","E","R","BOSS","M","?","M","M","M"],"items_purchased_type":["Card"],"build_version":"2020-12-22","purchased_purges":0,"victory":false,"max_hp_per_floor":[75,75,75,75,75,75,75,75,75,75,75,75,75,75,75,75,75,75,75,75,75,75,75],"relic_stats":{"Inserter":[10],"Singing Bowl":0,"counters":[13,63],"obtain_stats":[{"Anchor":7,"Matryoshka":14,"Inserter":17,"Singing Bowl":9,"Cracked Core":0},{"Anchor":5,"Matryoshka":8,"Inserter":9,"Singing Bowl":5,"Cracked Core":0},{"Anchor":20,"Matryoshka":31,"Inserter":42,"Singing Bowl":20,"Cracked Core":0}]},"card_choices":[{"not_picked":["Reboot","Buffer"],"picked":"Rainbow","floor":0.0},{"not_picked":["Go for the Eyes","Cold Snap"],"picked":"Redo","floor":1.0},{"not_picked":["Static Discharge","Leap"],"picked":"Blizzard","floor":3.0},{"not_picked":["Barrage","Gash"],"picked":"Coolheaded","floor":4.0},{"not_picked":["Skim","Coolheaded"],"picked":"Melter","floor":5.0},{"not_picked":["Leap","Thunder Strike"],"picked":"Glacier","floor":7.0},{"not_picked":["Undo","Sweeping Beam"],"picked":"Cold Snap","floor":11.0},{"not_picked":["Sunder","Leap"],"picked":"Streamline","floor":12.0},{"not_picked":["Steam","Sweeping Beam"],"picked":"Hologram","floor":14.0},{"not_picked":["Amplify","Multi-Cast"],"picked":"All For One","floor":16},{"not_picked":["White Noise","Sweeping Beam+1"],"picked":"Hologram","floor":18},{"not_picked":["Lockon","Steam Power"],"picked":"Gash+1","floor":20},{"not_picked":["Static Discharge","Hello World"],"picked":"Beam Cell","floor":21}],"player_experience":742876,"relics_obtained":[{"floor":7.0,"key":"Anchor"},{"floor":9.0,"key":"Singing Bowl"},{"floor":14.0,"key":"Matryoshka"}],"event_choices":[{"damage_healed":0.0,"max_hp_gain":0.0,"max_hp_loss":0.0,"gold_gain":0.0,"event_name":"Match and Keep!","player_choice":"0 cards matched","floor":2.0,"gold_loss":0.0,"damage_taken":0.0,"cards_obtained":[]},{"damage_healed":0,"gold_gain":0,"player_choice":"Read","damage_taken":0,"max_hp_gain":0,"max_hp_loss":0,"event_name":"The Library","floor":19,"gold_loss":0,"cards_obtained":["Gash"]}],"is_beta":false,"boss_relics":[{"not_picked":["Astrolabe","SacredBark"],"picked":"Inserter"}],"items_purged_floors":[],"is_endless":false,"potions_floor_spawned":[3,7,14,16,21],"killed_by":"Snake Plant","ascension_level":2}}