{"host":"e48gchmu8shm63ip","time":1608937285,"event":{"mods":["Abigail Mod","AchievementEnabler","Act Like it!","Bartender","BaseMod","Better Match","Better Note","Better Vampires","CapriCore","DeckTracker","Exacting","Fireblade Mod","Googly Eyes","Hallownest","Hermit","HololiveMod","Infinite Spire","Jorbs\u0027s Wanderer Trilogy","Koishi","Marisa????????","Minty Spire (QoL Compilation)","Railgun Mod","Rare Cards Sparkle","Relic Filter","Robot Space Explorer","Shade Mod","StSLib","The Animator","The Construct","The Death Knight","The Dragon Tamer","The Forsaken","The Immortal","The Judge","The Marked","The Poker Player","The Servant 0.9.4","TheFirefly","TheLocksmith","TheSwordswoman","Waifu the Spire"],"gold_per_floor":[114,127,141,189,39,64,64,64,64,64,64,83,114,125,125,226,226,243,168,178,178,178,195,195,195,195,208,208,57,71,100,100,195,195,214,214,234,234,234,234],"floor_reached":39,"playtime":1815,"items_purged":["RobotSpaceExplorer:Strike"],"score":418,"play_id":"9089fddc-9c50-4e1d-bb8d-050ca0a852cd","local_time":"20201226000125","is_ascension_mode":false,"campfire_choices":[{"data":"RobotSpaceExplorer:Pulsar","floor":8,"key":"SMITH"},{"floor":11,"key":"REST"},{"data":"RobotSpaceExplorer:MiniBoosters","floor":15,"key":"SMITH"},{"data":"RobotSpaceExplorer:PowerGlove","floor":24,"key":"SMITH"},{"floor":28,"key":"REST"},{"floor":32,"key":"REST"}],"circlet_count":0,"master_deck":["RobotSpaceExplorer:Strike","RobotSpaceExplorer:Strike","RobotSpaceExplorer:Defend","RobotSpaceExplorer:Defend","RobotSpaceExplorer:Defend","RobotSpaceExplorer:Defend","RobotSpaceExplorer:Scan","RobotSpaceExplorer:MiniLasers+1","RobotSpaceExplorer:ScrapToss","RobotSpaceExplorer:Pulsar","RobotSpaceExplorer:MiniBoosters+1","RobotSpaceExplorer:Pulsar+1","RobotSpaceExplorer:PowerGlove+1","RobotSpaceExplorer:LuckyStrike","RobotSpaceExplorer:StarLightning","RobotSpaceExplorer:DualCore","RobotSpaceExplorer:MiniBoosters","RobotSpaceExplorer:Comet","RobotSpaceExplorer:MiniDrones+1","RobotSpaceExplorer:Pulsar+1","RobotSpaceExplorer:LuckyStrike+1"],"relics":["RobotSpaceExplorer:RoboCore","Potion Belt","RobotSpaceExplorer:BottledGravity","Blue Candle","RobotSpaceExplorer:SearchSpecs","Sling","Philosopher\u0027s Stone"],"acts_visited":["Exordium","TheCity","TheBeyond"],"potions_floor_usage":[],"damage_taken":[{"damage":7,"enemies":"Cultist","floor":1,"turns":5},{"damage":0,"enemies":"Small Slimes","floor":2,"turns":4},{"damage":0,"enemies":"Jaw Worm","floor":3,"turns":4},{"damage":7,"enemies":"Large Slime","floor":4,"turns":6},{"damage":28,"enemies":"3 Sentries","floor":6,"turns":11},{"damage":0,"enemies":"Exordium Wildlife","floor":12,"turns":3},{"damage":0,"enemies":"Gremlin Nob","floor":13,"turns":4},{"damage":2,"enemies":"Blue Slaver","floor":14,"turns":3},{"damage":1,"enemies":"The Guardian","floor":16,"turns":8},{"damage":13,"enemies":"2 Thieves","floor":18,"turns":3},{"damage":9,"enemies":"Spheric Guardian","floor":20,"turns":4},{"damage":0,"enemies":"Cultist and Chosen","floor":23,"turns":5},{"damage":18,"enemies":"Centurion and Healer","floor":27,"turns":4},{"damage":16,"enemies":"Snecko","floor":30,"turns":5},{"damage":3,"enemies":"3 Cultists","floor":31,"turns":4},{"damage":14,"enemies":"Automaton","floor":33,"turns":8},{"damage":18,"enemies":"3 Shapes","floor":35,"turns":4},{"damage":5,"enemies":"Orb Walker","floor":37,"turns":5},{"damage":59,"enemies":"Time Eater","floor":39,"turns":4}],"seed_played":"6251752933813751048","potions_obtained":[{"floor":3,"key":"FearPotion"},{"floor":4,"key":"DeathKnight:BottledBloodEchoes"},{"floor":6,"key":"Dexterity Potion"},{"floor":13,"key":"AttackPotion"},{"floor":16,"key":"Energy Potion"},{"floor":27,"key":"RobotSpaceExplorer:RecyclePotion"}],"is_trial":false,"path_per_floor":["M","M","M","M","$","E","?","R","T","?","R","M","E","M","R","B",null,"M","?","M","?","?","M","R","?","T","M","R","$","M","M","R","B",null,"M","?","M","?","B"],"character_chosen":"RobotSpaceExplorer","items_purchased":["RobotSpaceExplorer:PowerGlove","Sling"],"campfire_rested":3,"item_purchase_floors":[5,29],"current_hp_per_floor":[75,75,75,68,68,40,40,40,40,40,64,64,64,62,62,61,82,69,69,60,60,60,60,60,60,60,42,66,66,50,47,71,69,82,64,64,59,59,0,0],"gold":234,"neow_bonus":"TEN_PERCENT_HP_BONUS","is_daily":false,"chose_seed":false,"campfire_upgraded":3,"win_rate":0.0,"timestamp":1608937285,"path_taken":["M","M","?","M","$","E","?","R","T","?","R","M","E","M","R","BOSS","M","?","M","?","?","?","R","?","T","M","R","$","M","M","R","BOSS","M","?","M","?","BOSS"],"items_purchased_type":["Card","Relic"],"build_version":"2020-12-22","purchased_purges":1,"victory":false,"max_hp_per_floor":[82,82,82,82,82,82,82,82,82,82,82,82,82,82,82,82,82,82,82,82,82,82,82,82,82,82,82,82,82,82,82,82,82,82,82,82,82,82,82,82],"card_choices":[{"not_picked":["RobotSpaceExplorer:Calculate","RobotSpaceExplorer:FrostMissile"],"picked":"RobotSpaceExplorer:ScrapToss","floor":1},{"not_picked":["RobotSpaceExplorer:Fix","RobotSpaceExplorer:BigMissile"],"picked":"RobotSpaceExplorer:Pulsar","floor":2},{"not_picked":["RobotSpaceExplorer:Reload","RobotSpaceExplorer:Counterblock"],"picked":"RobotSpaceExplorer:MiniBoosters","floor":3},{"not_picked":["RobotSpaceExplorer:Ammunition","RobotSpaceExplorer:SlimeMissile"],"picked":"RobotSpaceExplorer:Pulsar","floor":4},{"not_picked":["RobotSpaceExplorer:FrostMissile","RobotSpaceExplorer:MiniBoosters"],"picked":"RobotSpaceExplorer:LuckyStrike","floor":6},{"not_picked":["RobotSpaceExplorer:BigMissile","RobotSpaceExplorer:ScrapMissile"],"picked":"RobotSpaceExplorer:StarLightning","floor":12},{"not_picked":["RobotSpaceExplorer:ScrapToss","RobotSpaceExplorer:Probe"],"picked":"RobotSpaceExplorer:DualCore","floor":13},{"not_picked":["RobotSpaceExplorer:Probe","RobotSpaceExplorer:ImprovisedAttack"],"picked":"RobotSpaceExplorer:MiniBoosters","floor":14},{"not_picked":["RobotSpaceExplorer:Blaster","RobotSpaceExplorer:BlastShield"],"picked":"RobotSpaceExplorer:Comet","floor":16},{"not_picked":["RobotSpaceExplorer:GlueShot+1","RobotSpaceExplorer:BigMissile+1","RobotSpaceExplorer:FrostMissile"],"picked":"SKIP","floor":18},{"not_picked":["RobotSpaceExplorer:Counterblock+1","RobotSpaceExplorer:ScrapMissile+1"],"picked":"RobotSpaceExplorer:MiniDrones+1","floor":19},{"not_picked":["RobotSpaceExplorer:Counterblock","RobotSpaceExplorer:JunkDive+1","RobotSpaceExplorer:Reload"],"picked":"SKIP","floor":20},{"not_picked":["RobotSpaceExplorer:PowerCollector","RobotSpaceExplorer:Blitz","RobotSpaceExplorer:Calculate"],"picked":"SKIP","floor":23},{"not_picked":["RobotSpaceExplorer:GearShield","RobotSpaceExplorer:SelfCleaning","RobotSpaceExplorer:FranticSearch+1"],"picked":"SKIP","floor":27},{"not_picked":["RobotSpaceExplorer:RigExplosive+1","RobotSpaceExplorer:Ammunition","RobotSpaceExplorer:GlueShot"],"picked":"SKIP","floor":30},{"not_picked":["RobotSpaceExplorer:TurboDodge+1","RobotSpaceExplorer:FrostMissile","RobotSpaceExplorer:ToxicBomb"],"picked":"SKIP","floor":31},{"not_picked":["RobotSpaceExplorer:DoubleFind+1","RobotSpaceExplorer:SlimeMissile+1"],"picked":"RobotSpaceExplorer:Pulsar+1","floor":35},{"not_picked":["RobotSpaceExplorer:SurgingStrike+1","RobotSpaceExplorer:Smokescreen","RobotSpaceExplorer:Counterblock+1"],"picked":"SKIP","floor":35},{"not_picked":["RobotSpaceExplorer:DoubleBlock","RobotSpaceExplorer:SwiftStep+1"],"picked":"RobotSpaceExplorer:LuckyStrike+1","floor":37}],"player_experience":586521,"relics_obtained":[{"floor":6,"key":"Potion Belt"},{"floor":9,"key":"RobotSpaceExplorer:BottledGravity"},{"floor":13,"key":"Blue Candle"}],"event_choices":[{"damage_healed":0,"gold_gain":0,"player_choice":"Grow","damage_taken":0,"max_hp_gain":0,"max_hp_loss":0,"event_name":"Living Wall","floor":7,"gold_loss":0,"cards_upgraded":["RobotSpaceExplorer:MiniLasers"]},{"damage_healed":0,"gold_gain":0,"player_choice":"2","damage_taken":0,"max_hp_gain":0,"max_hp_loss":0,"event_name":"betterMatch:BetterMatch","floor":19,"gold_loss":0,"cards_obtained":["betterMatch:ColorlessUncommonCard","betterMatch:CommonCard"]},{"damage_healed":0,"gold_gain":0,"player_choice":"Ignored","damage_taken":0,"max_hp_gain":0,"max_hp_loss":0,"event_name":"betterNote:BetterNote","floor":21,"gold_loss":0,"cards_obtained":["Iron Wave"]},{"cards_removed":["RobotSpaceExplorer:Strike"],"damage_healed":0,"gold_gain":0,"player_choice":"Purged","damage_taken":0,"max_hp_gain":0,"max_hp_loss":0,"event_name":"Purifier","floor":22,"gold_loss":0},{"damage_healed":0,"gold_gain":0,"player_choice":"Ignored","damage_taken":0,"max_hp_gain":0,"max_hp_loss":0,"event_name":"Beggar","floor":25,"gold_loss":0},{"damage_healed":0,"gold_gain":0,"player_choice":"Took Portal","damage_taken":0,"max_hp_gain":0,"max_hp_loss":0,"event_name":"SecretPortal","floor":38,"gold_loss":0}],"is_beta":false,"boss_relics":[{"not_picked":["Empty Cage","construct:ClawGrip"],"picked":"RobotSpaceExplorer:SearchSpecs"},{"not_picked":["Busted Crown","Tiny House"],"picked":"Philosopher\u0027s Stone"}],"items_purged_floors":[5],"is_endless":false,"potions_floor_spawned":[3,4,13,16,18,27,31,35,37],"killed_by":"Time Eater","ascension_level":0}}