{"host":"d50bw6kybq14xu1u","time":1608892754,"event":{"mods":["BaseMod","Colored Map","Colored Powertips","Minty Spire (QoL Compilation)","Quick Restart"],"gold_per_floor":[116,131,131,146,74,101,119,119,119,149,163,163,163,163,163,263,263,273,288,313,313,339,339,339],"floor_reached":23,"playtime":726,"items_purged":[],"score":199,"play_id":"3979c1a2-2953-4d75-926a-093da04d2823","local_time":"20201225183914","is_ascension_mode":false,"campfire_choices":[{"floor":8,"key":"REST"},{"floor":12,"key":"REST"},{"data":"Infinite Blades","floor":15,"key":"SMITH"}],"circlet_count":0,"master_deck":["Strike_G","Strike_G+1","Strike_G","Strike_G","Strike_G+1","Defend_G","Defend_G","Defend_G","Defend_G","Defend_G","Survivor","Neutralize","Quick Slash","Poisoned Stab","Flying Knee","Infinite Blades+1","Tools of the Trade+1","Underhanded Strike","Heel Hook","After Image","CurseOfTheBell","Caltrops","Blade Dance+1","Tactician+1"],"relics":["Ring of the Snake","NeowsBlessing","WingedGreaves","Sundial","Mercury Hourglass","Calling Bell","Lantern","Darkstone Periapt","Calipers","Red Mask","Toy Ornithopter"],"acts_visited":["Exordium","TheCity"],"potions_floor_usage":[23,23],"damage_taken":[{"damage":0,"enemies":"Small Slimes","floor":1,"turns":1},{"damage":0,"enemies":"2 Louse","floor":2,"turns":1},{"damage":0,"enemies":"Cultist","floor":4,"turns":1},{"damage":23,"enemies":"Lagavulin","floor":6,"turns":6},{"damage":19,"enemies":"Exordium Wildlife","floor":7,"turns":4},{"damage":21,"enemies":"Gremlin Nob","floor":10,"turns":4},{"damage":0,"enemies":"Large Slime","floor":11,"turns":4},{"damage":24,"enemies":"Hexaghost","floor":16,"turns":9},{"damage":7,"enemies":"Chosen","floor":18,"turns":5},{"damage":19,"enemies":"Spheric Guardian","floor":19,"turns":4},{"damage":23,"enemies":"Masked Bandits","floor":20,"turns":4},{"damage":20,"enemies":"Gremlin Leader","floor":23,"turns":5}],"seed_played":"-7632739150154404870","potions_obtained":[{"floor":2,"key":"DuplicationPotion"},{"floor":6,"key":"PowerPotion"},{"floor":10,"key":"Fire Potion"},{"floor":11,"key":"Regen Potion"}],"is_trial":false,"path_per_floor":["M","M","?","M","$","E","M","R","T","E","M","R","?","?","R","B",null,"M","M","?","?","T","E"],"character_chosen":"THE_SILENT","items_purchased":["Infinite Blades"],"campfire_rested":2,"item_purchase_floors":[5],"current_hp_per_floor":[70,70,56,56,56,33,14,35,35,14,14,35,35,35,35,11,70,63,44,21,8,8,12,12],"gold":339,"neow_bonus":"THREE_ENEMY_KILL","is_daily":false,"chose_seed":false,"campfire_upgraded":1,"win_rate":0.0,"timestamp":1608892754,"path_taken":["M","M","?","M","$","E","M","R","T","E","M","R","?","?","R","BOSS","M","?","?","?","?","E"],"items_purchased_type":["Card"],"build_version":"2020-12-22","purchased_purges":0,"victory":false,"max_hp_per_floor":[70,70,70,70,70,70,70,70,70,70,70,70,70,70,70,70,70,70,70,70,75,75,75,75],"card_choices":[{"not_picked":["Sucker Punch","Backflip"],"picked":"Quick Slash","floor":1},{"not_picked":["Terror","Catalyst"],"picked":"Poisoned Stab","floor":2},{"not_picked":["Caltrops","Finisher"],"picked":"Flying Knee","floor":4},{"not_picked":["Outmaneuver","PiercingWail"],"picked":"Tools of the Trade","floor":6},{"not_picked":["Acrobatics","Footwork"],"picked":"Underhanded Strike","floor":7},{"not_picked":["Bane","PiercingWail"],"picked":"Heel Hook","floor":10},{"not_picked":["Masterful Stab","Dash","Choke"],"picked":"SKIP","floor":11},{"not_picked":["Malaise","Unload"],"picked":"After Image","floor":16},{"not_picked":["Underhanded Strike","Bane"],"picked":"Caltrops","floor":18},{"not_picked":["Dagger Spray","Sucker Punch+1"],"picked":"Blade Dance+1","floor":19},{"not_picked":["Terror","Deflect+1"],"picked":"Tactician+1","floor":20}],"player_experience":13698,"relics_obtained":[{"floor":6,"key":"WingedGreaves"},{"floor":9,"key":"Sundial"},{"floor":10,"key":"Mercury Hourglass"},{"floor":17,"key":"Lantern"},{"floor":17,"key":"Darkstone Periapt"},{"floor":17,"key":"Calipers"},{"floor":20,"key":"Red Mask"},{"floor":22,"key":"Toy Ornithopter"}],"event_choices":[{"damage_healed":0,"gold_gain":0,"player_choice":"Entered Light","damage_taken":14,"max_hp_gain":0,"max_hp_loss":0,"event_name":"Shining Light","floor":3,"gold_loss":0,"cards_upgraded":["Strike_G","Strike_G"]},{"damage_healed":0,"gold_gain":0,"player_choice":"Grow","damage_taken":0,"max_hp_gain":0,"max_hp_loss":0,"event_name":"Living Wall","floor":13,"gold_loss":0,"cards_upgraded":["Tools of the Trade"]},{"damage_healed":0,"gold_gain":0,"player_choice":"Ignored","damage_taken":0,"max_hp_gain":0,"max_hp_loss":0,"event_name":"NoteForYourself","floor":14,"gold_loss":0},{"damage_healed":0,"gold_gain":0,"player_choice":"Fought Bandits","damage_taken":0,"max_hp_gain":0,"max_hp_loss":0,"event_name":"Masked Bandits","floor":20,"gold_loss":0},{"damage_healed":0,"gold_gain":0,"player_choice":"Shed Blood","damage_taken":18,"max_hp_gain":5,"max_hp_loss":0,"event_name":"Forgotten Altar","floor":21,"gold_loss":0}],"is_beta":false,"boss_relics":[{"not_picked":["SacredBark","Runic Dome"],"picked":"Calling Bell"}],"items_purged_floors":[],"is_endless":false,"potions_floor_spawned":[2,6,10,11,19],"killed_by":"Gremlin Leader","ascension_level":0}}