{"host":"ppno391ju7318je5","time":1608856546,"event":{"mods":["AchievementEnabler","BaseMod","DeckTracker","Keyboard Shortcuts","Minty Spire (QoL Compilation)"],"gold_per_floor":[111,111,131,81,156,185,197,222,222,222,232,232,251,251,251,353,403,421,440,59,76,76,104,104,131,131,161,161,179,179,192,192,287,287,307,53,68,68,79,113,165,190,190,219,219,18,50,63,63,63,63,63,13,46,46],"floor_reached":56,"playtime":5022,"items_purged":["Strike_G"],"score":1521,"play_id":"4ad5e82d-0fff-4b79-bd62-2af4aaa3c40e","local_time":"20201225013546","is_ascension_mode":true,"campfire_choices":[{"data":"Neutralize","floor":10.0,"key":"SMITH"},{"data":"Poisoned Stab","floor":12.0,"key":"SMITH"},{"floor":15.0,"key":"REST"},{"data":"1","floor":24.0,"key":"LIFT"},{"floor":30.0,"key":"REST"},{"data":"2","floor":32.0,"key":"LIFT"},{"floor":49,"key":"RECALL"},{"data":"3","floor":52,"key":"LIFT"}],"circlet_count":0,"master_deck":["Strike_G","Strike_G","Strike_G","Strike_G","Defend_G","Defend_G","Defend_G","Defend_G","Survivor","Neutralize+1","Backflip","Poisoned Stab+1","Leg Sweep+1","Deflect+1","Prepared+1","Deflect+1","Quick Slash+1","Doppelganger+1","Catalyst+1","Blur+1","Deadly Poison+1","After Image","Crippling Poison+1","Night Terror+1","Backflip+1","Cloak And Dagger+1","Prepared+1","Cloak And Dagger+1","Prepared+1","Sucker Punch+1","Crippling Poison+1","Blur+1","Flying Knee+1","Outmaneuver+1","Flying Knee","Well Laid Plans","Quick Slash","Flying Knee+1","Cloak And Dagger+1","Acrobatics+1"],"relics":["Ring of the Snake","NeowsBlessing","Toxic Egg 2","Gremlin Horn","Bag of Marbles","CaptainsWheel","Tiny House","Girya","Bronze Scales","Shuriken","Question Card","Snake Skull","SlaversCollar","Kunai","FossilizedHelix","Lizard Tail","Boot","MealTicket","Blood Vial","Paper Crane","Sundial"],"acts_visited":["Exordium","TheCity","TheBeyond","TheEnding"],"potions_floor_usage":[50,54,54],"damage_taken":[{"damage":0.0,"enemies":"Jaw Worm","floor":1.0,"turns":1.0},{"damage":0.0,"enemies":"2 Louse","floor":3.0,"turns":1.0},{"damage":0.0,"enemies":"3 Sentries","floor":6.0,"turns":1.0},{"damage":0.0,"enemies":"Small Slimes","floor":7.0,"turns":3.0},{"damage":20.0,"enemies":"Lagavulin","floor":8.0,"turns":11.0},{"damage":0.0,"enemies":"Exordium Wildlife","floor":11.0,"turns":3.0},{"damage":0.0,"enemies":"3 Louse","floor":13.0,"turns":3.0},{"damage":20.0,"enemies":"The Guardian","floor":16.0,"turns":14.0},{"damage":0.0,"enemies":"Chosen","floor":18.0,"turns":4.0},{"damage":0.0,"enemies":"3 Byrds","floor":19.0,"turns":10.0},{"damage":0.0,"enemies":"3 Cultists","floor":21.0,"turns":7.0},{"damage":3.0,"enemies":"Book of Stabbing","floor":23.0,"turns":7.0},{"damage":29.0,"enemies":"Slavers","floor":25.0,"turns":10.0},{"damage":22.0,"enemies":"Gremlin Leader","floor":27.0,"turns":6.0},{"damage":1.0,"enemies":"Centurion and Healer","floor":29.0,"turns":8.0},{"damage":0.0,"enemies":"Snecko","floor":31.0,"turns":4.0},{"damage":18.0,"enemies":"Collector","floor":33.0,"turns":9.0},{"damage":0.0,"enemies":"3 Shapes","floor":35.0,"turns":3.0},{"damage":1.0,"enemies":"Orb Walker","floor":37.0,"turns":3.0},{"damage":3.0,"enemies":"Writhing Mass","floor":39.0,"turns":9.0},{"damage":13.0,"enemies":"Giant Head","floor":40.0,"turns":9.0},{"damage":47.0,"enemies":"2 Orb Walkers","floor":41.0,"turns":10.0},{"damage":0.0,"enemies":"Reptomancer","floor":42.0,"turns":5.0},{"damage":0.0,"enemies":"Nemesis","floor":44.0,"turns":3.0},{"damage":0.0,"enemies":"Giant Head","floor":47.0,"turns":6.0},{"damage":0.0,"enemies":"Spire Growth","floor":48.0,"turns":6.0},{"damage":13,"enemies":"Time Eater","floor":50,"turns":12},{"damage":19,"enemies":"Shield and Spear","floor":54,"turns":7},{"damage":27,"enemies":"The Heart","floor":55,"turns":11}],"seed_played":"-4404322734864569337","potions_obtained":[{"floor":1.0,"key":"ColorlessPotion"},{"floor":11.0,"key":"DuplicationPotion"},{"floor":13.0,"key":"CunningPotion"},{"floor":16.0,"key":"Dexterity Potion"},{"floor":21.0,"key":"Block Potion"},{"floor":23.0,"key":"BlessingOfTheForge"},{"floor":25.0,"key":"ColorlessPotion"},{"floor":31.0,"key":"SkillPotion"},{"floor":41.0,"key":"Explosive Potion"},{"floor":42.0,"key":"Weak Potion"},{"floor":44.0,"key":"Explosive Potion"},{"floor":47.0,"key":"Fire Potion"}],"is_trial":false,"path_per_floor":["M","?","M","?","?","E","M","E","T","R","M","R","M","?","R","B",null,"M","M","$","M","?","E","R","E","T","E","?","M","R","M","R","B",null,"M","$","M","?","M","E","?","E","T","E","?","$","E","M","R","B",null,"R","$","E","B",null],"character_chosen":"THE_SILENT","items_purchased":["Girya","After Image","Kunai","Well Laid Plans","Quick Slash","Block Potion"],"campfire_rested":2,"item_purchase_floors":[20,20,36,46,46,53],"current_hp_per_floor":[70,70,70,70,59,59,59,39,39,39,39,39,39,21,42,22,75,75,75,75,75,61,58,58,29,29,7,7,6,30,30,30,12,80,80,80,79,79,76,63,16,16,16,16,16,31,33,35,35,24,76,76,76,57,32],"gold":46,"neow_bonus":"THREE_ENEMY_KILL","is_daily":false,"chose_seed":false,"campfire_upgraded":2,"win_rate":0.0,"timestamp":1608856546,"path_taken":["M","?","M","?","?","E","M","E","T","R","?","R","M","?","R","BOSS","M","M","$","M","?","E","R","E","T","E","?","M","R","M","R","BOSS","M","$","M","?","?","E","?","E","T","E","?","$","E","M","R","BOSS","R","$","E","BOSS"],"items_purchased_type":["Relic","Card","Relic","Card","Card","Potion"],"build_version":"2020-12-22","purchased_purges":1,"victory":true,"max_hp_per_floor":[70,70,70,70,70,70,70,70,70,70,70,70,70,70,70,70,75,75,75,75,75,80,80,80,80,80,80,80,80,80,80,80,80,80,80,80,80,80,80,80,80,80,80,80,76,76,76,76,76,76,76,76,76,76,76],"card_choices":[{"not_picked":["Dash","Expertise"],"picked":"Backflip","floor":1.0},{"not_picked":["Endless Agony","Eviscerate"],"picked":"Poisoned Stab","floor":3.0},{"not_picked":["Tools of the Trade","Well Laid Plans"],"picked":"Leg Sweep+1","floor":6.0},{"not_picked":["Quick Slash","Well Laid Plans"],"picked":"Deflect+1","floor":7.0},{"not_picked":["Eviscerate","Bouncing Flask+1"],"picked":"Prepared+1","floor":8.0},{"not_picked":["Dagger Spray","Underhanded Strike"],"picked":"Deflect+1","floor":11.0},{"not_picked":["All Out Attack","Dagger Spray"],"picked":"Quick Slash","floor":13.0},{"not_picked":["Wraith Form v2","Die Die Die"],"picked":"Doppelganger+1","floor":16.0},{"not_picked":["Sucker Punch","Deflect+1"],"picked":"Catalyst+1","floor":17.0},{"not_picked":["Quick Slash","Finisher+1"],"picked":"Blur+1","floor":18.0},{"not_picked":["Tactician+1","Dodge and Roll+1"],"picked":"Deadly Poison+1","floor":19.0},{"not_picked":["Blade Dance+1","Sucker Punch"],"picked":"Crippling Poison+1","floor":21.0},{"not_picked":["Dash","Underhanded Strike+1"],"picked":"Night Terror+1","floor":23.0},{"not_picked":["Phantasmal Killer+1","Prepared+1"],"picked":"Backflip+1","floor":25.0},{"not_picked":["Bane","Predator+1","Finisher"],"picked":"Cloak And Dagger+1","floor":27.0},{"not_picked":["Dodge and Roll+1","Flying Knee","Endless Agony"],"picked":"Prepared+1","floor":29.0},{"not_picked":["Prepared+1","Escape Plan+1","Finisher"],"picked":"Cloak And Dagger+1","floor":31.0},{"not_picked":["Dagger Throw","Slice","Dagger Spray"],"picked":"Prepared+1","floor":35.0},{"not_picked":["Slice","Bane+1","Leg Sweep+1"],"picked":"Sucker Punch+1","floor":37.0},{"not_picked":["Slice","Endless Agony","Dash"],"picked":"Crippling Poison+1","floor":39.0},{"not_picked":["Underhanded Strike+1","Dagger Throw","Prepared+1"],"picked":"Blur+1","floor":40.0},{"not_picked":["Backflip+1","Skewer","Calculated Gamble+1"],"picked":"Flying Knee+1","floor":41.0},{"not_picked":["Caltrops","Eviscerate+1","Finisher+1"],"picked":"Outmaneuver+1","floor":42.0},{"not_picked":["Endless Agony","PiercingWail+1","A Thousand Cuts"],"picked":"Flying Knee","floor":44.0},{"not_picked":["Cloak And Dagger+1","Dodge and Roll+1","Deadly Poison+1"],"picked":"Flying Knee+1","floor":47.0},{"not_picked":["Dagger Throw","Slice","PiercingWail+1"],"picked":"Cloak And Dagger+1","floor":48.0},{"not_picked":["Crippling Poison+1","Deadly Poison+1","Noxious Fumes"],"picked":"Acrobatics+1","floor":54}],"player_experience":89395,"relics_obtained":[{"floor":6.0,"key":"Gremlin Horn"},{"floor":8.0,"key":"Bag of Marbles"},{"floor":23.0,"key":"Bronze Scales"},{"floor":25.0,"key":"Shuriken"},{"floor":26.0,"key":"Question Card"},{"floor":27.0,"key":"Snake Skull"},{"floor":40.0,"key":"FossilizedHelix"},{"floor":41.0,"key":"Lizard Tail"},{"floor":42.0,"key":"Boot"},{"floor":43.0,"key":"MealTicket"},{"floor":44.0,"key":"Blood Vial"},{"floor":47.0,"key":"Paper Crane"},{"floor":54,"key":"Sundial"}],"event_choices":[{"damage_healed":0.0,"max_hp_gain":0.0,"max_hp_loss":0.0,"gold_gain":0.0,"event_name":"Big Fish","player_choice":"Box","floor":2.0,"gold_loss":0.0,"damage_taken":0.0,"relics_obtained":["Toxic Egg 2"],"cards_obtained":["Regret"]},{"cards_removed":["Regret"],"damage_healed":0.0,"max_hp_gain":0.0,"max_hp_loss":0.0,"gold_gain":0.0,"event_name":"The Cleric","player_choice":"Card Removal","floor":4.0,"gold_loss":50.0,"damage_taken":0.0},{"damage_healed":0.0,"max_hp_gain":0.0,"max_hp_loss":0.0,"gold_gain":75.0,"event_name":"World of Goop","player_choice":"Gather Gold","floor":5.0,"gold_loss":0.0,"damage_taken":11.0},{"damage_healed":0.0,"max_hp_gain":0.0,"max_hp_loss":0.0,"gold_gain":0.0,"event_name":"Scrap Ooze","player_choice":"Success","floor":14.0,"gold_loss":0.0,"damage_taken":18.0,"relics_obtained":["CaptainsWheel"]},{"damage_healed":0.0,"max_hp_gain":5.0,"max_hp_loss":0.0,"gold_gain":0.0,"event_name":"Forgotten Altar","player_choice":"Shed Blood","floor":22.0,"gold_loss":0.0,"damage_taken":19.0},{"damage_healed":0.0,"max_hp_gain":0.0,"max_hp_loss":0.0,"gold_gain":0.0,"event_name":"Vampires","player_choice":"Ignored","floor":28.0,"gold_loss":0.0,"damage_taken":0.0},{"cards_removed":["Defend_G"],"damage_healed":0.0,"max_hp_gain":0.0,"max_hp_loss":0.0,"gold_gain":0.0,"event_name":"Wheel of Change","player_choice":"Card Removal","floor":38.0,"gold_loss":0.0,"damage_taken":0.0},{"damage_healed":0.0,"max_hp_gain":0.0,"max_hp_loss":0.0,"gold_gain":0.0,"event_name":"Mysterious Sphere","player_choice":"Fight","floor":41.0,"gold_loss":0.0,"damage_taken":0.0},{"damage_healed":0.0,"max_hp_gain":0.0,"max_hp_loss":4.0,"gold_gain":0.0,"event_name":"Winding Halls","player_choice":"Max HP","floor":45.0,"gold_loss":0.0,"damage_taken":0.0}],"is_beta":false,"boss_relics":[{"not_picked":["SacredBark","Fusion Hammer"],"picked":"Tiny House"},{"not_picked":["HoveringKite","Velvet Choker"],"picked":"SlaversCollar"}],"items_purged_floors":[46],"is_endless":false,"potions_floor_spawned":[1,11,13,16,21,23,25,31,41,42,44,47],"ascension_level":2}}