{"host":"d50bw6kybq14xu1u","time":1608894312,"event":{"mods":["BaseMod","Colored Map","Colored Powertips","Minty Spire (QoL Compilation)","Quick Restart"],"gold_per_floor":[117,131,131,131,5,34,53,53,53,70,70,102,102,118,118,219,219,233,158,184,84,96,124,124,137,137,166,166,183,109,109,109,211,211,222,222,232,232,251,277,297,297,351,363,382,40,40,67,67,67],"floor_reached":51,"playtime":1543,"items_purged":["Defend_G","Defend_G","Pain"],"score":805,"play_id":"7391b91a-6cfc-4376-87cd-2c0a5394ad62","local_time":"20201225190512","is_ascension_mode":false,"campfire_choices":[{"data":"Deadly Poison","floor":15,"key":"SMITH"},{"data":"Corpse Explosion","floor":24,"key":"SMITH"},{"data":"Poisoned Stab","floor":32,"key":"SMITH"},{"floor":42,"key":"REST"},{"data":"Corpse Explosion","floor":47,"key":"SMITH"},{"floor":49,"key":"REST"}],"circlet_count":0,"master_deck":["Strike_G+1","Strike_G+1","Strike_G+1","Defend_G+1","Defend_G+1","Survivor","Neutralize+1","Backflip","Deadly Poison","Prepared","Deadly Poison+1","Deadly Poison","Corpse Explosion+1","Poisoned Stab+1","Wraith Form v2","Slice","Crippling Poison","Corpse Explosion+1","Mind Blast","Deadly Poison+1","Shame","Poisoned Stab"],"relics":["Busted Crown","Blood Vial","Ginger","MealTicket","Ancient Tea Set","InkBottle","HoveringKite","Red Mask","Bottled Lightning","Lizard Tail","PreservedInsect","Cursed Key","WarpedTongs","Strawberry","Bag of Preparation","Anchor","Dream Catcher"],"acts_visited":["Exordium","TheCity","TheBeyond"],"potions_floor_usage":[12,12,33,33,33,33,50,50],"damage_taken":[{"damage":0,"enemies":"Cultist","floor":1,"turns":4},{"damage":0,"enemies":"Small Slimes","floor":2,"turns":4},{"damage":37,"enemies":"Lagavulin","floor":6,"turns":9},{"damage":0,"enemies":"Jaw Worm","floor":7,"turns":3},{"damage":0,"enemies":"Blue Slaver","floor":10,"turns":3},{"damage":9,"enemies":"Gremlin Nob","floor":12,"turns":4},{"damage":3,"enemies":"3 Louse","floor":14,"turns":3},{"damage":6,"enemies":"The Guardian","floor":16,"turns":8},{"damage":6,"enemies":"Chosen","floor":18,"turns":4},{"damage":9,"enemies":"Masked Bandits","floor":20,"turns":4},{"damage":2,"enemies":"Shell Parasite","floor":22,"turns":3},{"damage":32,"enemies":"Slavers","floor":23,"turns":3},{"damage":17,"enemies":"Snecko","floor":25,"turns":4},{"damage":25,"enemies":"Gremlin Leader","floor":27,"turns":5},{"damage":6,"enemies":"Centurion and Healer","floor":29,"turns":4},{"damage":2,"enemies":"Collector","floor":33,"turns":5},{"damage":4,"enemies":"Orb Walker","floor":35,"turns":3},{"damage":3,"enemies":"3 Shapes","floor":37,"turns":3},{"damage":26,"enemies":"Spire Growth","floor":39,"turns":5},{"damage":19,"enemies":"Nemesis","floor":40,"turns":5},{"damage":3,"enemies":"Jaw Worm Horde","floor":41,"turns":3},{"damage":8,"enemies":"Sphere and 2 Shapes","floor":44,"turns":3},{"damage":14,"enemies":"Spire Growth","floor":45,"turns":4},{"damage":16,"enemies":"Reptomancer","floor":48,"turns":3},{"damage":28,"enemies":"Donu and Deca","floor":50,"turns":5}],"seed_played":"-4519718832448974945","potions_obtained":[{"floor":6,"key":"Swift Potion"},{"floor":10,"key":"AttackPotion"},{"floor":16,"key":"EntropicBrew"},{"floor":22,"key":"BlessingOfTheForge"},{"floor":33,"key":"Energy Potion"},{"floor":41,"key":"Block Potion"},{"floor":48,"key":"GhostInAJar"}],"is_trial":false,"path_per_floor":["M","M","T","?","$","E","M","?","T","M","?","E","?","M","R","B",null,"M","?","?","$","M","E","R","M","T","E","?","M","$","?","R","B",null,"M","?","M","?","M","E","M","R","T","M","M","$","R","E","R","B",null],"character_chosen":"THE_SILENT","items_purchased":["Block Potion","Crippling Poison","Anchor","DistilledChaos"],"campfire_rested":2,"item_purchase_floors":[5,30,46,46],"current_hp_per_floor":[70,70,70,45,45,10,12,12,12,14,14,7,70,67,67,63,70,64,64,57,70,68,38,38,23,23,35,35,31,46,46,46,46,70,66,66,65,65,41,31,30,53,53,47,35,50,50,36,59,33],"gold":67,"neow_bonus":"BOSS_RELIC","is_daily":false,"chose_seed":false,"campfire_upgraded":4,"win_rate":0.0,"timestamp":1608894312,"path_taken":["M","M","?","?","$","E","M","?","T","?","?","E","?","?","R","BOSS","M","?","?","$","M","E","R","M","T","E","?","M","?","?","R","BOSS","M","?","M","?","M","E","M","R","T","M","M","$","R","E","R","BOSS"],"items_purchased_type":["Potion","Card","Relic","Potion"],"build_version":"2020-12-22","purchased_purges":3,"victory":true,"max_hp_per_floor":[70,70,70,70,70,70,70,70,70,70,70,70,70,70,70,70,70,70,70,70,70,70,70,70,70,70,70,70,70,70,70,70,70,70,70,70,70,70,70,77,77,77,77,77,77,77,77,77,77,77],"card_choices":[{"not_picked":[],"picked":"Backflip","floor":1},{"not_picked":[],"picked":"Deadly Poison","floor":2},{"not_picked":[],"picked":"Prepared","floor":6},{"not_picked":[],"picked":"Deadly Poison","floor":7},{"not_picked":[],"picked":"Deadly Poison","floor":10},{"not_picked":[],"picked":"Distraction","floor":12},{"not_picked":["Leg Sweep"],"picked":"SKIP","floor":14},{"not_picked":[],"picked":"Corpse Explosion","floor":16},{"not_picked":["Tactician+1"],"picked":"SKIP","floor":18},{"not_picked":["Acrobatics"],"picked":"SKIP","floor":22},{"not_picked":["PiercingWail"],"picked":"SKIP","floor":23},{"not_picked":[],"picked":"Poisoned Stab","floor":25},{"not_picked":["Slice"],"picked":"SKIP","floor":27},{"not_picked":["Escape Plan+1"],"picked":"SKIP","floor":29},{"not_picked":[],"picked":"Corpse Explosion","floor":33},{"not_picked":["PiercingWail"],"picked":"SKIP","floor":35},{"not_picked":[],"picked":"Mind Blast","floor":36},{"not_picked":[],"picked":"Deadly Poison+1","floor":37},{"not_picked":["PiercingWail"],"picked":"SKIP","floor":39},{"not_picked":["Acrobatics+1"],"picked":"SKIP","floor":40},{"not_picked":["Dagger Spray"],"picked":"SKIP","floor":41},{"not_picked":["Dodge and Roll+1"],"picked":"SKIP","floor":44},{"not_picked":[],"picked":"Poisoned Stab","floor":45},{"not_picked":["Outmaneuver+1"],"picked":"SKIP","floor":48}],"player_experience":13698,"relics_obtained":[{"floor":3,"key":"Blood Vial"},{"floor":6,"key":"MealTicket"},{"floor":9,"key":"Ancient Tea Set"},{"floor":12,"key":"InkBottle"},{"floor":20,"key":"Red Mask"},{"floor":23,"key":"Bottled Lightning"},{"floor":26,"key":"Lizard Tail"},{"floor":27,"key":"PreservedInsect"},{"floor":40,"key":"Strawberry"},{"floor":43,"key":"Bag of Preparation"},{"floor":48,"key":"Dream Catcher"}],"event_choices":[{"damage_healed":0,"gold_gain":0,"player_choice":"Success","damage_taken":25,"relics_obtained":["Ginger"],"max_hp_gain":0,"max_hp_loss":0,"event_name":"Scrap Ooze","floor":4,"gold_loss":0},{"damage_healed":0,"gold_gain":0,"player_choice":"Grow","damage_taken":0,"max_hp_gain":0,"max_hp_loss":0,"event_name":"Living Wall","floor":8,"gold_loss":0,"cards_upgraded":["Neutralize"]},{"damage_healed":0,"gold_gain":0,"player_choice":"Ignored","damage_taken":0,"max_hp_gain":0,"max_hp_loss":0,"event_name":"Golden Wing","floor":11,"gold_loss":0},{"cards_removed":["Distraction"],"damage_healed":63,"gold_gain":0,"player_choice":"Offered Uncommon","damage_taken":0,"max_hp_gain":0,"max_hp_loss":0,"event_name":"Bonfire Elementals","floor":13,"gold_loss":0},{"cards_removed":["Defend_G"],"damage_healed":0,"gold_gain":0,"player_choice":"Gave Gold","damage_taken":0,"max_hp_gain":0,"max_hp_loss":0,"event_name":"Beggar","floor":19,"gold_loss":75},{"damage_healed":0,"gold_gain":0,"player_choice":"Fought Bandits","damage_taken":0,"max_hp_gain":0,"max_hp_loss":0,"event_name":"Masked Bandits","floor":20,"gold_loss":0},{"damage_healed":0,"gold_gain":0,"cards_transformed":["Strike_G","Strike_G"],"player_choice":"Became Test Subject","damage_taken":0,"max_hp_gain":0,"max_hp_loss":0,"event_name":"Drug Dealer","floor":28,"gold_loss":0,"cards_obtained":["Wraith Form v2","Slice"]},{"damage_healed":0,"gold_gain":0,"player_choice":"Simplicity","damage_taken":0,"max_hp_gain":0,"max_hp_loss":0,"event_name":"Back to Basics","floor":31,"gold_loss":0,"cards_upgraded":["Strike_G","Strike_G","Strike_G","Defend_G","Defend_G"]},{"damage_healed":0,"gold_gain":0,"player_choice":"Memory 1","damage_taken":0,"max_hp_gain":0,"max_hp_loss":0,"event_name":"SensoryStone","floor":36,"gold_loss":0},{"damage_healed":0,"gold_gain":0,"player_choice":"Rummage","damage_taken":0,"relics_obtained":["WarpedTongs"],"max_hp_gain":0,"max_hp_loss":0,"event_name":"Accursed Blacksmith","floor":38,"gold_loss":0,"cards_obtained":["Pain"]}],"is_beta":false,"boss_relics":[{"not_picked":["SlaversCollar","Snecko Eye"],"picked":"HoveringKite"},{"not_picked":["Velvet Choker","Coffee Dripper"],"picked":"Cursed Key"}],"items_purged_floors":[5,21,46],"is_endless":false,"potions_floor_spawned":[6,10,16,22,25,27,33,40,41,44,45,48],"ascension_level":0}}