{"host":"89frlrzg3lfsymiq","time":1608927455,"event":{"mods":["2.2 Compatiblity","AchievementEnabler","Aspiration","BaseMod","Better Altar","Better Match","Better Note","Better Sensory Stone","Better Skull","Better Third Choice","Conspire","Downfall","GifTheSpireLib","Halation","Highlight Path","Hubris","Minty Spire (QoL Compilation)","Permanent Neow","Quick Restart","StSLib","The Blue Laboratory","The Cursed","The Jungle","The Necromancer","The Runesmith"],"gold_per_floor":[99,116,136,147,147,178,178,198,229,249,264,276,276,162,175,175,175,175],"floor_reached":16,"playtime":1064,"items_purged":[],"score":116,"play_id":"3d9dd508-6d12-4e68-8e9e-580e1f82e18a","local_time":"20201225151735","is_ascension_mode":false,"campfire_choices":[{"data":"champ:Taunt","floor":1,"key":"SMITH"},{"floor":13,"key":"REST"}],"circlet_count":0,"master_deck":["champ:Strike","champ:Strike","champ:Strike","champ:Defend","champ:Defend","champ:Defend","champ:Defend","champ:Execute","champ:Taunt+1","champ:FanOfKnives","champ:CalledShot","champ:BringItOn","champ:BerserkersShout","champ:RisingSlash","champ:PreciseThrust","champ:RisingSlash","champ:Haymaker","champ:Haymaker","champ:StanceDance","champ:ShieldWall","champ:RapidStrikes"],"relics":["champ:ChampionCrown","Toy Ornithopter","CaptainsWheel","halation:AfternoonTea"],"acts_visited":["Exordium"],"potions_floor_usage":[9,9,10,16],"damage_taken":[{"damage":8,"enemies":"Jaw Worm","floor":2,"turns":3},{"damage":13,"enemies":"Cultist","floor":3,"turns":4},{"damage":11,"enemies":"Small Slimes","floor":4,"turns":3},{"damage":54,"enemies":"3 Sentries","floor":6,"turns":6},{"damage":18,"enemies":"Blue Slaver","floor":8,"turns":5},{"damage":29,"enemies":"Lagavulin","floor":9,"turns":4},{"damage":46,"enemies":"Exordium Thugs","floor":10,"turns":6},{"damage":7,"enemies":"2 Fungi Beasts","floor":11,"turns":3},{"damage":4,"enemies":"Red Slaver","floor":12,"turns":4},{"damage":17,"enemies":"downfall:FleeingMerchant","floor":14,"turns":4},{"damage":16,"enemies":"Blue Slaver","floor":15,"turns":3},{"damage":46,"enemies":"downfall:Ironclad","floor":16,"turns":6}],"seed_played":"-903091486452450938","potions_obtained":[{"floor":3,"key":"Strength Potion"},{"floor":6,"key":"LiquidBronze"},{"floor":8,"key":"blueLaboratory:FruitPunch"},{"floor":9,"key":"SkillPotion"}],"is_trial":false,"path_per_floor":["R","M","M","M","?","E","T","M","E","M","M","M","R","$","M","B"],"character_chosen":"THE_CHAMP","items_purchased":["champ:StanceDance","champ:ShieldWall"],"campfire_rested":1,"item_purchase_floors":[14,14],"current_hp_per_floor":[90,87,79,76,76,40,40,31,25,8,7,3,30,44,31,0,0,0],"gold":175,"neow_bonus":"THREE_CARDS","is_daily":false,"chose_seed":false,"campfire_upgraded":1,"win_rate":0.0,"timestamp":1608927455,"path_taken":["R","M","M","M","?","E","T","M","E","M","M","?","R","$","M","BOSS"],"items_purchased_type":["Card","Card"],"build_version":"2020-12-22","purchased_purges":0,"victory":false,"max_hp_per_floor":[90,90,90,90,90,90,90,90,92,92,92,92,92,92,92,92,92,92],"card_choices":[{"not_picked":["champ:FalseCounter","champ:ShieldWall"],"picked":"champ:FanOfKnives","floor":0},{"not_picked":["champ:Lariat","champ:StanceDance"],"picked":"champ:CalledShot","floor":2},{"not_picked":["champ:Backstep","champ:GladiatorStyle"],"picked":"champ:BringItOn","floor":3},{"not_picked":["champ:BladeFlurry","champ:EndlessRage"],"picked":"champ:BerserkersShout","floor":4},{"not_picked":["champ:FocusedBerserking","champ:FlashCut"],"picked":"champ:PreciseThrust","floor":6},{"not_picked":["champ:Backstep","champ:FlashCut"],"picked":"champ:RisingSlash","floor":8},{"not_picked":["champ:FlashCut","champ:SkillfulDodge","champ:FocusedBerserking"],"picked":"SKIP","floor":9},{"not_picked":["champ:FightOn","champ:DefensiveShout","champ:EndlessRage"],"picked":"SKIP","floor":10},{"not_picked":["champ:StanceDance","champ:BerserkersShout"],"picked":"champ:Haymaker","floor":11},{"not_picked":["champ:HeartStrike","champ:BerserkersShout","champ:ArenaPreparation"],"picked":"SKIP","floor":12},{"not_picked":["champ:Circumvent","champ:Riposte"],"picked":"champ:Haymaker","floor":14},{"not_picked":["champ:IronFortress","champ:CrownThrow"],"picked":"champ:RapidStrikes","floor":15}],"player_experience":210994,"relics_obtained":[{"floor":6,"key":"Toy Ornithopter"},{"floor":7,"key":"CaptainsWheel"},{"floor":9,"key":"halation:AfternoonTea"}],"event_choices":[{"damage_healed":0,"gold_gain":0,"cards_transformed":["champ:Strike"],"player_choice":"Transformed","damage_taken":0,"max_hp_gain":0,"max_hp_loss":0,"event_name":"Transmorgrifier","floor":5,"gold_loss":0,"cards_obtained":["champ:RisingSlash"]}],"is_beta":false,"boss_relics":[],"items_purged_floors":[],"is_endless":false,"potions_floor_spawned":[3,6,8,9],"killed_by":"downfall:Ironclad","ascension_level":0}}