{"host":"9l1knhxfturzliqa","time":1608878797,"event":{"mods":["BaseMod","Colored Map","Colored Powertips","DeckTracker","Highlight Path","Keyboard Shortcuts","Minty Spire (QoL Compilation)","Quick Restart","Random Character Button"],"gold_per_floor":[117,129,140,152,167,167,181,181,181,196,196,212,241,241,241,241,241],"floor_reached":16,"playtime":1634,"items_purged":[],"score":117,"play_id":"4c9c10c9-d3c6-4baa-acf5-400738956384","local_time":"20201225154637","is_ascension_mode":true,"campfire_choices":[{"data":"Perfected Strike","floor":6,"key":"SMITH"},{"data":"Wild Strike","floor":8,"key":"SMITH"},{"data":"Thunderclap","floor":11,"key":"SMITH"},{"data":"Offering","floor":15,"key":"SMITH"}],"circlet_count":0,"master_deck":["Strike_R","Strike_R","Strike_R","Strike_R","Defend_R","Defend_R","Defend_R","Defend_R","Bash","Thunderclap+1","Wild Strike+1","Pummel","Perfected Strike+1","Shrug It Off","Headbutt","Offering+1","Blood for Blood+1"],"relics":["Burning Blood","Meat on the Bone","MealTicket"],"acts_visited":["Exordium"],"potions_floor_usage":[5,13,16,16],"damage_taken":[{"damage":11,"enemies":"Cultist","floor":1,"turns":4},{"damage":9,"enemies":"2 Louse","floor":2,"turns":4},{"damage":10,"enemies":"Small Slimes","floor":3,"turns":2},{"damage":16,"enemies":"Blue Slaver","floor":4,"turns":3},{"damage":16,"enemies":"Lots of Slimes","floor":5,"turns":3},{"damage":10,"enemies":"2 Fungi Beasts","floor":7,"turns":3},{"damage":10,"enemies":"Large Slime","floor":10,"turns":3},{"damage":6,"enemies":"Exordium Thugs","floor":12,"turns":3},{"damage":36,"enemies":"Lagavulin","floor":13,"turns":4},{"damage":53,"enemies":"The Guardian","floor":16,"turns":11}],"seed_played":"-3180286929215438345","potions_obtained":[{"floor":1,"key":"LiquidMemories"},{"floor":5,"key":"Regen Potion"},{"floor":7,"key":"Fire Potion"},{"floor":12,"key":"PowerPotion"}],"is_trial":false,"path_per_floor":["M","M","M","M","M","R","M","R","T","M","R","M","E","?","R","B"],"character_chosen":"IRONCLAD","items_purchased":[],"campfire_rested":0,"item_purchase_floors":[],"current_hp_per_floor":[75,72,68,58,48,48,44,44,44,52,52,52,34,34,34,0,0],"gold":241,"neow_bonus":"REMOVE_CARD","is_daily":false,"chose_seed":false,"campfire_upgraded":4,"win_rate":0.0,"timestamp":1608878797,"path_taken":["M","M","M","M","M","R","M","R","T","M","R","M","E","?","R","BOSS"],"items_purchased_type":[],"build_version":"2020-12-22","purchased_purges":0,"victory":false,"max_hp_per_floor":[80,80,80,80,80,80,80,80,80,80,80,80,80,80,80,80,80],"card_choices":[{"not_picked":["Havoc","Combust"],"picked":"Thunderclap","floor":1},{"not_picked":["Infernal Blade","Pommel Strike"],"picked":"Wild Strike","floor":2},{"not_picked":["Pommel Strike","True Grit"],"picked":"Pummel","floor":3},{"not_picked":["Shrug It Off","Pommel Strike"],"picked":"Perfected Strike","floor":4},{"not_picked":["Inflame","Clothesline","Entrench"],"picked":"SKIP","floor":5},{"not_picked":["Sword Boomerang","Iron Wave"],"picked":"Shrug It Off","floor":7},{"not_picked":["Carnage","Rupture"],"picked":"Headbutt","floor":10},{"not_picked":["Spot Weakness","Hemokinesis"],"picked":"Offering","floor":12},{"not_picked":["Rage","Warcry"],"picked":"Blood for Blood","floor":13}],"player_experience":236529,"relics_obtained":[{"floor":9,"key":"Meat on the Bone"},{"floor":13,"key":"MealTicket"}],"event_choices":[{"damage_healed":0,"gold_gain":0,"player_choice":"Forge","damage_taken":0,"max_hp_gain":0,"max_hp_loss":0,"event_name":"Accursed Blacksmith","floor":14,"gold_loss":0,"cards_upgraded":["Blood for Blood"]}],"is_beta":false,"boss_relics":[],"items_purged_floors":[],"is_endless":false,"potions_floor_spawned":[1,5,7,12],"killed_by":"The Guardian","ascension_level":2}}