{"host":"uy3vg6glkp8m6iit","time":1608888577,"event":{"mods":["AchievementEnabler","BaseMod","Colored Map","DeckTracker","Highlight Path","Keyboard Shortcuts","Minty Spire (QoL Compilation)","Quick Restart","Random Character Button","Rare Cards Sparkle","Relic Stats","StSLib","everything is the same but u backflip on backflip"],"gold_per_floor":[113,113,113,134,134,134,154,175,175,175,175,250,250,269,269,389,389,403,403,61,61,77,77,94,121,170,189,215,215,37,51,51,148,148,163,175,186,186,206,221,221,248,272,272,272],"floor_reached":44,"playtime":1556,"items_purged":[],"score":611,"play_id":"75dcc8f7-c04d-4288-b6d2-f11f246e1f22","local_time":"20201225182937","is_ascension_mode":true,"campfire_choices":[{"data":"Neutralize","floor":6.0,"key":"SMITH"},{"data":"Deadly Poison","floor":11.0,"key":"SMITH"},{"data":"Bane","floor":13.0,"key":"SMITH"},{"data":"Crippling Poison","floor":15.0,"key":"SMITH"},{"data":"PiercingWail","floor":23.0,"key":"SMITH"},{"floor":29.0,"key":"REST"},{"data":"Panacea","floor":32.0,"key":"SMITH"},{"data":"Catalyst","floor":41.0,"key":"SMITH"}],"circlet_count":0,"master_deck":["Strike_G","Strike_G+1","Defend_G","Defend_G","Defend_G","Defend_G","Survivor","Neutralize+1","PiercingWail+1","Poisoned Stab+1","Bane+1","Deadly Poison+1","Crippling Poison+1","After Image","The Bomb","Panacea+1","Backflip","Eviscerate+1","Blur+1","Deflect","Calculated Gamble","Catalyst+1","Deep Breath"],"relics":["Ring of the Snake","Bloody Idol","Gremlin Horn","Black Star","MealTicket","Letter Opener","Bag of Preparation","Art of War","Whetstone","Medical Kit","Philosopher\u0027s Stone","Nunchaku","StrikeDummy"],"acts_visited":["Exordium","TheCity","TheBeyond"],"potions_floor_usage":[42,44,44,44],"damage_taken":[{"damage":0.0,"enemies":"Jaw Worm","floor":1.0,"turns":5.0},{"damage":0.0,"enemies":"2 Louse","floor":4.0,"turns":3.0},{"damage":0.0,"enemies":"Cultist","floor":7.0,"turns":3.0},{"damage":0.0,"enemies":"2 Fungi Beasts","floor":8.0,"turns":4.0},{"damage":0.0,"enemies":"3 Louse","floor":14.0,"turns":3.0},{"damage":3.0,"enemies":"Hexaghost","floor":16.0,"turns":7.0},{"damage":0.0,"enemies":"3 Byrds","floor":18.0,"turns":4.0},{"damage":16.0,"enemies":"2 Thieves","floor":22.0,"turns":5.0},{"damage":17.0,"enemies":"Snecko","floor":24.0,"turns":5.0},{"damage":19.0,"enemies":"Book of Stabbing","floor":25.0,"turns":6.0},{"damage":6.0,"enemies":"Snake Plant","floor":27.0,"turns":4.0},{"damage":19.0,"enemies":"Slavers","floor":28.0,"turns":4.0},{"damage":5.0,"enemies":"3 Cultists","floor":31.0,"turns":5.0},{"damage":22.0,"enemies":"Collector","floor":33.0,"turns":10.0},{"damage":8.0,"enemies":"Orb Walker","floor":35.0,"turns":4.0},{"damage":7.0,"enemies":"3 Shapes","floor":36.0,"turns":4.0},{"damage":14.0,"enemies":"Maw","floor":37.0,"turns":7.0},{"damage":8.0,"enemies":"Transient","floor":39.0,"turns":5.0},{"damage":6.0,"enemies":"Sphere and 2 Shapes","floor":40.0,"turns":4.0},{"damage":33,"enemies":"Giant Head","floor":42,"turns":7},{"damage":28,"enemies":"Nemesis","floor":44,"turns":5}],"seed_played":"-5906716144502758055","potions_obtained":[{"floor":1.0,"key":"SpeedPotion"},{"floor":4.0,"key":"CunningPotion"},{"floor":8.0,"key":"ColorlessPotion"},{"floor":14.0,"key":"CultistPotion"},{"floor":16.0,"key":"Weak Potion"},{"floor":22.0,"key":"AttackPotion"},{"floor":25.0,"key":"Fire Potion"},{"floor":35.0,"key":"SneckoOil"},{"floor":37.0,"key":"EntropicBrew"},{"floor":40.0,"key":"ColorlessPotion"}],"is_trial":false,"path_per_floor":["M","?","?","M","?","R","M","M","T","?","R","?","R","M","R","B",null,"M","?","$","?","M","R","M","E","T","M","E","R","$","M","R","B",null,"M","M","M","?","M","M","R","E","T","E"],"character_chosen":"THE_SILENT","items_purchased":["The Bomb","Panacea","Backflip","Medical Kit","Deflect"],"campfire_rested":1,"item_purchase_floors":[20,20,20,30,30],"current_hp_per_floor":[45,45,45,45,45,45,45,45,45,45,45,34,34,34,34,31,57,57,57,57,57,51,51,39,25,30,29,15,34,49,49,49,32,57,54,52,43,43,40,39,39,11,16,0,0],"gold":272,"neow_bonus":"REMOVE_TWO","is_daily":false,"chose_seed":false,"campfire_upgraded":7,"win_rate":0.0,"timestamp":1608888577,"path_taken":["M","?","?","M","?","R","?","M","T","?","R","?","R","M","R","BOSS","M","?","$","?","M","R","M","E","T","M","E","R","$","?","R","BOSS","M","M","M","?","M","M","R","E","T","E"],"items_purchased_type":["Card","Card","Card","Relic","Card"],"build_version":"2020-12-22","purchased_purges":0,"victory":false,"max_hp_per_floor":[70,65,65,65,65,65,65,65,65,65,65,65,65,65,65,65,65,65,65,65,65,65,65,65,65,65,65,65,65,65,65,65,65,65,65,65,65,65,65,65,65,65,65,65,65],"relic_stats":{"Gremlin Horn":[15,15],"counters":[21,104],"Bag of Preparation":[22],"Letter Opener":[212],"Whetstone":["Eviscerate","Strike_G"],"Medical Kit":[4],"Nunchaku":[0],"Bloody Idol":80,"MealTicket":15,"Black Star":3,"Art of War":[10],"obtain_stats":[{"Gremlin Horn":9,"Golden Idol":2,"Bag of Preparation":26,"Letter Opener":25,"Whetstone":28,"Medical Kit":30,"Nunchaku":42,"Bloody Idol":19,"MealTicket":25,"Philosopher\u0027s Stone":34,"Black Star":17,"Art of War":28,"StrikeDummy":42,"Ring of the Snake":0},{"Gremlin Horn":4,"Golden Idol":1,"Bag of Preparation":10,"Letter Opener":10,"Whetstone":12,"Medical Kit":12,"Nunchaku":20,"Bloody Idol":7,"MealTicket":10,"Philosopher\u0027s Stone":14,"Black Star":6,"Art of War":12,"StrikeDummy":20,"Ring of the Snake":0},{"Gremlin Horn":15,"Golden Idol":5,"Bag of Preparation":45,"Letter Opener":45,"Whetstone":53,"Medical Kit":53,"Nunchaku":99,"Bloody Idol":29,"MealTicket":45,"Philosopher\u0027s Stone":68,"Black Star":25,"Art of War":53,"StrikeDummy":99,"Ring of the Snake":0}],"Ring of the Snake":[42]},"card_choices":[{"not_picked":["Noxious Fumes","Bane"],"picked":"PiercingWail","floor":1.0},{"not_picked":["Catalyst","Prepared"],"picked":"Poisoned Stab","floor":4.0},{"not_picked":["Backstab","Blade Dance"],"picked":"Bane","floor":7.0},{"not_picked":["Cloak And Dagger","Leg Sweep"],"picked":"Deadly Poison","floor":8.0},{"not_picked":["Dodge and Roll","All Out Attack"],"picked":"Crippling Poison","floor":14.0},{"not_picked":["Storm of Steel","Doppelganger"],"picked":"After Image","floor":16.0},{"not_picked":["Choke","Underhanded Strike","Bane"],"picked":"SKIP","floor":18.0},{"not_picked":["Dodge and Roll","Blade Dance"],"picked":"Blur+1","floor":22.0},{"not_picked":["Poisoned Stab","Blur+1","Outmaneuver"],"picked":"SKIP","floor":24.0},{"not_picked":["Escape Plan","Dagger Throw","Dodge and Roll"],"picked":"SKIP","floor":25.0},{"not_picked":["Unload","Skewer","Noxious Fumes"],"picked":"SKIP","floor":27.0},{"not_picked":["Backflip+1","Night Terror","Eviscerate"],"picked":"SKIP","floor":28.0},{"not_picked":["Setup","Dagger Spray","Accuracy+1"],"picked":"SKIP","floor":31.0},{"not_picked":["Quick Slash","All Out Attack+1"],"picked":"Calculated Gamble","floor":35.0},{"not_picked":["Flechettes","Flying Knee+1"],"picked":"Catalyst","floor":36.0},{"not_picked":["Blade Dance+1","Flechettes","Setup"],"picked":"SKIP","floor":37.0},{"not_picked":["Transmutation","Impatience"],"picked":"Deep Breath","floor":38.0},{"not_picked":["Slice","Cloak And Dagger+1","Endless Agony"],"picked":"SKIP","floor":39.0},{"not_picked":["All Out Attack+1","Endless Agony","Quick Slash"],"picked":"SKIP","floor":40.0},{"not_picked":["Deadly Poison","Grand Finale","Poisoned Stab"],"picked":"SKIP","floor":42}],"player_experience":1437679,"relics_obtained":[{"floor":9.0,"key":"Gremlin Horn"},{"floor":25.0,"key":"MealTicket"},{"floor":25.0,"key":"Letter Opener"},{"floor":26.0,"key":"Bag of Preparation"},{"floor":28.0,"key":"Art of War"},{"floor":28.0,"key":"Whetstone"},{"floor":42,"key":"Nunchaku"},{"floor":42,"key":"StrikeDummy"}],"event_choices":[{"damage_healed":0.0,"max_hp_gain":0.0,"max_hp_loss":5.0,"gold_gain":0.0,"event_name":"Golden Idol","player_choice":"Lose Max HP","floor":2.0,"gold_loss":0.0,"damage_taken":0.0,"relics_obtained":["Golden Idol"]},{"damage_healed":0.0,"max_hp_gain":0.0,"max_hp_loss":0.0,"gold_gain":0.0,"event_name":"Scrap Ooze","player_choice":"Fled","floor":3.0,"gold_loss":0.0,"damage_taken":0.0},{"damage_healed":0.0,"max_hp_gain":0.0,"max_hp_loss":0.0,"gold_gain":0.0,"event_name":"Accursed Blacksmith","player_choice":"Forge","floor":5.0,"gold_loss":0.0,"damage_taken":0.0,"cards_upgraded":["Poisoned Stab"]},{"cards_removed":["Strike_G"],"damage_healed":0.0,"max_hp_gain":0.0,"max_hp_loss":0.0,"gold_gain":0.0,"event_name":"Living Wall","player_choice":"Forget","floor":10.0,"gold_loss":0.0,"damage_taken":0.0},{"damage_healed":0.0,"max_hp_gain":0.0,"max_hp_loss":0.0,"gold_gain":75.0,"event_name":"World of Goop","player_choice":"Gather Gold","floor":12.0,"gold_loss":0.0,"damage_taken":11.0},{"damage_healed":0.0,"max_hp_gain":0.0,"max_hp_loss":0.0,"gold_gain":0.0,"event_name":"Forgotten Altar","player_choice":"Gave Idol","floor":19.0,"relics_lost":["Golden Idol"],"gold_loss":0.0,"damage_taken":0.0,"relics_obtained":["Bloody Idol"]},{"damage_healed":0.0,"max_hp_gain":0.0,"max_hp_loss":0.0,"gold_gain":0.0,"cards_transformed":["Strike_G"],"event_name":"Transmorgrifier","player_choice":"Transformed","floor":21.0,"gold_loss":0.0,"damage_taken":0.0,"cards_obtained":["Eviscerate"]},{"damage_healed":0.0,"max_hp_gain":0.0,"max_hp_loss":0.0,"gold_gain":0.0,"event_name":"SensoryStone","player_choice":"Memory 1","floor":38.0,"gold_loss":0.0,"damage_taken":0.0}],"is_beta":false,"boss_relics":[{"not_picked":["HoveringKite","Ectoplasm"],"picked":"Black Star"},{"not_picked":["Tiny House","Astrolabe"],"picked":"Philosopher\u0027s Stone"}],"items_purged_floors":[],"is_endless":false,"potions_floor_spawned":[1,4,8,14,16,22,25,27,35,37,40],"killed_by":"Nemesis","ascension_level":6}}