{"host":"5dk97cf2ubw2v967","time":1608928031,"event":{"mods":["AlwaysNeverKeys","BaseMod","Better Altar","Better Vampires","Block Reminder","Colored Powertips","Downfall","Googly Eyes","Highlight Path","Minty Spire (QoL Compilation)","Permanent Neow","Potion Indicator Mod","Quick Restart","Relic Filter","Relic Stats","Say the Spire","Spicy Shops","StSLib","Waifu the Spire","everything is the same but u backflip on backflip"],"gold_per_floor":[114,114,114,39,54,98,98,122,148,160,192,244,271,303,315,420,432,464,56,79,4,4,4,31,31,31,56,76,76,101,101,101,178,178,195,195,205,259,275,275,286,303,382,411,479,81,111,124,124,124,124,124,124,11,11,11],"floor_reached":55,"playtime":3680,"items_purged":["Pain","Defend_G","Regret"],"score":2015,"play_id":"f42a839a-f11c-4bba-9f5d-388e615a9aee","local_time":"20201225202711","is_ascension_mode":true,"campfire_choices":[{"floor":7,"key":"REST"},{"floor":10,"key":"REST"},{"floor":15,"key":"REST"},{"data":"Noxious Fumes","floor":23,"key":"SMITH"},{"floor":25,"key":"REST"},{"data":"Strike_G","floor":29,"key":"PURGE"},{"data":"Strike_G","floor":32,"key":"PURGE"},{"data":"Strike_G","floor":40,"key":"PURGE"},{"floor":49,"key":"RECALL"},{"data":"Catalyst","floor":53,"key":"SMITH"}],"circlet_count":0,"master_deck":["AscendersBane","Strike_G","Defend_G","Defend_G","Defend_G","Defend_G","Survivor","Neutralize","Reflex","Tactician","Terror","Acrobatics","Dagger Spray","Calculated Gamble","Calculated Gamble","Venomology","Dagger Throw","Noxious Fumes+1","Crippling Poison","Quick Slash","Die Die Die","Burst","Acrobatics+1","Escape Plan","Catalyst+1","Acrobatics","After Image","A Thousand Cuts","Footwork","Catalyst","Concentrate","Acrobatics","Leg Sweep+1"],"relics":["Runic Dome","Bloody Idol","WarpedTongs","HornCleat","MawBank","White Beast Statue","SlaversCollar","Sling","ClockworkSouvenir","Peace Pipe","Pantograph","Tough Bandages","The Courier","Nilry\u0027s Codex","SacredBark","Du-Vu Doll","PreservedInsect","Meat on the Bone","Toolbox","MealTicket"],"acts_visited":["Exordium","TheCity","TheBeyond","TheEnding"],"potions_floor_usage":[6,12,16,16,18,18,20,20,13024,24,24,27,27,27,28,30,30,33,33,33,35,37,37,38,38,39,41,42,42,44,47,47,47,48,48,50,50,51,51,55,55],"damage_taken":[{"damage":0,"enemies":"Small Slimes","floor":1,"turns":5},{"damage":2,"enemies":"2 Louse","floor":5,"turns":3},{"damage":53,"enemies":"Gremlin Nob","floor":6,"turns":5},{"damage":3,"enemies":"Cultist","floor":8,"turns":5},{"damage":8,"enemies":"3 Louse","floor":11,"turns":5},{"damage":9,"enemies":"Lagavulin","floor":12,"turns":6},{"damage":0,"enemies":"2 Fungi Beasts","floor":13,"turns":4},{"damage":0,"enemies":"Large Slime","floor":14,"turns":5},{"damage":37,"enemies":"Slime Boss","floor":16,"turns":7},{"damage":0,"enemies":"3 Byrds","floor":18,"turns":3},{"damage":9,"enemies":"Shell Parasite","floor":20,"turns":4},{"damage":21,"enemies":"Slavers","floor":24,"turns":4},{"damage":3,"enemies":"Book of Stabbing","floor":27,"turns":4},{"damage":4,"enemies":"Snake Plant","floor":28,"turns":4},{"damage":4,"enemies":"Slavers","floor":30,"turns":3},{"damage":30,"enemies":"Champ","floor":33,"turns":8},{"damage":1,"enemies":"Orb Walker","floor":35,"turns":4},{"damage":5,"enemies":"3 Darklings","floor":37,"turns":4},{"damage":27,"enemies":"2 Orb Walkers","floor":38,"turns":5},{"damage":0,"enemies":"Sphere and 2 Shapes","floor":39,"turns":6},{"damage":1,"enemies":"Jaw Worm Horde","floor":41,"turns":3},{"damage":0,"enemies":"3 Darklings","floor":42,"turns":3},{"damage":16,"enemies":"Giant Head","floor":44,"turns":6},{"damage":0,"enemies":"Nemesis","floor":47,"turns":7},{"damage":0,"enemies":"Transient","floor":48,"turns":6},{"damage":46,"enemies":"Time Eater","floor":50,"turns":12},{"damage":33,"enemies":"Donu and Deca","floor":51,"turns":9},{"damage":67,"enemies":"Shield and Spear","floor":55,"turns":3}],"seed_played":"-1578276434287918067","potions_obtained":[{"floor":5,"key":"SteroidPotion"},{"floor":8,"key":"LiquidBronze"},{"floor":11,"key":"Guardian:BlockOnCardUsePotion"},{"floor":13,"key":"Fire Potion"},{"floor":14,"key":"AttackPotion"},{"floor":16,"key":"LiquidMemories"},{"floor":18,"key":"AttackPotion"},{"floor":20,"key":"Swift Potion"},{"floor":24,"key":"Dexterity Potion"},{"floor":27,"key":"PowerPotion"},{"floor":28,"key":"LiquidMemories"},{"floor":30,"key":"Poison Potion"},{"floor":33,"key":"Energy Potion"},{"floor":35,"key":"SpeedPotion"},{"floor":38,"key":"Energy Potion"},{"floor":39,"key":"Explosive Potion"},{"floor":41,"key":"Energy Potion"},{"floor":42,"key":"Ancient Potion"},{"floor":44,"key":"Block Potion"},{"floor":47,"key":"SkillPotion"},{"floor":48,"key":"Strength Potion"}],"is_trial":false,"path_per_floor":["M","?","?","$","M","E","R","M","T","R","M","E","M","M","R","B",null,"M","$","M","?","?","R","E","R","T","E","M","R","E","?","R","B",null,"M","?","M","?","M","R","M","M","T","E","T","$","E","M","R","B","B",null,"R","$","E"],"character_chosen":"THE_SILENT","items_purchased":["Sling","ClockworkSouvenir","Toolbox","A Thousand Cuts","Footwork","Catalyst","Concentrate","Regen Potion","SpeedPotion"],"campfire_rested":4,"item_purchase_floors":[19,19,46,46,46,46,46,54,54],"current_hp_per_floor":[59,59,59,59,57,4,22,19,19,37,29,20,20,20,38,1,45,45,45,36,36,18,18,25,43,43,45,46,46,47,26,26,26,52,56,56,56,34,39,39,43,48,53,42,47,47,52,57,57,26,30,53,53,60,0,0],"gold":11,"neow_bonus":"BOSS_RELIC","is_daily":false,"chose_seed":false,"campfire_upgraded":2,"win_rate":0.0,"timestamp":1608928031,"path_taken":["M","?","?","$","M","E","R","M","T","R","M","E","?","M","R","BOSS","M","$","M","?","?","R","E","R","T","E","M","R","E","?","R","BOSS","M","?","M","?","M","R","M","M","T","E","?","$","E","M","R","BOSS","BOSS","R","$","E"],"items_purchased_type":["Relic","Relic","Relic","Card","Card","Card","Card","Potion","Potion"],"build_version":"2020-12-22","purchased_purges":3,"victory":false,"max_hp_per_floor":[66,60,60,60,60,60,60,60,60,60,60,60,60,60,60,60,60,60,60,60,60,60,60,60,60,60,60,60,60,60,60,60,60,60,60,60,60,60,60,60,60,60,60,60,60,60,60,60,60,60,60,60,60,60,60,60],"relic_stats":{"Peace Pipe":3,"Tough Bandages":[936],"counters":[28,143],"Bloody Idol":80,"Pantograph":53,"MealTicket":7,"PreservedInsect":127,"MawBank":120,"obtain_stats":[{"Golden Idol":2,"Nilry\u0027s Codex":31,"SacredBark":34,"The Courier":30,"PreservedInsect":44,"MawBank":9,"Sling":19,"White Beast Statue":12,"WarpedTongs":3,"ClockworkSouvenir":19,"Peace Pipe":24,"Du-Vu Doll":38,"Runic Dome":0,"SlaversCollar":17,"Tough Bandages":27,"HornCleat":6,"Bloody Idol":22,"Pantograph":26,"Toolbox":46,"MealTicket":47,"Ring of the Snake":0,"Meat on the Bone":45},{"Golden Idol":1,"Nilry\u0027s Codex":15,"SacredBark":16,"The Courier":15,"PreservedInsect":23,"MawBank":4,"Sling":10,"White Beast Statue":6,"WarpedTongs":1,"ClockworkSouvenir":10,"Peace Pipe":12,"Du-Vu Doll":19,"Runic Dome":0,"SlaversCollar":9,"Tough Bandages":13,"HornCleat":3,"Bloody Idol":11,"Pantograph":12,"Toolbox":23,"MealTicket":24,"Ring of the Snake":0,"Meat on the Bone":23},{"Golden Idol":5,"Nilry\u0027s Codex":67,"SacredBark":75,"The Courier":67,"PreservedInsect":106,"MawBank":18,"Sling":48,"White Beast Statue":29,"WarpedTongs":5,"ClockworkSouvenir":48,"Peace Pipe":56,"Du-Vu Doll":88,"Runic Dome":0,"SlaversCollar":45,"Tough Bandages":60,"HornCleat":13,"Bloody Idol":52,"Pantograph":56,"Toolbox":106,"MealTicket":113,"Ring of the Snake":0,"Meat on the Bone":106}],"WarpedTongs":[132],"Meat on the Bone":24},"card_choices":[{"not_picked":["Backflip","Dagger Throw"],"picked":"Reflex","floor":1},{"not_picked":["Slice","Bane"],"picked":"Tactician","floor":5},{"not_picked":["Endless Agony","Dodge and Roll"],"picked":"Terror","floor":6},{"not_picked":["Masterful Stab","Slice"],"picked":"Acrobatics","floor":8},{"not_picked":["PiercingWail","Poisoned Stab"],"picked":"Dagger Spray","floor":11},{"not_picked":["Flying Knee","Poisoned Stab"],"picked":"Calculated Gamble","floor":12},{"not_picked":["Bane","Cloak And Dagger"],"picked":"Calculated Gamble","floor":13},{"not_picked":["Dagger Throw","Quick Slash"],"picked":"Die Die Die","floor":14},{"not_picked":["Glass Knife","Burst"],"picked":"Venomology","floor":16},{"not_picked":["Acrobatics","Slice+1"],"picked":"Dagger Throw","floor":18},{"not_picked":["Prepared","Outmaneuver"],"picked":"Noxious Fumes","floor":20},{"not_picked":["Concentrate","Flechettes","Heel Hook"],"picked":"SKIP","floor":24},{"not_picked":["Escape Plan","Flying Knee"],"picked":"Crippling Poison","floor":27},{"not_picked":["Blade Dance","Slice"],"picked":"Quick Slash","floor":28},{"not_picked":["Sucker Punch+1","Deadly Poison"],"picked":"Die Die Die","floor":30},{"not_picked":["Glass Knife","Storm of Steel"],"picked":"Burst","floor":33},{"not_picked":["Dagger Spray+1","Outmaneuver"],"picked":"Acrobatics+1","floor":35},{"not_picked":["Sucker Punch+1","Masterful Stab"],"picked":"Escape Plan","floor":37},{"not_picked":["Riddle With Holes","Caltrops"],"picked":"Catalyst","floor":38},{"not_picked":["Distraction+1","Dodge and Roll","Blade Dance"],"picked":"SKIP","floor":39},{"not_picked":["Cloak And Dagger+1","Blur"],"picked":"Acrobatics","floor":41},{"not_picked":["Infinite Blades","Quick Slash+1","Expertise"],"picked":"SKIP","floor":42},{"not_picked":["Deadly Poison+1","Eviscerate+1"],"picked":"After Image","floor":44},{"not_picked":["Outmaneuver","Bane"],"picked":"Acrobatics","floor":47},{"not_picked":["Endless Agony","Dagger Throw"],"picked":"Leg Sweep+1","floor":48}],"player_experience":1253370,"relics_obtained":[{"floor":6,"key":"HornCleat"},{"floor":9,"key":"MawBank"},{"floor":12,"key":"White Beast Statue"},{"floor":24,"key":"Peace Pipe"},{"floor":26,"key":"Pantograph"},{"floor":27,"key":"Tough Bandages"},{"floor":30,"key":"The Courier"},{"floor":31,"key":"Nilry\u0027s Codex"},{"floor":38,"key":"Du-Vu Doll"},{"floor":44,"key":"PreservedInsect"},{"floor":45,"key":"Meat on the Bone"},{"floor":47,"key":"MealTicket"}],"event_choices":[{"damage_healed":0,"gold_gain":0,"player_choice":"Lose Max HP","damage_taken":0,"relics_obtained":["Golden Idol"],"max_hp_gain":0,"max_hp_loss":6,"event_name":"Golden Idol","floor":2,"gold_loss":0},{"damage_healed":0,"gold_gain":0,"player_choice":"Rummage","damage_taken":0,"relics_obtained":["WarpedTongs"],"max_hp_gain":0,"max_hp_loss":0,"event_name":"Accursed Blacksmith","floor":3,"gold_loss":0,"cards_obtained":["Pain"]},{"cards_removed":["Strike_G"],"damage_healed":0,"gold_gain":0,"player_choice":"Gave Gold","damage_taken":0,"max_hp_gain":0,"max_hp_loss":0,"event_name":"Beggar","floor":21,"gold_loss":75},{"damage_healed":0,"gold_gain":0,"player_choice":" GoldIdol Potion ","damage_taken":18,"relics_obtained":["Bloody Idol"],"max_hp_gain":36,"max_hp_loss":18,"event_name":"betterAltar:BetterAltar","floor":22,"potions_obtained":["betterAltar:AltarPotion"],"relics_lost":["Golden Idol"],"gold_loss":0},{"damage_healed":0,"gold_gain":0,"player_choice":"Obtained Book","damage_taken":21,"max_hp_gain":0,"max_hp_loss":0,"event_name":"Cursed Tome","floor":31,"gold_loss":0},{"cards_removed":["Die Die Die"],"damage_healed":0,"gold_gain":0,"player_choice":"Removed Attack","damage_taken":0,"max_hp_gain":0,"max_hp_loss":0,"event_name":"Falling","floor":36,"gold_loss":0},{"damage_healed":0,"gold_gain":0,"player_choice":"Fight","damage_taken":0,"max_hp_gain":0,"max_hp_loss":0,"event_name":"Mysterious Sphere","floor":38,"gold_loss":0}],"is_beta":false,"boss_relics":[{"not_picked":["WristBlade","Ectoplasm"],"picked":"SlaversCollar"},{"not_picked":["Coffee Dripper","Empty Cage"],"picked":"SacredBark"}],"items_purged_floors":[4,19,46],"is_endless":false,"potions_floor_spawned":[5,8,11,13,14,16,18,20,24,27,28,30,33,35,37,38,39,41,42,44,47,48],"killed_by":"Shield and Spear","ascension_level":20}}