{"host":"ywt8u9kq80n9hc8s","time":1608932600,"event":{"mods":["AchievementEnabler","Alarm Clock","BaseMod","Better Altar","Better Match","Better Note","Better Sensory Stone","Better Skull","Better Third Choice","BetterRewards","Filter the Spire","Minty Spire (QoL Compilation)","Permanent Neow","Rare Cards Sparkle","StSLib"],"gold_per_floor":[110,35,35,48,48,48,48,73,142,142,142,142,142,170,170,269,269,282,41,55,75,101,101,128,128,128,161,195,195,224,255,255,354,354,366,107,0,13,44,44,44,70,70,99,99,99,99,125,125,125],"floor_reached":51,"playtime":2760,"items_purged":["All For One"],"score":1404,"play_id":"8171c76c-4b57-4b11-98f6-1fccd2e658ec","local_time":"20201225234320","daily_mods":["Shiny","Heirloom","Time Dilation","Flight","DeadlyEvents","Elite Swarm"],"is_ascension_mode":false,"campfire_choices":[{"floor":6,"key":"REST"},{"floor":7,"key":"REST"},{"data":"Multi-Cast","floor":10,"key":"PURGE"},{"data":"Reboot","floor":11,"key":"PURGE"},{"data":"Buffer","floor":12,"key":"PURGE"},{"data":"Machine Learning","floor":13,"key":"PURGE"},{"data":"Core Surge","floor":15,"key":"PURGE"},{"data":"Fission","floor":23,"key":"SMITH"},{"data":"Amplify","floor":25,"key":"SMITH"},{"data":"Electrodynamics","floor":29,"key":"SMITH"},{"data":"Seek","floor":32,"key":"SMITH"},{"data":"Rainbow","floor":40,"key":"SMITH"},{"data":"Biased Cognition","floor":41,"key":"SMITH"},{"data":"Creative AI","floor":45,"key":"SMITH"},{"data":"Hyperbeam","floor":46,"key":"SMITH"},{"data":"Meteor Strike","floor":47,"key":"SMITH"},{"data":"Thunder Strike","floor":49,"key":"SMITH"}],"circlet_count":0,"master_deck":["Hyperbeam+1","Thunder Strike+1","Biased Cognition+1","Electrodynamics+1","Rainbow+1","Seek+1","Meteor Strike+1","Echo Form+1","Amplify+1","Creative AI+1","Fission+1","Glacier","Storm+1","Biased Cognition+1"],"relics":["Snecko Eye","Peace Pipe","PreservedInsect","Nunchaku","GremlinMask","Mummified Hand","InkBottle","Bronze Scales","Black Star","Symbiotic Virus","Bottled Flame","Akabeko","Anchor","DataDisk","Lizard Tail","Toy Ornithopter","Ginger","Bird Faced Urn","Frozen Egg 2","Matryoshka","Gremlin Horn","Potion Belt","Meat on the Bone","Sozu","Singing Bowl","Red Mask","Centennial Puzzle","Sundial","Pear","CaptainsWheel","Mercury Hourglass","Turnip","Bag of Marbles","Boot","Question Card","Regal Pillow"],"acts_visited":["Exordium","TheCity","TheBeyond"],"potions_floor_usage":[28,28,28,31],"damage_taken":[{"damage":0,"enemies":"Jaw Worm","floor":1,"turns":1},{"damage":0,"enemies":"Cultist","floor":4,"turns":1},{"damage":0,"enemies":"3 Sentries","floor":8,"turns":2},{"damage":0,"enemies":"Gremlin Nob","floor":14,"turns":2},{"damage":0,"enemies":"Hexaghost","floor":16,"turns":2},{"damage":0,"enemies":"3 Byrds","floor":18,"turns":1},{"damage":0,"enemies":"2 Thieves","floor":20,"turns":2},{"damage":12,"enemies":"Centurion and Healer","floor":21,"turns":2},{"damage":5,"enemies":"Gremlin Leader","floor":22,"turns":2},{"damage":0,"enemies":"Book of Stabbing","floor":24,"turns":1},{"damage":0,"enemies":"Gremlin Leader","floor":27,"turns":1},{"damage":0,"enemies":"Book of Stabbing","floor":28,"turns":1},{"damage":0,"enemies":"Gremlin Leader","floor":30,"turns":2},{"damage":0,"enemies":"Slavers","floor":31,"turns":1},{"damage":0,"enemies":"Automaton","floor":33,"turns":2},{"damage":0,"enemies":"Orb Walker","floor":35,"turns":1},{"damage":0,"enemies":"3 Shapes","floor":38,"turns":1},{"damage":0,"enemies":"Giant Head","floor":39,"turns":2},{"damage":0,"enemies":"Reptomancer","floor":42,"turns":1},{"damage":0,"enemies":"Nemesis","floor":44,"turns":1},{"damage":0,"enemies":"Reptomancer","floor":48,"turns":1},{"damage":0,"enemies":"Awakened One","floor":50,"turns":2}],"seed_played":"-480674667519272748","potions_obtained":[{"floor":1,"key":"Block Potion"},{"floor":8,"key":"FocusPotion"},{"floor":20,"key":"SkillPotion"},{"floor":21,"key":"Energy Potion"},{"floor":30,"key":"BlessingOfTheForge"},{"floor":31,"key":"EntropicBrew"}],"is_trial":true,"path_per_floor":["M","$","?","M","?","R","R","E","T","R","R","R","R","E","R","B",null,"M","$","M","M","E","R","E","R","T","E","E","R","E","E","R","B",null,"M","$","?","M","E","R","R","E","T","E","R","R","R","E","R","B",null],"character_chosen":"DEFECT","items_purchased":["Symbiotic Virus","Singing Bowl"],"campfire_rested":2,"item_purchase_floors":[19,36],"current_hp_per_floor":[75,75,31,31,31,53,75,75,75,75,75,75,75,75,75,75,75,75,75,75,63,58,58,58,58,58,58,73,73,75,75,75,75,75,75,75,75,77,77,77,77,89,89,91,91,91,91,93,93,93],"gold":125,"neow_bonus":"","is_daily":false,"chose_seed":false,"campfire_upgraded":10,"win_rate":0.0,"timestamp":1608932600,"path_taken":["M","$","?","?","?","R","R","E","T","R","R","R","R","E","R","BOSS","M","$","?","M","?","R","E","R","T","E","E","R","E","E","R","BOSS","M","$","?","?","?","R","R","E","T","E","R","R","R","E","R","BOSS"],"items_purchased_type":["Relic","Relic"],"build_version":"2020-12-22","purchased_purges":1,"victory":true,"max_hp_per_floor":[75,75,75,75,75,75,75,75,75,75,75,75,75,75,75,75,75,75,75,75,75,75,75,75,75,75,75,75,75,75,75,75,75,75,75,75,75,77,77,77,77,89,89,91,91,91,91,93,93,93],"card_choices":[{"not_picked":["Conserve Battery","Scrape","Darkness"],"picked":"SKIP","floor":1},{"not_picked":["Steam","Hologram"],"picked":"Glacier","floor":4},{"not_picked":["Echo Form","Biased Cognition","Amplify"],"picked":"SKIP","floor":8},{"not_picked":["All For One","Amplify","Reboot"],"picked":"SKIP","floor":14},{"not_picked":["Gash+1","Hologram"],"picked":"Storm+1","floor":18},{"not_picked":["Beam Cell","Chill","Compile Driver"],"picked":"SKIP","floor":20},{"not_picked":["Storm","Melter+1","Ball Lightning"],"picked":"SKIP","floor":21},{"not_picked":["Thunder Strike","Rainbow","Meteor Strike"],"picked":"SKIP","floor":22},{"not_picked":["Multi-Cast","Thunder Strike","Buffer"],"picked":"SKIP","floor":24},{"not_picked":["Electrodynamics","Amplify","Biased Cognition"],"picked":"SKIP","floor":27},{"not_picked":["Core Surge","Thunder Strike","Reboot"],"picked":"SKIP","floor":28},{"not_picked":["Seek","Machine Learning+1","Electrodynamics+1"],"picked":"SKIP","floor":30},{"not_picked":["Multi-Cast","Electrodynamics+1","Thunder Strike"],"picked":"SKIP","floor":31},{"not_picked":["Turbo","Melter","Auto Shields+1"],"picked":"SKIP","floor":35},{"not_picked":["Conserve Battery","Static Discharge+1","Recycle"],"picked":"Singing Bowl","floor":38},{"not_picked":["Rainbow","Machine Learning+1"],"picked":"Biased Cognition+1","floor":39},{"not_picked":["Multi-Cast","Buffer+1","Reboot"],"picked":"Singing Bowl","floor":42},{"not_picked":["Creative AI+1","Thunder Strike","Amplify"],"picked":"Singing Bowl","floor":44},{"not_picked":["Electrodynamics+1","Rainbow","Biased Cognition+1"],"picked":"Singing Bowl","floor":48}],"player_experience":40664,"relics_obtained":[{"floor":8,"key":"Mummified Hand"},{"floor":9,"key":"InkBottle"},{"floor":14,"key":"Bronze Scales"},{"floor":22,"key":"Bottled Flame"},{"floor":22,"key":"Akabeko"},{"floor":24,"key":"Anchor"},{"floor":24,"key":"DataDisk"},{"floor":26,"key":"Lizard Tail"},{"floor":27,"key":"Toy Ornithopter"},{"floor":27,"key":"Ginger"},{"floor":28,"key":"Bird Faced Urn"},{"floor":28,"key":"Frozen Egg 2"},{"floor":30,"key":"Matryoshka"},{"floor":30,"key":"Gremlin Horn"},{"floor":31,"key":"Potion Belt"},{"floor":31,"key":"Meat on the Bone"},{"floor":39,"key":"Centennial Puzzle"},{"floor":39,"key":"Sundial"},{"floor":42,"key":"Pear"},{"floor":42,"key":"CaptainsWheel"},{"floor":43,"key":"Mercury Hourglass"},{"floor":43,"key":"Turnip"},{"floor":44,"key":"Bag of Marbles"},{"floor":44,"key":"Boot"},{"floor":48,"key":"Question Card"},{"floor":48,"key":"Regal Pillow"}],"event_choices":[{"damage_healed":0,"gold_gain":0,"player_choice":"RE RE UP ","damage_taken":50,"relics_obtained":["PreservedInsect","Nunchaku"],"max_hp_gain":0,"max_hp_loss":0,"event_name":"betterSkull:BetterSkull","floor":3,"gold_loss":0,"cards_upgraded":["Echo Form"]},{"damage_healed":0,"gold_gain":0,"player_choice":"Trade","damage_taken":0,"relics_obtained":["GremlinMask"],"max_hp_gain":0,"max_hp_loss":0,"event_name":"FaceTrader","floor":5,"gold_loss":0},{"damage_healed":0,"gold_gain":0,"player_choice":"Paid","damage_taken":0,"relics_obtained":["Red Mask"],"max_hp_gain":0,"max_hp_loss":0,"event_name":"Tomb of Lord Red Mask","floor":37,"gold_loss":107}],"is_beta":false,"boss_relics":[{"not_picked":["Cursed Key","Nuclear Battery"],"picked":"Black Star"},{"not_picked":["Philosopher\u0027s Stone","Tiny House"],"picked":"Sozu"}],"items_purged_floors":[2],"is_endless":false,"potions_floor_spawned":[1,8,20,21,30,31,33,38,42,44],"ascension_level":0}}