{"host":"6pgtslebjnyv5xmi","time":1608881136,"event":{"mods":["AchievementEnabler","BaseMod","Colored Map","Minty Spire (QoL Compilation)","Rare Cards Sparkle","StSLib","SuperFastMode","The Dragon Tamer","everything is the same but u backflip on backflip"],"gold_per_floor":[111,127,202,202,56,88,18,18,18,18,65,75,91,101,101,196,196,211,225,60,76,76,76,106,106,130,142,142,153,78,78,78,180,180,195,195,205,205,252,252,283,283,283,141,151,151,73,100,100,100,100],"floor_reached":50,"playtime":2909,"items_purged":["Envenom","Sucker Punch"],"score":958,"play_id":"539c621c-0534-40a3-86b8-8c777a36786e","local_time":"20201225162536","is_ascension_mode":true,"campfire_choices":[{"data":"Caltrops","floor":15,"key":"SMITH"},{"data":"Sadistic Nature","floor":23,"key":"SMITH"},{"data":"Noxious Fumes","floor":32,"key":"SMITH"},{"data":"Footwork","floor":40,"key":"SMITH"},{"data":"Blur","floor":42,"key":"SMITH"},{"data":"Flechettes","floor":49,"key":"SMITH"}],"circlet_count":0,"master_deck":["Survivor","Blur+1","PiercingWail+1","Outmaneuver+1","Noxious Fumes+1","Blur+1","Caltrops+1","Venomology+1","Distraction+1","Prepared+1","Deflect+1","Noxious Fumes+1","Calculated Gamble+1","Concentrate+1","Backflip+1","Footwork+1","Sadistic Nature+1","Wraith Form v2+1","Caltrops+1","Venomology+1","Catalyst+1","Caltrops+1","Flechettes+1","Panacea+1"],"relics":["Ring of the Snake","NeowsBlessing","Gremlin Horn","Juzu Bracelet","Toxic Egg 2","Letter Opener","Ancient Tea Set","Pandora\u0027s Box","Eternal Feather","Anchor","SacredBark","Tough Bandages","The Courier","Art of War","Snake Skull"],"acts_visited":["Exordium","TheCity","TheBeyond"],"potions_floor_usage":[13,13,16,16,19,19,21,21,24,27,29,29,33,35,35,35,37,37,39,39,39,41,45,45,45,48,50,50],"damage_taken":[{"damage":0,"enemies":"2 Louse","floor":1,"turns":1},{"damage":0,"enemies":"Jaw Worm","floor":2,"turns":1},{"damage":0,"enemies":"Gremlin Nob","floor":6,"turns":1},{"damage":4,"enemies":"Cultist","floor":12,"turns":5},{"damage":0,"enemies":"Looter","floor":13,"turns":4},{"damage":1,"enemies":"Exordium Wildlife","floor":14,"turns":5},{"damage":5,"enemies":"The Guardian","floor":16,"turns":11},{"damage":0,"enemies":"3 Byrds","floor":18,"turns":4},{"damage":0,"enemies":"Spheric Guardian","floor":19,"turns":6},{"damage":12,"enemies":"Cultist and Chosen","floor":21,"turns":4},{"damage":0,"enemies":"Gremlin Leader","floor":24,"turns":6},{"damage":0,"enemies":"Sentry and Sphere","floor":27,"turns":6},{"damage":2,"enemies":"3 Cultists","floor":29,"turns":4},{"damage":0,"enemies":"Collector","floor":33,"turns":9},{"damage":0,"enemies":"Orb Walker","floor":35,"turns":5},{"damage":0,"enemies":"3 Shapes","floor":37,"turns":5},{"damage":8,"enemies":"2 Orb Walkers","floor":39,"turns":4},{"damage":0,"enemies":"Giant Head","floor":41,"turns":6},{"damage":0,"enemies":"Spire Growth","floor":45,"turns":5},{"damage":0,"enemies":"Reptomancer","floor":48,"turns":6},{"damage":79,"enemies":"Awakened One","floor":50,"turns":3}],"seed_played":"3199649580942302567","potions_obtained":[{"floor":2,"key":"Fire Potion"},{"floor":6,"key":"SkillPotion"},{"floor":12,"key":"SneckoOil"},{"floor":13,"key":"SpeedPotion"},{"floor":16,"key":"DistilledChaos"},{"floor":18,"key":"FearPotion"},{"floor":24,"key":"BlessingOfTheForge"},{"floor":28,"key":"Explosive Potion"},{"floor":33,"key":"DistilledChaos"},{"floor":37,"key":"ColorlessPotion"},{"floor":41,"key":"Fire Potion"}],"is_trial":false,"path_per_floor":["M","M","?","T","$","E","$","?","T","?","T","M","M","M","R","B",null,"M","M","$","M","?","R","E","?","T","M","?","M","$","?","R","B",null,"M","?","M","?","?","R","E","R","T","$","M","?","$","E","R","B"],"character_chosen":"THE_SILENT","items_purchased":["Juzu Bracelet","Noxious Fumes","Sadistic Nature","Flechettes","Panacea+1"],"campfire_rested":0,"item_purchase_floors":[5,7,20,44,47],"current_hp_per_floor":[63,63,52,52,52,52,52,52,52,38,38,34,34,33,33,28,60,60,60,60,48,48,48,48,48,48,48,48,46,46,46,58,58,67,67,67,67,66,58,66,66,66,66,66,66,66,66,66,66,0,0],"gold":100,"neow_bonus":"THREE_ENEMY_KILL","is_daily":false,"chose_seed":false,"campfire_upgraded":6,"win_rate":0.0,"timestamp":1608881136,"path_taken":["M","M","?","?","$","E","?","?","T","?","?","M","M","M","R","BOSS","M","M","$","M","?","R","E","?","T","M","?","M","?","?","R","BOSS","M","?","M","?","?","R","E","R","T","$","M","?","$","E","R","BOSS"],"items_purchased_type":["Relic","Card","Card","Card","Card"],"build_version":"2020-12-22","purchased_purges":2,"victory":false,"max_hp_per_floor":[70,70,70,70,70,70,70,70,70,70,70,70,70,70,70,70,70,70,70,70,70,70,70,70,70,70,70,70,70,70,70,70,70,70,70,70,70,66,66,66,66,66,66,66,66,66,66,66,66,66,66],"card_choices":[{"not_picked":["PiercingWail","Dodge and Roll"],"picked":"Blur","floor":1},{"not_picked":["Accuracy","Blade Dance"],"picked":"PiercingWail","floor":2},{"not_picked":["Glass Knife","Choke"],"picked":"Outmaneuver+1","floor":6},{"not_picked":["Dagger Throw","Dodge and Roll+1"],"picked":"Blur+1","floor":12},{"not_picked":["Tactician+1","Heel Hook","Dodge and Roll+1"],"picked":"SKIP","floor":13},{"not_picked":["Deadly Poison+1","Endless Agony"],"picked":"Caltrops","floor":14},{"not_picked":["Storm of Steel+1","Glass Knife"],"picked":"Venomology+1","floor":16},{"not_picked":["Blade Dance+1","Setup+1"],"picked":"Backflip+1","floor":18},{"not_picked":["Backflip+1","Sucker Punch"],"picked":"Footwork","floor":19},{"not_picked":["Masterful Stab","Quick Slash+1","Dagger Spray"],"picked":"SKIP","floor":21},{"not_picked":["Accuracy+1","Masterful Stab"],"picked":"Wraith Form v2","floor":24},{"not_picked":["Outmaneuver+1","Footwork","Dagger Throw"],"picked":"SKIP","floor":27},{"not_picked":["Dagger Throw","Poisoned Stab"],"picked":"Caltrops+1","floor":29},{"not_picked":["Malaise+1","Burst+1"],"picked":"Venomology+1","floor":33},{"not_picked":["Underhanded Strike","Calculated Gamble+1"],"picked":"Catalyst+1","floor":35},{"not_picked":["Poisoned Stab","Calculated Gamble+1"],"picked":"Caltrops+1","floor":37},{"not_picked":["Infinite Blades+1","Poisoned Stab+1","Well Laid Plans+1"],"picked":"SKIP","floor":41},{"not_picked":["Outmaneuver+1","Concentrate+1","Prepared+1"],"picked":"SKIP","floor":45},{"not_picked":["Flying Knee","Terror+1","Infinite Blades+1"],"picked":"SKIP","floor":48}],"player_experience":488244,"relics_obtained":[{"floor":4,"key":"Gremlin Horn"},{"floor":6,"key":"Toxic Egg 2"},{"floor":9,"key":"Letter Opener"},{"floor":11,"key":"Ancient Tea Set"},{"floor":24,"key":"Eternal Feather"},{"floor":26,"key":"Anchor"},{"floor":39,"key":"Tough Bandages"},{"floor":41,"key":"The Courier"},{"floor":43,"key":"Art of War"},{"floor":48,"key":"Snake Skull"}],"event_choices":[{"damage_healed":0,"gold_gain":75,"player_choice":"Gather Gold","damage_taken":11,"max_hp_gain":0,"max_hp_loss":0,"event_name":"World of Goop","floor":3,"gold_loss":0},{"cards_removed":["Strike_G"],"damage_healed":0,"gold_gain":0,"player_choice":"Forget","damage_taken":0,"max_hp_gain":0,"max_hp_loss":0,"event_name":"Living Wall","floor":8,"gold_loss":0},{"damage_healed":0,"gold_gain":0,"player_choice":"Entered Light","damage_taken":14,"max_hp_gain":0,"max_hp_loss":0,"event_name":"Shining Light","floor":10,"gold_loss":0,"cards_upgraded":["PiercingWail","Noxious Fumes"]},{"cards_removed":["All Out Attack"],"damage_healed":0,"gold_gain":0,"player_choice":"Card Removal","damage_taken":0,"max_hp_gain":0,"max_hp_loss":0,"event_name":"Wheel of Change","floor":22,"gold_loss":0},{"damage_healed":0,"gold_gain":0,"player_choice":"Ignored","damage_taken":0,"max_hp_gain":0,"max_hp_loss":0,"event_name":"Cursed Tome","floor":25,"gold_loss":0},{"damage_healed":0,"gold_gain":0,"player_choice":"Got Potions","damage_taken":0,"max_hp_gain":0,"max_hp_loss":0,"event_name":"Lab","floor":28,"gold_loss":0},{"damage_healed":0,"gold_gain":0,"player_choice":"Forge","damage_taken":0,"max_hp_gain":0,"max_hp_loss":0,"event_name":"Accursed Blacksmith","floor":31,"gold_loss":0,"cards_upgraded":["Wraith Form v2"]},{"damage_healed":0,"gold_gain":0,"player_choice":"Ignored","damage_taken":0,"max_hp_gain":0,"max_hp_loss":0,"event_name":"SecretPortal","floor":36,"gold_loss":0},{"damage_healed":0,"gold_gain":0,"player_choice":"Max HP","damage_taken":0,"max_hp_gain":0,"max_hp_loss":4,"event_name":"Winding Halls","floor":38,"gold_loss":0},{"damage_healed":0,"gold_gain":0,"player_choice":"Fight","damage_taken":0,"max_hp_gain":0,"max_hp_loss":0,"event_name":"Mysterious Sphere","floor":39,"gold_loss":0},{"cards_removed":["Neutralize"],"damage_healed":0,"gold_gain":0,"player_choice":"Removed Attack","damage_taken":0,"max_hp_gain":0,"max_hp_loss":0,"event_name":"Falling","floor":46,"gold_loss":0}],"is_beta":false,"boss_relics":[{"not_picked":["Tiny House","Black Star"],"picked":"Pandora\u0027s Box"},{"not_picked":["Runic Dome","Runic Pyramid"],"picked":"SacredBark"}],"items_purged_floors":[30,44],"is_endless":false,"potions_floor_spawned":[2,6,12,13,16,18,24,33,37,41,48],"killed_by":"Awakened One","ascension_level":7}}