{"host":"580ga1x1z8x1b2ni","time":1608875617,"event":{"mods":["Act Like it!","BaseMod","BetterRewards","Hallownest","Hubris","Minty Spire (QoL Compilation)","Replay The Spire","StSLib","Waifu the Spire","[IsaacMod]ÒÔÈö¼âËþ","vexMod"],"gold_per_floor":[109,121,135,135,148,148,180,180,180,278,288,173,191,241,241,343,343,356,586,606,618,30,64,75,50,50,50,67,67,18,36,36,141,141,160,160,220,220,230,260,260,289,316,330,330,350,375,391,391,391,391,391,168,195,195],"floor_reached":56,"playtime":1754,"items_purged":["Bash","Strike_R"],"score":2175,"play_id":"889e8e35-a5f9-4a96-8135-d16feaae482a","local_time":"20201225135337","is_ascension_mode":true,"campfire_choices":[{"data":"Second Wind","floor":6.0,"key":"SMITH"},{"data":"Double Tap","floor":15.0,"key":"SMITH"},{"data":"Strike_R","floor":32.0,"key":"PURGE"},{"data":"Armaments","floor":41,"key":"SMITH"},{"data":"Offering","floor":45,"key":"SMITH"},{"floor":49,"key":"RECALL"},{"data":"Burning Pact","floor":52,"key":"SMITH"}],"circlet_count":0,"master_deck":["Searing Blow+32","Strike_R+1","Defend_R","Defend_R","Defend_R","Defend_R","Second Wind+1","Double Tap+1","Thunderclap+1","Dual Wield+1","Armaments+1","Shrug It Off","Offering+1","Hallucinations","Armaments+1","Burning Pact+1"],"relics":["Burning Blood","HushsDoor","BookOfRevelations","NeowsBlessing","Hallownest:DreamNailRelic","vexMod:Dragonfruit","Matryoshka","Odd Mushroom","vexMod:BarristanHead","Electric Blood","Gremlin Horn","BargainBundle","Bottled Lightning","Ancient Tea Set","Champion Belt","Mirror","Bag of Preparation","Replay:Mystery Machine","Empty Cage","Ring of Peace","vexMod:HeadHunter","Hallownest:BeastSealRelic","Red Skull","Kunai","Whetstone","Strawberry","Toy Ornithopter"],"acts_visited":["Hallownest:Greenpath","Hallownest:CityofTears","Hallownest:KingdomsEdge","TheEnding"],"potions_floor_usage":[37,47,55,55],"damage_taken":[{"damage":0.0,"enemies":"Hallownest:2_Tiktiks_and_1_Crawlid","floor":1.0,"turns":2.0},{"damage":0.0,"enemies":"Hallownest:2_MossCreeps","floor":2.0,"turns":1.0},{"damage":0.0,"enemies":"Hallownest:monsterHuskGuard","floor":3.0,"turns":1.0},{"damage":0.0,"enemies":"Hallownest:monsterMossCharger","floor":5.0,"turns":3.0},{"damage":0.0,"enemies":"Hallownest:eliteVengeflyKing","floor":7.0,"turns":3.0},{"damage":0.0,"enemies":"Hallownest:Wandering_and_Horned","floor":11.0,"turns":3.0},{"damage":0.0,"enemies":"Hallownest:monsterFoolEater","floor":13.0,"turns":3.0},{"damage":0.0,"enemies":"Hallownest:BossBrokenVessel","floor":16.0,"turns":3.0},{"damage":0.0,"enemies":"Hallownest:2_Mistakes","floor":18.0,"turns":8.0},{"damage":0.0,"enemies":"Hallownest:Flukemon_and_Top","floor":20.0,"turns":5.0},{"damage":8.0,"enemies":"Hallownest:Warrior_and_Youth","floor":21.0,"turns":5.0},{"damage":2.0,"enemies":"Hallownest:Nosk","floor":23.0,"turns":3.0},{"damage":2.0,"enemies":"Hallownest:monsterMisterMushroom","floor":24.0,"turns":3.0},{"damage":7.0,"enemies":"Hallownest:3_Mistakes","floor":28.0,"turns":7.0},{"damage":0.0,"enemies":"Hallownest:2_Husk_Sentries","floor":31.0,"turns":4.0},{"damage":0.0,"enemies":"Hallownest:BossSoulMaster","floor":33.0,"turns":1.0},{"damage":8.0,"enemies":"Hallownest:2_Littles","floor":35.0,"turns":3.0},{"damage":7,"enemies":"Hallownest:2_Primals","floor":37,"turns":3},{"damage":10,"enemies":"Hallownest:Shield_Heavy","floor":39,"turns":4},{"damage":0,"enemies":"Hallownest:eliteCollector","floor":40,"turns":2},{"damage":0,"enemies":"Hallownest:StalkingDevout","floor":42,"turns":1},{"damage":10,"enemies":"Hallownest:2_Soldiers_and_1_Guardian","floor":44,"turns":1},{"damage":2,"enemies":"Hallownest:2_Great","floor":46,"turns":4},{"damage":9,"enemies":"Hallownest:eliteCollector","floor":47,"turns":3},{"damage":22,"enemies":"Hallownest:Xero_Hu_Marmu","floor":48,"turns":5},{"damage":3,"enemies":"Hallownest:Radiance","floor":50,"turns":1},{"damage":5,"enemies":"Shield and Spear","floor":54,"turns":2},{"damage":95,"enemies":"The Heart","floor":55,"turns":6}],"seed_played":"2688677010182695197","potions_obtained":[{"floor":1.0,"key":"Energy Potion"},{"floor":7.0,"key":"Reflective Coating"},{"floor":13.0,"key":"DistilledChaos"},{"floor":21.0,"key":"BloodPotion"},{"floor":24.0,"key":"Adrenaline Potion"},{"floor":37,"key":"Fruit Juice"},{"floor":39,"key":"BlessingOfTheForge"}],"is_trial":false,"path_per_floor":["M","M","M","?","M","R","E","T","T","?","M","?","M","T","R","B",null,"M","?","M","M","$","E","M","?","T","?","M","T","$","M","R","B",null,"M","?","?","?","M","E","R","E","T","M","R","M","E","M","R","B",null,"R","$","E","B",null],"character_chosen":"IRONCLAD","items_purchased":["BargainBundle","LifebloodPotion","Shrug It Off","Bottled Lightning","Ancient Tea Set","ColorlessPotion","Offering","DistilledChaos","ColorlessPotion"],"campfire_rested":0,"item_purchase_floors":[22,22,22,22,22,30,34,53,53],"current_hp_per_floor":[78,80,80,80,80,80,86,91,91,76,82,82,88,88,88,91,91,91,69,75,91,91,91,91,91,91,91,90,90,90,91,91,91,88,86,86,90,90,86,92,92,93,93,89,89,93,97,81,81,84,96,96,96,97,16],"gold":195,"neow_bonus":"THREE_ENEMY_KILL","is_daily":false,"chose_seed":false,"campfire_upgraded":5,"win_rate":0.0,"timestamp":1608875617,"path_taken":["M","M","M","?","?","R","E","?","T","?","?","?","M","?","R","BOSS","M","?","M","M","$","E","?","?","T","?","?","?","?","?","R","BOSS","M","?","?","?","M","E","R","E","T","?","R","M","E","M","R","BOSS","R","$","E","BOSS"],"items_purchased_type":["Relic","Potion","Card","Relic","Relic","Potion","Card","Potion","Potion"],"build_version":"2020-12-22","purchased_purges":2,"victory":true,"max_hp_per_floor":[80,80,80,80,80,80,86,91,91,91,91,91,91,91,91,91,91,91,91,91,91,91,91,91,91,91,91,91,91,91,91,91,91,88,88,88,93,93,93,93,93,93,93,93,93,93,100,100,100,100,100,100,100,100,100],"card_choices":[{"not_picked":["Metallicize","Defy Death","Immolate"],"picked":"SKIP","floor":1.0},{"not_picked":["Clothesline","ReplayTheSpireMod:Limb From Limb"],"picked":"Second Wind","floor":2.0},{"not_picked":["Evolve","Anger","Infernal Blade"],"picked":"SKIP","floor":3.0},{"not_picked":["ReplayTheSpireMod:Strike From Hell","Metallicize","Clothesline"],"picked":"SKIP","floor":5.0},{"not_picked":["Fire Breathing","ReplayTheSpireMod:Strike From Hell","Seeing Red"],"picked":"SKIP","floor":7.0},{"not_picked":["Twin Strike","Metallicize","Sever Soul"],"picked":"SKIP","floor":11.0},{"not_picked":["Seeing Red","Run Through"],"picked":"Double Tap","floor":13.0},{"not_picked":["hubris:ReadiedAction","True Grit"],"picked":"Thunderclap","floor":18.0},{"not_picked":["Replay:Undeath\u0027s Touch","Heavy Blade"],"picked":"Dual Wield+1","floor":19.0},{"not_picked":["Heavy Blade","Seeing Red"],"picked":"Armaments","floor":20.0},{"not_picked":["Perfected Strike","Wild Strike","Pommel Strike"],"picked":"SKIP","floor":21.0},{"not_picked":["Battle Trance","Flex","hubris:SharpeningStone"],"picked":"SKIP","floor":23.0},{"not_picked":["Pummel","Carnage","Clash"],"picked":"SKIP","floor":24.0},{"not_picked":["Rupture","Armaments","Shrug It Off"],"picked":"SKIP","floor":28.0},{"not_picked":["Cleave+1","Life Link+1","Armaments"],"picked":"SKIP","floor":31.0},{"not_picked":["Warcry","Wild Strike+1","Power Through"],"picked":"SKIP","floor":35.0},{"not_picked":["Warcry","Clothesline","Iron Wave+1"],"picked":"SKIP","floor":39},{"not_picked":["Replay:Many Hands","Exhume","Berserk"],"picked":"SKIP","floor":40},{"not_picked":["Sever Soul","Power Through","Limit Break"],"picked":"SKIP","floor":40},{"not_picked":["Exhume","Barricade","Feed"],"picked":"SKIP","floor":42},{"not_picked":["Iron Wave","Shockwave+1","Armaments+1"],"picked":"SKIP","floor":42},{"not_picked":["Iron Wave","Shockwave+1"],"picked":"Armaments+1","floor":42},{"not_picked":["Exhume","Barricade","Feed"],"picked":"SKIP","floor":42},{"not_picked":["Spot Weakness","Berserk"],"picked":"Burning Pact","floor":44},{"not_picked":["Clothesline+1","hubris:ReadiedAction","Replay:Undeath\u0027s Touch+1"],"picked":"SKIP","floor":46},{"not_picked":["Immolate","Double Tap","Barricade"],"picked":"SKIP","floor":47},{"not_picked":["Battle Trance","hubris:SharpeningStone+1","Sword Boomerang+1"],"picked":"SKIP","floor":47},{"not_picked":["Infernal Blade","Sword Boomerang","Twin Strike+1"],"picked":"SKIP","floor":48},{"not_picked":["Limit Break","Demon Form","Eclipse"],"picked":"SKIP","floor":54},{"not_picked":["Metallicize+1","Feed","Thunderclap"],"picked":"SKIP","floor":54}],"player_experience":243571,"relics_obtained":[{"floor":7.0,"key":"vexMod:BerryBomb"},{"floor":8.0,"key":"vexMod:Dragonfruit"},{"floor":9.0,"key":"Matryoshka"},{"floor":14.0,"key":"vexMod:BarristanHead"},{"floor":19.0,"key":"Gremlin Horn"},{"floor":23.0,"key":"Champion Belt"},{"floor":26.0,"key":"Mirror"},{"floor":29.0,"key":"Replay:Mystery Machine"},{"floor":36,"key":"Ring of Peace"},{"floor":37,"key":"vexMod:HeadHunter"},{"floor":40,"key":"Red Skull"},{"floor":42,"key":"Kunai"},{"floor":43,"key":"Whetstone"},{"floor":47,"key":"Strawberry"},{"floor":54,"key":"Toy Ornithopter"}],"event_choices":[],"is_beta":false,"boss_relics":[{"not_picked":["Black Blood","Calling Bell"],"picked":"Electric Blood"},{"not_picked":[]},{"not_picked":["hubris:ScarierMask","Honey Jar"],"picked":"Empty Cage"},{"not_picked":[]}],"items_purged_floors":[22,53],"is_endless":false,"potions_floor_spawned":[1,7,13,21,23,24,37,39,42],"ascension_level":8}}