{"host":"1bqbj1s4pyvm9utn","time":1608871015,"event":{"mods":["AchievementEnabler","Aspiration","BaseMod","Beaked The Cultist","Better Altar","Better Match","Better Note","Better Sensory Stone","Better Skull","Better Third Choice","BetterRewards","CCEM","Clawfect","Colored Map","Conspire","Downfall","GifTheSpireLib","Halation","Hermit","Highlight Path","Humility","Infinite Spire","Jedi Mod","Jorbs\u0027s Wanderer Trilogy","Mad Scientist","Marisa????????","Mimic Mod","Minty Spire (QoL Compilation)","Permanent Neow","Shade Mod","Shop Mod","Spicy Shops","StSLib","Stuff the Spire","The Animator","The Bug Knight","The Cursed","The Gatherer","The Hierophant","The Jungle","The Mystic","The Necromancer","The Runesmith","The Servant 0.9.4","everything is the same but u backflip on backflip","slay the spire mod where everything is the same but ironclad has a cowboy hat","vexMod"],"gold_per_floor":[99,117,117,117,128,128,128,144,176,5,25,25,54,54,72,168,168,168,188,188,188,138,138,178,196,196,196],"floor_reached":26,"playtime":2328,"items_purged":[],"score":254,"play_id":"271d4b41-9d8c-419c-a074-46ac3ba98a81","local_time":"20201224203655","is_ascension_mode":false,"campfire_choices":[{"data":"beaked:Ceremony","floor":1,"key":"SMITH"},{"data":"beaked:Ceremony","floor":6,"key":"SMITH"},{"data":"beaked:Ceremony","floor":12,"key":"SMITH"},{"floor":18,"key":"RECALL"}],"circlet_count":0,"master_deck":["beaked:Ceremony+1","beaked:Ceremony+1","beaked:Ceremony+1","Dagger Spray","Terror","Glass Knife","beaked:Flinch","beaked:CursingBlood","beaked:VigorBurst","beaked:Windmill","beaked:MachineSpirit","beaked:Cower","beaked:MachineEssence","beaked:RitualOfBody","beaked:SacrificialScars","beaked:DigDeeper","beaked:MimicHuntress","beaked:CursingBlood","beaked:MimicMachine","beaked:Brainwash","infinitespire:Starlight","conspire:SpireCoStock","beaked:Foresight"],"relics":["beaked:MendingPlumage","jedi:matchstick","Mercury Hourglass","Nunchaku","halation:PromiseList","Odd Mushroom","infinitespire:Bottled Soul","Pandora\u0027s Box","aspiration:KaomsHeart"],"acts_visited":["Exordium","Exordium"],"potions_floor_usage":[5,13,13],"damage_taken":[{"damage":17,"enemies":"Cultist","floor":2,"turns":5},{"damage":6,"enemies":"2 Louse","floor":5,"turns":3},{"damage":0,"enemies":"Small Slimes","floor":8,"turns":2},{"damage":20,"enemies":"Gremlin Nob","floor":9,"turns":4},{"damage":0,"enemies":"downfall:FleeingMerchant","floor":10,"turns":4},{"damage":6,"enemies":"2 Fungi Beasts","floor":11,"turns":2},{"damage":11,"enemies":"The Mushroom Lair","floor":13,"turns":4},{"damage":5,"enemies":"Looter","floor":15,"turns":2},{"damage":33,"enemies":"Slime Boss","floor":16,"turns":8},{"damage":33,"enemies":"Shell Parasite","floor":19,"turns":4},{"damage":0,"enemies":"theJungle:MUSHROOMGANG","floor":24,"turns":1},{"damage":26,"enemies":"theJungle:MUSHROOMGANG","floor":25,"turns":5}],"seed_played":"-2815287703861105693","potions_obtained":[{"floor":2,"key":"Strength Potion"},{"floor":9,"key":"EssenceOfSteel"},{"floor":11,"key":"LiquidBronze"},{"floor":15,"key":"jedi:wingpotion"},{"floor":25,"key":"jedi:tentaclejuice"}],"is_trial":false,"path_per_floor":["R","M","?","?","M","R","T","M","E","$","M","R","?","?","M","B",null,"R","M","?","AVR","?","?","MIM","M","?"],"character_chosen":"BEAKED_THE_CULTIST","items_purchased":["halation:PromiseList"],"campfire_rested":0,"item_purchase_floors":[10],"current_hp_per_floor":[35,29,29,22,24,24,24,28,20,37,36,36,37,37,41,36,55,55,33,33,133,133,133,134,118,0,0],"gold":196,"neow_bonus":"ONE_RARE_RELIC","is_daily":false,"chose_seed":false,"campfire_upgraded":3,"win_rate":0.0,"timestamp":1608871015,"path_taken":["R","M","?","?","M","R","T","M","E","$","M","R","?","?","M","BOSS","R","M","?","AVR","?","?","MIM","M","?"],"items_purchased_type":["Relic"],"build_version":"2020-12-22","purchased_purges":0,"victory":false,"max_hp_per_floor":[50,50,50,50,50,50,50,50,50,55,55,55,55,55,55,55,55,55,57,57,157,157,157,157,159,159,159],"card_choices":[{"not_picked":["beaked:Replenish","beaked:Flinch"],"picked":"beaked:Poke","floor":2},{"not_picked":["beaked:Tradeoff","beaked:Redirect"],"picked":"beaked:Flinch","floor":5},{"not_picked":["beaked:SurvivalInstinct","beaked:Resilience","beaked:Tradeoff"],"picked":"SKIP","floor":8},{"not_picked":["beaked:Resilience","beaked:Brainwash"],"picked":"beaked:CursingBlood","floor":9},{"not_picked":["beaked:WarriorEssence","beaked:SacrificialDive"],"picked":"beaked:VigorBurst","floor":10},{"not_picked":["beaked:CursingBlood","beaked:Foresight"],"picked":"beaked:Windmill","floor":11},{"not_picked":["beaked:BounceBack","beaked:TuckingFeathers"],"picked":"beaked:MachineSpirit","floor":13},{"not_picked":["beaked:Redirect","beaked:Pecker"],"picked":"beaked:Cower","floor":15},{"not_picked":["beaked:FakeOut","beaked:Brainwash"],"picked":"beaked:MachineEssence","floor":16},{"not_picked":["beaked:Molting","beaked:Cower","beaked:WarriorEssence"],"picked":"SKIP","floor":19},{"not_picked":["beaked:HuntressSpirit","beaked:Overpower+1"],"picked":"beaked:Foresight","floor":24},{"not_picked":["beaked:Redirect","beaked:Resilience","beaked:Pecker"],"picked":"SKIP","floor":25}],"player_experience":894148,"relics_obtained":[{"floor":7,"key":"Mercury Hourglass"},{"floor":9,"key":"Nunchaku"},{"floor":13,"key":"Odd Mushroom"},{"floor":14,"key":"infinitespire:Bottled Soul"}],"event_choices":[{"cards_removed":["beaked:Strike_Y"],"damage_healed":0,"gold_gain":0,"player_choice":"Card Removal","damage_taken":7,"max_hp_gain":0,"max_hp_loss":0,"event_name":"Golden Wing","floor":4,"gold_loss":0},{"damage_healed":0,"gold_gain":0,"player_choice":"Fought Mushrooms","damage_taken":0,"max_hp_gain":0,"max_hp_loss":0,"event_name":"Mushrooms","floor":13,"gold_loss":0},{"cards_removed":["beaked:Brainwash"],"damage_healed":0,"gold_gain":0,"player_choice":"Give","damage_taken":0,"max_hp_gain":0,"max_hp_loss":0,"event_name":"betterNote:BetterNote","floor":20,"gold_loss":0,"cards_obtained":["stsjorbsmod:Defend_Wanderer"]},{"damage_healed":0,"gold_gain":0,"player_choice":"Invest 1","damage_taken":0,"max_hp_gain":0,"max_hp_loss":0,"event_name":"conspire:Investor","floor":22,"gold_loss":0}],"is_beta":false,"boss_relics":[{"not_picked":["vexMod:EndlessSickness","expansioncontent:StudyCardRelic"],"picked":"Pandora\u0027s Box"}],"items_purged_floors":[],"is_endless":false,"potions_floor_spawned":[2,9,11,15,25],"ascension_level":0}}