{"host":"avq773cl9g5msfol","time":1608892184,"event":{"mods":["AchievementEnabler","Act Like it!","Ascension Unlocker","Aspiration","Astrologer","Bard","Bartender","BaseMod","Better Altar","Better Match","Better Note","Better Sensory Stone","Better Skull","Better Third Choice","BetterRewards","CapriCore","Colored Map","Colored Powertips","Conspire","Dio Mod","Downfall","Elementarium","Energized Spire","Gensokyo","GifTheSpireLib","GungeonMod","Hallownest","Hermit","Highlight Path","Hubris","Humility","Infinite Spire","Jorbs\u0027s Wanderer Trilogy","Koishi","Magitek Elite","Marisa????????","Marked Mod","Menagerie","Minty Spire (QoL Compilation)","Pale of the Ancients","Potionbrewer","Quarter Circle Forward PUNCH!","Rare Cards Sparkle","Reimu??????","Relic Stats","Remilia??????","Replay The Spire","SacredBarkPlus","Somnambulant","Spicy Shops","StSLib","Synergy Search","The Blue Laboratory","The Bug Knight","The Construct","The Cursed","The Exalted","The Hayseed","The Hierophant","The Immortal","The Judge","The Marked","The Mystic","The Problem Sleuth","The Runesmith","The Senshi","The Vixen","The Wild Card","TheArtist","TheFirefly","TheVacant","Wandering Minibosses","vexMod"],"gold_per_floor":[32546,127,151,151,151,186,186,209,209,226,251,251,280,48,62,134,134,134,395,395,409,441,441,512,540,540,752,752,786,786,747,766,837,837,837,852,655,161,209,234,234,234,234,101,101,113,144,19,63,95,95,107,107],"floor_reached":48,"playtime":5345,"items_purged":["hexamod:GhostShield+1","hexamod:ThirdSeal","hexamod:HauntingEcho+1","Pain"],"score":2155,"play_id":"712232b5-abd4-465a-b752-109e867b2dd3","local_time":"20201225172944","is_ascension_mode":true,"campfire_choices":[{"data":"hexamod:Float","floor":1.0,"key":"SMITH"},{"data":"hexamod:SwordOfDarkness","floor":12.0,"key":"SMITH"},{"data":"Gensokyo:TurboGranny","floor":28,"key":"SMITH"},{"data":"hexamod:Hexaguard","floor":30,"key":"SMITH"},{"floor":35,"key":"REST"}],"circlet_count":0,"master_deck":["AscendersBane","hexamod:Sear+1","hexamod:Float+1","hexamod:Again+1","hexamod:PhantomCloak+1","hexamod:CatchUp+1","hexamod:RadiantFlame+1","hexamod:Firestarter+1","hexamod:FastForward+1","hexamod:GhostShield+1","hexamod:NightmareGuise+1","hexamod:UnleashSpirits+1","hexamod:EtherealExpedition+1","hexamod:EmpoweredFlame+1","hexamod:GhostflameInferno+1","hexamod:TimeWarp+1","hexamod:CrushingStance+1","hexamod:TimeOfNeed+1","hexamod:SwordOfDarkness+1","hexamod:Firestarter+1","Master of Strategy+1","hexamod:RainOfEmbers+1","hexamod:ParanormalForm+1","hexamod:Hexaguard+1","hexamod:RetreatToShadows+1","hexamod:SkipABeat+1","hexamod:NightmareStrike+1","Gensokyo:TurboGranny+1","hexamod:GhostLash+1","hexamod:HauntingEcho+1","hexamod:TimeWarp+1","hexamod:Incineration+1","hexamod:EmpoweringStance+1","infinitespire:Menacing","Gensokyo:GreaterSplit","Doubt","Panacea+1","hexamod:WildfireWeapon+1","hexamod:ShieldOfDarkness"],"relics":["hexamod:SpiritBrand","Golden Egg","Quantum Egg","Membership Card","Guardian:BottledAnomaly","hubris:EmptyBottle","Ice Cream","OrangePellets","Shuriken","DemoMod:OrangeGuonStone","qcfpunch:White_Boots","DemoMod:WeirdEgg","infinitespire:EmpoweringShard","Replay:Towering Pillar of Hats","qcfpunch:Spiky_Bracers","Ribbon","hexamod:TheBrokenSeal","Gensokyo:LunaticRedEyes","hexamod:MatchstickCase","aspiration:HatOfInfinitePower","infinitespire:Lucky Rock","DemoMod:RiddleOfLead","Gensokyo:PortableGap","potionbrewer:Keyblade","ReplayTheSpireMod:Ninjato","Tea:ReiMu","RuthlessExorcism:ReiMu","qcfpunch:Army_Boots","hexamod:IceCube","ReplayTheSpireMod:Lightbulb","Toolbox","Replay:Rubber Ducky","DemoMod:MonsterBlood","Bag of Marbles","Bromod:ArcaneAvenger","CrazyTorch:ReiMu","DemoMod:GlassGuonStoneRelic"],"acts_visited":["Gensokyo:Gensokyo","Gensokyo:Gensokyoer","Gensokyo:Gensokyoest"],"potions_floor_usage":[27,44],"damage_taken":[{"damage":0.0,"enemies":"Gensokyo:Gryphon","floor":2.0,"turns":3.0},{"damage":5.0,"enemies":"Gensokyo:3_Fairies","floor":3.0,"turns":5.0},{"damage":2.0,"enemies":"Gensokyo:Aya","floor":6.0,"turns":3.0},{"damage":4.0,"enemies":"Gensokyo:2_Kodama","floor":10.0,"turns":1.0},{"damage":5.0,"enemies":"Gensokyo:Mamizou","floor":11.0,"turns":3.0},{"damage":5.0,"enemies":"Gensokyo:Cirno","floor":13.0,"turns":5.0},{"damage":1.0,"enemies":"downfall:FleeingMerchant","floor":14.0,"turns":4.0},{"damage":5.0,"enemies":"Gensokyo:Gryphon_and_Rabbit","floor":15.0,"turns":2.0},{"damage":8,"enemies":"downfall:Defect","floor":16,"turns":4},{"damage":14,"enemies":"Gensokyo:AngelMirror","floor":21,"turns":3},{"damage":0,"enemies":"conspire:MimicChest","floor":22,"turns":2},{"damage":0,"enemies":"Gensokyo:Koishi","floor":25,"turns":3},{"damage":3,"enemies":"downfall:FleeingMerchant","floor":27,"turns":4},{"damage":0,"enemies":"Gensokyo:Reisen","floor":29,"turns":2},{"damage":0,"enemies":"Gensokyo:3_Dogs","floor":32,"turns":2},{"damage":3,"enemies":"downfall:Ironclad","floor":33,"turns":3},{"damage":0,"enemies":"Gensokyo:AncientGuardian","floor":36,"turns":1},{"damage":0,"enemies":"Gensokyo:Marisa","floor":40,"turns":4},{"damage":0,"enemies":"Gensokyo:3_Bats","floor":44,"turns":2},{"damage":0,"enemies":"Gensokyo:Doremy","floor":43,"turns":4},{"damage":7,"enemies":"Gensokyo:Marisa","floor":44,"turns":4},{"damage":0,"enemies":"Gensokyo:Dusk_and_Dawn","floor":46,"turns":2},{"damage":0,"enemies":"downfall:Watcher","floor":47,"turns":4}],"seed_played":"307708078111387384","potions_obtained":[{"floor":16,"key":"blueLaboratory:BubblePotion"},{"floor":44,"key":"GamblersBrew"}],"is_trial":false,"path_per_floor":["R","M","M","?","?","E","T","T","?","M","E","R","E","$","M","B",null,"R_BF","COS","?","M","?","?","T","E","?","$","R","E","R","$","M","B",null,"R_BF","M","$","?","T","E","?","T","?","$","?","M","E","?","?","E","T","M","B",null],"character_chosen":"THE_SPIRIT","items_purchased":["Finesse","hexamod:GhostShield","Membership Card","Guardian:BottledAnomaly","hexamod:FirstSeal","hexamod:NightmareGuise+1","hexamod:FourthSeal","hubris:EmptyBottle","hexamod:EctoCoolerPotion","Ice Cream","hexamod:UnleashSpirits","hexamod:EtherealExpedition","OrangePellets","hexamod:ThirdSeal","hexamod:HauntingEcho","hexamod:EmpoweredFlame","Shuriken","DemoMod:OrangeGuonStone","hexamod:GhostflameInferno","hexamod:TimeWarp","qcfpunch:White_Boots","DemoMod:WeirdEgg","infinitespire:EmpoweringShard","hexamod:CrushingStance","hexamod:TimeOfNeed","Replay:Towering Pillar of Hats","qcfpunch:Spiky_Bracers","Ribbon","hexamod:SixthSeal","ZuzhouPotion:ReiMu","Master of Strategy","hexamod:RainOfEmbers","hexamod:HauntingEcho","hexamod:Incineration","ReplayTheSpireMod:Lightbulb","Toolbox","Panacea","DemoMod:MonsterBlood"],"campfire_rested":1,"item_purchase_floors":[0,0,0,0,0,0,0,0,0,0,0,0,0,0,0,0,0,0,0,0,0,0,0,0,0,0,0,0,0,0,14,14,27,31,37,37,42,42],"current_hp_per_floor":[57,57,73,73,73,71,71,71,73,69,64,64,59,58,53,45,83,83,80,80,66,66,66,66,66,66,63,63,63,63,63,63,60,62,63,63,60,57,54,51,51,51,51,55,52,62,59,59,59,52,52,52,59],"gold":107,"neow_bonus":"","is_daily":false,"chose_seed":false,"campfire_upgraded":4,"win_rate":0.0,"timestamp":1608892184,"path_taken":["R","M","M","?","?","E","T","?","?","?","E","R","E","$","M","BOSS","R_BF","COS","?","?","?","?","T","E","?","$","R","E","R","?","M","BOSS","R_BF","M","$","?","?","E","?","T","?","?","?","?","E","?","?","E","?","M","BOSS"],"items_purchased_type":["Card","Card","Relic","Relic","Card","Card","Card","Relic","Potion","Relic","Card","Card","Relic","Card","Card","Card","Relic","Relic","Card","Card","Relic","Relic","Relic","Card","Card","Relic","Relic","Relic","Card","Potion","Card","Card","Card","Card","Relic","Relic","Card","Relic"],"build_version":"2020-12-22","purchased_purges":4,"victory":true,"max_hp_per_floor":[63,63,73,73,73,73,73,73,73,73,73,73,73,73,73,73,83,83,80,80,80,77,77,74,74,66,66,66,63,63,63,63,63,63,63,63,60,57,54,51,51,51,51,55,52,62,59,59,59,59,59,59,59],"relic_stats":{"OrangePellets":[28],"counters":[74,213],"Shuriken":[15],"obtain_stats":[{"Ice Cream":0,"Golden Egg":1,"DemoMod:BlueGuonStone":0,"hubris:CrystalStatue":34,"Tea:ReiMu":24,"DemoMod:GlassGuonStoneRelic":2,"wanderingMiniBosses:OtherGremlinHorn":4,"Ginger":29,"qcfpunch:Red_Beret":35,"DemoMod:RiddleOfLead":17,"Old Coin":41,"vexMod:InvisibilityCloak":0,"aspiration:PoetsPen":34,"Ribbon":0,"DemoMod:MonsterBlood":42,"DemoMod:ClearGuonStone":0,"hexamod:SpiritBrand":0,"Guardian:BottledStasis":0,"Happy Flower":0,"DemoMod:OrangeGuonStone":23,"Oddly Smooth Stone":44,"Guardian:ModeShifter":0,"hexamod:TheBrokenSeal":3,"potionbrewer:BhaskarasWheel":17,"War Paint":40,"Question Card":0,"hexamod:MatchstickCase":8,"potionbrewer:Torch":38,"OrangePellets":29,"Replay:Baseball":28,"DemoMod:GundromedaStrain":48,"infinitespire:Broken Mirror":4,"Shuriken":0,"Tintinnabulum":12,"Pandora\u0027s Box":4,"hubris:TenFootPole":14,"infinitespire:EmpoweringShard":0,"aspiration:HatOfInfinitePower":11,"Meat on the Bone":9,"Bromod:ArcaneAvenger":44,"qcfpunch:Spiky_Bracers":0,"theSenshi:SuperSailorFukuRelic":0,"aspiration:Lifesprig":7,"Bromod:ArcanePistoleer":23,"Juzu Bracelet":41,"Incense Burner":0,"hubris:SlimyHat":0,"DemoMod:WhiteGuonStone":40,"hubris:EmptyBottle":0,"Ancient Tea Set":41,"Gensokyo:PortableGap":17,"Pet Ghost":3,"Gensokyo:LunaticRedEyes":4,"ClockworkSouvenir":45,"Replay:Rubber Ducky":39,"DemoMod:SevenLeafClover":26,"Frozen Eye":25,"hubris:Backtick":34,"Toolbox":37,"downfall:KnowingSkull":20,"Genji_Glove":26,"WingedGreaves":4,"aspiration:FutureDiary":0,"Guardian:BottledAnomaly":0,"Potion Belt":31,"hubris:DisguiseKit":45,"qcfpunch:Army_Boots":26,"Slimebound:SelfDamagePreventRelic":22,"ReplayTheSpireMod:Ninjato":22,"Replay:Towering Pillar of Hats":0,"aspiration:FetidBarrel":0,"Quantum Egg":1,"DemoMod:WeirdEgg":0,"PreservedInsect":4,"infinitespire:CheckeredPen":8,"infinitespire:Lucky Rock":13,"qcfpunch:White_Boots":0,"Pondfish Scales":0,"Ornamental Fan":22,"CrazyTorch:ReiMu":45,"Slimebound:AbsorbEndCombat":0,"qcfpunch:Red_Headband":24,"Garlic":26,"Bag of Marbles":43,"Membership Card":0,"DemoMod:WaxWing":17,"potionbrewer:Keyblade":19,"ReplayTheSpireMod:Lightbulb":37,"hexamod:IceCube":34,"RuthlessExorcism:ReiMu":25},{"Ice Cream":51,"Golden Egg":0,"DemoMod:BlueGuonStone":25,"hubris:CrystalStatue":43,"Tea:ReiMu":62,"DemoMod:GlassGuonStoneRelic":1,"wanderingMiniBosses:OtherGremlinHorn":2,"Ginger":15,"qcfpunch:Red_Beret":43,"DemoMod:RiddleOfLead":60,"Old Coin":45,"vexMod:InvisibilityCloak":25,"aspiration:PoetsPen":18,"Ribbon":51,"DemoMod:MonsterBlood":69,"DemoMod:ClearGuonStone":25,"hexamod:SpiritBrand":51,"Guardian:BottledStasis":25,"Happy Flower":25,"DemoMod:OrangeGuonStone":12,"Oddly Smooth Stone":22,"Guardian:ModeShifter":25,"hexamod:TheBrokenSeal":53,"potionbrewer:BhaskarasWheel":9,"War Paint":21,"Question Card":25,"hexamod:MatchstickCase":54,"potionbrewer:Torch":45,"OrangePellets":40,"Replay:Baseball":14,"DemoMod:GundromedaStrain":23,"infinitespire:Broken Mirror":2,"Shuriken":51,"Tintinnabulum":7,"Pandora\u0027s Box":2,"hubris:TenFootPole":32,"infinitespire:EmpoweringShard":51,"aspiration:HatOfInfinitePower":56,"Meat on the Bone":30,"Bromod:ArcaneAvenger":72,"qcfpunch:Spiky_Bracers":51,"theSenshi:SuperSailorFukuRelic":25,"aspiration:Lifesprig":28,"Bromod:ArcanePistoleer":37,"Juzu Bracelet":21,"Incense Burner":25,"hubris:SlimyHat":25,"DemoMod:WhiteGuonStone":21,"hubris:EmptyBottle":25,"Ancient Tea Set":45,"Gensokyo:PortableGap":60,"Pet Ghost":27,"Gensokyo:LunaticRedEyes":53,"ClockworkSouvenir":22,"Replay:Rubber Ducky":68,"DemoMod:SevenLeafClover":39,"Frozen Eye":62,"hubris:Backtick":43,"Toolbox":68,"downfall:KnowingSkull":10,"Genji_Glove":39,"WingedGreaves":53,"aspiration:FutureDiary":0,"Guardian:BottledAnomaly":51,"Potion Belt":41,"hubris:DisguiseKit":22,"qcfpunch:Army_Boots":39,"Slimebound:SelfDamagePreventRelic":11,"ReplayTheSpireMod:Ninjato":62,"Replay:Towering Pillar of Hats":51,"aspiration:FetidBarrel":25,"Quantum Egg":0,"DemoMod:WeirdEgg":51,"PreservedInsect":27,"infinitespire:CheckeredPen":29,"infinitespire:Lucky Rock":57,"qcfpunch:White_Boots":51,"Pondfish Scales":25,"Ornamental Fan":11,"CrazyTorch:ReiMu":22,"Slimebound:AbsorbEndCombat":0,"qcfpunch:Red_Headband":12,"Garlic":39,"Bag of Marbles":71,"Membership Card":51,"DemoMod:WaxWing":34,"potionbrewer:Keyblade":60,"ReplayTheSpireMod:Lightbulb":68,"hexamod:IceCube":67,"RuthlessExorcism:ReiMu":63},{"Ice Cream":143,"Golden Egg":0,"DemoMod:BlueGuonStone":71,"hubris:CrystalStatue":120,"Tea:ReiMu":178,"DemoMod:GlassGuonStoneRelic":4,"wanderingMiniBosses:OtherGremlinHorn":8,"Ginger":42,"qcfpunch:Red_Beret":120,"DemoMod:RiddleOfLead":173,"Old Coin":126,"vexMod:InvisibilityCloak":71,"aspiration:PoetsPen":52,"Ribbon":143,"DemoMod:MonsterBlood":197,"DemoMod:ClearGuonStone":71,"hexamod:SpiritBrand":143,"Guardian:BottledStasis":71,"Happy Flower":71,"DemoMod:OrangeGuonStone":33,"Oddly Smooth Stone":64,"Guardian:ModeShifter":71,"hexamod:TheBrokenSeal":150,"potionbrewer:BhaskarasWheel":23,"War Paint":62,"Question Card":71,"hexamod:MatchstickCase":154,"potionbrewer:Torch":126,"OrangePellets":108,"Replay:Baseball":38,"DemoMod:GundromedaStrain":66,"infinitespire:Broken Mirror":8,"Shuriken":143,"Tintinnabulum":17,"Pandora\u0027s Box":8,"hubris:TenFootPole":86,"infinitespire:EmpoweringShard":143,"aspiration:HatOfInfinitePower":158,"Meat on the Bone":83,"Bromod:ArcaneAvenger":207,"qcfpunch:Spiky_Bracers":143,"theSenshi:SuperSailorFukuRelic":71,"aspiration:Lifesprig":78,"Bromod:ArcanePistoleer":99,"Juzu Bracelet":62,"Incense Burner":71,"hubris:SlimyHat":71,"DemoMod:WhiteGuonStone":62,"hubris:EmptyBottle":71,"Ancient Tea Set":126,"Gensokyo:PortableGap":173,"Pet Ghost":76,"Gensokyo:LunaticRedEyes":151,"ClockworkSouvenir":64,"Replay:Rubber Ducky":193,"DemoMod:SevenLeafClover":107,"Frozen Eye":178,"hubris:Backtick":120,"Toolbox":193,"downfall:KnowingSkull":25,"Genji_Glove":107,"WingedGreaves":151,"aspiration:FutureDiary":0,"Guardian:BottledAnomaly":143,"Potion Belt":110,"hubris:DisguiseKit":64,"qcfpunch:Army_Boots":107,"Slimebound:SelfDamagePreventRelic":28,"ReplayTheSpireMod:Ninjato":178,"Replay:Towering Pillar of Hats":143,"aspiration:FetidBarrel":71,"Quantum Egg":0,"DemoMod:WeirdEgg":143,"PreservedInsect":76,"infinitespire:CheckeredPen":81,"infinitespire:Lucky Rock":163,"qcfpunch:White_Boots":143,"Pondfish Scales":71,"Ornamental Fan":28,"CrazyTorch:ReiMu":64,"Slimebound:AbsorbEndCombat":0,"qcfpunch:Red_Headband":33,"Garlic":107,"Bag of Marbles":203,"Membership Card":143,"DemoMod:WaxWing":91,"potionbrewer:Keyblade":173,"ReplayTheSpireMod:Lightbulb":193,"hexamod:IceCube":192,"RuthlessExorcism:ReiMu":181}]},"card_choices":[{"not_picked":["hexamod:HauntingEcho","hexamod:GhostShield"],"picked":"hexamod:SpectersWail","floor":2.0},{"not_picked":["hexamod:ThirdSeal","hexamod:FourthSeal","hexamod:SecondSeal"],"picked":"SKIP","floor":2.0},{"not_picked":["hexamod:SwordOfDarkness","hexamod:Firestarter","hexamod:CrushingStance"],"picked":"SKIP","floor":2.0},{"not_picked":["hexamod:FastForward","hexamod:ThermalTransfer","hexamod:GhostOfSpireFuture"],"picked":"SKIP","floor":3.0},{"not_picked":["hexamod:SecondSeal","hexamod:SixthSeal","hexamod:ThirdSeal"],"picked":"SKIP","floor":6.0},{"not_picked":["hexamod:Firestarter","hexamod:FourthSeal","hexamod:InspiringFlames"],"picked":"SKIP","floor":6.0},{"not_picked":["hexamod:AdvancingGuard","hexamod:Hexaguard","hexamod:GhostOfSpirePast"],"picked":"SKIP","floor":10.0},{"not_picked":["hexamod:FastForward","hexamod:ThermalTransfer"],"picked":"hexamod:SwordOfDarkness","floor":11.0},{"not_picked":["hexamod:SixthSeal","hexamod:SecondSeal","hexamod:FourthSeal"],"picked":"SKIP","floor":11.0},{"not_picked":["hexamod:InspiringFlames","hexamod:Firestarter","hexamod:ThermalTransfer"],"picked":"SKIP","floor":13.0},{"not_picked":["hexamod:Rewind","hexamod:ThermalTransfer"],"picked":"hexamod:Firestarter","floor":14.0},{"not_picked":["hexamod:BurningTouch","hexamod:RecurringNightmare","hexamod:SecondSeal"],"picked":"SKIP","floor":15.0},{"not_picked":["hexamod:SixthSeal","hexamod:FifthSeal"],"picked":"hexamod:ParanormalForm","floor":16},{"not_picked":["hexamod:SpectersWail","hexamod:InspiringFlames"],"picked":"hexamod:Hexaguard","floor":21},{"not_picked":["hexamod:BacktrackSmack","hexamod:ShieldOfDarkness"],"picked":"hexamod:RetreatToShadows+1","floor":22},{"not_picked":["hexamod:HeatShield+1","hexamod:SoulSteal+1"],"picked":"hexamod:SkipABeat+1","floor":23},{"not_picked":["hexamod:FastForward+1","hexamod:NightmareGuise+1"],"picked":"hexamod:NightmareStrike+1","floor":23},{"not_picked":["hexamod:Firestarter","hexamod:RainOfEmbers","hexamod:HeatShield"],"picked":"SKIP","floor":25},{"not_picked":["Gensokyo:Doppelganger","Gensokyo:MenInBlack"],"picked":"Gensokyo:TurboGranny","floor":26},{"not_picked":["hexamod:SkipABeat","hexamod:AdvancingGuard"],"picked":"hexamod:GhostLash","floor":27},{"not_picked":["hexamod:RadiantFlame","hexamod:HauntingEcho"],"picked":"hexamod:TimeWarp","floor":29},{"not_picked":["hexamod:GhostShield","hexamod:GhostOfSpirePresent","hexamod:BurningTouch"],"picked":"SKIP","floor":32},{"not_picked":["hexamod:UnleashSpirits","hexamod:TimeWarp"],"picked":"hexamod:EmpoweringStance","floor":33},{"not_picked":["hexamod:SpectersWail","hexamod:Firestarter","hexamod:FourthSeal"],"picked":"SKIP","floor":36},{"not_picked":["ReplayTheSpireMod:Echoes of Time","infinitespire:DeathsTouch"],"picked":"infinitespire:Menacing","floor":38},{"not_picked":["hexamod:RadiantFlame","hexamod:UnleashSpirits","hexamod:BurningTouch+1"],"picked":"SKIP","floor":40},{"not_picked":["hexamod:SecondSeal","hexamod:GhostflameBarrier","hexamod:GhostShield"],"picked":"SKIP","floor":44},{"not_picked":["hexamod:NightmareStrike","hexamod:SwordOfDarkness","hexamod:ThirdSeal"],"picked":"SKIP","floor":43},{"not_picked":["hexamod:FifthSeal","hexamod:EmpoweringStance+1"],"picked":"hexamod:WildfireWeapon+1","floor":42},{"not_picked":["hexamod:NightmareStrike","hexamod:SecondSeal"],"picked":"hexamod:ShieldOfDarkness","floor":44},{"not_picked":["hexamod:SpectralAdrenaline","hexamod:HeatCrush","hexamod:FastForward"],"picked":"SKIP","floor":46}],"player_experience":1204029,"relics_obtained":[{"floor":8.0,"key":"hexamod:MatchstickCase"},{"floor":11.0,"key":"aspiration:HatOfInfinitePower"},{"floor":13.0,"key":"infinitespire:Lucky Rock"},{"floor":22,"key":"ReplayTheSpireMod:Ninjato"},{"floor":24,"key":"Tea:ReiMu"},{"floor":25,"key":"RuthlessExorcism:ReiMu"},{"floor":29,"key":"qcfpunch:Army_Boots"},{"floor":39,"key":"Replay:Rubber Ducky"},{"floor":43,"key":"Bag of Marbles"},{"floor":44,"key":"Bromod:ArcaneAvenger"},{"floor":45,"key":"CrazyTorch:ReiMu"}],"event_choices":[{"damage_healed":2.0,"max_hp_gain":0.0,"max_hp_loss":0.0,"gold_gain":0.0,"event_name":"betterSkull:BetterSkull","player_choice":"LEAVE ","floor":9.0,"gold_loss":0.0,"damage_taken":0.0,"cards_upgraded":[],"relics_obtained":[]},{"damage_healed":2,"gold_gain":0,"player_choice":"LEAVE ","damage_taken":0,"relics_obtained":[],"max_hp_gain":0,"max_hp_loss":0,"event_name":"betterSkull:BetterSkull","floor":20,"gold_loss":0,"cards_upgraded":[]},{"damage_healed":0,"gold_gain":0,"player_choice":"2","damage_taken":0,"max_hp_gain":0,"max_hp_loss":0,"event_name":"betterMatch:BetterMatch","floor":23,"gold_loss":0,"cards_obtained":["betterMatch:UncommonCard","betterMatch:CommonCard"]},{"damage_healed":0,"gold_gain":0,"player_choice":"2","damage_taken":0,"max_hp_gain":0,"max_hp_loss":0,"event_name":"betterMatch:BetterMatch","floor":42,"gold_loss":0,"cards_obtained":["betterMatch:RareCard"]},{"damage_healed":0,"gold_gain":44,"player_choice":"Grab what you can","damage_taken":0,"max_hp_gain":0,"max_hp_loss":0,"event_name":"Creature of the Night","floor":43,"gold_loss":0}],"is_beta":false,"boss_relics":[{"not_picked":["Busted Crown","vexMod:CursedCompass"],"picked":"DemoMod:RiddleOfLead"},{"not_picked":["Golden_Hairpin","Coffee Dripper"],"picked":"hexamod:IceCube"}],"items_purged_floors":[0,0,0,27],"is_endless":false,"potions_floor_spawned":[3,6,15,16,21,29,36,40,44],"ascension_level":18}}