{"host":"mj8akmyfd5lo602f","time":1608934903,"event":{"mods":["2.2 Compatiblity","Act Like it!","BaseMod","Bestiary","BshForSts","Colored Map","Colored Powertips","Downfall","Highlight Path","Minty Spire (QoL Compilation)","Permanent Neow","Relic Stats","StSLib","The Servant 0.9.4"],"gold_per_floor":[99,112,131,146,146,146,173,98,112,122,272,272,109,120,139,139,139,139],"floor_reached":16,"playtime":788,"items_purged":["Slimebound:Icky"],"score":119,"play_id":"c56766da-9820-41c1-bd79-03b4863687be","local_time":"20201225222143","is_ascension_mode":false,"campfire_choices":[{"data":"champ:Taunt","floor":1,"key":"SMITH"},{"data":"champ:BerserkerStyle","floor":8,"key":"SMITH"},{"data":"champ:Backstep","floor":12,"key":"SMITH"}],"circlet_count":0,"master_deck":["champ:Strike","champ:Strike","champ:Strike","champ:Strike","champ:Defend","champ:Defend","champ:Defend","champ:Defend","champ:Taunt+1","champ:BerserkerStyle+1","champ:Backstep+1","champ:AdrenalArmor","champ:AdrenalArmor","champ:BerserkersShout","champ:GutPunch","champ:ShieldSigil","champ:CrookedStrike","champ:LastStand"],"relics":["champ:ChampionCrown","Mercury Hourglass","downfall:HeartBlessingBlue"],"acts_visited":["Exordium"],"potions_floor_usage":[14,16],"damage_taken":[{"damage":11,"enemies":"Small Slimes","floor":2,"turns":4},{"damage":10,"enemies":"2 Louse","floor":3,"turns":3},{"damage":7,"enemies":"Jaw Worm","floor":4,"turns":4},{"damage":15,"enemies":"2 Fungi Beasts","floor":9,"turns":4},{"damage":15,"enemies":"3 Louse","floor":10,"turns":3},{"damage":20,"enemies":"downfall:FleeingMerchant","floor":13,"turns":4},{"damage":17,"enemies":"Lots of Slimes","floor":14,"turns":3},{"damage":28,"enemies":"Blue Slaver","floor":15,"turns":3},{"damage":92,"enemies":"downfall:Defect","floor":16,"turns":6}],"seed_played":"-3965701020936818032","potions_obtained":[{"floor":2,"key":"ColorlessPotion"},{"floor":3,"key":"FearPotion"},{"floor":10,"key":"Strength Potion"},{"floor":14,"key":"LiquidMemories"}],"is_trial":false,"path_per_floor":["R","M","M","M","?","?","T","R","M","M","?","R","$","M","M","B"],"character_chosen":"THE_CHAMP","items_purchased":["champ:GutPunch","champ:ShieldSigil"],"campfire_rested":0,"item_purchase_floors":[13,13],"current_hp_per_floor":[90,86,81,81,48,53,53,63,61,61,61,61,61,61,61,0,0,0],"gold":139,"neow_bonus":"TRANSFORM_CARD","is_daily":false,"chose_seed":false,"campfire_upgraded":3,"win_rate":0.0,"timestamp":1608934903,"path_taken":["R","M","M","M","?","?","T","R","M","M","?","R","$","M","M","BOSS"],"items_purchased_type":["Card","Card"],"build_version":"2020-12-22","purchased_purges":1,"victory":false,"max_hp_per_floor":[90,90,90,90,90,95,95,105,105,105,105,105,105,105,105,105,105,105],"relic_stats":{"counters":[9,34],"obtain_stats":[{"downfall:HeartBlessingBlue":8,"champ:ChampionCrown":0,"Mercury Hourglass":5},{"downfall:HeartBlessingBlue":3,"champ:ChampionCrown":0,"Mercury Hourglass":3},{"downfall:HeartBlessingBlue":11,"champ:ChampionCrown":0,"Mercury Hourglass":11}],"Mercury Hourglass":[87]},"card_choices":[{"not_picked":["champ:GutPunch","champ:ShieldWall"],"picked":"champ:Backstep","floor":2},{"not_picked":["champ:CalledShot","champ:DefensiveStyle","champ:FalseCounter"],"picked":"SKIP","floor":3},{"not_picked":["champ:RecklessLeap","champ:DefensiveStyle"],"picked":"champ:AdrenalArmor","floor":4},{"not_picked":["champ:GladiatorStyle","champ:FanOfKnives"],"picked":"champ:AdrenalArmor","floor":9},{"not_picked":["champ:GladiatorStyle","champ:FalseCounter","champ:RapidStrikes"],"picked":"SKIP","floor":10},{"not_picked":["champ:GladiatorsShout","champ:SkillfulDodge"],"picked":"champ:BerserkersShout","floor":13},{"not_picked":["champ:TornadoPunch","champ:AdrenalArmor"],"picked":"champ:CrookedStrike","floor":14},{"not_picked":["champ:RageSigil","champ:Aggression"],"picked":"champ:LastStand","floor":15}],"player_experience":444302,"relics_obtained":[],"event_choices":[{"damage_healed":0,"gold_gain":0,"player_choice":"Success","damage_taken":33,"relics_obtained":["Mercury Hourglass"],"max_hp_gain":0,"max_hp_loss":0,"event_name":"Scrap Ooze","floor":5,"gold_loss":0},{"damage_healed":0,"gold_gain":0,"player_choice":"Donut","damage_taken":0,"max_hp_gain":5,"max_hp_loss":0,"event_name":"Big Fish","floor":6,"gold_loss":0}],"is_beta":false,"boss_relics":[],"items_purged_floors":[13],"is_endless":false,"potions_floor_spawned":[2,3,10,14,15],"killed_by":"downfall:Defect","ascension_level":0}}