{"host":"18wi9kpcl4eah7pe","time":1608898408,"event":{"mods":["BaseMod","Colored Powertips","Downfall","Minty Spire (QoL Compilation)","StSLib"],"gold_per_floor":[99,119,119,132,150,180,254,268,118,103,117,136,163,73,91,91,91,91],"floor_reached":16,"playtime":693,"items_purged":["Regret"],"score":114,"play_id":"63b90551-f976-453c-9ef4-21bc4a3729be","local_time":"20201225061328","is_ascension_mode":false,"campfire_choices":[{"floor":1,"key":"RECALL"},{"floor":9,"key":"REST"}],"circlet_count":0,"master_deck":["Guardian:Strike_Guardian","Guardian:Strike_Guardian","Guardian:Strike_Guardian+1","Guardian:Strike_Guardian+1","Guardian:Defend_Guardian+1","Guardian:Defend_Guardian","Guardian:Defend_Guardian","Guardian:Defend_Guardian","Guardian:CurlUp","Guardian:TwinSlam","Guardian:WalkerClaw","Guardian:TimeBomb","Guardian:Suspension","Guardian:TemporalStrike","Guardian:GuardianWhirl","Guardian:ChargeUp","Guardian:Reroute","Guardian:Gem_Synthetic","Guardian:Gem_Fragmented","Guardian:Gem_Green","Guardian:Gem_Crimson","Guardian:Gem_Lightblue","Guardian:Gem_Orange","Guardian:RevengeProtocol","Guardian:Harden"],"relics":["Guardian:ModeShifter","Potion Belt","downfall:HeartBlessingRed","downfall:HeartBlessingBlue","Guardian:SackOfGems"],"acts_visited":["Exordium"],"potions_floor_usage":[6,6,10,13,14],"damage_taken":[{"damage":0,"enemies":"Small Slimes","floor":2,"turns":4},{"damage":2,"enemies":"Jaw Worm","floor":4,"turns":6},{"damage":2,"enemies":"Cultist","floor":5,"turns":3},{"damage":31,"enemies":"Lagavulin","floor":6,"turns":6},{"damage":15,"enemies":"Large Slime","floor":8,"turns":5},{"damage":5,"enemies":"downfall:FleeingMerchant","floor":10,"turns":4},{"damage":7,"enemies":"Exordium Thugs","floor":11,"turns":5},{"damage":12,"enemies":"Blue Slaver","floor":12,"turns":4},{"damage":16,"enemies":"Gremlin Nob","floor":13,"turns":3},{"damage":2,"enemies":"downfall:FleeingMerchant","floor":14,"turns":4},{"damage":0,"enemies":"Large Slime","floor":15,"turns":4},{"damage":27,"enemies":"downfall:Defect","floor":16,"turns":4}],"seed_played":"-440466467206253524","potions_obtained":[{"floor":0,"key":"champ:CounterPotion"},{"floor":0,"key":"Guardian:DefensiveModePotion"},{"floor":0,"key":"PowerPotion"},{"floor":12,"key":"Weak Potion"},{"floor":13,"key":"Strength Potion"}],"is_trial":false,"path_per_floor":["R","M","?","M","M","E","T","M","R","$","M","M","E","$","M","B"],"character_chosen":"GUARDIAN","items_purchased":[],"campfire_rested":1,"item_purchase_floors":[],"current_hp_per_floor":[80,80,80,78,76,45,45,30,67,62,55,43,27,25,25,0,0,0],"gold":91,"neow_bonus":"THREE_SMALL_POTIONS","is_daily":false,"chose_seed":false,"campfire_upgraded":0,"win_rate":0.0,"timestamp":1608898408,"path_taken":["R","M","?","M","M","E","T","M","R","?","M","M","E","$","M","BOSS"],"items_purchased_type":[],"build_version":"2020-12-22","purchased_purges":1,"victory":false,"max_hp_per_floor":[80,80,80,80,80,80,80,80,90,90,90,90,90,90,90,90,90,90],"card_choices":[{"not_picked":["Guardian:SentryBeam","Guardian:Incinerate"],"picked":"Guardian:Gem_Cyan","floor":2},{"not_picked":["Guardian:Gem_White","Guardian:ShieldSpikes"],"picked":"Guardian:WalkerClaw","floor":4},{"not_picked":["Guardian:WalkerClaw","Guardian:PolyBeam"],"picked":"Guardian:TimeBomb","floor":5},{"not_picked":["Guardian:Incinerate","Guardian:ConstructionForm"],"picked":"Guardian:Suspension","floor":6},{"not_picked":["Guardian:Planning","Guardian:ChargeUp"],"picked":"Guardian:TemporalStrike","floor":8},{"not_picked":["Guardian:RollAttack","Guardian:ChargeCore"],"picked":"Guardian:GuardianWhirl","floor":10},{"not_picked":["Guardian:TemporalShield","Guardian:TimeBomb"],"picked":"Guardian:ChargeUp","floor":11},{"not_picked":["Guardian:PrismaticBeam","Guardian:VentSteam"],"picked":"Guardian:Reroute","floor":12},{"not_picked":["Guardian:TimeBomb","Guardian:FloatingOrbs"],"picked":"Guardian:Gem_Orange","floor":13},{"not_picked":["Guardian:RefractedBeam","Guardian:Gem_Green"],"picked":"Guardian:RevengeProtocol","floor":14},{"not_picked":["Guardian:PrismaticBeam","Guardian:BronzeArmor"],"picked":"Guardian:Harden","floor":15}],"player_experience":855346,"relics_obtained":[{"floor":6,"key":"Potion Belt"},{"floor":13,"key":"Guardian:SackOfGems"}],"event_choices":[],"is_beta":false,"boss_relics":[],"items_purged_floors":[14],"is_endless":false,"potions_floor_spawned":[5,12,13],"killed_by":"downfall:Defect","ascension_level":0}}