{"host":"g7xvyycavwkoojg3","time":1608857402,"event":{"mods":["Astrologer","BaseMod","Challenge The Spire","Exacting","GifTheSpireLib","HexUI Lib","Marisa????????","Minty Spire (QoL Compilation)","Replay The Spire","Shop Mod","StSLib","The Animator","The Bug Knight","The Hierophant","The Necromancer","The Runesmith"],"gold_per_floor":[112,112,112,112,112,62,90,115,128,154,154,154,154,185,244,255,255,356,356,368,368,368,402,402,402],"floor_reached":24,"playtime":2775,"items_purged":[],"score":233,"play_id":"21a2bf8d-c746-4ede-ab9d-12790dd5f5ec","local_time":"20201224195002","is_ascension_mode":true,"campfire_choices":[{"floor":13,"key":"RECALL"},{"floor":17,"key":"REST"}],"circlet_count":0,"master_deck":["Strike_R","Strike_R","Strike_R","Strike_R","Defend_R","Defend_R","Defend_R","Defend_R","Body Slam+1","Survivor","Neutralize","Body Slam","Warcry","Anger","Barricade","Anger","Eclipse","Body Slam+1"],"relics":["Burning Blood","Blue Doll","Dead Branch","HollowMod:StagPassRelic","Centennial Puzzle","Blue Candle","Odd Mushroom","Mark of Pain"],"acts_visited":["Exordium","TheCity"],"potions_floor_usage":[16,16,23],"damage_taken":[{"damage":18,"enemies":"Jaw Worm","floor":1,"turns":7},{"damage":13,"enemies":"Small Slimes","floor":7,"turns":4},{"damage":20,"enemies":"Replay:BlueRogue","floor":8,"turns":8},{"damage":0,"enemies":"2 Louse","floor":9,"turns":3},{"damage":20,"enemies":"Gremlin Nob","floor":10,"turns":5},{"damage":18,"enemies":"Lagavulin","floor":14,"turns":8},{"damage":21,"enemies":"The Mushroom Lair","floor":15,"turns":6},{"damage":4,"enemies":"Exordium Thugs","floor":16,"turns":5},{"damage":17,"enemies":"Fading Forest","floor":18,"turns":11},{"damage":25,"enemies":"Shell Parasite","floor":20,"turns":10},{"damage":70,"enemies":"Chosen","floor":23,"turns":9},{"damage":37,"enemies":"Centurion and Healer","floor":24,"turns":6}],"seed_played":"-2986266351532173841","potions_obtained":[{"floor":7,"key":"Energy Potion"},{"floor":9,"key":"FairyPotion"},{"floor":15,"key":"SneckoOil"},{"floor":18,"key":"Milkshake"},{"floor":23,"key":"BlessingOfTheForge"}],"is_trial":false,"path_per_floor":["M","?","?","PTL","PTL","?","M","E","M","E","T","?","R","E","?","M","R","B",null,"M","?","?","M","M"],"character_chosen":"IRONCLAD","items_purchased":[],"campfire_rested":1,"item_purchase_floors":[],"current_hp_per_floor":[76,76,76,76,76,76,69,55,61,47,47,40,40,28,13,15,41,44,88,69,52,52,33,0,0],"gold":402,"neow_bonus":"TEN_PERCENT_HP_BONUS","is_daily":false,"chose_seed":false,"campfire_upgraded":0,"win_rate":0.0,"timestamp":1608857402,"path_taken":["M","?","?","PTL","PTL","?","?","E","M","E","T","?","R","E","?","M","R","BOSS","M","?","?","?","M"],"items_purchased_type":[],"build_version":"2020-12-22","purchased_purges":0,"victory":false,"max_hp_per_floor":[88,88,88,88,88,88,88,88,88,88,88,88,88,88,88,88,88,88,88,88,93,93,93,93,93],"card_choices":[{"not_picked":["Twin Strike","Headbutt"],"picked":"Body Slam","floor":1},{"not_picked":["Headbutt","Perfected Strike"],"picked":"Body Slam","floor":7},{"not_picked":["Sword Boomerang","Havoc"],"picked":"Warcry","floor":8},{"not_picked":["Warcry","Rampage"],"picked":"Anger","floor":9},{"not_picked":["Run Through","ReplayTheSpireMod:LeadingStrike","Rampage"],"picked":"SKIP","floor":10},{"not_picked":["Burning Pact","Wild Strike"],"picked":"Barricade","floor":14},{"not_picked":["Thunderclap","Hemokinesis"],"picked":"Anger","floor":15},{"not_picked":["Thunderclap","Replay:Undeath\u0027s Touch","Sentinel"],"picked":"SKIP","floor":16},{"not_picked":["Feed","Replay:Many Hands"],"picked":"Eclipse","floor":18},{"not_picked":["Pommel Strike+1","Feel No Pain"],"picked":"Body Slam+1","floor":20},{"not_picked":["Sever Soul","Thunderclap","Second Wind"],"picked":"SKIP","floor":23}],"player_experience":77922,"relics_obtained":[{"floor":8,"key":"Blue Doll"},{"floor":10,"key":"Dead Branch"},{"floor":11,"key":"HollowMod:StagPassRelic"},{"floor":14,"key":"Blue Candle"},{"floor":15,"key":"Odd Mushroom"}],"event_choices":[{"damage_healed":0,"gold_gain":0,"player_choice":"Grow","damage_taken":0,"max_hp_gain":0,"max_hp_loss":0,"event_name":"Living Wall","floor":2,"gold_loss":0,"cards_upgraded":["Body Slam"]},{"cards_removed":["Strike_R"],"damage_healed":0,"gold_gain":0,"player_choice":"Card Removal","damage_taken":0,"max_hp_gain":0,"max_hp_loss":0,"event_name":"The Cleric","floor":6,"gold_loss":50},{"damage_healed":0,"gold_gain":0,"player_choice":"Success","damage_taken":7,"relics_obtained":["Centennial Puzzle"],"max_hp_gain":0,"max_hp_loss":0,"event_name":"Scrap Ooze","floor":12,"gold_loss":0},{"damage_healed":0,"gold_gain":0,"player_choice":"Fought Mushrooms","damage_taken":0,"max_hp_gain":0,"max_hp_loss":0,"event_name":"Mushrooms","floor":15,"gold_loss":0},{"damage_healed":0,"gold_gain":0,"player_choice":"Shed Blood","damage_taken":22,"max_hp_gain":5,"max_hp_loss":0,"event_name":"Forgotten Altar","floor":21,"gold_loss":0},{"damage_healed":0,"gold_gain":0,"player_choice":"Ignored","damage_taken":0,"max_hp_gain":0,"max_hp_loss":0,"event_name":"Ghosts","floor":22,"gold_loss":0}],"is_beta":false,"boss_relics":[{"not_picked":["Replay:Ancient Bell","SacredBark"],"picked":"Mark of Pain"}],"items_purged_floors":[],"is_endless":false,"potions_floor_spawned":[7,9,15,18,23],"killed_by":"Centurion and Healer","ascension_level":2}}