{"host":"9vk21r6l9dtkpvh9","time":1608858700,"event":{"mods":["2.2 Compatiblity","AchievementEnabler","Act Like it!","Astrologer","Bard","Bartender","BaseMod","Better Altar","Better Match","Better Note","Better Sensory Stone","Better Skull","Better Third Choice","BetterRewards","CapriCore","CatGirl Mod","Colored Map","Colored Powertips","Conspire","DeckTracker","Downfall","Energized Spire","Fiend Mod","Gensokyo","GifTheSpireLib","Hermit","Hubris","Infinite Spire","Jorbs\u0027s Wanderer Trilogy","Koishi","LagranYue(???·?)","Luminous","Mad Scientist","Marisa????????","Mimic Mod","Minty Spire (QoL Compilation)","Potionbrewer","Rare Cards Sparkle","Relic Stats","Replay The Spire","SOS???????","Shade Mod","Spicy Shops","StSLib","SuperFastMode","Td1madao Mod","The Animator","The Construct","The Forsaken","The Gatherer","The Hayseed","The Hierophant","The Immortal","The Jungle","The Mystic","The Necromancer","The Runesmith","The Senshi","The Servant 0.9.4","The Trickster","The Valiant","The Wild Card","TheBandit","TheSwordswoman","TheWitcher","WarShipGirlsR/????R mod","vexMod","???Mod??????Boss"],"gold_per_floor":[119,119,188,182,195,230,291,303,356,406,456,456,485,34,100,200,200,211,226,245,295,313,345,395,395,395,445,495,495,510,523,523,622,622,636,78,108,125,154,154,184,184,209,236,236,255,273,284,284,284,284,284,31,59,59,59],"floor_reached":55,"playtime":2630,"items_purged":["Strike_R","Strike_R"],"score":759,"play_id":"16417ad5-93a5-45a0-bfcd-be885280ae6d","local_time":"20201224201140","is_ascension_mode":false,"campfire_choices":[{"data":"ReplayTheSpireMod:Muscle Training","floor":12,"key":"SMITH"},{"floor":25,"key":"REST"},{"floor":29,"key":"REST"},{"data":"True Grit","floor":32,"key":"SMITH"},{"floor":40,"key":"RECALL"},{"data":"True Grit","floor":42,"key":"SMITH"},{"data":"Demon Form","floor":45,"key":"SMITH"},{"data":"Limit Break","floor":49,"key":"SMITH"},{"data":"Strike_R","floor":52,"key":"PURGE"}],"circlet_count":0,"master_deck":["Strike_R","Strike_R","Defend_R","Defend_R","Defend_R","Defend_R","Bash","expansioncontent:GuardianWhirl","Inflame+1","True Grit+1","Cleave","Replay:Undeath\u0027s Touch","ReplayTheSpireMod:Muscle Training+1","Armaments+1","Demon Form+1","Feel No Pain","Life Link+1","Flame Barrier+1","Limit Break+1","Wallop+1","hubris:StunningStrike","True Grit+1","Exhume","Metallicize","Disarm+1","Dual Wield","Feel No Pain+1","Reaper"],"relics":["Burning Blood","LagranYue:RandomDrawCardRelic","SsserpentHead","Peace Pipe","Bronze Scales","Happy Flower","hubris:GlazedTorus","hubris:ScarierMask","Nloth\u0027s Gift","Juzu Bracelet","conspire:BottledYoYo","Blood Vial","energizedSpire:RedRose","Gremlin Food","LagranYue:MagicReflectiveArmorRelic","Mango","Iron Hammer","Protect_Vest","Runesmith:Nanobots","Anchor","Boot"],"acts_visited":["Exordium","TheCity","TheBeyond","TheEnding"],"potions_floor_usage":[6,13,13,33,39,50,55,55,55],"damage_taken":[{"damage":0,"enemies":"conspire:RoseBush","floor":1,"turns":4},{"damage":1,"enemies":"Cultist","floor":3,"turns":4},{"damage":10,"enemies":"Small Slimes","floor":5,"turns":2},{"damage":36,"enemies":"Lagavulin","floor":6,"turns":9},{"damage":11,"enemies":"Red Slaver","floor":7,"turns":4},{"damage":14,"enemies":"Blue Slaver","floor":8,"turns":4},{"damage":13,"enemies":"3 Sentries","floor":13,"turns":3},{"damage":54,"enemies":"Hexaghost","floor":16,"turns":9},{"damage":11,"enemies":"2 Thieves","floor":18,"turns":4},{"damage":18,"enemies":"Shell Parasite","floor":19,"turns":5},{"damage":27,"enemies":"Centurion and Healer","floor":20,"turns":4},{"damage":3,"enemies":"conspire:HollyBat","floor":22,"turns":5},{"damage":47,"enemies":"conspire:SneckoGhost","floor":23,"turns":8},{"damage":7,"enemies":"3 Cultists","floor":30,"turns":4},{"damage":0,"enemies":"Chosen and Byrds","floor":31,"turns":5},{"damage":18,"enemies":"conspire:MysteriousRune","floor":33,"turns":10},{"damage":15,"enemies":"Orb Walker","floor":35,"turns":5},{"damage":0,"enemies":"3 Shapes","floor":38,"turns":5},{"damage":32,"enemies":"Maw","floor":39,"turns":7},{"damage":4,"enemies":"Nemesis","floor":41,"turns":9},{"damage":22,"enemies":"Giant Head","floor":44,"turns":7},{"damage":1,"enemies":"Spire Growth","floor":46,"turns":6},{"damage":2,"enemies":"Sphere and 2 Shapes","floor":47,"turns":3},{"damage":2,"enemies":"3 Darklings","floor":48,"turns":4},{"damage":98,"enemies":"Donu and Deca","floor":50,"turns":11},{"damage":14,"enemies":"Shield and Spear","floor":54,"turns":7},{"damage":120,"enemies":"The Heart","floor":55,"turns":9}],"seed_played":"1939015156452097813","potions_obtained":[{"floor":1,"key":"BloodPotion"},{"floor":3,"key":"LifebloodPotion"},{"floor":6,"key":"SpeedPotion"},{"floor":8,"key":"SteroidPotion"},{"floor":22,"key":"potionbrewer:MidasPotion"},{"floor":23,"key":"BlessingOfTheForge"},{"floor":37,"key":"potionbrewer:NoxiousPotion"},{"floor":39,"key":"Dexterity Potion"},{"floor":44,"key":"BloodPotion"},{"floor":48,"key":"LiquidBronze"},{"floor":54,"key":"champ:CounterPotion"}],"is_trial":false,"path_per_floor":["M","?","M","?","M","E","M","M","T","?","?","R","E","$","R_BF","B",null,"M","M","M","?","M","E","?","R","T","?","?","R","M","M","R","B",null,"M","$","?","M","M","R","E","R","T","E","R","M","M","M","R","B",null,"R","$","E","B"],"character_chosen":"IRONCLAD","items_purchased":["hubris:GlazedTorus","Lee\u0027s Waffle","Gremlin Food","LagranYue:MagicReflectiveArmorRelic","Mango","Metallicize","Anchor"],"campfire_rested":2,"item_purchase_floors":[14,14,36,36,36,36,53],"current_hp_per_floor":[80,80,80,80,76,46,41,33,33,33,33,33,42,87,87,39,87,82,70,49,49,52,11,11,37,37,14,14,40,41,49,49,39,87,78,92,92,100,75,75,79,79,79,65,65,72,78,84,84,14,101,101,101,93,0,0],"gold":59,"neow_bonus":"RANDOM_COLORLESS","is_daily":false,"chose_seed":false,"campfire_upgraded":5,"win_rate":0.0,"timestamp":1608858700,"path_taken":["M","?","?","?","M","E","?","M","T","?","?","R","E","$","R_BF","BOSS","M","M","M","?","M","E","?","R","T","?","?","R","M","M","R","BOSS","M","?","?","M","M","R","E","R","T","E","R","M","M","M","R","BOSS","R","$","E","BOSS"],"items_purchased_type":["Relic","Relic","Relic","Relic","Relic","Card","Relic"],"build_version":"2020-12-22","purchased_purges":2,"victory":false,"max_hp_per_floor":[80,80,80,80,80,80,80,80,80,80,80,80,80,87,87,87,87,87,87,87,87,87,87,87,87,87,87,87,87,87,87,87,87,87,87,101,101,101,101,101,101,101,101,101,101,101,101,101,101,101,101,101,101,101,101,101],"relic_stats":{"Peace Pipe":1,"Blood Vial":23,"SsserpentHead":550,"Happy Flower":[42],"counters":[27,157],"Bronze Scales":[401],"Nloth\u0027s Gift":4,"Juzu Bracelet":2,"Boot":[0],"obtain_stats":[{"energizedSpire:RedRose":34,"Gremlin Food":36,"Lee\u0027s Waffle":14,"Runesmith:Nanobots":44,"LagranYue:RandomDrawCardRelic":0,"Happy Flower":13,"Mango":36,"Juzu Bracelet":23,"Protect_Vest":43,"LagranYue:MagicReflectiveArmorRelic":36,"Boot":54,"Burning Blood":0,"Peace Pipe":4,"Blood Vial":27,"SsserpentHead":2,"Anchor":53,"Bronze Scales":6,"hubris:ScarierMask":17,"Iron Hammer":41,"Nloth\u0027s Gift":21,"conspire:BottledYoYo":26,"hubris:GlazedTorus":14},{"energizedSpire:RedRose":16,"Gremlin Food":17,"Lee\u0027s Waffle":7,"Runesmith:Nanobots":21,"LagranYue:RandomDrawCardRelic":0,"Happy Flower":7,"Mango":17,"Juzu Bracelet":13,"Protect_Vest":20,"LagranYue:MagicReflectiveArmorRelic":17,"Boot":26,"Burning Blood":0,"Peace Pipe":2,"Blood Vial":13,"SsserpentHead":1,"Anchor":25,"Bronze Scales":4,"hubris:ScarierMask":8,"Iron Hammer":20,"Nloth\u0027s Gift":11,"conspire:BottledYoYo":13,"hubris:GlazedTorus":7},{"energizedSpire:RedRose":84,"Gremlin Food":89,"Lee\u0027s Waffle":30,"Runesmith:Nanobots":117,"LagranYue:RandomDrawCardRelic":0,"Happy Flower":30,"Mango":89,"Juzu Bracelet":65,"Protect_Vest":110,"LagranYue:MagicReflectiveArmorRelic":89,"Boot":148,"Burning Blood":0,"Peace Pipe":8,"Blood Vial":65,"SsserpentHead":4,"Anchor":141,"Bronze Scales":19,"hubris:ScarierMask":39,"Iron Hammer":110,"Nloth\u0027s Gift":52,"conspire:BottledYoYo":65,"hubris:GlazedTorus":30}],"Burning Blood":145},"card_choices":[{"not_picked":["expansioncontent:PolyBeam","expansioncontent:Chronoboost"],"picked":"expansioncontent:GuardianWhirl","floor":0},{"not_picked":["Twin Strike","Cleave"],"picked":"Inflame","floor":1},{"not_picked":["Defy Death","Iron Wave"],"picked":"True Grit","floor":3},{"not_picked":["Anger","Cleave","Warcry"],"picked":"SKIP","floor":5},{"not_picked":["Clash","ReplayTheSpireMod:Limb From Limb"],"picked":"Cleave","floor":6},{"not_picked":["Anger","ReplayReversal"],"picked":"Replay:Undeath\u0027s Touch","floor":7},{"not_picked":["Seeing Red","ReplayTheSpireMod:Strike From Hell"],"picked":"ReplayTheSpireMod:Muscle Training","floor":8},{"not_picked":["Reckless Charge","Combust"],"picked":"Armaments","floor":13},{"not_picked":["Berserk","Exhume"],"picked":"Demon Form","floor":16},{"not_picked":["ReplayReversal","Iron Wave","Combust"],"picked":"SKIP","floor":18},{"not_picked":["Heavy Blade","Replay:Undeath\u0027s Touch+1"],"picked":"Feel No Pain","floor":19},{"not_picked":["Massacre","Flex"],"picked":"Life Link+1","floor":20},{"not_picked":["Replay:Undeath\u0027s Touch+1","Sword Boomerang"],"picked":"Flame Barrier+1","floor":22},{"not_picked":["Seeing Red","Fire Breathing"],"picked":"Limit Break","floor":23},{"not_picked":["Sentinel","Hemokinesis"],"picked":"hubris:StunningStrike","floor":30},{"not_picked":["Anger","ReplayReversal"],"picked":"True Grit","floor":31},{"not_picked":["Eclipse","Berserk"],"picked":"Exhume","floor":33},{"not_picked":["Body Slam+1","Spot Weakness+1","Pummel+1"],"picked":"SKIP","floor":35},{"not_picked":["Heavy Blade+1","Clash+1"],"picked":"Disarm+1","floor":38},{"not_picked":["Berserk","Sever Soul+1","infinitespire:OneForAll+1"],"picked":"SKIP","floor":39},{"not_picked":["Ghostly Armor","Pommel Strike"],"picked":"Dual Wield","floor":41},{"not_picked":["Intimidate+1","Cleave"],"picked":"Feel No Pain+1","floor":44},{"not_picked":["Replay:Undeath\u0027s Touch+1","Thunderclap+1","Wild Strike+1"],"picked":"SKIP","floor":46},{"not_picked":["Flex","Armaments","Headbutt+1"],"picked":"SKIP","floor":47},{"not_picked":["Flex","Anger+1","Warcry+1"],"picked":"SKIP","floor":48},{"not_picked":["Heavy Blade","infinitespire:OneForAll"],"picked":"Reaper","floor":54}],"player_experience":617874,"relics_obtained":[{"floor":6,"key":"Bronze Scales"},{"floor":13,"key":"Happy Flower"},{"floor":23,"key":"Juzu Bracelet"},{"floor":26,"key":"conspire:BottledYoYo"},{"floor":41,"key":"Iron Hammer"},{"floor":43,"key":"Protect_Vest"},{"floor":44,"key":"Runesmith:Nanobots"},{"floor":54,"key":"Boot"}],"event_choices":[{"damage_healed":0,"gold_gain":0,"player_choice":"Trade","damage_taken":0,"relics_obtained":["SsserpentHead"],"max_hp_gain":0,"max_hp_loss":0,"event_name":"FaceTrader","floor":2,"gold_loss":0},{"damage_healed":0,"gold_gain":0,"player_choice":"Paid Gold","damage_taken":0,"relics_obtained":["Peace Pipe"],"max_hp_gain":0,"max_hp_loss":0,"event_name":"WeMeetAgain","floor":4,"gold_loss":56},{"damage_healed":0,"gold_gain":0,"player_choice":"Traded Relic","damage_taken":0,"relics_obtained":["Nloth\u0027s Gift"],"max_hp_gain":0,"max_hp_loss":0,"event_name":"N\u0027loth","floor":21,"relics_lost":["Lee\u0027s Waffle"],"gold_loss":0},{"cards_removed":["Flame Barrier"],"damage_healed":0,"gold_gain":0,"player_choice":"Take \u0026 Give","damage_taken":0,"max_hp_gain":0,"max_hp_loss":0,"event_name":"betterNote:BetterNote","floor":24,"gold_loss":0,"cards_obtained":["Wallop"]},{"damage_healed":0,"gold_gain":0,"player_choice":" Vial ","damage_taken":23,"relics_obtained":["Blood Vial"],"max_hp_gain":37,"max_hp_loss":14,"event_name":"betterAltar:BetterAltar","floor":27,"potions_obtained":[],"relics_lost":[],"gold_loss":0},{"damage_healed":0,"gold_gain":0,"player_choice":"Forge","damage_taken":0,"max_hp_gain":0,"max_hp_loss":0,"event_name":"Accursed Blacksmith","floor":28,"gold_loss":0,"cards_upgraded":["Armaments"]},{"damage_healed":0,"gold_gain":0,"player_choice":"Bought 1 Potion","damage_taken":0,"max_hp_gain":0,"max_hp_loss":0,"event_name":"The Woman in Blue","floor":37,"gold_loss":0}],"is_beta":false,"boss_relics":[{"not_picked":["infinitespire:Cupcake","Abe\u0027s Treasure"],"picked":"hubris:ScarierMask"},{"not_picked":["Tiny House","ReplayTheSpireMod:SealedPack"],"picked":"energizedSpire:RedRose"}],"items_purged_floors":[53,53],"is_endless":false,"potions_floor_spawned":[1,3,6,8,22,23,31,39,44,46,48,54],"killed_by":"The Heart","ascension_level":0}}