{"host":"e40jm352kjzixotw","time":1608929005,"event":{"mods":["Arknights The Spire","BaseMod","Better Altar","BetterRewards","Colored Map","Colored Powertips","DeckTracker","Dota2Spire","Minty Spire (QoL Compilation)","Rare Cards Sparkle","Relic Stats","Shade Mod","StSLib","The Animator","TheSwordswoman"],"gold_per_floor":[117,117,46,66,86,101,121,121,171,183,15,40,57,75,75,174,174,194,212,228,242,256,256,273,273,320,21,21,37,47,67,67,171,171,182,457,133,152,1,1,1],"floor_reached":40,"playtime":2564,"items_purged":["ats:Strike G","Regret"],"score":423,"play_id":"cab99fc6-da26-4b14-a6c4-e558aa7dd1af","local_time":"20201225214325","is_ascension_mode":false,"campfire_choices":[{"data":"Apotheosis","floor":8,"key":"SMITH"},{"floor":15,"key":"REST"},{"floor":23,"key":"REST"},{"floor":28,"key":"REST"},{"data":"ats:Neurotoxin","floor":32,"key":"SMITH"}],"circlet_count":0,"master_deck":["ats:Strike S","ats:Strike V","ats:Armor Crushing Shot","ats:Defend","ats:Defend","ats:Defend","ats:Defend","ats:Emotion Absorption","Apotheosis+1","ats:Explosion Area Strengthen","ats:Neurotoxin+1","ats:Leaping Hammer","ats:Poison Spread","ats:Shell Defense","ats:Apocalypse","Sadistic Nature","ats:Composite Medical Shells","ats:Disruption Kick+1","ats:Revitalization","ats:Thorns","ats:Healing Strengthening","ats:Revitalization","ats:Healing Drone","ats:Thorns","ats:Thorns"],"relics":["ats:Sanity Plus","ats:Originium","Singing Bowl","ats:Omniscience","MawBank","Regal Pillow","DollysMirror","Art of War"],"acts_visited":["Exordium","TheCity","TheBeyond"],"potions_floor_usage":[12,13,18,30,33,40],"damage_taken":[{"damage":0,"enemies":"2 Louse","floor":1,"turns":3},{"damage":4,"enemies":"Cultist","floor":4,"turns":5},{"damage":3,"enemies":"Jaw Worm","floor":5,"turns":3},{"damage":11,"enemies":"2 Fungi Beasts","floor":6,"turns":4},{"damage":2,"enemies":"Blue Slaver","floor":7,"turns":4},{"damage":1,"enemies":"Large Slime","floor":10,"turns":6},{"damage":15,"enemies":"Lagavulin","floor":12,"turns":8},{"damage":5,"enemies":"3 Louse","floor":13,"turns":4},{"damage":10,"enemies":"Looter","floor":14,"turns":4},{"damage":16,"enemies":"Slime Boss","floor":16,"turns":12},{"damage":14,"enemies":"3 Byrds","floor":18,"turns":4},{"damage":15,"enemies":"2 Thieves","floor":19,"turns":5},{"damage":63,"enemies":"3 Cultists","floor":20,"turns":7},{"damage":14,"enemies":"Snecko","floor":21,"turns":6},{"damage":10,"enemies":"Shelled Parasite and Fungi","floor":22,"turns":5},{"damage":19,"enemies":"Snake Plant","floor":24,"turns":5},{"damage":53,"enemies":"Cultist and Chosen","floor":29,"turns":8},{"damage":19,"enemies":"Sentry and Sphere","floor":30,"turns":6},{"damage":23,"enemies":"Centurion and Healer","floor":31,"turns":12},{"damage":140,"enemies":"Automaton","floor":33,"turns":15},{"damage":34,"enemies":"Orb Walker","floor":35,"turns":7},{"damage":53,"enemies":"3 Darklings","floor":38,"turns":7},{"damage":170,"enemies":"Nemesis","floor":40,"turns":10}],"seed_played":"2583769455361907606","potions_obtained":[{"floor":1,"key":"LiquidMemories"},{"floor":5,"key":"EntropicBrew"},{"floor":7,"key":"LiquidMemories"},{"floor":14,"key":"Energy Potion"},{"floor":22,"key":"PowerPotion"},{"floor":31,"key":"SkillPotion"},{"floor":35,"key":"AttackPotion"}],"is_trial":false,"path_per_floor":["M","?","$","M","M","M","M","R","T","M","$","E","M","M","R","B",null,"M","M","M","M","M","R","M","?","T","$","R","M","M","M","R","B",null,"M","?","$","M","$","E"],"character_chosen":"DOCTOR_CLASS","items_purchased":["ats:Neurotoxin","Sadistic Nature","Regal Pillow","ats:Healing Strengthening","ats:Thorns","DollysMirror","Art of War"],"campfire_rested":3,"item_purchase_floors":[3,11,27,27,37,37,39],"current_hp_per_floor":[65,65,65,61,58,47,45,45,45,46,46,41,40,37,57,64,69,58,54,11,16,24,46,38,38,38,38,76,46,73,81,81,83,83,80,80,80,75,75,0,0],"gold":1,"neow_bonus":"RANDOM_COLORLESS_2","is_daily":false,"chose_seed":false,"campfire_upgraded":2,"win_rate":0.0,"timestamp":1608929005,"path_taken":["M","?","$","M","M","?","M","R","T","M","$","E","M","M","R","BOSS","M","M","M","M","M","R","M","?","T","$","R","M","M","M","R","BOSS","M","?","$","M","?","E"],"items_purchased_type":["Card","Card","Relic","Card","Card","Relic","Relic"],"build_version":"2020-12-22","purchased_purges":2,"victory":false,"max_hp_per_floor":[65,65,65,65,65,65,65,65,65,65,65,65,67,69,69,69,69,69,71,73,75,75,75,77,77,77,77,77,79,81,81,81,83,83,83,83,83,85,85,85,85],"relic_stats":{"Regal Pillow":15,"Singing Bowl":20,"counters":[23,150],"Art of War":[4],"MawBank":12,"obtain_stats":[{"Regal Pillow":27,"ats:Sanity Plus":34,"ats:Originium":12,"Singing Bowl":12,"DollysMirror":37,"Art of War":39,"ats:Sanity":0,"ats:Omniscience":17,"MawBank":26},{"Regal Pillow":16,"ats:Sanity Plus":20,"ats:Originium":7,"Singing Bowl":7,"DollysMirror":21,"Art of War":22,"ats:Sanity":0,"ats:Omniscience":10,"MawBank":16},{"Regal Pillow":85,"ats:Sanity Plus":126,"ats:Originium":33,"Singing Bowl":33,"DollysMirror":133,"Art of War":140,"ats:Sanity":0,"ats:Omniscience":53,"MawBank":85}]},"card_choices":[{"not_picked":["Master of Strategy","Panache"],"picked":"Apotheosis","floor":0},{"not_picked":["ats:Powerful Strike","ats:Assault Order"],"picked":"ats:Explosion Area Strengthen","floor":1},{"not_picked":["ats:Assault Order","ats:Hammer On"],"picked":"ats:Leaping Hammer","floor":4},{"not_picked":["ats:Counter Healing Mode","ats:Consecutive Shot Auto"],"picked":"ats:Poison Spread","floor":5},{"not_picked":["ats:Hammer On","ats:Part Time Job"],"picked":"ats:Shell Defense","floor":6},{"not_picked":["ats:Consecutive Shot Auto","ats:LN2 Cannon","ats:True Silver Slash"],"picked":"SKIP","floor":7},{"not_picked":["ats:Powerful Strike","ats:Flexible Camouflage"],"picked":"ats:Apocalypse","floor":10},{"not_picked":["ats:LN2 Cannon","ats:Revitalization"],"picked":"ats:Composite Medical Shells","floor":12},{"not_picked":["ats:Magnetic Hammer","ats:Curse Doll","ats:Composite Medical Shells"],"picked":"Singing Bowl","floor":13},{"not_picked":["ats:Beaten Up","ats:Burning Ground","ats:Cat Scratch"],"picked":"Singing Bowl","floor":14},{"not_picked":["ats:Roar Of Ursus","ats:Volcano"],"picked":"ats:Disruption Kick","floor":16},{"not_picked":["ats:Apocalypse","ats:Assault Order"],"picked":"ats:Revitalization","floor":18},{"not_picked":["ats:Apocalypse+1","ats:Ignite","ats:Explosion Area Strengthen"],"picked":"Singing Bowl","floor":19},{"not_picked":["ats:Powerful Strike","ats:Childhood Dance+1","ats:Cat Scratch"],"picked":"Singing Bowl","floor":20},{"not_picked":["ats:Collapsing Strike","ats:Childhood Dance","ats:Cat Scratch"],"picked":"Singing Bowl","floor":21},{"not_picked":["ats:Flexible Camouflage","ats:Explosion Area Strengthen"],"picked":"ats:Thorns","floor":22},{"not_picked":["ats:Curse Doll","ats:Flexible Camouflage","ats:Shadow Assault"],"picked":"Singing Bowl","floor":24},{"not_picked":["ats:Apocalypse","ats:Assault Order","ats:Demon Strength+1"],"picked":"Singing Bowl","floor":29},{"not_picked":["ats:Apocalypse","ats:Blood Oath","ats:Powerful Strike"],"picked":"Singing Bowl","floor":30},{"not_picked":["ats:Powerful Strike","ats:Soul Absorption+1"],"picked":"ats:Revitalization","floor":31},{"not_picked":["ats:Shadow Assault","ats:Wolf Pack","ats:Fractured Body"],"picked":"Singing Bowl","floor":33},{"not_picked":["ats:Flame Of Heaven","ats:Leaping Hammer+1"],"picked":"ats:Healing Drone","floor":35},{"not_picked":["ats:Song Of Battle+1","ats:Cat Scratch","ats:Shadow Raid"],"picked":"Singing Bowl","floor":38}],"player_experience":1164405,"relics_obtained":[{"floor":12,"key":"ats:Originium"},{"floor":12,"key":"Singing Bowl"},{"floor":26,"key":"MawBank"}],"event_choices":[{"cards_removed":["ats:Strike C"],"damage_healed":0,"gold_gain":0,"player_choice":"Purged","damage_taken":0,"max_hp_gain":0,"max_hp_loss":0,"event_name":"Purifier","floor":2,"gold_loss":0},{"damage_healed":0,"gold_gain":0,"player_choice":"Upgraded","damage_taken":0,"max_hp_gain":0,"max_hp_loss":0,"event_name":"Upgrade Shrine","floor":25,"gold_loss":0,"cards_upgraded":["ats:Disruption Kick"]},{"damage_healed":0,"gold_gain":275,"player_choice":"Desecrate","damage_taken":0,"max_hp_gain":0,"max_hp_loss":0,"event_name":"Golden Shrine","floor":36,"gold_loss":0,"cards_obtained":["Regret"]}],"is_beta":false,"boss_relics":[{"not_picked":["Pandora\u0027s Box","ats:Tactical Delivery"],"picked":"ats:Omniscience"},{"not_picked":["Sozu","SacredBark"],"picked":"ats:Sanity Plus"}],"items_purged_floors":[27,37],"is_endless":false,"potions_floor_spawned":[1,5,7,10,14,22,24,29,31,35],"killed_by":"Nemesis","ascension_level":0}}