{"host":"32dedufnxebqtmo3","time":1608886946,"event":{"mods":["AchievementEnabler","BaseMod","Better Third Choice","Card Filter","Colored Powertips","Defuse TimeMaze Blight","GifTheSpireLib","Minty Spire (QoL Compilation)","Permanent Neow","Relic Filter","Relic Stats","Remove Card Discount Mod","Shop Mod","StSLib","The Cursed","The Senshi","Unceasing Turn Reminder"],"gold_per_floor":[118,15,15,0,10,10,35,45,45,68,80,105,145,257,269,281,281],"floor_reached":16,"playtime":988,"items_purged":["theSenshi:SailorKick","theSenshi:SailorKick","theSenshi:SailorBlock"],"score":110,"play_id":"23d3b2b4-1c22-4584-bb1e-7aad18f616ab","local_time":"20201225010226","is_ascension_mode":false,"campfire_choices":[{"data":"theSenshi:MoonPrismPowerMakeUp","floor":6,"key":"SMITH"},{"data":"Madness","floor":11,"key":"SMITH"},{"data":"theSenshi:MoonlightKnight","floor":15,"key":"SMITH"}],"circlet_count":0,"master_deck":["theSenshi:SailorKick","theSenshi:SailorKick","theSenshi:SailorBlock","theSenshi:SailorBlock","theSenshi:SailorBlock","theSenshi:RoseThrow","theSenshi:MoonPrismPowerMakeUp+1","Madness+1","theSenshi:MoonPrincessHalation+1","theSenshi:TallSilhouette","theSenshi:MoonTiaraMagic","Enlightenment","theSenshi:Sidestep","theSenshi:MoonEternalMakeUp","theSenshi:TallSilhouette","theSenshi:MoonlightKnight+1","theSenshi:TallSilhouette"],"relics":["theSenshi:TransformationBroochRelic","theSenshi:CrescentMoonWandRelic","MawBank","Juzu Bracelet"],"acts_visited":["Exordium"],"potions_floor_usage":[],"damage_taken":[{"damage":5,"enemies":"2 Louse","floor":1,"turns":3},{"damage":0,"enemies":"Small Slimes","floor":5,"turns":3},{"damage":8,"enemies":"3 Sentries","floor":7,"turns":6},{"damage":0,"enemies":"Cultist","floor":8,"turns":3},{"damage":6,"enemies":"Large Slime","floor":10,"turns":4},{"damage":0,"enemies":"2 Fungi Beasts","floor":12,"turns":4},{"damage":1,"enemies":"Lagavulin","floor":13,"turns":7},{"damage":65,"enemies":"Hexaghost","floor":16,"turns":15}],"seed_played":"-5827366826154274627","potions_obtained":[{"floor":1,"key":"Weak Potion"},{"floor":7,"key":"Dexterity Potion"},{"floor":10,"key":"Ancient Potion"},{"floor":12,"key":"Regen Potion"}],"is_trial":false,"path_per_floor":["M","$","?","?","M","R","E","M","T","M","R","M","E","?","R","B"],"character_chosen":"THE_SENSHI","items_purchased":["theSenshi:TallSilhouette","theSenshi:MoonTiaraMagic"],"campfire_rested":0,"item_purchase_floors":[2,2],"current_hp_per_floor":[70,70,70,76,76,76,68,68,68,62,62,62,61,61,61,0,0],"gold":281,"neow_bonus":"RANDOM_COLORLESS","is_daily":false,"chose_seed":false,"campfire_upgraded":3,"win_rate":0.0,"timestamp":1608886946,"path_taken":["M","$","?","?","M","R","E","M","T","M","R","M","E","?","R","BOSS"],"items_purchased_type":["Card","Card"],"build_version":"2020-12-22","purchased_purges":3,"victory":false,"max_hp_per_floor":[75,75,75,81,81,81,81,81,81,81,81,81,81,81,81,81,81],"relic_stats":{"counters":[8,45],"Juzu Bracelet":0,"MawBank":84,"obtain_stats":[{"theSenshi:TransformationBroochRelic":0,"Juzu Bracelet":13,"theSenshi:CrescentMoonWandRelic":7,"MawBank":9},{"theSenshi:TransformationBroochRelic":0,"Juzu Bracelet":7,"theSenshi:CrescentMoonWandRelic":3,"MawBank":4},{"theSenshi:TransformationBroochRelic":0,"Juzu Bracelet":30,"theSenshi:CrescentMoonWandRelic":12,"MawBank":15}]},"card_choices":[{"not_picked":["Deep Breath","Purity"],"picked":"Madness","floor":0},{"not_picked":["theSenshi:MoonPunch","theSenshi:SailorChibiMoonAssists"],"picked":"theSenshi:MoonPrincessHalation","floor":1},{"not_picked":["theSenshi:MoonKick","theSenshi:EncouragingSpeech"],"picked":"theSenshi:Sidestep","floor":5},{"not_picked":["theSenshi:SchoolBag","theSenshi:SailorVenusAssists","theSenshi:TuxedoSmokingBomber"],"picked":"SKIP","floor":7},{"not_picked":["theSenshi:SchoolBag","theSenshi:TuxedoSmokingBomber"],"picked":"theSenshi:MoonEternalMakeUp","floor":8},{"not_picked":["theSenshi:Sidestep","theSenshi:TuxedoSmokingBomber"],"picked":"theSenshi:TallSilhouette","floor":10},{"not_picked":["theSenshi:SailorJupiterAssists","theSenshi:SchoolBag"],"picked":"theSenshi:MoonlightKnight","floor":12},{"not_picked":["theSenshi:MoonTiaraMagic","theSenshi:MoonPunch"],"picked":"theSenshi:TallSilhouette","floor":13}],"player_experience":712725,"relics_obtained":[{"floor":7,"key":"theSenshi:CrescentMoonWandRelic"},{"floor":9,"key":"MawBank"},{"floor":13,"key":"Juzu Bracelet"}],"event_choices":[{"damage_healed":0,"gold_gain":0,"player_choice":"Grow","damage_taken":0,"max_hp_gain":0,"max_hp_loss":0,"event_name":"Living Wall","floor":3,"gold_loss":0,"cards_upgraded":["theSenshi:MoonPrincessHalation"]},{"damage_healed":0,"gold_gain":0,"player_choice":"RENOUNCE","damage_taken":15,"max_hp_gain":0,"max_hp_loss":0,"event_name":"betterThird:BetterSerpent","floor":4,"gold_loss":15,"cards_obtained":["Enlightenment"]},{"damage_healed":0,"gold_gain":100,"player_choice":"Gold","damage_taken":0,"max_hp_gain":0,"max_hp_loss":0,"event_name":"Wheel of Change","floor":14,"gold_loss":0}],"is_beta":false,"boss_relics":[],"items_purged_floors":[2,2,2],"is_endless":false,"potions_floor_spawned":[1,7,10,12],"killed_by":"Hexaghost","ascension_level":0}}