{"host":"kabf61oc9jgfwufg","time":1608864924,"event":{"mods":["AchievementEnabler","Act Like it!","Aspiration","Bartender","BaseMod","CatGirl Mod","Conspire","GifTheSpireLib","Halation","HexUI Lib","Hubris","Infinite Spire","Marisa????????","Minty Spire (QoL Compilation)","Pale of the Ancients","Rare Cards Sparkle","Replay The Spire","StSLib","The Animator","The Blackbeard","The Bladedancer","The Cursed","The Jungle","The Marked","The Servant 0.9.4","TheSwordswoman"],"gold_per_floor":[359,371,11,26,36,36,56,68,68,68,30,4,22,22,22,22,22],"floor_reached":16,"playtime":683,"items_purged":["animator:Strike_OwariNoSeraph"],"score":94,"play_id":"6124744e-4a06-4fca-b233-f3e042db81ef","local_time":"20201225025524","is_ascension_mode":false,"campfire_choices":[{"data":"Backstab","floor":6,"key":"SMITH"},{"floor":10,"key":"REST"},{"floor":15,"key":"REST"}],"circlet_count":0,"master_deck":["Strike_G","Strike_G","Strike_G","Strike_G","Defend_G","Defend_G","Defend_G","Defend_G","Defend_G","Survivor","Neutralize","animator:Defend","Flying Knee","ReplayTheSpireMod:Necrosis+1","Quick Slash","Backstab+1","Caltrops","Deadly Poison","Backstab+1"],"relics":["Ring of the Snake","Membership Card","Ice Cream","hubris:MobiusCoin"],"acts_visited":["Exordium"],"potions_floor_usage":[16],"damage_taken":[{"damage":1,"enemies":"Cultist","floor":1,"turns":4},{"damage":8,"enemies":"Jaw Worm","floor":2,"turns":4},{"damage":0,"enemies":"Small Slimes","floor":4,"turns":3},{"damage":7,"enemies":"3 Louse","floor":5,"turns":4},{"damage":21,"enemies":"Exordium Wildlife","floor":7,"turns":4},{"damage":24,"enemies":"Large Slime","floor":8,"turns":7},{"damage":15,"enemies":"Exordium Thugs","floor":13,"turns":5},{"damage":47,"enemies":"Fading Forest","floor":16,"turns":5}],"seed_played":"1364942664432016130","potions_obtained":[{"floor":1,"key":"FearPotion"},{"floor":5,"key":"Energy Potion"},{"floor":7,"key":"Dexterity Potion"}],"is_trial":false,"path_per_floor":["M","M","$","M","M","R","M","M","T","R","$","$","M","?","R","B"],"character_chosen":"THE_SILENT","items_purchased":["Membership Card","Ice Cream","ReplayTheSpireMod:Necrosis+1","BlessingOfTheForge"],"campfire_rested":2,"item_purchase_floors":[3,3,3,12],"current_hp_per_floor":[69,61,61,61,54,54,33,9,9,30,30,30,15,14,35,0,0],"gold":22,"neow_bonus":"TWO_FIFTY_GOLD","is_daily":false,"chose_seed":false,"campfire_upgraded":1,"win_rate":0.0,"timestamp":1608864924,"path_taken":["M","?","$","M","M","R","M","M","T","R","?","$","?","?","R","BOSS"],"items_purchased_type":["Relic","Relic","Card","Potion"],"build_version":"2020-12-22","purchased_purges":1,"victory":false,"max_hp_per_floor":[70,70,70,70,70,70,70,70,70,70,70,70,70,70,70,70,70],"card_choices":[{"not_picked":["Dodge and Roll","Sucker Punch"],"picked":"Flying Knee","floor":1},{"not_picked":["Skewer","Bane","PiercingWail"],"picked":"SKIP","floor":2},{"not_picked":["Backflip","Fluid Movement"],"picked":"Quick Slash","floor":4},{"not_picked":["Backflip","Infinite Blades"],"picked":"Backstab","floor":5},{"not_picked":["hubris:Sniper","Underhanded Strike"],"picked":"Caltrops","floor":7},{"not_picked":["Expertise","Bane"],"picked":"Deadly Poison","floor":8},{"not_picked":["Choke","Footwork"],"picked":"Backstab","floor":13}],"player_experience":36387,"relics_obtained":[{"floor":9,"key":"hubris:MobiusCoin"}],"event_choices":[],"is_beta":false,"boss_relics":[],"items_purged_floors":[11],"is_endless":false,"potions_floor_spawned":[1,5,7,8,13],"killed_by":"Fading Forest","ascension_level":0}}