{"host":"7rmsgc3rayi00cdt","time":1608892230,"event":{"mods":["BaseMod","Minty Spire (QoL Compilation)"],"gold_per_floor":[118,136,286,298,314,339,4,4,4,4,4,17,17,47,47,123,123,92,92,116,116,66,101,101,113,113,113,113],"floor_reached":27,"playtime":1169,"items_purged":["Shame"],"score":430,"play_id":"bc1e9f68-e967-4811-94d8-d982c72f6e6d","local_time":"20201225103030","is_ascension_mode":true,"campfire_choices":[{"floor":8,"key":"REST"},{"data":"Neutralize","floor":10,"key":"SMITH"},{"floor":15,"key":"REST"},{"floor":24,"key":"REST"}],"circlet_count":0,"master_deck":["AscendersBane","Strike_G","Strike_G","Strike_G","Strike_G","Strike_G","Defend_G","Defend_G","Defend_G","Defend_G","Defend_G","Survivor","Neutralize+1","Heel Hook","Dagger Throw","Blade Dance","Terror","Infinite Blades","Backflip","Cloak And Dagger","Acrobatics","A Thousand Cuts","Predator+1","Blade Dance"],"relics":["Black Star","Vajra","Prayer Wheel","Bronze Scales","MealTicket","Darkstone Periapt","Bird Faced Urn","Smiling Mask","Omamori","Happy Flower","Art of War","Akabeko","Bottled Lightning"],"acts_visited":["Exordium","TheCity"],"potions_floor_usage":[6,6,16,16,18,23],"damage_taken":[{"damage":0,"enemies":"Small Slimes","floor":1,"turns":4},{"damage":0,"enemies":"2 Louse","floor":2,"turns":2},{"damage":6,"enemies":"Jaw Worm","floor":4,"turns":5},{"damage":16,"enemies":"Large Slime","floor":5,"turns":8},{"damage":15,"enemies":"Gremlin Nob","floor":6,"turns":4},{"damage":16,"enemies":"Exordium Wildlife","floor":12,"turns":6},{"damage":19,"enemies":"3 Sentries","floor":14,"turns":8},{"damage":31,"enemies":"Slime Boss","floor":16,"turns":11},{"damage":28,"enemies":"2 Thieves","floor":18,"turns":5},{"damage":27,"enemies":"Gremlin Leader","floor":23,"turns":7},{"damage":18,"enemies":"Spheric Guardian","floor":25,"turns":5},{"damage":32,"enemies":"Book of Stabbing","floor":27,"turns":4}],"seed_played":"-1684136127627705689","potions_obtained":[{"floor":4,"key":"Poison Potion"},{"floor":5,"key":"LiquidMemories"},{"floor":6,"key":"SpeedPotion"},{"floor":12,"key":"Strength Potion"},{"floor":16,"key":"Fire Potion"},{"floor":18,"key":"GhostInAJar"}],"is_trial":false,"path_per_floor":["M","M","?","M","M","E","$","R","T","R","?","M","$","E","R","B",null,"M","?","T","?","$","E","R","M","T","E"],"character_chosen":"THE_SILENT","items_purchased":["Bronze Scales","MealTicket"],"campfire_rested":3,"item_purchase_floors":[7,7],"current_hp_per_floor":[59,59,59,53,37,22,22,41,41,41,41,25,40,21,40,11,52,24,30,30,30,45,20,41,27,27,0,0],"gold":113,"neow_bonus":"BOSS_RELIC","is_daily":false,"chose_seed":false,"campfire_upgraded":1,"win_rate":0.0,"timestamp":1608892230,"path_taken":["M","M","?","M","M","E","$","R","T","R","?","?","$","E","R","BOSS","M","?","?","?","$","E","R","?","T","E"],"items_purchased_type":["Relic","Relic"],"build_version":"2020-12-22","purchased_purges":1,"victory":false,"max_hp_per_floor":[66,66,66,66,66,66,66,66,66,66,66,66,66,66,66,66,66,66,72,72,72,72,72,72,72,72,72,72],"card_choices":[{"not_picked":["Dodge and Roll","Sucker Punch"],"picked":"Heel Hook","floor":1},{"not_picked":["Calculated Gamble","Poisoned Stab"],"picked":"Dagger Throw","floor":2},{"not_picked":["Slice","All Out Attack"],"picked":"Blade Dance","floor":4},{"not_picked":["Acrobatics","Riddle With Holes"],"picked":"Terror","floor":5},{"not_picked":["Crippling Poison","Outmaneuver"],"picked":"Infinite Blades","floor":6},{"not_picked":["Poisoned Stab","Accuracy"],"picked":"Backflip","floor":12},{"not_picked":["Underhanded Strike","Dagger Spray"],"picked":"Cloak And Dagger","floor":12},{"not_picked":["Slice","Backflip"],"picked":"Acrobatics","floor":14},{"not_picked":["Corpse Explosion","Glass Knife"],"picked":"A Thousand Cuts","floor":16},{"not_picked":["Noxious Fumes","Deadly Poison"],"picked":"Predator+1","floor":18},{"not_picked":["Underhanded Strike","Choke","Poisoned Stab"],"picked":"SKIP","floor":18},{"not_picked":["Dagger Spray","Dodge and Roll+1","Doppelganger"],"picked":"SKIP","floor":23},{"not_picked":["Deflect","Acrobatics+1"],"picked":"Blade Dance","floor":25},{"not_picked":["Sucker Punch","Flying Knee","Poisoned Stab"],"picked":"SKIP","floor":25}],"player_experience":720464,"relics_obtained":[{"floor":6,"key":"Vajra"},{"floor":6,"key":"Prayer Wheel"},{"floor":9,"key":"Darkstone Periapt"},{"floor":14,"key":"Bird Faced Urn"},{"floor":14,"key":"Smiling Mask"},{"floor":20,"key":"Happy Flower"},{"floor":23,"key":"Art of War"},{"floor":23,"key":"Akabeko"},{"floor":26,"key":"Bottled Lightning"}],"event_choices":[{"damage_healed":0,"gold_gain":150,"player_choice":"AGREE","damage_taken":0,"max_hp_gain":0,"max_hp_loss":0,"event_name":"Liars Game","floor":3,"gold_loss":0,"cards_obtained":["Doubt"]},{"cards_removed":["Doubt"],"damage_healed":0,"gold_gain":0,"player_choice":"Forget","damage_taken":0,"max_hp_gain":0,"max_hp_loss":0,"event_name":"Living Wall","floor":11,"gold_loss":0},{"damage_healed":0,"gold_gain":0,"player_choice":"Stole Relic","damage_taken":0,"relics_obtained":["Omamori"],"max_hp_gain":0,"max_hp_loss":0,"event_name":"Addict","floor":19,"gold_loss":0,"cards_obtained":["Shame"]},{"damage_healed":0,"gold_gain":0,"player_choice":"Ignored","damage_taken":0,"max_hp_gain":0,"max_hp_loss":0,"event_name":"N\u0027loth","floor":21,"gold_loss":0}],"is_beta":false,"boss_relics":[{"not_picked":["Coffee Dripper","Snecko Eye","Runic Dome"]}],"items_purged_floors":[22],"is_endless":false,"potions_floor_spawned":[4,5,6,12,16,18],"killed_by":"Book of Stabbing","ascension_level":16}}