{"host":"jjunaul04msmo6r1","time":1608875878,"event":{"mods":["BaseMod","Better Third Choice","Booster Modes","Colored Map","Downfall","Minty Spire (QoL Compilation)","Relic Stats","StSLib","UnlockEverythingMod","everything is the same but u backflip on backflip"],"gold_per_floor":[99,119,23,39,139,153,153,184,204,204,204],"floor_reached":10,"playtime":532,"items_purged":[],"score":75,"play_id":"6c685e74-5ff7-4110-b49e-aa187ddd2fcb","local_time":"20201224225758","is_ascension_mode":true,"campfire_choices":[{"floor":1,"key":"RECALL"}],"circlet_count":0,"master_deck":["sneckomod:Strike","sneckomod:Strike","sneckomod:Strike","sneckomod:Defend","sneckomod:Defend","sneckomod:Defend","sneckomod:TailWhip","sneckomod:SnekBite","sneckomod:Unknown","sneckomod:Unknown","sneckomod:Unknown0Cost","sneckomod:SnakeSap","expansioncontent:Chronoboost","sneckomod:QuickBite","sneckomod:UnknownDexterity","sneckomod:Transmogrify","sneckomod:UnknownClassBLUE"],"relics":["sneckomod:SneckoSoul","Thread and Needle"],"acts_visited":["Exordium"],"potions_floor_usage":[],"damage_taken":[{"damage":2,"enemies":"2 Louse","floor":2,"turns":3},{"damage":0,"enemies":"downfall:FleeingMerchant","floor":3,"turns":4},{"damage":8,"enemies":"Jaw Worm","floor":4,"turns":2},{"damage":0,"enemies":"Cultist","floor":6,"turns":3},{"damage":40,"enemies":"Gremlin Nob","floor":8,"turns":6},{"damage":7,"enemies":"Blue Slaver","floor":9,"turns":5},{"damage":9,"enemies":"Lagavulin","floor":10,"turns":3}],"seed_played":"-5865927570486339165","potions_obtained":[{"floor":4,"key":"champ:CounterPotion"},{"floor":6,"key":"AttackPotion"},{"floor":8,"key":"LiquidMemories"}],"is_trial":false,"path_per_floor":["R","M","$","M","?","M","T","E","M","E"],"character_chosen":"THE_SNECKO","items_purchased":["expansioncontent:Chronoboost"],"campfire_rested":0,"item_purchase_floors":[3],"current_hp_per_floor":[63,62,62,54,54,55,55,15,9,0,0],"gold":204,"neow_bonus":"ONE_RARE_RELIC","is_daily":false,"chose_seed":false,"campfire_upgraded":0,"win_rate":0.0,"timestamp":1608875878,"path_taken":["R","M","$","M","?","M","T","E","M","E"],"items_purchased_type":["Card"],"build_version":"2020-12-22","purchased_purges":0,"victory":false,"max_hp_per_floor":[90,91,91,91,91,92,92,92,93,93,93],"relic_stats":{"counters":[7,26],"obtain_stats":[{"Ornamental Fan":8,"Thread and Needle":0,"sneckomod:SneckoSoul":0},{"Ornamental Fan":5,"Thread and Needle":0,"sneckomod:SneckoSoul":0},{"Ornamental Fan":18,"Thread and Needle":0,"sneckomod:SneckoSoul":0}]},"card_choices":[{"not_picked":["sneckomod:UnknownCommonAttack","sneckomod:UnknownCommonSkill"],"picked":"sneckomod:Unknown0Cost","floor":2},{"not_picked":["sneckomod:MixItUp","sneckomod:UnknownCommonAttack"],"picked":"sneckomod:SnakeSap","floor":3},{"not_picked":["sneckomod:Nope","sneckomod:PureSnecko"],"picked":"sneckomod:QuickBite","floor":4},{"not_picked":["sneckomod:WideSting","sneckomod:SnakeSap"],"picked":"sneckomod:UnknownDexterity","floor":6},{"not_picked":["sneckomod:DiceBoulder","sneckomod:WideSting"],"picked":"sneckomod:Transmogrify","floor":8},{"not_picked":["sneckomod:UnknownClassHEXA_GHOST_PURPLE","sneckomod:UnknownDexterity"],"picked":"sneckomod:UnknownClassBLUE","floor":9}],"player_experience":437221,"relics_obtained":[{"floor":8,"key":"Ornamental Fan"},{"floor":9,"key":"Ornamental Fan"}],"event_choices":[],"is_beta":false,"boss_relics":[],"items_purged_floors":[],"is_endless":false,"potions_floor_spawned":[4,6,8],"killed_by":"Lagavulin","ascension_level":2}}