{"host":"kabf61oc9jgfwufg","time":1608860428,"event":{"mods":["AchievementEnabler","Act Like it!","Aspiration","Bartender","BaseMod","CatGirl Mod","Conspire","GifTheSpireLib","Halation","HexUI Lib","Hubris","Infinite Spire","Marisa????????","Minty Spire (QoL Compilation)","Pale of the Ancients","Rare Cards Sparkle","Replay The Spire","StSLib","The Animator","The Blackbeard","The Bladedancer","The Cursed","The Jungle","The Marked","The Servant 0.9.4","TheSwordswoman"],"gold_per_floor":[115,115,128,203,203,238,238,270,270,283,317,317,331,341,341,437,437,451,366,316,334,349,349,349,349,428,467,467,499,516,535,535,637,637,651,451,451,469,500,500,500,500,500,519,539,539,586,603,603,619,619],"floor_reached":50,"playtime":2317,"items_purged":["Flex+1","Warcry","Twin Strike","hubris:CleavingFinish+1"],"score":643,"play_id":"aaaac4c3-8984-494c-8968-5fa388774927","local_time":"20201225014028","is_ascension_mode":true,"campfire_choices":[{"data":"Rage","floor":7.0,"key":"SMITH"},{"floor":15.0,"key":"DIG"},{"data":"ReplayReversal","floor":23.0,"key":"SMITH"},{"data":"Combust","floor":25.0,"key":"SMITH"},{"data":"infinitespire:SevenWalls","floor":32.0,"key":"SMITH"},{"data":"infinitespire:OneForAll","floor":42,"key":"SMITH"},{"data":"hubris:Fate","floor":46,"key":"SMITH"},{"data":"Metallicize","floor":49,"key":"SMITH"}],"circlet_count":0,"master_deck":["Strike_R+1","Strike_R","Strike_R","Strike_R","Strike_R","Defend_R","Defend_R","Defend_R","Defend_R","Bash","Metallicize+1","Rage+1","Flame Barrier","Double Tap+1","ReplayReversal+1","Combust+1","Body Slam","Juggernaut","Burning Pact","infinitespire:FinalStrike","infinitespire:OneForAll+1","Body Slam","conspire:SpireCoStock","conspire:SpireCoStock","conspire:SpireCoStock","conspire:SpireCoStock","hubris:Fate+1","Perfected Strike+1","hubris:DuctTapeCard","Shrug It Off+1","Shrug It Off+1","Body Slam+1","Armaments+1"],"relics":["Burning Blood","NeowsBlessing","halation:SwordOfLegend","TungstenRod","conspire:Dentures","hubris:CuriousFeather","Ginger","hubris:RunicObelisk","hubris:BottledRain","Kunai","Nunchaku","conspire:Flyswatter","Prayer Wheel","Calling Bell","Pen Nib","hubris:DuctTape","Replay:Kaleidoscope","Eternal Feather","Ring of Peace","hubris:FruitBowl","halation:Trompette","Gambling Chip"],"acts_visited":["Exordium","TheCity","TheBeyond"],"potions_floor_usage":[50],"damage_taken":[{"damage":0.0,"enemies":"2 Louse","floor":1.0,"turns":1.0},{"damage":0.0,"enemies":"Jaw Worm","floor":3.0,"turns":1.0},{"damage":0.0,"enemies":"Gremlin Nob","floor":6.0,"turns":1.0},{"damage":38.0,"enemies":"Lagavulin","floor":8.0,"turns":10.0},{"damage":2.0,"enemies":"Cultist","floor":10.0,"turns":4.0},{"damage":10.0,"enemies":"3 Sentries","floor":11.0,"turns":11.0},{"damage":0.0,"enemies":"2 Fungi Beasts","floor":13.0,"turns":4.0},{"damage":10.0,"enemies":"Looter","floor":14.0,"turns":2.0},{"damage":39.0,"enemies":"The Guardian","floor":16.0,"turns":14.0},{"damage":10.0,"enemies":"Chosen","floor":18.0,"turns":4.0},{"damage":8.0,"enemies":"3 Byrds","floor":21.0,"turns":5.0},{"damage":41.0,"enemies":"Centurion and Healer","floor":22.0,"turns":8.0},{"damage":22.0,"enemies":"conspire:MimicChest","floor":27.0,"turns":7.0},{"damage":16.0,"enemies":"Book of Stabbing","floor":29.0,"turns":5.0},{"damage":18.0,"enemies":"Snake Plant","floor":30.0,"turns":3.0},{"damage":3.0,"enemies":"Shelled Parasite and Fungi","floor":31.0,"turns":2.0},{"damage":24.0,"enemies":"Automaton","floor":33.0,"turns":12.0},{"damage":0.0,"enemies":"3 Shapes","floor":35.0,"turns":3.0},{"damage":10.0,"enemies":"Orb Walker","floor":38.0,"turns":2.0},{"damage":33,"enemies":"3 Darklings","floor":39,"turns":5},{"damage":12,"enemies":"Spire Growth","floor":44,"turns":4},{"damage":0,"enemies":"Maw","floor":45,"turns":7},{"damage":0,"enemies":"Giant Head","floor":47,"turns":2},{"damage":5,"enemies":"4 Shapes","floor":48,"turns":4},{"damage":90,"enemies":"conspire:OrnateMirror","floor":50,"turns":6}],"seed_played":"-948756227389062690","potions_obtained":[{"floor":3.0,"key":"DuplicationPotion"},{"floor":5.0,"key":"ColorlessPotion"},{"floor":5.0,"key":"Adrenaline Potion"},{"floor":5.0,"key":"conspire:TimeTravelPotion"},{"floor":8.0,"key":"Swift Potion"},{"floor":13.0,"key":"ElixirPotion"},{"floor":18.0,"key":"ColorlessPotion"},{"floor":22.0,"key":"Energy Potion"},{"floor":39,"key":"SpeedPotion"},{"floor":45,"key":"Swift Potion"},{"floor":47,"key":"Explosive Potion"}],"is_trial":false,"path_per_floor":["M","?","M","?","?","E","R","E","T","M","E","?","M","M","R","B",null,"M","?","?","M","M","R","?","R","T","?","AVR","E","M","M","R","B",null,"M","?","AVR","M","M","?","$","R","T","M","M","R","E","M","R","B"],"character_chosen":"IRONCLAD","items_purchased":["hubris:FruitBowl","halation:Trompette"],"campfire_rested":0,"item_purchase_floors":[41,41],"current_hp_per_floor":[80,85,85,74,74,80,79,47,47,51,47,31,37,33,45,12,85,81,81,81,79,44,53,53,53,53,37,37,27,15,18,27,9,85,85,85,85,81,54,54,6,36,36,30,36,60,66,67,85,0,0],"gold":619,"neow_bonus":"THREE_ENEMY_KILL","is_daily":false,"chose_seed":false,"campfire_upgraded":7,"win_rate":0.0,"timestamp":1608860428,"path_taken":["M","?","M","?","?","E","R","E","T","?","E","?","M","M","R","BOSS","M","?","?","?","M","R","?","R","T","?","AVR","E","M","M","R","BOSS","M","?","AVR","M","M","?","?","R","T","M","M","R","E","M","R","BOSS"],"items_purchased_type":["Relic","Relic"],"build_version":"2020-12-22","purchased_purges":4,"victory":false,"max_hp_per_floor":[80,85,85,85,85,85,85,85,85,85,85,85,85,85,85,85,85,85,85,85,85,85,85,85,85,85,85,85,85,85,85,85,85,85,85,85,85,85,85,85,85,85,85,85,85,85,85,85,85,85,85],"card_choices":[{"not_picked":["Wild Strike","Perfected Strike"],"picked":"Metallicize","floor":1.0},{"not_picked":["Warcry","ReplayReversal"],"picked":"Rage","floor":3.0},{"not_picked":["Havoc","Cleave"],"picked":"Twin Strike","floor":6.0},{"not_picked":["Perfected Strike","conspire:Charge"],"picked":"Flame Barrier","floor":8.0},{"not_picked":["Entrench","Cleave"],"picked":"Double Tap","floor":10.0},{"not_picked":["ReplayTheSpireMod:Strike From Hell","Sword Boomerang"],"picked":"ReplayReversal","floor":11.0},{"not_picked":["Abandon","Warcry"],"picked":"Combust","floor":13.0},{"not_picked":["Wild Strike","Armaments"],"picked":"Body Slam","floor":14.0},{"not_picked":["Replay:Many Hands","Demonic Infusion"],"picked":"Juggernaut","floor":16.0},{"not_picked":["Perfected Strike","Heavy Blade"],"picked":"hubris:CleavingFinish+1","floor":18.0},{"not_picked":["Flex+1","Defy Death+1"],"picked":"Warcry","floor":21.0},{"not_picked":["Sword Boomerang","Flex"],"picked":"Burning Pact","floor":22.0},{"not_picked":["hubris:ReadiedAction","Evolve"],"picked":"Flex+1","floor":27.0},{"not_picked":["ReplayTheSpireMod:Corrosion Curse","Replay:Undeath\u0027s Touch+1"],"picked":"infinitespire:OneForAll","floor":29.0},{"not_picked":["Sword Boomerang","Life Link+1","Shockwave"],"picked":"SKIP","floor":30.0},{"not_picked":["Fire Breathing","Rampage","Cleave+1"],"picked":"SKIP","floor":30.0},{"not_picked":["Heavy Blade","Havoc+1"],"picked":"Body Slam","floor":31.0},{"not_picked":["Replay:Undeath\u0027s Touch","Blood for Blood+1","Wild Strike"],"picked":"SKIP","floor":31.0},{"not_picked":["ReplayTheSpireMod:Strike From Hell+1","Twin Strike+1","Blood for Blood+1"],"picked":"SKIP","floor":35.0},{"not_picked":["hubris:StunningStrike","Fire Breathing+1","Cleave"],"picked":"SKIP","floor":35.0},{"not_picked":["True Grit","Rage+1"],"picked":"Perfected Strike+1","floor":38.0},{"not_picked":["Feel No Pain","Iron Wave+1","Sentinel+1"],"picked":"SKIP","floor":38.0},{"not_picked":["ReplayTheSpireMod:Strike From Hell+1","Iron Wave+1"],"picked":"Shrug It Off+1","floor":39},{"not_picked":["hubris:ReadiedAction","Whirlwind","Inflame+1"],"picked":"SKIP","floor":39},{"not_picked":["Infernal Blade","hubris:CleavingFinish+1"],"picked":"Shrug It Off+1","floor":44},{"not_picked":["Anger+1","Clash+1","Heavy Blade"],"picked":"SKIP","floor":44},{"not_picked":["Iron Wave","hubris:ReadiedAction"],"picked":"Body Slam+1","floor":45},{"not_picked":["Offering","Clothesline+1","Anger"],"picked":"SKIP","floor":45},{"not_picked":["Corruption","Twin Strike","Thunderclap"],"picked":"SKIP","floor":47},{"not_picked":["ReplayTheSpireMod:Strike From Hell+1","Pummel"],"picked":"Armaments+1","floor":48},{"not_picked":["Shrug It Off","Anger+1","Heavy Blade+1"],"picked":"SKIP","floor":48}],"player_experience":30338,"relics_obtained":[{"floor":6.0,"key":"halation:SwordOfLegend"},{"floor":8.0,"key":"TungstenRod"},{"floor":9.0,"key":"conspire:Dentures"},{"floor":11.0,"key":"hubris:CuriousFeather"},{"floor":15.0,"key":"Ginger"},{"floor":26.0,"key":"Kunai"},{"floor":27.0,"key":"Nunchaku"},{"floor":29.0,"key":"Prayer Wheel"},{"floor":34.0,"key":"Pen Nib"},{"floor":34.0,"key":"hubris:DuctTape"},{"floor":34.0,"key":"Replay:Kaleidoscope"},{"floor":40,"key":"Ring of Peace"},{"floor":47,"key":"Gambling Chip"}],"event_choices":[{"damage_healed":0.0,"max_hp_gain":5.0,"max_hp_loss":0.0,"gold_gain":0.0,"event_name":"Big Fish","player_choice":"Donut","floor":2.0,"gold_loss":0.0,"damage_taken":0.0},{"damage_healed":0.0,"max_hp_gain":0.0,"max_hp_loss":0.0,"gold_gain":75.0,"event_name":"World of Goop","player_choice":"Gather Gold","floor":4.0,"gold_loss":0.0,"damage_taken":11.0},{"damage_healed":0.0,"max_hp_gain":0.0,"max_hp_loss":0.0,"gold_gain":0.0,"event_name":"Lab","player_choice":"Got Potions","floor":5.0,"gold_loss":0.0,"damage_taken":0.0},{"damage_healed":0.0,"max_hp_gain":0.0,"max_hp_loss":0.0,"gold_gain":0.0,"event_name":"Shining Light","player_choice":"Entered Light","floor":12.0,"gold_loss":0.0,"damage_taken":17.0,"cards_upgraded":["Strike_R","Double Tap"]},{"damage_healed":0.0,"max_hp_gain":0.0,"max_hp_loss":0.0,"gold_gain":0.0,"event_name":"Addict","player_choice":"Obtained Relic","floor":19.0,"gold_loss":85.0,"damage_taken":0.0,"relics_obtained":["hubris:BottledRain"]},{"damage_healed":0.0,"max_hp_gain":0.0,"max_hp_loss":0.0,"gold_gain":0.0,"event_name":"The Joust","player_choice":"Bet on Murderer","floor":20.0,"gold_loss":50.0,"damage_taken":0.0},{"damage_healed":0.0,"max_hp_gain":0.0,"max_hp_loss":0.0,"gold_gain":0.0,"event_name":"Ghosts","player_choice":"Ignored","floor":24.0,"gold_loss":0.0,"damage_taken":0.0},{"damage_healed":0.0,"max_hp_gain":0.0,"max_hp_loss":0.0,"gold_gain":0.0,"event_name":"conspire:Investor","player_choice":"Invest 4","floor":36.0,"gold_loss":0.0,"damage_taken":0.0}],"is_beta":false,"boss_relics":[{"not_picked":["Astrolabe","hubris:BlackHole"],"picked":"hubris:RunicObelisk"},{"not_picked":["Ring of Chaos","Sozu"],"picked":"Calling Bell"}],"items_purged_floors":[28,37,41,41],"is_endless":false,"potions_floor_spawned":[3,6,8,13,14,18,22,39,45,47],"killed_by":"conspire:OrnateMirror","ascension_level":2}}