{"host":"uflv0e3ja7hvnij7","time":1608856511,"event":{"mods":["Aspiration","BaseMod","Better Altar","Better Match","Better Note","Better Sensory Stone","Better Skull","Better Third Choice","Infinite Spire","Minty Spire (QoL Compilation)","Permanent Neow","StSLib"],"gold_per_floor":[117,128,128,578,588,588,588,603,603,616,616,616,616,636,636,759,759,759,759],"floor_reached":18,"playtime":824,"items_purged":[],"score":190,"play_id":"b08f49aa-7217-4386-ace3-976ae026c833","local_time":"20201224193511","is_ascension_mode":true,"campfire_choices":[{"floor":6,"key":"REST"},{"floor":13,"key":"REST"},{"floor":15,"key":"REST"}],"circlet_count":0,"master_deck":["Strike_R","Strike_R","Strike_R","Strike_R","Strike_R","Defend_R","Defend_R","Defend_R","Defend_R","Bash","Corruption+1","Headbutt","Havoc","Cleave","Infernal Blade","Headbutt","Spot Weakness","Reaper"],"relics":["Burning Blood","Peace Pipe","Golden Idol","aspiration:RitualDagger"],"acts_visited":["Exordium","TheCity"],"potions_floor_usage":[16,16],"damage_taken":[{"damage":16,"enemies":"Small Slimes","floor":1,"turns":5},{"damage":1,"enemies":"Cultist","floor":2,"turns":4},{"damage":4,"enemies":"Jaw Worm","floor":5,"turns":3},{"damage":1,"enemies":"2 Fungi Beasts","floor":8,"turns":3},{"damage":17,"enemies":"Looter","floor":10,"turns":3},{"damage":22,"enemies":"Exordium Thugs","floor":14,"turns":4},{"damage":49,"enemies":"Slime Boss","floor":16,"turns":9},{"damage":76,"enemies":"Chosen","floor":18,"turns":7}],"seed_played":"-1075434198327879289","potions_obtained":[{"floor":5,"key":"DuplicationPotion"},{"floor":8,"key":"Swift Potion"},{"floor":10,"key":"BloodPotion"},{"floor":16,"key":"LiquidBronze"}],"is_trial":false,"path_per_floor":["M","M","$","?","M","R","?","M","T","M","?","?","R","M","R","B",null,"M"],"character_chosen":"IRONCLAD","items_purchased":[],"campfire_rested":3,"item_purchase_floors":[],"current_hp_per_floor":[70,75,75,32,34,58,58,63,63,52,32,32,56,40,64,21,65,77,77],"gold":759,"neow_bonus":"ONE_RANDOM_RARE_CARD","is_daily":false,"chose_seed":false,"campfire_upgraded":0,"win_rate":0.0,"timestamp":1608856511,"path_taken":["M","M","$","?","?","R","?","M","T","M","?","?","R","M","R","BOSS","M"],"items_purchased_type":[],"build_version":"2020-12-22","purchased_purges":0,"victory":false,"max_hp_per_floor":[80,80,80,80,80,80,80,80,80,80,80,80,80,80,80,80,80,80,80],"card_choices":[{"not_picked":["Body Slam","Wild Strike"],"picked":"Headbutt","floor":1},{"not_picked":["Blood for Blood","Pummel"],"picked":"Havoc","floor":2},{"not_picked":["Sword Boomerang","Iron Wave"],"picked":"Cleave","floor":5},{"not_picked":["Perfected Strike","Iron Wave"],"picked":"Infernal Blade","floor":8},{"not_picked":["Hemokinesis","Anger"],"picked":"Headbutt","floor":10},{"not_picked":["Reaper","Cleave"],"picked":"Spot Weakness","floor":14},{"not_picked":["Brutality","Barricade"],"picked":"Reaper","floor":16}],"player_experience":341005,"relics_obtained":[{"floor":9,"key":"Peace Pipe"}],"event_choices":[{"damage_healed":0,"gold_gain":450,"player_choice":"GO GO GO GO ","damage_taken":47,"relics_obtained":[],"max_hp_gain":0,"max_hp_loss":0,"event_name":"betterSkull:BetterSkull","floor":4,"gold_loss":0,"cards_upgraded":[]},{"damage_healed":0,"gold_gain":0,"player_choice":"Grow","damage_taken":0,"max_hp_gain":0,"max_hp_loss":0,"event_name":"Living Wall","floor":7,"gold_loss":0,"cards_upgraded":["Corruption"]},{"damage_healed":0,"gold_gain":0,"player_choice":"Take Damage","damage_taken":20,"relics_obtained":["Golden Idol"],"max_hp_gain":0,"max_hp_loss":0,"event_name":"Golden Idol","floor":11,"gold_loss":0}],"is_beta":false,"boss_relics":[{"not_picked":["Astrolabe","Tiny House"],"picked":"aspiration:RitualDagger"}],"items_purged_floors":[],"is_endless":false,"potions_floor_spawned":[5,8,10,16],"killed_by":"Chosen","ascension_level":5}}