{"host":"f5ezd1v29dtbwkzo","time":1608930920,"event":{"mods":["2.2 Compatiblity","BaseMod","Hermit","Minty Spire (QoL Compilation)","Rare Cards Sparkle","Replay The Spire","StSLib"],"gold_per_floor":[17,35,210,220,238,271,282,282,305,323,86,99,115,115,115,214,214,225,73,92,92,92],"floor_reached":21,"playtime":918,"items_purged":["Doubt"],"score":185,"play_id":"e3b00b50-c6a0-46ba-9a5d-35cfea54ed3d","local_time":"20201226001520","is_ascension_mode":false,"campfire_choices":[{"data":"Mayhem","floor":8,"key":"SMITH"},{"floor":15,"key":"REST"}],"circlet_count":0,"master_deck":["Strike_R","Strike_R","Strike_R","Strike_R","Strike_R","Defend_R","Defend_R","Defend_R","Defend_R","Bash","Mayhem+1","Run Through","Cleave","Thunderclap","Clash","Fire Breathing","ReplayUltimateDefense","Shrug It Off","Juggernaut","Thunderclap+1"],"relics":["Burning Blood","Red Skull","Ancient Tea Set","FaceOfCleric","Black Star","MealTicket"],"acts_visited":["Exordium","TheCity"],"potions_floor_usage":[4,16,20],"damage_taken":[{"damage":5,"enemies":"Cultist","floor":1,"turns":4},{"damage":10,"enemies":"Jaw Worm","floor":2,"turns":4},{"damage":1,"enemies":"Small Slimes","floor":4,"turns":6},{"damage":9,"enemies":"Gremlin Gang","floor":5,"turns":5},{"damage":31,"enemies":"Gremlin Nob","floor":6,"turns":5},{"damage":16,"enemies":"Blue Slaver","floor":7,"turns":4},{"damage":5,"enemies":"Looter","floor":10,"turns":3},{"damage":8,"enemies":"2 Fungi Beasts","floor":12,"turns":3},{"damage":12,"enemies":"Large Slime","floor":13,"turns":4},{"damage":45,"enemies":"Fading Forest","floor":16,"turns":11},{"damage":48,"enemies":"Chosen","floor":18,"turns":7},{"damage":38,"enemies":"Spheric Guardian","floor":20,"turns":6},{"damage":17,"enemies":"Snake Plant","floor":21,"turns":2}],"seed_played":"-4775918173003532344","potions_obtained":[{"floor":4,"key":"Fruit Juice"},{"floor":6,"key":"Swift Potion"},{"floor":13,"key":"Block Potion"},{"floor":18,"key":"Weak Potion"}],"is_trial":false,"path_per_floor":["M","M","?","M","M","E","M","R","T","M","$","M","M","?","R","B",null,"M","$","M","M"],"character_chosen":"IRONCLAD","items_purchased":["ReplayUltimateDefense","MealTicket"],"campfire_rested":1,"item_purchase_floors":[11,19],"current_hp_per_floor":[80,76,76,85,82,57,47,47,47,48,48,46,40,40,65,37,86,45,45,14,0,0],"gold":92,"neow_bonus":"RANDOM_COLORLESS_2","is_daily":false,"chose_seed":false,"campfire_upgraded":1,"win_rate":0.0,"timestamp":1608930920,"path_taken":["M","?","?","M","M","E","M","R","T","M","$","M","M","?","R","BOSS","M","$","M","M"],"items_purchased_type":["Card","Relic"],"build_version":"2020-12-22","purchased_purges":1,"victory":false,"max_hp_per_floor":[80,80,80,85,85,85,85,85,85,85,85,85,85,85,85,86,86,87,87,88,88,88],"card_choices":[{"not_picked":["Sadistic Nature","Magnetism"],"picked":"Mayhem","floor":0},{"not_picked":["Body Slam","Burning Pact","Whirlwind"],"picked":"SKIP","floor":1},{"not_picked":["ReplayTheSpireMod:Muscle Training","Body Slam"],"picked":"Run Through","floor":2},{"not_picked":["Dark Embrace","Havoc"],"picked":"Cleave","floor":4},{"not_picked":["Power Through","Perfected Strike"],"picked":"Thunderclap","floor":5},{"not_picked":["Reckless Charge","Anger"],"picked":"Clash","floor":6},{"not_picked":["Reckless Charge","Hemokinesis","Seeing Red"],"picked":"SKIP","floor":7},{"not_picked":["ReplayTheSpireMod:Muscle Training","Pommel Strike"],"picked":"Fire Breathing","floor":10},{"not_picked":["Reckless Charge","Rage","Perfected Strike"],"picked":"SKIP","floor":12},{"not_picked":["Anger","Feel No Pain"],"picked":"Shrug It Off","floor":13},{"not_picked":["Corruption","Demonic Infusion"],"picked":"Juggernaut","floor":16},{"not_picked":["Perfected Strike","Burning Pact+1","Warcry"],"picked":"SKIP","floor":18},{"not_picked":["Run Through","Pommel Strike"],"picked":"Thunderclap+1","floor":20}],"player_experience":290186,"relics_obtained":[{"floor":6,"key":"Red Skull"},{"floor":9,"key":"Ancient Tea Set"}],"event_choices":[{"damage_healed":0,"gold_gain":175,"player_choice":"AGREE","damage_taken":0,"max_hp_gain":0,"max_hp_loss":0,"event_name":"Liars Game","floor":3,"gold_loss":0,"cards_obtained":["Doubt"]},{"damage_healed":0,"gold_gain":0,"player_choice":"Trade","damage_taken":0,"relics_obtained":["FaceOfCleric"],"max_hp_gain":0,"max_hp_loss":0,"event_name":"FaceTrader","floor":14,"gold_loss":0}],"is_beta":false,"boss_relics":[{"not_picked":["ChewingGum","Kintsugi"],"picked":"Black Star"}],"items_purged_floors":[11],"is_endless":false,"potions_floor_spawned":[4,6,13,18],"killed_by":"Snake Plant","ascension_level":0}}