{"host":"d50bw6kybq14xu1u","time":1608903705,"event":{"mods":["BaseMod","Colored Map","Colored Powertips","Minty Spire (QoL Compilation)","Quick Restart"],"gold_per_floor":[111,111,130,80,99,128,128,128,128,128,140,151,180,210,210,306,356,373,373,386,402,415,441,468,468,468,158,184,584,192,209,209,307,307,322,228,228,450,450,477,490,490,536,567,584,584,597,629,629,629],"floor_reached":51,"playtime":2395,"items_purged":["Strike_G","Strike_G"],"score":1108,"play_id":"c1ee6131-0a3c-460a-8ac1-02e3d1462312","local_time":"20201225214145","is_ascension_mode":false,"campfire_choices":[{"floor":7,"key":"REST"},{"data":"Distraction","floor":10,"key":"SMITH"},{"data":"Neutralize","floor":15,"key":"SMITH"},{"data":"Adrenaline","floor":25,"key":"SMITH"},{"data":"Catalyst","floor":32,"key":"SMITH"},{"data":"Adrenaline","floor":42,"key":"SMITH"},{"data":"Burst","floor":49,"key":"SMITH"}],"circlet_count":0,"master_deck":["Defend_G","Defend_G","Survivor","Neutralize+1","Bouncing Flask+1","Doppelganger+1","Deadly Poison+1","Backflip","Distraction+1","Prepared","Adrenaline+1","Flechettes+1","PiercingWail+1","Adrenaline+1","Burst+1","Deadly Poison","Finesse","Tools of the Trade+1","Noxious Fumes+1","Catalyst+1","Adrenaline+1","Deadly Poison+1","Mayhem+1","Bouncing Flask+1","Deadly Poison","Noxious Fumes+1","Crippling Poison","After Image+1"],"relics":["Astrolabe","Mercury Hourglass","HornCleat","Odd Mushroom","Thread and Needle","Tiny House","PreservedInsect","Red Mask","Frozen Egg 2","Membership Card","Pen Nib","Old Coin","Gremlin Horn","Juzu Bracelet","CaptainsWheel","Toolbox","Black Star","StoneCalendar","The Specimen","Nunchaku","Whetstone","TungstenRod","Bottled Flame","InkBottle"],"acts_visited":["Exordium","TheCity","TheBeyond"],"potions_floor_usage":[6,50,50,50],"damage_taken":[{"damage":0,"enemies":"Cultist","floor":1,"turns":2},{"damage":0,"enemies":"Small Slimes","floor":3,"turns":3},{"damage":10,"enemies":"2 Louse","floor":5,"turns":2},{"damage":31,"enemies":"3 Sentries","floor":6,"turns":8},{"damage":3,"enemies":"Large Slime","floor":11,"turns":5},{"damage":4,"enemies":"Blue Slaver","floor":12,"turns":3},{"damage":5,"enemies":"The Mushroom Lair","floor":13,"turns":3},{"damage":5,"enemies":"Lagavulin","floor":14,"turns":4},{"damage":0,"enemies":"Slime Boss","floor":16,"turns":9},{"damage":0,"enemies":"Shell Parasite","floor":18,"turns":3},{"damage":0,"enemies":"Chosen","floor":20,"turns":3},{"damage":3,"enemies":"Snake Plant","floor":21,"turns":3},{"damage":0,"enemies":"Centurion and Healer","floor":22,"turns":4},{"damage":0,"enemies":"Book of Stabbing","floor":23,"turns":4},{"damage":0,"enemies":"Masked Bandits","floor":24,"turns":2},{"damage":0,"enemies":"Slavers","floor":28,"turns":4},{"damage":14,"enemies":"Colosseum Slavers","floor":29,"turns":3},{"damage":0,"enemies":"Colosseum Nobs","floor":29,"turns":2},{"damage":0,"enemies":"Sentry and Sphere","floor":31,"turns":3},{"damage":0,"enemies":"Collector","floor":33,"turns":2},{"damage":1,"enemies":"3 Shapes","floor":35,"turns":2},{"damage":34,"enemies":"Nemesis","floor":40,"turns":5},{"damage":1,"enemies":"Orb Walker","floor":41,"turns":2},{"damage":0,"enemies":"Giant Head","floor":44,"turns":5},{"damage":2,"enemies":"4 Shapes","floor":45,"turns":3},{"damage":0,"enemies":"Maw","floor":47,"turns":4},{"damage":0,"enemies":"Reptomancer","floor":48,"turns":4},{"damage":41,"enemies":"Awakened One","floor":50,"turns":6}],"seed_played":"742187017241691708","potions_obtained":[{"floor":3,"key":"LiquidMemories"},{"floor":12,"key":"PowerPotion"},{"floor":13,"key":"Regen Potion"},{"floor":14,"key":"DuplicationPotion"},{"floor":16,"key":"DistilledChaos"},{"floor":17,"key":"Poison Potion"}],"is_trial":false,"path_per_floor":["M","?","M","?","M","E","R","?","T","R","M","M","?","E","R","B",null,"M","?","M","M","M","E","?","R","T","$","E","?","$","M","R","B",null,"M","$","?","?","?","E","M","R","T","E","M","?","M","E","R","B",null],"character_chosen":"THE_SILENT","items_purchased":["Membership Card","Deadly Poison","Finesse","Tools of the Trade+1","Noxious Fumes+1","Juzu Bracelet","CaptainsWheel","Toolbox","Mayhem+1"],"campfire_rested":1,"item_purchase_floors":[27,27,27,27,30,30,30,30,36],"current_hp_per_floor":[70,70,70,70,60,29,50,50,50,50,47,43,38,33,33,33,75,75,75,75,72,72,72,72,72,72,72,72,58,58,58,58,58,75,74,74,74,74,74,40,39,39,39,39,37,66,66,66,66,25],"gold":629,"neow_bonus":"BOSS_RELIC","is_daily":false,"chose_seed":false,"campfire_upgraded":6,"win_rate":0.0,"timestamp":1608903705,"path_taken":["M","?","?","?","M","E","R","?","T","R","?","M","?","E","R","BOSS","M","?","M","M","M","E","?","R","T","$","E","?","?","M","R","BOSS","M","?","?","?","?","E","M","R","T","E","M","?","M","E","R","BOSS"],"items_purchased_type":["Relic","Card","Card","Card","Card","Relic","Relic","Relic","Card"],"build_version":"2020-12-22","purchased_purges":2,"victory":true,"max_hp_per_floor":[70,70,70,70,70,70,70,70,70,70,70,70,70,70,70,70,75,75,75,75,75,75,75,75,75,75,75,75,75,75,75,75,75,75,75,75,75,75,75,75,75,75,75,75,75,66,66,66,66,66],"card_choices":[{"not_picked":["Dagger Spray","Dagger Throw"],"picked":"Backflip","floor":1},{"not_picked":["Deflect","Endless Agony","Slice"],"picked":"SKIP","floor":3},{"not_picked":["Outmaneuver","Footwork","Distraction"],"picked":"SKIP","floor":5},{"not_picked":["Outmaneuver","Footwork"],"picked":"Distraction","floor":5},{"not_picked":["After Image","Deflect","Flying Knee"],"picked":"SKIP","floor":6},{"not_picked":["Blur","Tactician","Acrobatics"],"picked":"SKIP","floor":11},{"not_picked":["Skewer","Deflect"],"picked":"Prepared","floor":12},{"not_picked":["Prepared","Finisher","Deflect"],"picked":"SKIP","floor":14},{"not_picked":["Night Terror","Venomology"],"picked":"Adrenaline","floor":16},{"not_picked":["Poisoned Stab","Sucker Punch"],"picked":"Flechettes","floor":17},{"not_picked":["Dash","Dagger Throw"],"picked":"PiercingWail+1","floor":18},{"not_picked":["Slice","PiercingWail","Well Laid Plans"],"picked":"SKIP","floor":20},{"not_picked":["Dodge and Roll","Poisoned Stab"],"picked":"Burst","floor":21},{"not_picked":["Predator","Deflect+1"],"picked":"Backstab","floor":22},{"not_picked":["Skewer","Reflex","Sucker Punch"],"picked":"SKIP","floor":23},{"not_picked":["Predator","Sucker Punch","Prepared"],"picked":"SKIP","floor":28},{"not_picked":["Caltrops+1","Dagger Throw+1"],"picked":"Catalyst","floor":31},{"not_picked":["Wraith Form v2+1","Envenom+1"],"picked":"Adrenaline","floor":33},{"not_picked":["Flying Knee","Outmaneuver+1"],"picked":"Deadly Poison+1","floor":35},{"not_picked":["Deflect+1","Phantasmal Killer"],"picked":"Bouncing Flask+1","floor":40},{"not_picked":["Sucker Punch","Dagger Throw+1"],"picked":"Deadly Poison","floor":41},{"not_picked":["Finisher+1","Acrobatics"],"picked":"Noxious Fumes+1","floor":44},{"not_picked":["Infinite Blades+1","Dagger Throw+1"],"picked":"Crippling Poison","floor":45},{"not_picked":["Deflect+1","Acrobatics+1"],"picked":"After Image+1","floor":47},{"not_picked":["Dash+1","PiercingWail","Distraction"],"picked":"SKIP","floor":48}],"player_experience":15107,"relics_obtained":[{"floor":6,"key":"Mercury Hourglass"},{"floor":9,"key":"HornCleat"},{"floor":13,"key":"Odd Mushroom"},{"floor":14,"key":"Thread and Needle"},{"floor":23,"key":"PreservedInsect"},{"floor":24,"key":"Red Mask"},{"floor":26,"key":"Frozen Egg 2"},{"floor":28,"key":"Pen Nib"},{"floor":29,"key":"Old Coin"},{"floor":29,"key":"Gremlin Horn"},{"floor":40,"key":"StoneCalendar"},{"floor":40,"key":"The Specimen"},{"floor":43,"key":"Nunchaku"},{"floor":44,"key":"Whetstone"},{"floor":44,"key":"TungstenRod"},{"floor":48,"key":"Bottled Flame"},{"floor":48,"key":"InkBottle"}],"event_choices":[{"cards_removed":["Strike_G"],"damage_healed":0,"gold_gain":0,"player_choice":"Purged","damage_taken":0,"max_hp_gain":0,"max_hp_loss":0,"event_name":"Purifier","floor":2,"gold_loss":0},{"cards_removed":["Strike_G"],"damage_healed":0,"gold_gain":0,"player_choice":"Card Removal","damage_taken":0,"max_hp_gain":0,"max_hp_loss":0,"event_name":"The Cleric","floor":4,"gold_loss":50},{"cards_removed":["Strike_G"],"damage_healed":0,"gold_gain":0,"player_choice":"Offered Basic","damage_taken":0,"max_hp_gain":0,"max_hp_loss":0,"event_name":"Bonfire Elementals","floor":8,"gold_loss":0},{"damage_healed":0,"gold_gain":0,"player_choice":"Fought Mushrooms","damage_taken":0,"max_hp_gain":0,"max_hp_loss":0,"event_name":"Mushrooms","floor":13,"gold_loss":0},{"damage_healed":0,"gold_gain":0,"player_choice":"Read","damage_taken":0,"max_hp_gain":0,"max_hp_loss":0,"event_name":"The Library","floor":19,"gold_loss":0,"cards_obtained":["Adrenaline"]},{"damage_healed":0,"gold_gain":0,"player_choice":"Fought Bandits","damage_taken":0,"max_hp_gain":0,"max_hp_loss":0,"event_name":"Masked Bandits","floor":24,"gold_loss":0},{"damage_healed":0,"gold_gain":0,"player_choice":"Fight","damage_taken":0,"max_hp_gain":0,"max_hp_loss":0,"event_name":"Colosseum","floor":29,"gold_loss":0},{"damage_healed":0,"gold_gain":0,"player_choice":"Fought Nobs","damage_taken":0,"max_hp_gain":0,"max_hp_loss":0,"event_name":"Colosseum","floor":29,"gold_loss":0},{"damage_healed":0,"gold_gain":0,"player_choice":"Ignored","damage_taken":0,"max_hp_gain":0,"max_hp_loss":0,"event_name":"SecretPortal","floor":37,"gold_loss":0},{"damage_healed":0,"gold_gain":222,"player_choice":"Wore Mask","damage_taken":0,"max_hp_gain":0,"max_hp_loss":0,"event_name":"Tomb of Lord Red Mask","floor":38,"gold_loss":0},{"cards_removed":["Backstab"],"damage_healed":0,"gold_gain":0,"player_choice":"Removed Attack","damage_taken":0,"max_hp_gain":0,"max_hp_loss":0,"event_name":"Falling","floor":39,"gold_loss":0},{"damage_healed":66,"gold_gain":0,"player_choice":"Heal","damage_taken":0,"max_hp_gain":0,"max_hp_loss":9,"event_name":"The Moai Head","floor":46,"gold_loss":0}],"is_beta":false,"boss_relics":[{"not_picked":["Philosopher\u0027s Stone","Runic Dome"],"picked":"Tiny House"},{"not_picked":["SlaversCollar","Busted Crown"],"picked":"Black Star"}],"items_purged_floors":[27,30],"is_endless":false,"potions_floor_spawned":[3,12,13,14,16,18,20,22,23,24,29,35,45],"ascension_level":0}}