{"host":"pjgcdp3h1plnbocs","time":1608922717,"event":{"mods":["AchievementEnabler","BaseMod","Colored Map","Highlight Path","Minty Spire (QoL Compilation)"],"gold_per_floor":[116,116,135,135,135,166,166,195,195,230,230,230,230,85,85,180,180,190,7,7,20,39,71,88,119,119,119,133,166,179,179,179,274,274,290,306,326,15,25,53,72,99,126,136,148,179,179,179,179,179],"floor_reached":51,"playtime":9717,"items_purged":["Strike_B","Strike_B"],"score":1193,"play_id":"d42678e1-88a9-4410-81fc-d340d80ca1b1","local_time":"20201225195837","is_ascension_mode":true,"campfire_choices":[{"data":"Dualcast","floor":7,"key":"SMITH"},{"floor":11,"key":"REST"},{"data":"Zap","floor":13,"key":"SMITH"},{"data":"Defragment","floor":15,"key":"SMITH"},{"data":"Defragment","floor":27,"key":"SMITH"},{"data":"Redo","floor":32,"key":"SMITH"},{"data":"1","floor":47,"key":"LIFT"},{"floor":49,"key":"REST"}],"circlet_count":0,"master_deck":["Strike_B","Defend_B","Defend_B","Defend_B","Zap+1","Dualcast+1","Coolheaded","Gash","Redo+1","Gash","Defragment+1","Reboot","Defragment+1","Coolheaded","Glacier","Redo+1","Redo+1","Redo+1","Gash+1","Blizzard","Defragment","Blizzard+1","Skim+1"],"relics":["Cracked Core","Shuriken","Letter Opener","HornCleat","Question Card","SacredBark","Anchor","Emotion Chip","Nunchaku","Gambling Chip","InkBottle","Busted Crown","Lantern","Art of War","Meat on the Bone","Regal Pillow","Girya"],"acts_visited":["Exordium","TheCity","TheBeyond"],"potions_floor_usage":[6,8,23,25,33,33,33,33,33,50,50,50],"damage_taken":[{"damage":1,"enemies":"2 Louse","floor":1,"turns":3},{"damage":0,"enemies":"Cultist","floor":3,"turns":4},{"damage":47,"enemies":"3 Sentries","floor":6,"turns":10},{"damage":31,"enemies":"Lagavulin","floor":8,"turns":10},{"damage":9,"enemies":"3 Sentries","floor":10,"turns":6},{"damage":20,"enemies":"The Guardian","floor":16,"turns":11},{"damage":8,"enemies":"3 Byrds","floor":18,"turns":4},{"damage":6,"enemies":"Chosen","floor":21,"turns":5},{"damage":12,"enemies":"Snecko","floor":22,"turns":7},{"damage":0,"enemies":"Gremlin Leader","floor":23,"turns":7},{"damage":0,"enemies":"Snake Plant","floor":24,"turns":4},{"damage":19,"enemies":"Slavers","floor":25,"turns":5},{"damage":0,"enemies":"Shelled Parasite and Fungi","floor":28,"turns":6},{"damage":0,"enemies":"Gremlin Leader","floor":29,"turns":8},{"damage":0,"enemies":"3 Cultists","floor":30,"turns":5},{"damage":0,"enemies":"Collector","floor":33,"turns":12},{"damage":0,"enemies":"Orb Walker","floor":35,"turns":3},{"damage":0,"enemies":"3 Shapes","floor":36,"turns":4},{"damage":0,"enemies":"Spire Growth","floor":37,"turns":6},{"damage":0,"enemies":"3 Darklings","floor":39,"turns":4},{"damage":13,"enemies":"Reptomancer","floor":40,"turns":7},{"damage":0,"enemies":"Maw","floor":41,"turns":10},{"damage":24,"enemies":"Nemesis","floor":42,"turns":10},{"damage":38,"enemies":"Sphere and 2 Shapes","floor":44,"turns":5},{"damage":11,"enemies":"4 Shapes","floor":45,"turns":5},{"damage":18,"enemies":"Reptomancer","floor":46,"turns":7},{"damage":12,"enemies":"Time Eater","floor":50,"turns":11}],"seed_played":"-4983682138125239197","potions_obtained":[{"floor":1,"key":"Regen Potion"},{"floor":8,"key":"Fruit Juice"},{"floor":16,"key":"SkillPotion"},{"floor":22,"key":"Block Potion"},{"floor":23,"key":"Dexterity Potion"},{"floor":25,"key":"Explosive Potion"},{"floor":28,"key":"Swift Potion"},{"floor":31,"key":"EntropicBrew"},{"floor":33,"key":"LiquidMemories"},{"floor":35,"key":"Strength Potion"},{"floor":36,"key":"FairyPotion"},{"floor":41,"key":"PotionOfCapacity"},{"floor":44,"key":"Strength Potion"},{"floor":46,"key":"PotionOfCapacity"}],"is_trial":false,"path_per_floor":["M","?","M","?","?","E","R","E","T","E","R","?","R","$","R","B",null,"M","$","?","M","M","E","M","E","T","R","M","E","M","?","R","B",null,"M","M","M","$","M","E","M","E","T","M","M","E","R","?","R","B",null],"character_chosen":"DEFECT","items_purchased":["Defragment","Defragment","Coolheaded","Blizzard","Lantern","Defragment"],"campfire_rested":2,"item_purchase_floors":[14,19,19,38,38,38],"current_hp_per_floor":[67,67,67,67,72,39,39,13,13,4,29,29,29,29,29,9,66,58,58,58,52,40,40,40,21,21,21,21,21,21,21,21,21,69,69,69,69,69,69,56,56,32,32,51,52,46,46,46,85,73],"gold":179,"neow_bonus":"ONE_RANDOM_RARE_CARD","is_daily":false,"chose_seed":false,"campfire_upgraded":5,"win_rate":0.0,"timestamp":1608922717,"path_taken":["M","?","M","?","?","E","R","E","T","E","R","?","R","$","R","BOSS","M","$","?","M","?","E","M","E","T","R","M","E","?","?","R","BOSS","M","M","M","$","?","E","M","E","T","M","M","E","R","?","R","BOSS"],"items_purchased_type":["Card","Card","Card","Card","Relic","Card"],"build_version":"2020-12-22","purchased_purges":2,"victory":true,"max_hp_per_floor":[75,75,75,75,80,80,80,85,85,85,85,85,85,85,85,85,85,85,85,85,85,85,85,85,85,85,85,85,85,85,85,85,85,85,85,85,85,85,85,85,85,85,85,85,85,85,85,85,85,85],"card_choices":[{"not_picked":["Barrage","Lockon"],"picked":"Coolheaded","floor":1},{"not_picked":["Stack","Streamline"],"picked":"Gash","floor":3},{"not_picked":["Hologram","Turbo","Thunder Strike"],"picked":"SKIP","floor":6},{"not_picked":["Biased Cognition","Cold Snap"],"picked":"Redo","floor":8},{"not_picked":["Static Discharge","Hologram"],"picked":"Gash","floor":10},{"not_picked":["Electrodynamics","Machine Learning","Biased Cognition"],"picked":"Reboot","floor":16},{"not_picked":["Darkness+1","Hologram","Storm","Go for the Eyes"],"picked":"SKIP","floor":18},{"not_picked":["Barrage+1","Gash","Coolheaded"],"picked":"Glacier","floor":21},{"not_picked":["Hologram","Loop","Leap"],"picked":"Redo+1","floor":22},{"not_picked":["Gash","Coolheaded+1","Stack"],"picked":"Redo","floor":23},{"not_picked":["Hyperbeam","Gash","Turbo"],"picked":"Redo+1","floor":24},{"not_picked":["Ball Lightning","Leap","Barrage+1","Conserve Battery+1"],"picked":"SKIP","floor":25},{"not_picked":["Redo","FTL","Steam","Hologram+1"],"picked":"SKIP","floor":28},{"not_picked":["Static Discharge","Sweeping Beam","Chaos","White Noise"],"picked":"SKIP","floor":29},{"not_picked":["Heatsinks","Hologram+1","Redo"],"picked":"Gash+1","floor":30},{"not_picked":["Coolheaded+1","Stack+1"],"picked":"SKIP","floor":35},{"not_picked":["Streamline","Conserve Battery+1"],"picked":"SKIP","floor":36},{"not_picked":["Leap+1","Coolheaded+1"],"picked":"SKIP","floor":37},{"not_picked":["Storm+1","Beam Cell"],"picked":"SKIP","floor":39},{"not_picked":["Streamline","Skim"],"picked":"SKIP","floor":40},{"not_picked":["Turbo+1"],"picked":"Blizzard+1","floor":41},{"not_picked":["Aggregate+1","Rebound+1"],"picked":"SKIP","floor":42},{"not_picked":["Streamline","Gash"],"picked":"SKIP","floor":44},{"not_picked":["Turbo+1","Hologram"],"picked":"SKIP","floor":45},{"not_picked":["Recycle+1"],"picked":"Skim+1","floor":46}],"player_experience":147834,"relics_obtained":[{"floor":6,"key":"Shuriken"},{"floor":8,"key":"Letter Opener"},{"floor":9,"key":"HornCleat"},{"floor":10,"key":"Question Card"},{"floor":23,"key":"Emotion Chip"},{"floor":25,"key":"Nunchaku"},{"floor":26,"key":"Gambling Chip"},{"floor":29,"key":"InkBottle"},{"floor":40,"key":"Art of War"},{"floor":42,"key":"Meat on the Bone"},{"floor":43,"key":"Regal Pillow"},{"floor":46,"key":"Girya"}],"event_choices":[{"cards_removed":["Strike_B"],"damage_healed":0,"gold_gain":0,"player_choice":"Forget","damage_taken":0,"max_hp_gain":0,"max_hp_loss":0,"event_name":"Living Wall","floor":2,"gold_loss":0},{"damage_healed":0,"gold_gain":0,"player_choice":"Ignored","damage_taken":0,"max_hp_gain":0,"max_hp_loss":0,"event_name":"Liars Game","floor":4,"gold_loss":0},{"damage_healed":0,"gold_gain":0,"player_choice":"Donut","damage_taken":0,"max_hp_gain":5,"max_hp_loss":0,"event_name":"Big Fish","floor":5,"gold_loss":0},{"damage_healed":0,"gold_gain":0,"player_choice":"Upgraded","damage_taken":0,"max_hp_gain":0,"max_hp_loss":0,"event_name":"Upgrade Shrine","floor":12,"gold_loss":0,"cards_upgraded":["Redo"]},{"cards_removed":["Amplify"],"damage_healed":0,"gold_gain":0,"player_choice":"Gave Card","damage_taken":0,"relics_obtained":["Anchor"],"max_hp_gain":0,"max_hp_loss":0,"event_name":"WeMeetAgain","floor":20,"gold_loss":0},{"damage_healed":0,"gold_gain":0,"player_choice":"Got Potions","damage_taken":0,"max_hp_gain":0,"max_hp_loss":0,"event_name":"Lab","floor":31,"gold_loss":0},{"cards_removed":["Defend_B"],"damage_healed":0,"gold_gain":0,"player_choice":"Removed Skill","damage_taken":0,"max_hp_gain":0,"max_hp_loss":0,"event_name":"Falling","floor":48,"gold_loss":0}],"is_beta":false,"boss_relics":[{"not_picked":["Ectoplasm","Fusion Hammer"],"picked":"SacredBark"},{"not_picked":["Pandora\u0027s Box","Runic Dome"],"picked":"Busted Crown"}],"items_purged_floors":[14,19],"is_endless":false,"potions_floor_spawned":[1,8,16,22,23,25,28,30,33,35,36,41,44,46],"ascension_level":7}}