{"host":"xko5sdb82mf02c09","time":1608882243,"event":{"mods":["AchievementEnabler","BaseMod","Colored Map","Minty Spire (QoL Compilation)","StSLib","everything is the same but u backflip on backflip"],"gold_per_floor":[112,112,112,61,11,11,24,42,42,42,71,88,13,25,25,129,129,149,149,163,178,103,103,103,130,130,130,16,32,51,51,51,151,151,167,184,39,50,68,96,114,114,114,114,149,80,108,118,118,118],"floor_reached":51,"playtime":2595,"items_purged":["Defend_B","Defend_B"],"score":905,"play_id":"2229c305-8b5c-4017-b4ca-e8b3f931970d","local_time":"20201225164403","is_ascension_mode":true,"campfire_choices":[{"data":"Defend_B","floor":6,"key":"SMITH"},{"data":"Sweeping Beam","floor":10,"key":"SMITH"},{"data":"Hologram","floor":15,"key":"SMITH"},{"data":"Hologram","floor":23,"key":"SMITH"},{"floor":27,"key":"REST"},{"data":"Ghostly","floor":32,"key":"SMITH"},{"data":"Ghostly","floor":42,"key":"SMITH"},{"data":"Buffer","floor":44,"key":"SMITH"},{"data":"Ghostly","floor":49,"key":"SMITH"}],"circlet_count":0,"master_deck":["Strike_B","Strike_B","Strike_B","Defend_B+1","Reprogram+1","Gash","Conserve Battery+1","Sweeping Beam+1","Beam Cell","Hologram+1","Buffer+1","Hologram+1","Self Repair","Sunder","Hologram+1","Ghostly","Ghostly","Ghostly+1","Ghostly+1","Ghostly+1","Echo Form","Hologram+1","Beam Cell+1","Sweeping Beam+1","Hologram+1","FTL+1","Reprogram+1","Machine Learning","Steam+1","Steam+1"],"relics":["Cracked Core","Pen Nib","Nunchaku","DataDisk","Black Star","Gremlin Horn","Turnip","Bird Faced Urn","Cursed Key","Mercury Hourglass","Prayer Wheel","Darkstone Periapt","War Paint","Pocketwatch","Mango"],"acts_visited":["Exordium","TheCity","TheBeyond"],"potions_floor_usage":[20,29,30,30,38,45,45,45,45,47,50],"damage_taken":[{"damage":2,"enemies":"2 Louse","floor":1,"turns":4},{"damage":0,"enemies":"Jaw Worm","floor":7,"turns":4},{"damage":0,"enemies":"Small Slimes","floor":8,"turns":3},{"damage":0,"enemies":"Lagavulin","floor":11,"turns":8},{"damage":4,"enemies":"Blue Slaver","floor":12,"turns":2},{"damage":0,"enemies":"3 Louse","floor":14,"turns":1},{"damage":15,"enemies":"The Guardian","floor":16,"turns":11},{"damage":5,"enemies":"Chosen","floor":18,"turns":4},{"damage":13,"enemies":"2 Thieves","floor":20,"turns":4},{"damage":12,"enemies":"3 Cultists","floor":21,"turns":4},{"damage":31,"enemies":"Gremlin Leader","floor":25,"turns":8},{"damage":11,"enemies":"Sentry and Sphere","floor":29,"turns":4},{"damage":27,"enemies":"Centurion and Healer","floor":30,"turns":4},{"damage":15,"enemies":"Champ","floor":33,"turns":13},{"damage":2,"enemies":"3 Shapes","floor":35,"turns":5},{"damage":11,"enemies":"3 Darklings","floor":36,"turns":7},{"damage":2,"enemies":"Transient","floor":38,"turns":5},{"damage":28,"enemies":"Spire Growth","floor":39,"turns":6},{"damage":9,"enemies":"Giant Head","floor":40,"turns":9},{"damage":2,"enemies":"Maw","floor":41,"turns":7},{"damage":4,"enemies":"Nemesis","floor":45,"turns":13},{"damage":4,"enemies":"Reptomancer","floor":47,"turns":8},{"damage":3,"enemies":"Sphere and 2 Shapes","floor":48,"turns":6},{"damage":8,"enemies":"Donu and Deca","floor":50,"turns":10}],"seed_played":"-5104433143439068611","potions_obtained":[{"floor":1,"key":"Swift Potion"},{"floor":8,"key":"SpeedPotion"},{"floor":18,"key":"FocusPotion"},{"floor":20,"key":"Strength Potion"},{"floor":29,"key":"Swift Potion"},{"floor":35,"key":"Energy Potion"},{"floor":39,"key":"EntropicBrew"},{"floor":41,"key":"SteroidPotion"},{"floor":48,"key":"Weak Potion"}],"is_trial":false,"path_per_floor":["M","?","?","$","?","R","M","M","T","R","E","M","$","M","R","B",null,"M","?","M","M","?","R","?","E","T","R","$","M","M","?","R","B",null,"M","M","$","M","M","E","M","R","T","R","E","$","E","M","R","B",null],"character_chosen":"DEFECT","items_purchased":["Gash","Self Repair","Sunder","Hologram","Machine Learning"],"campfire_rested":1,"item_purchase_floors":[4,28,28,37,46],"current_hp_per_floor":[73,66,66,66,66,66,66,66,66,66,66,62,62,62,62,47,75,70,70,57,45,45,45,45,14,14,36,36,36,18,18,18,14,37,37,37,37,37,18,24,31,31,31,31,37,37,51,50,50,51],"gold":118,"neow_bonus":"RANDOM_COMMON_RELIC","is_daily":false,"chose_seed":false,"campfire_upgraded":8,"win_rate":0.0,"timestamp":1608882243,"path_taken":["M","?","?","$","?","R","M","M","T","R","E","?","$","M","R","BOSS","M","?","M","M","?","R","?","E","T","R","$","?","M","?","R","BOSS","M","M","$","M","M","E","M","R","T","R","E","$","E","M","R","BOSS"],"items_purchased_type":["Card","Card","Card","Card","Card"],"build_version":"2020-12-22","purchased_purges":2,"victory":true,"max_hp_per_floor":[75,75,75,75,75,75,75,75,75,75,75,75,75,75,75,75,75,75,75,75,75,75,75,75,75,75,75,75,75,75,37,37,37,37,37,37,37,37,37,37,37,37,37,37,37,37,51,51,51,51],"card_choices":[{"not_picked":["Ball Lightning","Turbo"],"picked":"Reprogram","floor":1},{"not_picked":["Barrage","Fusion"],"picked":"Conserve Battery","floor":7},{"not_picked":["Redo","Turbo"],"picked":"Sweeping Beam","floor":8},{"not_picked":["Barrage","Fission"],"picked":"Beam Cell","floor":11},{"not_picked":["Barrage","Heatsinks"],"picked":"Hologram","floor":12},{"not_picked":["Conserve Battery","Streamline","Turbo"],"picked":"SKIP","floor":14},{"not_picked":["Rainbow","All For One"],"picked":"Buffer","floor":16},{"not_picked":["Leap","Sweeping Beam","Conserve Battery"],"picked":"SKIP","floor":18},{"not_picked":["Beam Cell","Barrage","Redo"],"picked":"SKIP","floor":20},{"not_picked":["Leap","Compile Driver","Stack"],"picked":"SKIP","floor":21},{"not_picked":["Ball Lightning","Turbo+1","Fission"],"picked":"SKIP","floor":25},{"not_picked":["Heatsinks+1","Steam"],"picked":"Hologram+1","floor":29},{"not_picked":["Turbo","Streamline+1","Static Discharge"],"picked":"SKIP","floor":30},{"not_picked":["All For One","Biased Cognition"],"picked":"Echo Form","floor":33},{"not_picked":["Compile Driver+1","Conserve Battery","Coolheaded"],"picked":"SKIP","floor":35},{"not_picked":["Cold Snap","Ball Lightning","Scrape+1"],"picked":"SKIP","floor":36},{"not_picked":["Barrage","Darkness+1"],"picked":"Beam Cell+1","floor":38},{"not_picked":["Beam Cell+1","Recycle+1","Conserve Battery"],"picked":"SKIP","floor":39},{"not_picked":["Cold Snap+1","Tempest"],"picked":"Sweeping Beam+1","floor":40},{"not_picked":["Turbo","Go for the Eyes+1"],"picked":"Hologram+1","floor":41},{"not_picked":["Hyperbeam","Beam Cell"],"picked":"FTL+1","floor":41},{"not_picked":["Lockon+1","Beam Cell"],"picked":"Reprogram+1","floor":45},{"not_picked":["Redo+1","Conserve Battery"],"picked":"Steam+1","floor":47},{"not_picked":["Stack","Scrape"],"picked":"Steam+1","floor":48},{"not_picked":["Scrape","Blizzard","Leap"],"picked":"SKIP","floor":48}],"player_experience":468479,"relics_obtained":[{"floor":9,"key":"Nunchaku"},{"floor":11,"key":"DataDisk"},{"floor":25,"key":"Gremlin Horn"},{"floor":25,"key":"Turnip"},{"floor":26,"key":"Bird Faced Urn"},{"floor":40,"key":"Mercury Hourglass"},{"floor":40,"key":"Prayer Wheel"},{"floor":45,"key":"Darkstone Periapt"},{"floor":45,"key":"War Paint"},{"floor":47,"key":"Pocketwatch"},{"floor":47,"key":"Mango"}],"event_choices":[{"cards_removed":["Zap"],"damage_healed":0,"gold_gain":0,"player_choice":"Card Removal","damage_taken":7,"max_hp_gain":0,"max_hp_loss":0,"event_name":"Golden Wing","floor":2,"gold_loss":0},{"damage_healed":0,"gold_gain":0,"player_choice":"Grow","damage_taken":0,"max_hp_gain":0,"max_hp_loss":0,"event_name":"Living Wall","floor":3,"gold_loss":0,"cards_upgraded":["Reprogram"]},{"cards_removed":["Dualcast"],"damage_healed":0,"gold_gain":0,"player_choice":"Card Removal","damage_taken":0,"max_hp_gain":0,"max_hp_loss":0,"event_name":"The Cleric","floor":5,"gold_loss":50},{"damage_healed":0,"gold_gain":0,"player_choice":"Read","damage_taken":0,"max_hp_gain":0,"max_hp_loss":0,"event_name":"The Library","floor":19,"gold_loss":0,"cards_obtained":["Hologram"]},{"cards_removed":["Strike_B"],"damage_healed":0,"gold_gain":0,"player_choice":"Gave Gold","damage_taken":0,"max_hp_gain":0,"max_hp_loss":0,"event_name":"Beggar","floor":22,"gold_loss":75},{"cards_removed":["Defend_B"],"damage_healed":0,"gold_gain":0,"player_choice":"Elegance","damage_taken":0,"max_hp_gain":0,"max_hp_loss":0,"event_name":"Back to Basics","floor":24,"gold_loss":0},{"damage_healed":0,"gold_gain":0,"player_choice":"Became a Ghost","damage_taken":0,"max_hp_gain":0,"max_hp_loss":38,"event_name":"Ghosts","floor":31,"gold_loss":0,"cards_obtained":["Ghostly","Ghostly","Ghostly","Ghostly","Ghostly"]}],"is_beta":false,"boss_relics":[{"not_picked":["Pandora\u0027s Box","Fusion Hammer"],"picked":"Black Star"},{"not_picked":["Velvet Choker","Snecko Eye"],"picked":"Cursed Key"}],"items_purged_floors":[13,37],"is_endless":false,"potions_floor_spawned":[1,8,18,20,29,35,39,41,48],"ascension_level":2}}