{"host":"uflv0e3ja7hvnij7","time":1608929000,"event":{"mods":["Aspiration","BaseMod","Better Altar","Better Match","Better Note","Better Sensory Stone","Better Skull","Better Third Choice","Conspire","Downfall","Hubris","Infinite Spire","Minty Spire (QoL Compilation)","Permanent Neow","StSLib"],"gold_per_floor":[19,32,44,57,57,57,68,68,94,94,94,107,182,182,182,182,182],"floor_reached":16,"playtime":858,"items_purged":[],"score":110,"play_id":"1c1a976d-fc77-4dd7-96cb-bdbde064dacb","local_time":"20201225154320","is_ascension_mode":true,"campfire_choices":[{"data":"Chaos","floor":6,"key":"SMITH"},{"floor":8,"key":"REST"},{"data":"Zap","floor":10,"key":"SMITH"},{"data":"Defragment","floor":15,"key":"SMITH"}],"circlet_count":0,"master_deck":["Strike_B","Strike_B","Defend_B","Defend_B","Defend_B","Defend_B","Zap+1","Dualcast","Blizzard","Chaos+1","Coolheaded","Defragment+1","BootSequence","Multi-Cast"],"relics":["Cracked Core","Juzu Bracelet","hubris:Icosahedron","conspire:DecoderRing"],"acts_visited":["Exordium"],"potions_floor_usage":[16],"damage_taken":[{"damage":1,"enemies":"Cultist","floor":1,"turns":4},{"damage":5,"enemies":"Small Slimes","floor":2,"turns":3},{"damage":3,"enemies":"2 Louse","floor":3,"turns":3},{"damage":6,"enemies":"Large Slime","floor":4,"turns":7},{"damage":20,"enemies":"Lots of Slimes","floor":7,"turns":3},{"damage":0,"enemies":"2 Fungi Beasts","floor":12,"turns":4},{"damage":66,"enemies":"Hexaghost","floor":16,"turns":12}],"seed_played":"-6217684342478525772","potions_obtained":[{"floor":1,"key":"Swift Potion"},{"floor":12,"key":"Dexterity Potion"}],"is_trial":false,"path_per_floor":["M","M","M","M","?","R","M","R","T","R","?","M","?","?","R","B"],"character_chosen":"DEFECT","items_purchased":[],"campfire_rested":1,"item_purchase_floors":[],"current_hp_per_floor":[74,69,66,60,60,60,40,62,62,62,62,75,64,64,64,0,0],"gold":182,"neow_bonus":"REMOVE_TWO","is_daily":false,"chose_seed":false,"campfire_upgraded":3,"win_rate":0.0,"timestamp":1608929000,"path_taken":["M","?","M","M","?","R","M","R","T","R","?","M","?","?","R","BOSS"],"items_purchased_type":[],"build_version":"2020-12-22","purchased_purges":0,"victory":false,"max_hp_per_floor":[75,75,75,75,75,75,75,75,75,75,75,75,75,75,75,75,75],"card_choices":[{"not_picked":["Stack","Scrape","Darkness"],"picked":"SKIP","floor":1},{"not_picked":["Rebound","Hologram"],"picked":"Blizzard","floor":2},{"not_picked":["Steam","FTL"],"picked":"Chaos","floor":3},{"not_picked":["Skim","Beam Cell"],"picked":"Coolheaded","floor":4},{"not_picked":["Conserve Battery","Leap"],"picked":"BootSequence","floor":7},{"not_picked":["Gash","Reprogram"],"picked":"Multi-Cast","floor":12}],"player_experience":378719,"relics_obtained":[{"floor":9,"key":"Juzu Bracelet"}],"event_choices":[{"damage_healed":0,"gold_gain":75,"player_choice":"Gold","damage_taken":11,"max_hp_gain":0,"max_hp_loss":0,"event_name":"betterThird:BetterGoop","floor":13,"gold_loss":0},{"damage_healed":0,"gold_gain":0,"player_choice":"Gave Potion","damage_taken":0,"relics_obtained":["conspire:DecoderRing"],"max_hp_gain":0,"max_hp_loss":0,"event_name":"WeMeetAgain","floor":14,"gold_loss":0}],"is_beta":false,"boss_relics":[],"items_purged_floors":[],"is_endless":false,"potions_floor_spawned":[1,12],"killed_by":"Hexaghost","ascension_level":4}}