{"host":"n91kx4xj3dn3811n","time":1608889076,"event":{"mods":["Act Like it!","BaseMod","Colored Powertips","Hero for Fun","Highlight Path","Minty Spire (QoL Compilation)","MostiFishMod","Quick Restart","RumiaBox-露米娅的神秘盒子","Spicy Shops","StSLib","TestMod","The Cursed","Waifu the Spire","Yakumo Yukari mod"],"gold_per_floor":[15,15,29,29,204,234,234,234,234,254,282,282],"floor_reached":11,"playtime":416,"items_purged":[],"score":156,"play_id":"55d40823-14d7-4184-824f-9968ccce3acf","local_time":"20201225173756","is_ascension_mode":false,"campfire_choices":[{"floor":8,"key":"RECALL"}],"circlet_count":0,"master_deck":["Strike_Y","Strike_Y","Strike_Y","Strike_Y","Strike_Y","Defend_Y","Defend_Y","Defend_Y","Defend_Y","Defend_Y","Toss_Stone","Consecutive_Normal_Punch+1","Doubt","Wear_Disguise","Ignore"],"relics":["Cape","DaveBox","testmod-TestBox","Membership Card","testmod-ChristmasGift","NeowsBlessing","SynthV:TestCard","MagicDraw3"],"acts_visited":["Exordium"],"potions_floor_usage":[],"damage_taken":[{"damage":0,"enemies":"2 Louse","floor":1,"turns":1},{"damage":0,"enemies":"Cultist","floor":3,"turns":1},{"damage":0,"enemies":"Lagavulin","floor":6,"turns":1},{"damage":0,"enemies":"Jaw Worm","floor":10,"turns":1},{"damage":0,"enemies":"Gremlin Nob","floor":11,"turns":1}],"seed_played":"1655095457721367655","potions_obtained":[],"is_trial":false,"path_per_floor":["M","?","M","$","?","E","?","R","T","M","E"],"character_chosen":"OPM","items_purchased":[],"campfire_rested":0,"item_purchase_floors":[],"current_hp_per_floor":[999,999,999,999,999,999,999,999,999,999,999,999],"gold":282,"neow_bonus":"THREE_ENEMY_KILL","is_daily":false,"chose_seed":false,"campfire_upgraded":0,"win_rate":0.0,"timestamp":1608889076,"path_taken":["M","?","M","?","?","E","?","R","T","M","E"],"items_purchased_type":[],"build_version":"2020-12-22","purchased_purges":0,"victory":false,"max_hp_per_floor":[999,999,999,999,999,999,999,999,999,999,999,999],"card_choices":[{"not_picked":["Do_Nothing","Side_Hop"],"picked":"Toss_Stone","floor":1},{"not_picked":["Yawn","Hop","Wear_Disguise","Side_Hop"],"picked":"Consecutive_Normal_Punch","floor":3},{"not_picked":["Toss_Stone","Consecutive_Normal_Punch","Normal_Punch","Do_Nothing"],"picked":"Wear_Disguise","floor":6},{"not_picked":["Wear_Disguise","Side_Hop","Hop","Slap"],"picked":"Ignore","floor":10}],"player_experience":172162,"relics_obtained":[{"floor":1,"key":"SynthV:TestCard"},{"floor":6,"key":"MagicDraw3"}],"event_choices":[{"damage_healed":0,"gold_gain":0,"player_choice":"Ignored","damage_taken":0,"max_hp_gain":0,"max_hp_loss":0,"event_name":"Purifier","floor":2,"gold_loss":0},{"damage_healed":0,"gold_gain":175,"player_choice":"AGREE","damage_taken":0,"max_hp_gain":0,"max_hp_loss":0,"event_name":"Liars Game","floor":5,"gold_loss":0,"cards_obtained":["Doubt"]},{"damage_healed":0,"gold_gain":0,"player_choice":"Grow","damage_taken":0,"max_hp_gain":0,"max_hp_loss":0,"event_name":"Living Wall","floor":7,"gold_loss":0,"cards_upgraded":["Consecutive_Normal_Punch"]}],"is_beta":false,"boss_relics":[],"items_purged_floors":[],"is_endless":false,"potions_floor_spawned":[11],"killed_by":"Gremlin Nob","ascension_level":0}}