{"host":"f5gffvlv6a66yqkd","time":1608910107,"event":{"mods":["2.2 Compatiblity","BaseMod","Colored Map","DeckTracker","Keyboard Shortcuts","Minty Spire (QoL Compilation)","Permanent Neow","Quick Restart","Relic Stats","StSLib","SuperFastMode"],"gold_per_floor":[111,36,36,36,36,36,47,47,47,73,92,92,7,36,36,36,36],"floor_reached":16,"playtime":317,"items_purged":[],"score":312,"play_id":"24e21cfe-c562-4c37-abb6-90e4ec1874a4","local_time":"20201226002827","is_ascension_mode":true,"campfire_choices":[{"data":"Eruption","floor":6.0,"key":"SMITH"},{"data":"Wallop","floor":8.0,"key":"SMITH"},{"data":"MentalFortress","floor":15.0,"key":"SMITH"}],"circlet_count":0,"master_deck":["AscendersBane","Strike_P","Strike_P","Defend_P","Defend_P","Defend_P","Defend_P","Eruption+1","Vigilance","CutThroughFate","Wallop+1","Consecrate","Worship","MentalFortress+1","Halt"],"relics":["PureWater","Calipers","StrikeDummy","Juzu Bracelet","Girya"],"acts_visited":["Exordium"],"potions_floor_usage":[],"damage_taken":[{"damage":6.0,"enemies":"2 Louse","floor":1.0,"turns":3.0},{"damage":0.0,"enemies":"Small Slimes","floor":7.0,"turns":2.0},{"damage":0.0,"enemies":"3 Sentries","floor":10.0,"turns":6.0},{"damage":2.0,"enemies":"Jaw Worm","floor":11.0,"turns":3.0},{"damage":0.0,"enemies":"Gremlin Nob","floor":14.0,"turns":3.0},{"damage":44,"enemies":"Hexaghost","floor":16,"turns":9}],"seed_played":"-4099044967522417852","potions_obtained":[{"floor":7.0,"key":"SkillPotion"},{"floor":10.0,"key":"ColorlessPotion"},{"floor":11.0,"key":"Fire Potion"}],"is_trial":false,"path_per_floor":["M","?","$","?","?","R","M","R","T","E","M","?","$","E","R","B"],"character_chosen":"WATCHER","items_purchased":["MentalFortress"],"campfire_rested":0,"item_purchase_floors":[13],"current_hp_per_floor":[37,37,37,37,42,42,42,42,42,42,40,40,40,40,40,0,0],"gold":36,"neow_bonus":"ONE_RARE_RELIC","is_daily":false,"chose_seed":false,"campfire_upgraded":3,"win_rate":0.0,"timestamp":1608910107,"path_taken":["M","?","$","?","?","R","M","R","T","E","M","?","?","E","R","BOSS"],"items_purchased_type":["Card"],"build_version":"2020-12-22","purchased_purges":0,"victory":false,"max_hp_per_floor":[68,68,68,68,73,73,73,73,73,73,73,73,73,73,73,73,73],"relic_stats":{"counters":[6,26],"Juzu Bracelet":0,"obtain_stats":[{"Girya":14,"Calipers":0,"Juzu Bracelet":10,"PureWater":0,"StrikeDummy":9},{"Girya":5,"Calipers":0,"Juzu Bracelet":3,"PureWater":0,"StrikeDummy":2},{"Girya":17,"Calipers":0,"Juzu Bracelet":11,"PureWater":0,"StrikeDummy":5}]},"card_choices":[{"not_picked":["EmptyBody","Nirvana"],"picked":"CutThroughFate","floor":1.0},{"not_picked":["DeceiveReality","BattleHymn"],"picked":"Wallop","floor":7.0},{"not_picked":["ReachHeaven","CutThroughFate"],"picked":"Consecrate","floor":10.0},{"not_picked":["LikeWater","Sanctity","Wireheading"],"picked":"SKIP","floor":11.0},{"not_picked":["Vengeance","ReachHeaven"],"picked":"Halt","floor":14.0}],"player_experience":1486763,"relics_obtained":[{"floor":9.0,"key":"StrikeDummy"},{"floor":10.0,"key":"Juzu Bracelet"},{"floor":14.0,"key":"Girya"}],"event_choices":[{"cards_removed":["Strike_P"],"damage_healed":0.0,"max_hp_gain":0.0,"max_hp_loss":0.0,"gold_gain":0.0,"event_name":"The Cleric","player_choice":"Card Removal","floor":2.0,"gold_loss":75.0,"damage_taken":0.0},{"damage_healed":0.0,"max_hp_gain":0.0,"max_hp_loss":0.0,"gold_gain":0.0,"event_name":"Liars Game","player_choice":"Ignored","floor":4.0,"gold_loss":0.0,"damage_taken":0.0},{"damage_healed":0.0,"max_hp_gain":5.0,"max_hp_loss":0.0,"gold_gain":0.0,"event_name":"Big Fish","player_choice":"Donut","floor":5.0,"gold_loss":0.0,"damage_taken":0.0},{"damage_healed":0.0,"max_hp_gain":0.0,"max_hp_loss":0.0,"gold_gain":0.0,"cards_transformed":["Strike_P"],"event_name":"Living Wall","player_choice":"Change","floor":12.0,"gold_loss":0.0,"damage_taken":0.0,"cards_obtained":["Worship"]}],"is_beta":false,"boss_relics":[],"items_purged_floors":[],"is_endless":false,"potions_floor_spawned":[7,10,11],"killed_by":"Hexaghost","ascension_level":20}}