{"host":"04tps7riamijm2m0","time":1608872706,"event":{"mods":["Act Like it!","BaseMod","Gensokyo","Marisa£®ÏF”Í°°ƒß¿Ì…≥£©","Minty Spire (QoL Compilation)","Pale of the Ancients","Replay The Spire","Shop Mod","StSLib","TestMod"],"gold_per_floor":[118,130,130,82,100,45,45,45,45,77,103,115,162,192,204,216,216],"floor_reached":16,"playtime":486,"items_purged":[],"score":132,"play_id":"ad4f7415-1dd1-4400-b4be-47b4b3417aaf","local_time":"20201225130506","is_ascension_mode":true,"campfire_choices":[{"data":"Neutralize","floor":7,"key":"SMITH"},{"data":"Calculated Gamble","floor":12,"key":"SMITH"},{"floor":15,"key":"REST"}],"circlet_count":0,"master_deck":["Strike_G","Strike_G","Strike_G","Strike_G","Strike_G","Defend_G","Defend_G","Defend_G","Defend_G","Defend_G","Survivor","Neutralize+1","Deflect","PiercingWail","Dagger Spray","Dodge and Roll","Skewer+1","Calculated Gamble+1","Underhanded Strike","Cloak And Dagger","Backflip"],"relics":["Ring of the Snake","testmod-TestBox","testmod-CasingShield","Bag of Preparation","MawBank","Golden Egg"],"acts_visited":["Exordium"],"potions_floor_usage":[13],"damage_taken":[{"damage":2,"enemies":"Jaw Worm","floor":1,"turns":5},{"damage":0,"enemies":"Cultist","floor":2,"turns":4},{"damage":0,"enemies":"2 Louse","floor":5,"turns":2},{"damage":32,"enemies":"Lagavulin","floor":10,"turns":7},{"damage":4,"enemies":"2 Fungi Beasts","floor":11,"turns":3},{"damage":15,"enemies":"Replay:BlueRogue","floor":13,"turns":7},{"damage":5,"enemies":"3 Louse","floor":14,"turns":5},{"damage":0,"enemies":"Fading Forest","floor":16,"turns":1}],"seed_played":"-2308964919908415735","potions_obtained":[{"floor":0,"key":"SneckoOil"},{"floor":0,"key":"Explosive Potion"},{"floor":0,"key":"Fire Potion"},{"floor":10,"key":"FearPotion"},{"floor":13,"key":"Poison Potion"}],"is_trial":false,"path_per_floor":["M","M","?","$","M","$","R","$","T","E","M","R","E","M","R","B"],"character_chosen":"THE_SILENT","items_purchased":["Dagger Spray","Skewer+1"],"campfire_rested":1,"item_purchase_floors":[4,6],"current_hp_per_floor":[68,68,68,68,68,68,68,68,68,36,32,32,17,12,33,33,33],"gold":216,"neow_bonus":"THREE_SMALL_POTIONS","is_daily":false,"chose_seed":false,"campfire_upgraded":2,"win_rate":0.0,"timestamp":1608872706,"path_taken":["M","M","?","$","M","$","R","?","T","E","M","R","E","M","R","BOSS"],"items_purchased_type":["Card","Card"],"build_version":"2020-12-22","purchased_purges":0,"victory":false,"max_hp_per_floor":[70,70,70,70,70,70,70,70,70,70,70,70,70,70,70,70,70],"card_choices":[{"not_picked":["Dash","Slice"],"picked":"Deflect","floor":1},{"not_picked":["Quick Slash","Deadly Poison"],"picked":"PiercingWail","floor":2},{"not_picked":["Endless Agony","Dagger Throw"],"picked":"Dodge and Roll","floor":5},{"not_picked":["ReplayTheSpireMod:Tripwire","Toxin Wave"],"picked":"Calculated Gamble","floor":10},{"not_picked":["Masterful Stab","Sucker Punch"],"picked":"Underhanded Strike","floor":11},{"not_picked":["Dagger Throw","Bouncing Flask"],"picked":"Cloak And Dagger","floor":13},{"not_picked":["Cloak And Dagger","Predator"],"picked":"Backflip","floor":14}],"player_experience":46443,"relics_obtained":[{"floor":9,"key":"Bag of Preparation"},{"floor":10,"key":"MawBank"},{"floor":13,"key":"Golden Egg"}],"event_choices":[{"damage_healed":0,"gold_gain":0,"player_choice":"Bought 0 Potions","damage_taken":0,"max_hp_gain":0,"max_hp_loss":0,"event_name":"The Woman in Blue","floor":3,"gold_loss":0}],"is_beta":false,"boss_relics":[],"items_purged_floors":[],"is_endless":false,"potions_floor_spawned":[10,11,13],"killed_by":"Fading Forest","ascension_level":4}}