{"host":"uzj3qtz06dzkgpll","time":1608886629,"event":{"mods":["BaseMod","Better Altar","Better Match","Better Note","Better Sensory Stone","Better Skull","Better Third Choice","Colored Map","Custom Start","Minty Spire (QoL Compilation)","Permanent Neow","Shop Mod","Spicy Shops","StSLib"],"gold_per_floor":[118,118,138,156,169,169,169,169],"floor_reached":7,"playtime":610,"items_purged":[],"score":56,"play_id":"0e8b604b-fd67-4e52-94d0-7bd34f7115da","local_time":"20201225005709","is_ascension_mode":true,"campfire_choices":[{"data":"Survivor","floor":6,"key":"SMITH"}],"circlet_count":0,"master_deck":["Strike_G","Strike_G","Strike_G","Strike_G","Strike_G","Defend_G","Defend_G","Defend_G","Defend_G","Defend_G","Survivor+1","Neutralize","Backflip","Deflect","Cloak And Dagger","Dagger Spray"],"relics":["HoveringKite","Juzu Bracelet"],"acts_visited":["Exordium"],"potions_floor_usage":[5],"damage_taken":[{"damage":0,"enemies":"2 Louse","floor":1,"turns":3},{"damage":7,"enemies":"Cultist","floor":3,"turns":4},{"damage":1,"enemies":"Small Slimes","floor":4,"turns":5},{"damage":4,"enemies":"Exordium Thugs","floor":5,"turns":6},{"damage":55,"enemies":"Gremlin Nob","floor":7,"turns":6}],"seed_played":"1793580851922373970","potions_obtained":[{"floor":3,"key":"Poison Potion"}],"is_trial":false,"path_per_floor":["M","?","M","M","M","R","E"],"character_chosen":"THE_SILENT","items_purchased":[],"campfire_rested":0,"item_purchase_floors":[],"current_hp_per_floor":[63,60,53,52,48,48,0,0],"gold":169,"neow_bonus":"BOSS_RELIC","is_daily":false,"chose_seed":false,"campfire_upgraded":1,"win_rate":0.0,"timestamp":1608886629,"path_taken":["M","?","M","M","M","R","E"],"items_purchased_type":[],"build_version":"2020-12-22","purchased_purges":0,"victory":false,"max_hp_per_floor":[70,70,70,70,70,70,70,70],"card_choices":[{"not_picked":["Poisoned Stab","Finisher"],"picked":"Backflip","floor":1},{"not_picked":["Blur","Poisoned Stab"],"picked":"Deflect","floor":3},{"not_picked":["PiercingWail","Setup"],"picked":"Cloak And Dagger","floor":4},{"not_picked":["Setup","Sucker Punch"],"picked":"Dagger Spray","floor":5}],"player_experience":312206,"relics_obtained":[],"event_choices":[{"damage_healed":0,"gold_gain":0,"player_choice":"Relic ","damage_taken":3,"max_hp_gain":0,"max_hp_loss":0,"event_name":"betterThird:BetterScrap","floor":2,"gold_loss":0,"cards_obtained":["Rip and Tear"]}],"is_beta":false,"boss_relics":[],"items_purged_floors":[],"is_endless":false,"potions_floor_spawned":[3],"killed_by":"Gremlin Nob","ascension_level":6}}