{"host":"7mo9b2f9hhzb5x6f","time":1608889079,"event":{"mods":["2.2 Compatiblity","Act Like it!","BaseMod","Better-Laid Plans","Library of Ruina","Library of Ruina Extra","Marked Mod","Minty Spire (QoL Compilation)","MostiFishMod","Spicy Shops","StSLib","TestMod","The Dragon Tamer","The Hayseed","UnlockEverythingMod","【功能Mod】混沌之环修复补丁"],"gold_per_floor":[117,117,135,150,168,168,207,207,207,232,157,157,190,210,210,334,334,350,35,56,79,79,123,144,144,191,191,191,117,136,167,167,167,167],"floor_reached":33,"playtime":1287,"items_purged":["LightDefense","LightAttack"],"score":576,"play_id":"4029cbca-aced-454a-a43e-dfd2b0b0ec60","local_time":"20201225173759","is_ascension_mode":true,"campfire_choices":[{"data":"LeRegole","floor":6,"key":"SMITH"},{"data":"EnergyCycle","floor":8,"key":"SMITH"},{"data":"FrontalAssault","floor":15,"key":"SMITH"},{"floor":25,"key":"RECALL"},{"data":"RipSpace","floor":32,"key":"SMITH"}],"circlet_count":0,"master_deck":["Dodge","LightAttack","LightDefense","LightDefense","LightDefense","ChargeAndCover","FocusedStrikes","EnergyCycle+1","Leap_lor","LeRegole+1","FrontalAssault+1","TheArtOfRapidSteps","CleanUp","AbsorbImpact","RipSpace+1"],"relics":["PageOfLibrarian","DaveBox","testmod-TestBox","testmod-SaigiyounoYou","RhineCircuit","SynthV:TestCard","Golden Idol","Kunai","testmod-TimeTraveler","PageOfSingingMachine","Juzu Bracelet","Nloth\u0027s Gift","Sling","PageOfFreischutz"],"acts_visited":["Exordium","TheCity"],"potions_floor_usage":[33],"damage_taken":[{"damage":3,"enemies":"2 Louse","floor":1,"turns":3},{"damage":0,"enemies":"Jaw Worm","floor":3,"turns":2},{"damage":0,"enemies":"Cultist","floor":4,"turns":3},{"damage":11,"enemies":"Large Slime","floor":5,"turns":3},{"damage":13,"enemies":"3 Sentries","floor":7,"turns":7},{"damage":3,"enemies":"Blue Slaver","floor":10,"turns":2},{"damage":0,"enemies":"Lagavulin","floor":13,"turns":4},{"damage":0,"enemies":"Gremlin Gang","floor":14,"turns":4},{"damage":13,"enemies":"The Guardian","floor":16,"turns":5},{"damage":6,"enemies":"Chosen","floor":18,"turns":3},{"damage":8,"enemies":"2 Thieves","floor":20,"turns":3},{"damage":8,"enemies":"Chosen and Byrds","floor":21,"turns":3},{"damage":0,"enemies":"Gremlin Leader","floor":23,"turns":4},{"damage":0,"enemies":"Snake Plant","floor":24,"turns":3},{"damage":0,"enemies":"3 Cultists","floor":30,"turns":3},{"damage":0,"enemies":"Slavers","floor":31,"turns":3},{"damage":109,"enemies":"Collector","floor":33,"turns":5}],"seed_played":"8212530671123169461","potions_obtained":[{"floor":3,"key":"DuplicationPotion"},{"floor":10,"key":"LiquidMemories"},{"floor":21,"key":"SteroidPotion"}],"is_trial":false,"path_per_floor":["M","?","M","M","M","R","E","R","T","M","$","?","E","M","R","B",null,"M","$","M","M","?","E","M","R","T","?","?","$","M","E","R","B"],"character_chosen":"Librarian","items_purchased":["TheArtOfRapidSteps","PageOfSingingMachine","Sling"],"campfire_rested":0,"item_purchase_floors":[19,19,29],"current_hp_per_floor":[58,58,63,63,57,57,55,55,55,59,59,59,68,71,71,70,71,69,69,70,71,71,71,71,71,71,71,71,71,71,71,71,0,0],"gold":167,"neow_bonus":"THREE_CARDS","is_daily":false,"chose_seed":false,"campfire_upgraded":4,"win_rate":0.0,"timestamp":1608889079,"path_taken":["M","?","M","M","M","R","E","R","T","M","$","?","E","?","R","BOSS","M","$","M","M","?","E","M","R","T","?","?","$","M","E","R","BOSS"],"items_purchased_type":["Card","Relic","Relic"],"build_version":"2020-12-22","purchased_purges":2,"victory":false,"max_hp_per_floor":[74,69,63,63,63,63,71,71,71,71,71,71,71,71,71,71,71,71,71,71,71,71,71,71,71,71,71,71,71,71,71,71,71,71],"card_choices":[{"not_picked":["IngredientHunt","TasteMyFlamingBat"],"picked":"EnergyCycle","floor":0},{"not_picked":["ShrineToMusic","MultiBlock","StructuralAnalysis","Marionette","SmokingPipe","RepressedFlesh","Parry","DesperateStruggle","Gigigig"],"picked":"SKIP","floor":1},{"not_picked":["ElectricShock","StructuralAnalysis","AutomatedMovement","Overpower","BindingArms","StrongStrike","Rewind","Multislash","LoosenUp","AssaultOrder"],"picked":"Leap_lor","floor":3},{"not_picked":["PuppetBlockade","MindPrepared","Pound","Faith","FierceCharge","EndlessBattle","SturdyDefense","GuidanceOfTheGears","Gamble","QuickAttack"],"picked":"LeRegole","floor":4},{"not_picked":["BoundaryOfDeath","ViolentFlame","Thirst","NightInTheBackstreets","AGoldenOpportunity","StrongStrike","SunsetBlade","MindPrepared","ChopItOff","EmotionalTurbulence","MultiHit"],"picked":"SKIP","floor":5},{"not_picked":["MultiHit","GaleKick","Crush","RatsGuideToSurvival","QuickAttack","EndlessBattle","AutonomousRush","ProselytesBlade","HiddenBlade","EnergyShield","EmotionalTurbulence"],"picked":"SKIP","floor":7},{"not_picked":["FeatherShield","AsThePrescriptOrders","AGoldenOpportunity","Outburst","SteelKnuckles","BladeWhirl","MultiHit","NightInTheBackstreets","StructuralAnalysis","YouOnlyLiveOnce"],"picked":"FrontalAssault","floor":10},{"not_picked":["MultiBlock","HandleRequest","NonstopAssault","Wallop_lor","Marionette","UnavoidableGaze","Parry","EndlessBattle","Unlock1","SkyClearingCut","Leap_lor"],"picked":"SKIP","floor":13},{"not_picked":["Quickness","GuardingStance","DarkCloud","CookingPrep","Wallop_lor","SharpSwipe","HardRehearsal","BackAttack","WillOfThePrescript","MultiBlock","FierceCharge"],"picked":"SKIP","floor":14},{"not_picked":["WillOfThePrescript","WaitUp","RatsGuideToSurvival+1","DarkCloud","Quickness+1","SpearedSweep","IronWall","EndlessBattle+1","DesperateStruggle+1","BizarreAttack","SmokingPipe+1"],"picked":"SKIP","floor":18},{"not_picked":["SpearedSweep","AutomatedMovement+1","ICanCookAnything","LoosenUp","ToOvercomeCrisis","IllEndYou","SmokingPipe","ScatteringSlash","UpbeatPerformance","BlowItUp","PreemptiveStrike"],"picked":"SKIP","floor":20},{"not_picked":["Tttonst","Pound","Fence","LoosenUp","WildCard","SturdyDefense","Unlock1","IllEndYou","Mutilate+1","SunsetBlade","MultiHit"],"picked":"SKIP","floor":21},{"not_picked":["StartinOutLightly+1","TendonChords","FrontalAssault+1","HighKick","FierceOnslaught+1","SuppressingShot","IngredientHunt","SunsetBlade","FierceCharge","BackstreetsDash"],"picked":"CleanUp","floor":23},{"not_picked":["DestructiveImpact+1","EnergyConversion","Pound","Unlock1","Overpower","YouOnlyLiveOnce","FleetFootsteps+1","Rewind","DarkCloud","Reload+1"],"picked":"AbsorbImpact","floor":24},{"not_picked":["SmokingPipe+1","BiteOff","GuardingStance+1","SkitterAway","DirtyBlow+1","Gigigig+1","SturdyDefense+1","EnergyCycle","CumulusWall","BoundaryOfDeath","Tailoring"],"picked":"SKIP","floor":30},{"not_picked":["SuppressingShot","TrashDisposal","ToOvercomeCrisis","YouOnlyLiveOnce","BindingArms+1","ShrineToMusic","UnavoidableGaze","FleetFootsteps+1","BladeWhirl","FierceOnslaught"],"picked":"RipSpace","floor":31}],"player_experience":79997,"relics_obtained":[{"floor":1,"key":"SynthV:TestCard"},{"floor":7,"key":"Kunai"},{"floor":13,"key":"Peace Pipe"},{"floor":23,"key":"Juzu Bracelet"},{"floor":31,"key":"PageOfFreischutz"}],"event_choices":[{"damage_healed":0,"gold_gain":0,"player_choice":"Lose Max HP","damage_taken":0,"relics_obtained":["Golden Idol"],"max_hp_gain":0,"max_hp_loss":5,"event_name":"Golden Idol","floor":2,"gold_loss":0},{"damage_healed":0,"gold_gain":0,"player_choice":"Bought 0 Potions","damage_taken":0,"max_hp_gain":0,"max_hp_loss":0,"event_name":"The Woman in Blue","floor":12,"gold_loss":0},{"damage_healed":0,"gold_gain":0,"player_choice":"Traded Relic","damage_taken":0,"relics_obtained":["Nloth\u0027s Gift"],"max_hp_gain":0,"max_hp_loss":0,"event_name":"N\u0027loth","floor":27,"relics_lost":["Peace Pipe"],"gold_loss":0},{"cards_removed":["LightAttack"],"damage_healed":0,"gold_gain":0,"player_choice":"Purged","damage_taken":0,"max_hp_gain":0,"max_hp_loss":0,"event_name":"Purifier","floor":28,"gold_loss":0}],"is_beta":false,"boss_relics":[{"not_picked":["testmod-Nine","RhineFirstAidKit"],"picked":"testmod-TimeTraveler"}],"items_purged_floors":[11,19],"is_endless":false,"potions_floor_spawned":[1,3,4,10,16,18,21,31],"killed_by":"Collector","ascension_level":9}}