{"host":"baymyijz6sxaqj5s","time":1608890103,"event":{"mods":["AchievementEnabler","BaseMod","Colored Map","Colored Powertips","DeckTracker","KOR Keyword Fix","Keyboard Shortcuts","Minty Spire (QoL Compilation)","Quick Restart","StSLib","SuperFastMode"],"gold_per_floor":[119,176,176,126,226,226,240,84,109,109,126,144,154,168,168,264,264,276,256,269,281,296,296,296],"floor_reached":23,"playtime":766,"items_purged":[],"score":206,"play_id":"4d607524-2697-41bd-9cc9-25b88df85169","local_time":"20201225185503","is_ascension_mode":true,"campfire_choices":[{"data":"Heavy Blade","floor":6,"key":"SMITH"},{"data":"Body Slam","floor":10,"key":"SMITH"},{"data":"Shrug It Off","floor":15,"key":"SMITH"}],"circlet_count":0,"master_deck":["Strike_R","Strike_R","Strike_R","Strike_R","Defend_R","Defend_R","Defend_R","Defend_R","Bash","Heavy Blade+1","Body Slam+1","Impervious","Flame Barrier","Power Through","Shrug It Off+1","Demon Form","Armaments","Seeing Red","Spot Weakness"],"relics":["Black Blood","Thread and Needle","Nunchaku"],"acts_visited":["Exordium","TheCity"],"potions_floor_usage":[16,16,22],"damage_taken":[{"damage":7,"enemies":"Small Slimes","floor":1,"turns":4},{"damage":3,"enemies":"Jaw Worm","floor":7,"turns":4},{"damage":0,"enemies":"2 Louse","floor":11,"turns":2},{"damage":0,"enemies":"Large Slime","floor":12,"turns":6},{"damage":0,"enemies":"Red Slaver","floor":13,"turns":2},{"damage":7,"enemies":"3 Louse","floor":14,"turns":4},{"damage":63,"enemies":"Hexaghost","floor":16,"turns":15},{"damage":0,"enemies":"3 Byrds","floor":18,"turns":4},{"damage":21,"enemies":"2 Thieves","floor":19,"turns":4},{"damage":5,"enemies":"Snecko","floor":20,"turns":5},{"damage":8,"enemies":"Snake Plant","floor":21,"turns":5},{"damage":57,"enemies":"Chosen and Byrds","floor":22,"turns":10},{"damage":43,"enemies":"Slavers","floor":23,"turns":3}],"seed_played":"-6648591832666154545","potions_obtained":[{"floor":12,"key":"SkillPotion"},{"floor":14,"key":"BlessingOfTheForge"},{"floor":19,"key":"SkillPotion"}],"is_trial":false,"path_per_floor":["M","?","T","?","?","R","M","$","T","R","M","M","M","M","R","B",null,"M","M","M","M","M","E"],"character_chosen":"IRONCLAD","items_purchased":["Impervious"],"campfire_rested":0,"item_purchase_floors":[8],"current_hp_per_floor":[87,87,87,87,87,87,88,88,88,88,88,88,88,87,87,30,88,88,79,86,88,43,0,0],"gold":296,"neow_bonus":"TEN_PERCENT_HP_BONUS","is_daily":false,"chose_seed":false,"campfire_upgraded":3,"win_rate":0.0,"timestamp":1608890103,"path_taken":["M","?","?","?","?","R","M","$","T","R","?","M","M","M","R","BOSS","M","M","M","M","M","E"],"items_purchased_type":["Card"],"build_version":"2020-12-22","purchased_purges":0,"victory":false,"max_hp_per_floor":[88,88,88,88,88,88,88,88,88,88,88,88,88,88,88,88,88,88,88,88,88,88,88,88],"card_choices":[{"not_picked":["Twin Strike","Cleave"],"picked":"Heavy Blade","floor":1},{"not_picked":["Armaments","Rage"],"picked":"Body Slam","floor":7},{"not_picked":["Pommel Strike","Heavy Blade"],"picked":"Flame Barrier","floor":11},{"not_picked":["Sentinel","Disarm","Second Wind"],"picked":"SKIP","floor":12},{"not_picked":["Anger","Battle Trance"],"picked":"Power Through","floor":13},{"not_picked":["Flame Barrier","Body Slam"],"picked":"Shrug It Off","floor":14},{"not_picked":["Limit Break","Corruption"],"picked":"Demon Form","floor":16},{"not_picked":["Wild Strike+1","Pommel Strike","Dark Embrace+1"],"picked":"SKIP","floor":18},{"not_picked":["Shrug It Off","Heavy Blade"],"picked":"Armaments","floor":19},{"not_picked":["Headbutt+1","Whirlwind"],"picked":"Seeing Red","floor":20},{"not_picked":["Carnage","Clash+1"],"picked":"Spot Weakness","floor":21},{"not_picked":["Clash","Dual Wield","Bloodletting"],"picked":"SKIP","floor":22}],"player_experience":240919,"relics_obtained":[{"floor":3,"key":"Thread and Needle"},{"floor":9,"key":"Nunchaku"}],"event_choices":[{"damage_healed":0,"gold_gain":57,"player_choice":"Gained Gold","damage_taken":0,"max_hp_gain":0,"max_hp_loss":0,"event_name":"Golden Wing","floor":2,"gold_loss":0},{"cards_removed":["Strike_R"],"damage_healed":0,"gold_gain":0,"player_choice":"Card Removal","damage_taken":0,"max_hp_gain":0,"max_hp_loss":0,"event_name":"The Cleric","floor":4,"gold_loss":50},{"damage_healed":0,"gold_gain":100,"player_choice":"Pray","damage_taken":0,"max_hp_gain":0,"max_hp_loss":0,"event_name":"Golden Shrine","floor":5,"gold_loss":0}],"is_beta":false,"boss_relics":[{"not_picked":["Ectoplasm","Runic Dome"],"picked":"Black Blood"}],"items_purged_floors":[],"is_endless":false,"potions_floor_spawned":[12,14,19],"killed_by":"Slavers","ascension_level":2}}