{"host":"yp47u74hk6n79vj1","time":1608883324,"event":{"mods":["BaseMod","Minty Spire (QoL Compilation)"],"gold_per_floor":[117,42,42,5,18,49,49,67,119,142,158,178,178,190,190,290,290,309,309,329,329,329,329,62,62,86,1,17,17,37,51,51,148,148,148,148],"floor_reached":35,"playtime":1037,"items_purged":["Strike_B","Strike_B"],"score":357,"play_id":"1ce05ea9-f7bc-48f6-99d8-782a9eb5a0c9","local_time":"20201225030204","is_ascension_mode":false,"campfire_choices":[{"data":"Loop","floor":7,"key":"SMITH"},{"data":"Defragment","floor":13,"key":"SMITH"},{"data":"Conserve Battery","floor":15,"key":"SMITH"},{"floor":23,"key":"REST"},{"data":"Coolheaded","floor":25,"key":"SMITH"},{"data":"Consume","floor":29,"key":"SMITH"},{"floor":32,"key":"REST"}],"circlet_count":0,"master_deck":["Strike_B+1","Strike_B+1","Defend_B","Defend_B","Defend_B","Defend_B","Zap+1","Dualcast","Self Repair","White Noise","Loop+1","Conserve Battery+1","Defragment+1","Barrage","White Noise","Creative AI","Capacitor","Coolheaded+1","Panacea","Consume+1","Cold Snap","Double Energy"],"relics":["Cracked Core","Whetstone","Smiling Mask","Odd Mushroom","Inserter","DataDisk","SlaversCollar"],"acts_visited":["Exordium","TheCity","TheBeyond"],"potions_floor_usage":[10,30,30],"damage_taken":[{"damage":5,"enemies":"Small Slimes","floor":1,"turns":2},{"damage":1,"enemies":"Cultist","floor":5,"turns":3},{"damage":16,"enemies":"Lagavulin","floor":6,"turns":6},{"damage":7,"enemies":"Jaw Worm","floor":8,"turns":4},{"damage":12,"enemies":"The Mushroom Lair","floor":10,"turns":3},{"damage":5,"enemies":"Looter","floor":11,"turns":4},{"damage":0,"enemies":"Large Slime","floor":12,"turns":5},{"damage":4,"enemies":"Blue Slaver","floor":14,"turns":4},{"damage":51,"enemies":"Slime Boss","floor":16,"turns":7},{"damage":28,"enemies":"Shell Parasite","floor":18,"turns":6},{"damage":43,"enemies":"2 Thieves","floor":20,"turns":5},{"damage":8,"enemies":"Snecko","floor":28,"turns":4},{"damage":10,"enemies":"Snake Plant","floor":30,"turns":3},{"damage":4,"enemies":"Chosen and Byrds","floor":31,"turns":7},{"damage":35,"enemies":"Collector","floor":33,"turns":8}],"seed_played":"-936277910573457948","potions_obtained":[{"floor":6,"key":"SkillPotion"},{"floor":10,"key":"FearPotion"},{"floor":14,"key":"SpeedPotion"},{"floor":16,"key":"SteroidPotion"},{"floor":20,"key":"Block Potion"}],"is_trial":false,"path_per_floor":["M","$","?","$","M","E","R","M","T","?","M","M","R","M","R","B",null,"M","?","M","?","?","R","$","R","T","?","M","R","M","M","R","B",null,"M"],"character_chosen":"DEFECT","items_purchased":["White Noise","Capacitor","Coolheaded","Panacea"],"campfire_rested":2,"item_purchase_floors":[4,24,24,24],"current_hp_per_floor":[70,70,75,75,75,66,66,66,66,61,63,70,70,66,66,22,75,47,47,11,11,11,33,33,33,33,33,32,32,29,32,54,26,75,0,0],"gold":148,"neow_bonus":"UPGRADE_CARD","is_daily":false,"chose_seed":false,"campfire_upgraded":5,"win_rate":0.0,"timestamp":1608883324,"path_taken":["M","$","?","?","M","E","R","M","T","?","M","M","R","M","R","BOSS","M","?","M","?","?","R","$","R","T","?","?","R","M","M","R","BOSS","M"],"items_purchased_type":["Card","Card","Card","Card"],"build_version":"2020-12-22","purchased_purges":2,"victory":false,"max_hp_per_floor":[75,75,75,75,75,75,75,75,75,75,75,75,75,75,75,75,75,75,75,75,75,75,75,75,75,75,75,75,75,75,75,75,75,75,75,75],"card_choices":[{"not_picked":["Sweeping Beam","Stack"],"picked":"Self Repair","floor":1},{"not_picked":["Gash","Darkness"],"picked":"Loop","floor":5},{"not_picked":["Recycle","Self Repair"],"picked":"Conserve Battery","floor":6},{"not_picked":["Steam Power","Coolheaded"],"picked":"Defragment","floor":8},{"not_picked":["Go for the Eyes","Hologram","Redo"],"picked":"SKIP","floor":11},{"not_picked":["Stack","Rip and Tear"],"picked":"Barrage","floor":12},{"not_picked":["Fusion","Rip and Tear"],"picked":"White Noise","floor":14},{"not_picked":["Biased Cognition","Multi-Cast"],"picked":"Creative AI","floor":16},{"not_picked":["Hello World","Conserve Battery+1","Reprogram+1"],"picked":"SKIP","floor":18},{"not_picked":["Compile Driver","Doom and Gloom","Static Discharge"],"picked":"SKIP","floor":20},{"not_picked":["Darkness","Hologram+1"],"picked":"Consume","floor":28},{"not_picked":["Barrage","Gash"],"picked":"Cold Snap","floor":30},{"not_picked":["Consume","Beam Cell+1"],"picked":"Double Energy","floor":31}],"player_experience":518994,"relics_obtained":[{"floor":6,"key":"Whetstone"},{"floor":9,"key":"Smiling Mask"},{"floor":10,"key":"Odd Mushroom"}],"event_choices":[{"damage_healed":5,"gold_gain":0,"player_choice":"Full Heal","damage_taken":0,"max_hp_gain":0,"max_hp_loss":0,"event_name":"Wheel of Change","floor":3,"gold_loss":0},{"damage_healed":0,"gold_gain":0,"player_choice":"Fought Mushrooms","damage_taken":0,"max_hp_gain":0,"max_hp_loss":0,"event_name":"Mushrooms","floor":10,"gold_loss":0},{"damage_healed":0,"gold_gain":0,"player_choice":"Ignored","damage_taken":0,"max_hp_gain":0,"max_hp_loss":0,"event_name":"Ghosts","floor":19,"gold_loss":0},{"damage_healed":0,"gold_gain":0,"player_choice":"Smashed Altar","damage_taken":0,"max_hp_gain":0,"max_hp_loss":0,"event_name":"Forgotten Altar","floor":21,"gold_loss":0,"cards_obtained":["Decay"]},{"cards_removed":["Decay"],"damage_healed":0,"gold_gain":0,"player_choice":"Elegance","damage_taken":0,"max_hp_gain":0,"max_hp_loss":0,"event_name":"Back to Basics","floor":22,"gold_loss":0},{"damage_healed":0,"gold_gain":0,"player_choice":"Obtained Relic","damage_taken":0,"relics_obtained":["DataDisk"],"max_hp_gain":0,"max_hp_loss":0,"event_name":"Addict","floor":27,"gold_loss":85}],"is_beta":false,"boss_relics":[{"not_picked":["Cursed Key","Philosopher\u0027s Stone"],"picked":"Inserter"},{"not_picked":["Black Star","FrozenCore"],"picked":"SlaversCollar"}],"items_purged_floors":[2,24],"is_endless":false,"potions_floor_spawned":[6,10,14,16,20],"killed_by":"3 Shapes","ascension_level":0}}