{"host":"bhj73plqr6q46rek","time":1608925315,"event":{"mods":["2.2 Compatiblity","Arknights The Spire","Aspiration","BaseMod","Better Third Choice","BetterRewards","CapriCore","Conspire","Downfall","Energized Spire","Friendly Minions","Hubris","Infinite Spire","Jorbs\u0027s Wanderer Trilogy","KiyohimeÅiê¥?Åj","Minty Spire (QoL Compilation)","Relic Sorter","Replay The Spire","Shade Mod","StSLib","The Alterego","The Immortal","The Servant 0.9.4","WarShipGirlsR/??è≠èóR mod"],"gold_per_floor":[110,110,122,122,139,139,139,139,208,218,218,158,158,177,177,280,280,300,300,300,300,318,318,19,19,19,45,45,45,1,28,28,123,123,134,224,244,244,259,259,270,284,284,284,312,329,329,329,329,430,430,430],"floor_reached":51,"playtime":3413,"items_purged":["Pain","Pain","Injury","KiyohimeMod:Track"],"score":776,"play_id":"20135b11-9188-4062-b03f-c7683fdbf801","local_time":"20201225204155","is_ascension_mode":false,"campfire_choices":[{"floor":6,"key":"REST"},{"floor":11,"key":"REST"},{"data":"KiyohimeMod:DragonVein","floor":13,"key":"SMITH"},{"floor":15,"key":"REST"},{"data":"KiyohimeMod:Fragarach","floor":23,"key":"SMITH"},{"data":"KiyohimeMod:CommandCard_Quick","floor":29,"key":"SMITH"},{"floor":32,"key":"REST"},{"floor":40,"key":"REST"},{"floor":44,"key":"REST"},{"floor":47,"key":"REST"},{"data":"KiyohimeMod:Servant_TamamoNoMae","floor":49,"key":"SMITH"}],"circlet_count":0,"master_deck":["KiyohimeMod:Strike","KiyohimeMod:Strike","KiyohimeMod:Strike","KiyohimeMod:Strike","KiyohimeMod:Defend","KiyohimeMod:Defend","KiyohimeMod:Defend","KiyohimeMod:Defend","KiyohimeMod:FlameKiss","KiyohimeMod:Shapeshift","KiyohimeMod:DragonVein+1","KiyohimeMod:EatSoul","KiyohimeMod:Fragarach+1","KiyohimeMod:AVerseOfBurningLoveStory+1","KiyohimeMod:Tenacious+1","KiyohimeMod:PrismaCosmos+1","KiyohimeMod:Tenacious+1","KiyohimeMod:CommandCard_Quick+1","KiyohimeMod:ImaginaryAround+1","KiyohimeMod:ImaginaryAround+1","KiyohimeMod:Servant_TamamoNoMae+1","KiyohimeMod:LimitedZeroOver+1","KiyohimeMod:Tenacious+1","KiyohimeMod:CommandCard_Arts+1","KiyohimeMod:FormalCraft+1","KiyohimeMod:Tenacious+1","KiyohimeMod:DragonVein+1","KiyohimeMod:Servant_Osakabehime","KiyohimeMod:ImaginaryAround+1","KiyohimeMod:PrismaCosmos+1"],"relics":["KiyohimeMod:FireDragon","hubris:DisguiseKit","Frozen Egg 2","WarpedTongs","The Courier","alterego_mod:FleetingLove","Lee\u0027s Waffle","Black Star","conspire:BottledYoYo","ats:Originium","ReplayTheSpireMod:Shallot","Replay:Baseball","Sundial","ats:Originium","Juzu Bracelet","infinitespire:PuzzleCube","Philosopher\u0027s Stone","KiyohimeMod:Divinity","ats:Originium","Replay:Kaleidoscope","infinitespire:Bottled Soul","InkBottle"],"acts_visited":["Exordium","TheCity","TheBeyond","Exordium"],"potions_floor_usage":[16,16,16,31,37,37,37,37,42,50],"damage_taken":[{"damage":0,"enemies":"2 Louse","floor":1,"turns":4},{"damage":22,"enemies":"Cultist","floor":3,"turns":5},{"damage":20,"enemies":"Jaw Worm","floor":5,"turns":6},{"damage":14,"enemies":"2 Fungi Beasts","floor":10,"turns":4},{"damage":26,"enemies":"Lots of Slimes","floor":14,"turns":5},{"damage":34,"enemies":"Fading Forest","floor":16,"turns":11},{"damage":21,"enemies":"3 Byrds","floor":18,"turns":4},{"damage":15,"enemies":"Spheric Guardian","floor":22,"turns":4},{"damage":0,"enemies":"Nightmare","floor":27,"turns":8},{"damage":29,"enemies":"Book of Stabbing","floor":31,"turns":5},{"damage":0,"enemies":"Champ","floor":33,"turns":8},{"damage":34,"enemies":"3 Shapes","floor":35,"turns":4},{"damage":7,"enemies":"3 Darklings","floor":37,"turns":3},{"damage":7,"enemies":"Maw","floor":39,"turns":6},{"damage":11,"enemies":"Spire Growth","floor":41,"turns":4},{"damage":20,"enemies":"4 Shapes","floor":42,"turns":4},{"damage":0,"enemies":"Giant Head","floor":45,"turns":6},{"damage":17,"enemies":"3 Darklings","floor":46,"turns":3},{"damage":24,"enemies":"infinitespire:MassOfShapes","floor":50,"turns":6}],"seed_played":"-2098056387174517661","potions_obtained":[{"floor":4,"key":"CultistPotion"},{"floor":4,"key":"Venom Potion"},{"floor":4,"key":"Venom Potion"},{"floor":22,"key":"Weak Potion"},{"floor":33,"key":"EntropicBrew"},{"floor":35,"key":"Energy Potion"},{"floor":42,"key":"Weak Potion"},{"floor":46,"key":"Adrenaline Potion"}],"is_trial":false,"path_per_floor":["M","?","M","?","M","R","?","?","T","M","R","$","R","M","R","B",null,"M","?","?","AVR","M","R","$","?","T","NM","T","R","$","E","R","B",null,"M","?","M","$","M","R","M","M","T","R","E","M","R","AVR","R","B",null],"character_chosen":"Kiyohime","items_purchased":["KiyohimeMod:Tenacious+1","KiyohimeMod:PrismaCosmos+1","KiyohimeMod:Tenacious+1","KiyohimeMod:ImaginaryAround+1"],"campfire_rested":7,"item_purchase_floors":[24,24,24,30],"current_hp_per_floor":[60,60,38,38,18,36,36,36,36,22,40,40,40,14,32,20,60,39,39,39,67,52,52,52,59,59,59,59,59,59,30,50,50,67,33,33,38,38,37,57,46,26,26,46,52,35,55,55,55,37,67,67],"gold":430,"neow_bonus":"THREE_CARDS","is_daily":false,"chose_seed":false,"campfire_upgraded":4,"win_rate":0.0,"timestamp":1608925315,"path_taken":["M","?","M","?","?","R","?","?","T","M","R","$","R","?","R","BOSS","M","?","?","AVR","M","R","?","?","T","NM","?","R","$","E","R","BOSS","M","?","M","$","M","R","M","M","T","R","E","M","R","AVR","R","BOSS"],"items_purchased_type":["Card","Card","Card","Card"],"build_version":"2020-12-22","purchased_purges":4,"victory":false,"max_hp_per_floor":[60,60,60,60,60,60,60,60,60,60,60,60,60,60,60,60,60,60,60,60,67,67,67,67,67,67,67,67,67,67,67,67,67,67,67,67,67,67,67,67,67,67,67,67,67,67,67,67,67,67,67,67],"card_choices":[{"not_picked":["KiyohimeMod:WaterTurn","KiyohimeMod:GreenBlackKey","KiyohimeMod:SteelTraining"],"picked":"SKIP","floor":1},{"not_picked":["KiyohimeMod:CommandCard_Quick","KiyohimeMod:RedBlackKey","Starlight"],"picked":"KiyohimeMod:DragonVein","floor":3},{"not_picked":["KiyohimeMod:RedBlackKey","KiyohimeMod:WaterTurn","KiyohimeMod:GreenBlackKey","Potential"],"picked":"SKIP","floor":5},{"not_picked":["KiyohimeMod:HydraDagger","KiyohimeMod:SteelTraining","TimeWarp"],"picked":"KiyohimeMod:EatSoul","floor":10},{"not_picked":["KiyohimeMod:RedBlackKey","KiyohimeMod:RealityMarble","Reset"],"picked":"KiyohimeMod:Fragarach","floor":14},{"not_picked":["KiyohimeMod:FiringTheFirstArrow","KiyohimeMod:Barrier","LightFlow"],"picked":"KiyohimeMod:AVerseOfBurningLoveStory+1","floor":16},{"not_picked":["KiyohimeMod:SteelTraining","KiyohimeMod:WaterTurn","KiyohimeMod:HydraDagger","GearUp"],"picked":"SKIP","floor":18},{"not_picked":["KiyohimeMod:Projection","KiyohimeMod:Preemptive","KiyohimeMod:AndSoTheShipConquers","Rewind"],"picked":"SKIP","floor":22},{"not_picked":["KiyohimeMod:AgainstMagic","KiyohimeMod:SteelTraining","Snipe"],"picked":"KiyohimeMod:CommandCard_Quick","floor":27},{"not_picked":["KiyohimeMod:BlueBlackKey","KiyohimeMod:ExSpicyMapoTofu","Starlight"],"picked":"KiyohimeMod:ImaginaryAround+1","floor":31},{"not_picked":["KiyohimeMod:Barrier","KiyohimeMod:MagicCrystal","Dilation"],"picked":"KiyohimeMod:Servant_TamamoNoMae","floor":33},{"not_picked":["KiyohimeMod:RedBlackKey+1","KiyohimeMod:WaterTurn+1","KiyohimeMod:EatSoul","RealityMarble"],"picked":"SKIP","floor":35},{"not_picked":["KiyohimeMod:Preemptive+1","KiyohimeMod:EatSoul+1","Unruled"],"picked":"KiyohimeMod:LimitedZeroOver+1","floor":36},{"not_picked":["KiyohimeMod:SteelTraining+1","KiyohimeMod:WaterTurn","Deadline"],"picked":"KiyohimeMod:Tenacious+1","floor":36},{"not_picked":["KiyohimeMod:CommandCard_Buster","KiyohimeMod:AndSoTheShipConquers","Revamp"],"picked":"KiyohimeMod:CommandCard_Arts+1","floor":37},{"not_picked":["KiyohimeMod:HydraDagger","KiyohimeMod:RedBlackKey","TimeWarp"],"picked":"KiyohimeMod:FormalCraft+1","floor":39},{"not_picked":["KiyohimeMod:GreenBlackKey","KiyohimeMod:RedBlackKey+1","Replace"],"picked":"KiyohimeMod:Tenacious+1","floor":41},{"not_picked":["KiyohimeMod:SteelTraining","KiyohimeMod:FirstPremonition","ShiftingGears"],"picked":"KiyohimeMod:DragonVein+1","floor":42},{"not_picked":["KiyohimeMod:SteelTraining+1","KiyohimeMod:AndSoTheShipConquers","Moonlight"],"picked":"KiyohimeMod:Servant_Osakabehime","floor":45},{"not_picked":["KiyohimeMod:AndSoTheShipConquers+1","KiyohimeMod:GreenBlackKey","DoubleEdge"],"picked":"KiyohimeMod:ImaginaryAround+1","floor":46},{"not_picked":["KiyohimeMod:Servant_TamamoNoMae","KiyohimeMod:Barrier","Sunlight"],"picked":"KiyohimeMod:PrismaCosmos+1","floor":50}],"player_experience":268764,"relics_obtained":[{"floor":9,"key":"The Courier"},{"floor":26,"key":"conspire:BottledYoYo"},{"floor":27,"key":"ats:Originium"},{"floor":27,"key":"ReplayTheSpireMod:Shallot"},{"floor":27,"key":"Replay:Baseball"},{"floor":28,"key":"Sundial"},{"floor":31,"key":"ats:Originium"},{"floor":31,"key":"Juzu Bracelet"},{"floor":31,"key":"infinitespire:PuzzleCube"},{"floor":43,"key":"KiyohimeMod:Divinity"},{"floor":45,"key":"ats:Originium"},{"floor":45,"key":"Replay:Kaleidoscope"},{"floor":45,"key":"infinitespire:Bottled Soul"}],"event_choices":[{"damage_healed":0,"gold_gain":0,"player_choice":"Got Potions","damage_taken":0,"max_hp_gain":0,"max_hp_loss":0,"event_name":"Lab","floor":4,"gold_loss":0},{"damage_healed":0,"gold_gain":0,"player_choice":"Rummage","damage_taken":0,"relics_obtained":["WarpedTongs"],"max_hp_gain":0,"max_hp_loss":0,"event_name":"Accursed Blacksmith","floor":8,"gold_loss":0,"cards_obtained":["Pain"]},{"damage_healed":0,"gold_gain":0,"player_choice":"Choice 1","damage_taken":0,"relics_obtained":["alterego_mod:FleetingLove"],"max_hp_gain":0,"max_hp_loss":0,"event_name":"Secret Garden","floor":20,"gold_loss":0}],"is_beta":false,"boss_relics":[{"not_picked":["hubris:CrackedHourglass","Replay:Drink Me","Fusion Hammer"]},{"not_picked":["hubris:VirtuousBlindfold","energizedSpire:OgreHead"],"picked":"Philosopher\u0027s Stone"},{"not_picked":["ChewingGum","Replay:Grab Bag","Runic Dome"]}],"items_purged_floors":[12,21,24,48],"is_endless":true,"potions_floor_spawned":[10,14,22,33,35,42,46],"ascension_level":0}}