{"host":"v4s5k3c6jywmeofl","time":1608908110,"event":{"mods":["Act Like it!","BaseMod","Colored Map","Downfall","Gensokyo","Hallownest","Hermit","Marisa????????","Minty Spire (QoL Compilation)","Quick Restart","Random Character Button","Rare Cards Sparkle","Replay The Spire","StSLib","The Animator","The Bug Knight","The Cursed","The Hierophant","The Servant 0.9.4"],"gold_per_floor":[215,280,334,334,348,348,179,195,195,227,227,245,272,302,314,326,326],"floor_reached":16,"playtime":587,"items_purged":[],"score":115,"play_id":"c47614cb-bfd8-45e9-ae8c-6b70f3227a9f","local_time":"20201225095510","is_ascension_mode":true,"campfire_choices":[{"data":"Inflame","floor":6.0,"key":"SMITH"},{"floor":15,"key":"REST"}],"circlet_count":1,"master_deck":["Strike_R","Strike_R","Strike_R","Strike_R","Strike_R","Defend_R","Defend_R","Defend_R","Defend_R","Bash","Inflame+1","Pommel Strike","Twin Strike","ReplayTheSpireMod:Private Reserves","Rupture","Dropkick","Dual Wield","ReplayTheSpireMod:Corrosion Curse","Bloodletting"],"relics":["Burning Blood","Replay:WaspNest","Hallownest:DreamNailRelic","Pear","Unceasing Top","Circlet","MawBank"],"acts_visited":["Hallownest:Greenpath"],"potions_floor_usage":[13],"damage_taken":[{"damage":7.0,"enemies":"Hallownest:2_MossCreeps","floor":1.0,"turns":5.0},{"damage":2.0,"enemies":"Hallownest:monsterHuskGuard","floor":5.0,"turns":3.0},{"damage":10.0,"enemies":"Hallownest:2_Baldur","floor":8.0,"turns":3.0},{"damage":6.0,"enemies":"Hallownest:eliteMossKnight","floor":10.0,"turns":5.0},{"damage":12,"enemies":"Hallownest:Guard_and_Warrior","floor":12,"turns":5},{"damage":24,"enemies":"Hallownest:eliteCrystalGuardian","floor":13,"turns":5},{"damage":8,"enemies":"Hallownest:Wandering_and_Horned","floor":14,"turns":5},{"damage":64,"enemies":"Hallownest:BossFalseKnight","floor":16,"turns":6}],"seed_played":"-8530117678317713835","potions_obtained":[{"floor":1.0,"key":"Milkshake"},{"floor":3.0,"key":"Languid Potion"},{"floor":8.0,"key":"LifebloodPotion"},{"floor":14,"key":"Elixir"}],"is_trial":false,"path_per_floor":["M","?","?","?","M","R","$","M","T","E","?","M","E","M","R","B"],"character_chosen":"IRONCLAD","items_purchased":["ReplayTheSpireMod:Private Reserves","Rupture"],"campfire_rested":1,"item_purchase_floors":[7,7],"current_hp_per_floor":[79,79,47,47,51,51,51,47,57,57,57,51,33,31,58,0,0],"gold":326,"neow_bonus":"HUNDRED_GOLD","is_daily":false,"chose_seed":false,"campfire_upgraded":1,"win_rate":0.0,"timestamp":1608908110,"path_taken":["M","?","?","?","?","R","$","M","T","E","?","M","E","?","R","BOSS"],"items_purchased_type":["Card","Card"],"build_version":"2020-12-22","purchased_purges":0,"victory":false,"max_hp_per_floor":[80,80,80,80,80,80,80,80,90,90,90,90,90,90,90,90,90],"card_choices":[{"not_picked":["Body Slam","Pommel Strike"],"picked":"Inflame","floor":1.0},{"not_picked":["Thunderclap","Run Through"],"picked":"Pommel Strike","floor":3.0},{"not_picked":["Cleave","ReplayTheSpireMod:Strike From Hell"],"picked":"Twin Strike","floor":5.0},{"not_picked":["Evolve","Reckless Charge"],"picked":"Dropkick","floor":8.0},{"not_picked":["Clash","Disarm"],"picked":"Dual Wield","floor":10.0},{"not_picked":["ReplayTheSpireMod:Strike From Hell","Evolve","True Grit"],"picked":"SKIP","floor":12},{"not_picked":["ReplayReversal","Battle Trance"],"picked":"ReplayTheSpireMod:Corrosion Curse","floor":13},{"not_picked":["Dropkick","Twin Strike"],"picked":"Bloodletting","floor":14}],"player_experience":149601,"relics_obtained":[{"floor":3.0,"key":"Replay:WaspNest"},{"floor":9.0,"key":"Pear"},{"floor":10.0,"key":"Unceasing Top"},{"floor":13,"key":"MawBank"}],"event_choices":[],"is_beta":false,"boss_relics":[],"items_purged_floors":[],"is_endless":false,"potions_floor_spawned":[1,8,14],"killed_by":"Hallownest:BossFalseKnight","ascension_level":1}}