{"host":"kw4o7b3ro2ktmmbe","time":1608939209,"event":{"mods":["BaseMod","Evolution","Minty Spire (QoL Compilation)","Robot Space Explorer","StSLib","Treasure Hunter"],"gold_per_floor":[131,131,58,58,58,94,118,151,175,206,206,244,267,290,290,415,415,440,456,19,19,19,19,19],"floor_reached":23,"playtime":2653,"items_purged":[],"score":271,"play_id":"818c099b-2657-4abe-af67-dd9f496e0671","local_time":"20201226123329","is_ascension_mode":true,"campfire_choices":[{"floor":11,"key":"REST"},{"floor":15,"key":"REST"}],"circlet_count":0,"master_deck":["RobotSpaceExplorer:SurgingStrike+1","RobotSpaceExplorer:SurgingStrike","RobotSpaceExplorer:SurgingStrike","RobotSpaceExplorer:Strike+1","RobotSpaceExplorer:Defend+1","RobotSpaceExplorer:Defend+1","RobotSpaceExplorer:Defend+1","RobotSpaceExplorer:Defend+1","RobotSpaceExplorer:Scan","RobotSpaceExplorer:MiniLasers+1","RobotSpaceExplorer:PowerCollector","RobotSpaceExplorer:PowerCollector","TH:ArmorSpikes","RobotSpaceExplorer:DoubleBlock","RobotSpaceExplorer:JunkDive","TH:CursedSword","RobotSpaceExplorer:ShockMissile","TH:TreasureMap","TH:BikiniMail","RobotSpaceExplorer:Pulsar","TH:Mimic","RobotSpaceExplorer:Discharger","RobotSpaceExplorer:SelfCleaning","TH:ElvenBoots","RobotSpaceExplorer:Multitool","RobotSpaceExplorer:Discharger+1","RobotSpaceExplorer:LuckyStrike+1"],"relics":["EVO:Axolotl","Philosopher\u0027s Stone","Golden Idol","Nunchaku","Bottled Tornado","Centennial Puzzle","The Courier","TH:Strongbox","Black Star","OrangePellets","Shovel"],"acts_visited":["Exordium","TheCity"],"potions_floor_usage":[8,12,14,18,20,23],"damage_taken":[{"damage":0,"enemies":"Small Slimes","floor":1,"turns":3},{"damage":20,"enemies":"Lagavulin","floor":6,"turns":8},{"damage":0,"enemies":"Cultist","floor":7,"turns":3},{"damage":7,"enemies":"Gremlin Nob","floor":8,"turns":4},{"damage":10,"enemies":"3 Sentries","floor":10,"turns":8},{"damage":13,"enemies":"Lagavulin","floor":12,"turns":6},{"damage":8,"enemies":"Jaw Worm","floor":13,"turns":3},{"damage":1,"enemies":"Blue Slaver","floor":14,"turns":2},{"damage":3,"enemies":"Slime Boss","floor":16,"turns":7},{"damage":18,"enemies":"3 Byrds","floor":18,"turns":5},{"damage":32,"enemies":"Spheric Guardian","floor":19,"turns":5},{"damage":19,"enemies":"Gremlin Leader","floor":23,"turns":4}],"seed_played":"-8634903779597272611","potions_obtained":[{"floor":6,"key":"RobotSpaceExplorer:RecyclePotion"},{"floor":10,"key":"LiquidMemories"},{"floor":12,"key":"RobotSpaceExplorer:LiquidFusion"},{"floor":14,"key":"PowerPotion"},{"floor":19,"key":"AttackPotion"}],"is_trial":false,"path_per_floor":["M","?","$","?","?","E","M","E","T","E","R","E","M","M","R","B",null,"M","M","$","?","?","E"],"character_chosen":"RobotSpaceExplorer","items_purchased":["RobotSpaceExplorer:PowerCollector","OrangePellets","Shovel","Fruit Juice"],"campfire_rested":2,"item_purchase_floors":[3,20,20,20],"current_hp_per_floor":[75,60,60,42,42,22,22,15,15,5,27,14,6,5,27,24,62,44,12,17,17,17,0,0],"gold":19,"neow_bonus":"BOSS_RELIC","is_daily":false,"chose_seed":false,"campfire_upgraded":0,"win_rate":0.0,"timestamp":1608939209,"path_taken":["M","?","$","?","?","E","M","E","T","E","R","E","M","M","R","BOSS","M","M","?","?","?","E"],"items_purchased_type":["Card","Relic","Relic","Potion"],"build_version":"2020-12-22","purchased_purges":0,"victory":false,"max_hp_per_floor":[75,75,75,75,75,75,75,75,75,75,75,75,75,75,75,75,75,75,75,80,80,80,80,80],"card_choices":[{"not_picked":["RobotSpaceExplorer:FranticSearch","RobotSpaceExplorer:ShovelStrike"],"picked":"RobotSpaceExplorer:PowerCollector","floor":1},{"not_picked":["TH:CopperCoins"],"picked":"TH:ArmorSpikes","floor":6},{"not_picked":["RobotSpaceExplorer:FranticSearch","RobotSpaceExplorer:ImprovisedAttack"],"picked":"RobotSpaceExplorer:DoubleBlock","floor":6},{"not_picked":["RobotSpaceExplorer:SurgingStrike","RobotSpaceExplorer:MakeshiftVolley"],"picked":"RobotSpaceExplorer:JunkDive","floor":7},{"not_picked":["TH:PixieDust"],"picked":"TH:CursedSword","floor":8},{"not_picked":["RobotSpaceExplorer:ScrapMissile","RobotSpaceExplorer:Jetpack"],"picked":"RobotSpaceExplorer:ShockMissile","floor":8},{"not_picked":["TH:ArmorSpikes"],"picked":"TH:TreasureMap","floor":9},{"not_picked":["TH:ArmorSpikes"],"picked":"TH:BikiniMail","floor":10},{"not_picked":["RobotSpaceExplorer:SlimeMissile","RobotSpaceExplorer:ScrapMissile"],"picked":"RobotSpaceExplorer:Pulsar","floor":10},{"not_picked":["TH:PixieDust"],"picked":"TH:Mimic","floor":12},{"not_picked":["RobotSpaceExplorer:Ammunition","RobotSpaceExplorer:PowerGlove"],"picked":"RobotSpaceExplorer:Discharger","floor":12},{"not_picked":["RobotSpaceExplorer:SlimeMissile","RobotSpaceExplorer:ShockKick","RobotSpaceExplorer:Probe"],"picked":"SKIP","floor":13},{"not_picked":["RobotSpaceExplorer:ScrapMissile","RobotSpaceExplorer:StunGrenade"],"picked":"RobotSpaceExplorer:SelfCleaning","floor":14},{"not_picked":["TH:CursedSword"],"picked":"TH:ElvenBoots","floor":16},{"not_picked":["RobotSpaceExplorer:Scanner","RobotSpaceExplorer:Explosion"],"picked":"RobotSpaceExplorer:Multitool","floor":16},{"not_picked":["RobotSpaceExplorer:TurboDodge","RobotSpaceExplorer:ShovelStrike+1"],"picked":"RobotSpaceExplorer:Discharger+1","floor":18},{"not_picked":["RobotSpaceExplorer:ScrapMissile+1","RobotSpaceExplorer:ShovelStrike"],"picked":"RobotSpaceExplorer:LuckyStrike+1","floor":19}],"player_experience":1798204,"relics_obtained":[{"floor":6,"key":"Nunchaku"},{"floor":8,"key":"Bottled Tornado"},{"floor":9,"key":"Centennial Puzzle"},{"floor":10,"key":"The Courier"},{"floor":12,"key":"TH:Strongbox"}],"event_choices":[{"damage_healed":0,"gold_gain":0,"player_choice":"Entered Light","damage_taken":15,"max_hp_gain":0,"max_hp_loss":0,"event_name":"Shining Light","floor":2,"gold_loss":0,"cards_upgraded":["RobotSpaceExplorer:MiniLasers","RobotSpaceExplorer:Defend"]},{"damage_healed":0,"gold_gain":0,"player_choice":"Take Damage","damage_taken":18,"relics_obtained":["Golden Idol"],"max_hp_gain":0,"max_hp_loss":0,"event_name":"Golden Idol","floor":4,"gold_loss":0},{"damage_healed":0,"gold_gain":0,"player_choice":"Upgraded","damage_taken":0,"max_hp_gain":0,"max_hp_loss":0,"event_name":"Upgrade Shrine","floor":5,"gold_loss":0,"cards_upgraded":["RobotSpaceExplorer:SurgingStrike"]},{"damage_healed":0,"gold_gain":0,"player_choice":"Ignored","damage_taken":0,"max_hp_gain":0,"max_hp_loss":0,"event_name":"Vampires","floor":21,"gold_loss":0},{"damage_healed":0,"gold_gain":0,"player_choice":"Simplicity","damage_taken":0,"max_hp_gain":0,"max_hp_loss":0,"event_name":"Back to Basics","floor":22,"gold_loss":0,"cards_upgraded":["RobotSpaceExplorer:Strike","RobotSpaceExplorer:Defend","RobotSpaceExplorer:Defend","RobotSpaceExplorer:Defend"]}],"is_beta":false,"boss_relics":[{"not_picked":["Astrolabe","Calling Bell"],"picked":"Black Star"}],"items_purged_floors":[],"is_endless":false,"potions_floor_spawned":[6,10,12,14,19],"killed_by":"Gremlin Leader","ascension_level":5}}