{"host":"a1eatafr7pisesky","time":1608917269,"event":{"mods":["BaseMod","Colored Map","DeckTracker","Highlight Path","Keyboard Shortcuts","Minty Spire (QoL Compilation)","Permanent Neow","Random Character Button","StSLib","SuperFastMode"],"gold_per_floor":[113,129,140,315,160,160,175,208,262,295,295,314,56,67,67,162,162,181,193,14,30,30,30,30,45,45,59,72,72,87,106,106,206,206,222,242,261,276,276,304,304,304,304],"floor_reached":42,"playtime":1026,"items_purged":["Doubt","Strike_B"],"score":770,"play_id":"39817b93-9e0a-479a-997e-6a5cdd0d2fc8","local_time":"20201226022749","is_ascension_mode":true,"campfire_choices":[{"data":"Zap","floor":6.0,"key":"SMITH"},{"floor":11.0,"key":"REST"},{"floor":15.0,"key":"REST"},{"data":"Heatsinks","floor":23.0,"key":"SMITH"},{"data":"Ghostly","floor":32.0,"key":"SMITH"}],"circlet_count":0,"master_deck":["Strike_B","Defend_B","Defend_B","Defend_B","Zap+1","Dualcast","Ball Lightning","Sunder","Defragment","Lockon","Capacitor","Conserve Battery","Ball Lightning","Genetic Algorithm","Machine Learning","Turbo","White Noise+1","Heatsinks+1","Leap","Ghostly+1","Ghostly","Ghostly","Ghostly","Ghostly","Cold Snap+1","Storm+1","Loop+1","Storm+1","Thunder Strike","Parasite","Barrage+1","Buffer"],"relics":["Cracked Core","Blue Candle","Regal Pillow","Blood Vial","Mummified Hand","Inserter","Meat on the Bone","Turnip","Empty Cage","Orichalcum"],"acts_visited":["Exordium","TheCity","TheBeyond"],"potions_floor_usage":[42],"damage_taken":[{"damage":0.0,"enemies":"Small Slimes","floor":1.0,"turns":3.0},{"damage":12.0,"enemies":"Jaw Worm","floor":2.0,"turns":2.0},{"damage":1.0,"enemies":"Cultist","floor":3.0,"turns":3.0},{"damage":2.0,"enemies":"3 Louse","floor":7.0,"turns":3.0},{"damage":34.0,"enemies":"Gremlin Nob","floor":8.0,"turns":4.0},{"damage":15.0,"enemies":"3 Sentries","floor":10.0,"turns":5.0},{"damage":1.0,"enemies":"Blue Slaver","floor":12.0,"turns":3.0},{"damage":11.0,"enemies":"Looter","floor":14.0,"turns":2.0},{"damage":40.0,"enemies":"The Guardian","floor":16.0,"turns":9.0},{"damage":20.0,"enemies":"Shell Parasite","floor":18.0,"turns":4.0},{"damage":0.0,"enemies":"Chosen","floor":19.0,"turns":4.0},{"damage":24.0,"enemies":"Snake Plant","floor":21.0,"turns":4.0},{"damage":20.0,"enemies":"Cultist and Chosen","floor":25.0,"turns":7.0},{"damage":9.0,"enemies":"Snecko","floor":27.0,"turns":5.0},{"damage":9.0,"enemies":"Shelled Parasite and Fungi","floor":28.0,"turns":5.0},{"damage":1.0,"enemies":"Cultist and Chosen","floor":30.0,"turns":6.0},{"damage":0.0,"enemies":"3 Cultists","floor":31.0,"turns":6.0},{"damage":18.0,"enemies":"Collector","floor":33.0,"turns":4.0},{"damage":1.0,"enemies":"Orb Walker","floor":35.0,"turns":3.0},{"damage":6.0,"enemies":"3 Shapes","floor":36.0,"turns":3.0},{"damage":0.0,"enemies":"Spire Growth","floor":37.0,"turns":3.0},{"damage":0.0,"enemies":"Writhing Mass","floor":38.0,"turns":5.0},{"damage":2,"enemies":"Reptomancer","floor":40,"turns":6},{"damage":29,"enemies":"2 Orb Walkers","floor":42,"turns":4}],"seed_played":"1216259762545059929","potions_obtained":[{"floor":2.0,"key":"Weak Potion"},{"floor":7.0,"key":"Energy Potion"},{"floor":8.0,"key":"PowerPotion"},{"floor":16.0,"key":"DistilledChaos"},{"floor":18.0,"key":"ColorlessPotion"},{"floor":27.0,"key":"SpeedPotion"},{"floor":28.0,"key":"GamblersBrew"}],"is_trial":false,"path_per_floor":["M","M","M","?","$","R","M","E","T","E","R","M","$","M","R","B",null,"M","M","$","M","?","R","?","M","T","M","M","?","M","M","R","B",null,"M","M","M","M","?","E","?","?"],"character_chosen":"DEFECT","items_purchased":["Defragment","Mummified Hand","Heatsinks"],"campfire_rested":2,"item_purchase_floors":[5,13,20],"current_hp_per_floor":[68,56,55,55,55,55,53,19,19,4,39,40,40,31,66,28,58,40,42,42,20,20,20,20,14,14,19,24,24,25,27,27,23,31,32,28,30,32,32,32,22,0,0],"gold":304,"neow_bonus":"THREE_RARE_CARDS","is_daily":false,"chose_seed":false,"campfire_upgraded":3,"win_rate":0.0,"timestamp":1608917269,"path_taken":["M","M","M","?","$","R","M","E","T","E","R","M","$","M","R","BOSS","M","M","$","M","?","R","?","?","T","M","M","?","M","M","R","BOSS","M","M","M","M","?","E","?","?"],"items_purchased_type":["Card","Relic","Card"],"build_version":"2020-12-22","purchased_purges":2,"victory":false,"max_hp_per_floor":[68,68,68,68,68,68,68,68,68,68,68,68,68,68,68,68,68,68,68,68,68,34,34,34,34,34,34,34,34,34,34,34,34,34,34,34,34,34,34,34,34,34,34],"card_choices":[{"not_picked":["Fission","Buffer"],"picked":"Echo Form","floor":0.0},{"not_picked":["Coolheaded","Go for the Eyes"],"picked":"Ball Lightning","floor":1.0},{"not_picked":["Doom and Gloom","Fusion"],"picked":"Sunder","floor":2.0},{"not_picked":["Gash","Sunder","Streamline"],"picked":"SKIP","floor":3.0},{"not_picked":["Doom and Gloom","Beam Cell"],"picked":"Lockon","floor":7.0},{"not_picked":["All For One","Loop"],"picked":"Capacitor","floor":8.0},{"not_picked":["Go for the Eyes","Melter"],"picked":"Conserve Battery","floor":10.0},{"not_picked":["Tempest","Compile Driver"],"picked":"Ball Lightning","floor":12.0},{"not_picked":["Beam Cell","Barrage"],"picked":"Genetic Algorithm","floor":14.0},{"not_picked":["Biased Cognition","Seek"],"picked":"Machine Learning","floor":16.0},{"not_picked":["Redo+1","Rebound"],"picked":"Turbo","floor":18.0},{"not_picked":["Loop","Gash+1"],"picked":"White Noise+1","floor":19.0},{"not_picked":["Turbo","Blizzard"],"picked":"Leap","floor":21.0},{"not_picked":["Go for the Eyes","Genetic Algorithm"],"picked":"Cold Snap+1","floor":25.0},{"not_picked":["Rebound+1","Multi-Cast","Ball Lightning"],"picked":"SKIP","floor":27.0},{"not_picked":["Capacitor+1","Leap"],"picked":"Storm+1","floor":28.0},{"not_picked":["Ball Lightning","Coolheaded"],"picked":"Loop+1","floor":30.0},{"not_picked":["Gash","Auto Shields"],"picked":"Storm+1","floor":31.0},{"not_picked":["Meteor Strike","Amplify"],"picked":"Thunder Strike","floor":33.0},{"not_picked":["Turbo+1","Cold Snap+1","Glacier"],"picked":"SKIP","floor":35.0},{"not_picked":["Redo+1","Steam","Cold Snap+1"],"picked":"SKIP","floor":36.0},{"not_picked":["Gash+1","Auto Shields+1","Streamline+1"],"picked":"SKIP","floor":37.0},{"not_picked":["Gash","Conserve Battery+1"],"picked":"Barrage+1","floor":38},{"not_picked":["Double Energy+1","Gash+1"],"picked":"Buffer","floor":40}],"player_experience":247397,"relics_obtained":[{"floor":8.0,"key":"Blue Candle"},{"floor":9.0,"key":"Regal Pillow"},{"floor":10.0,"key":"Blood Vial"},{"floor":26.0,"key":"Turnip"},{"floor":40,"key":"Orichalcum"}],"event_choices":[{"damage_healed":0.0,"max_hp_gain":0.0,"max_hp_loss":0.0,"gold_gain":175.0,"event_name":"Liars Game","player_choice":"AGREE","floor":4.0,"gold_loss":0.0,"damage_taken":0.0,"cards_obtained":["Doubt"]},{"damage_healed":0.0,"max_hp_gain":0.0,"max_hp_loss":34.0,"gold_gain":0.0,"event_name":"Ghosts","player_choice":"Became a Ghost","floor":22.0,"gold_loss":0.0,"damage_taken":0.0,"cards_obtained":["Ghostly","Ghostly","Ghostly","Ghostly","Ghostly"]},{"damage_healed":0.0,"max_hp_gain":0.0,"max_hp_loss":0.0,"gold_gain":0.0,"event_name":"WeMeetAgain","player_choice":"Gave Potion","floor":24.0,"gold_loss":0.0,"damage_taken":0.0,"relics_obtained":["Meat on the Bone"]},{"damage_healed":0.0,"max_hp_gain":0.0,"max_hp_loss":0.0,"gold_gain":0.0,"event_name":"Vampires","player_choice":"Ignored","floor":29.0,"gold_loss":0.0,"damage_taken":0.0},{"cards_removed":["Strike_B"],"damage_healed":0,"gold_gain":0,"player_choice":"Removed Attack","damage_taken":0,"max_hp_gain":0,"max_hp_loss":0,"event_name":"Falling","floor":39,"gold_loss":0},{"damage_healed":0,"gold_gain":0,"player_choice":"Memory 3","damage_taken":10,"max_hp_gain":0,"max_hp_loss":0,"event_name":"SensoryStone","floor":41,"gold_loss":0},{"damage_healed":0,"gold_gain":0,"player_choice":"Fight","damage_taken":0,"max_hp_gain":0,"max_hp_loss":0,"event_name":"Mysterious Sphere","floor":42,"gold_loss":0}],"is_beta":false,"boss_relics":[{"not_picked":["Black Star","Philosopher\u0027s Stone"],"picked":"Inserter"},{"not_picked":["Sozu","Coffee Dripper"],"picked":"Empty Cage"}],"items_purged_floors":[5,20],"is_endless":false,"potions_floor_spawned":[2,7,8,16,18,27,28,30,36,40],"killed_by":"2 Orb Walkers","ascension_level":5}}