{"host":"sa7ebub27cgn5wai","time":1608911900,"event":{"mods":["BaseMod","Colored Map","Minty Spire (QoL Compilation)","SuperFastMode"],"gold_per_floor":[113,113,126,143,158,158,171,171,171,171,204,221,67,84,84,180,180,193,118,133,133,133,133,165,165,165,165,194,205,225,68,68,166,166,177,0,17,17,37,37,57,91,91,120,145,145,174,174,174,174,174],"floor_reached":50,"playtime":865,"items_purged":["Entrench"],"score":937,"play_id":"454b9a91-0805-48eb-aec3-2063eaff6eb6","local_time":"20201226005820","is_ascension_mode":true,"campfire_choices":[{"data":"Perfected Strike","floor":6,"key":"SMITH"},{"data":"Perfected Strike","floor":8,"key":"SMITH"},{"data":"Perfected Strike","floor":10,"key":"SMITH"},{"data":"Perfected Strike","floor":15,"key":"SMITH"},{"data":"1","floor":23,"key":"LIFT"},{"floor":25,"key":"REST"},{"floor":32,"key":"REST"},{"data":"Perfected Strike","floor":40,"key":"SMITH"},{"floor":46,"key":"REST"},{"floor":49,"key":"REST"}],"circlet_count":0,"master_deck":["AscendersBane","Strike_R","Strike_R","Strike_R","Strike_R","Defend_R","Defend_R","Defend_R","Defend_R","Bash","Perfected Strike+1","Perfected Strike+1","Hemokinesis","Perfected Strike+1","Whirlwind","Perfected Strike+1","Demon Form","Perfected Strike","Perfected Strike+1","Perfected Strike","Twin Strike","Battle Trance","Perfected Strike+1","Thunderclap+1","Finesse","Perfected Strike+1"],"relics":["Burning Blood","Gremlin Horn","Girya","Gambling Chip","Lee\u0027s Waffle","Sozu","MutagenicStrength","Lantern","Sundial","Lizard Tail","DollysMirror","SlaversCollar","Red Mask","Boot","Oddly Smooth Stone","White Beast Statue","Akabeko","Dream Catcher"],"acts_visited":["Exordium","TheCity","TheBeyond"],"potions_floor_usage":[11,20,20],"damage_taken":[{"damage":1,"enemies":"2 Louse","floor":1,"turns":3},{"damage":4,"enemies":"Jaw Worm","floor":3,"turns":4},{"damage":0,"enemies":"Small Slimes","floor":4,"turns":3},{"damage":18,"enemies":"Looter","floor":5,"turns":4},{"damage":15,"enemies":"Blue Slaver","floor":7,"turns":2},{"damage":22,"enemies":"Lagavulin","floor":11,"turns":3},{"damage":2,"enemies":"Large Slime","floor":12,"turns":3},{"damage":0,"enemies":"Exordium Wildlife","floor":14,"turns":1},{"damage":15,"enemies":"Slime Boss","floor":16,"turns":8},{"damage":0,"enemies":"Spheric Guardian","floor":18,"turns":2},{"damage":41,"enemies":"2 Thieves","floor":20,"turns":4},{"damage":39,"enemies":"Slavers","floor":24,"turns":5},{"damage":14,"enemies":"Book of Stabbing","floor":28,"turns":2},{"damage":4,"enemies":"Centurion and Healer","floor":29,"turns":2},{"damage":0,"enemies":"3 Cultists","floor":30,"turns":2},{"damage":56,"enemies":"Automaton","floor":33,"turns":5},{"damage":8,"enemies":"3 Shapes","floor":35,"turns":2},{"damage":0,"enemies":"Orb Walker","floor":37,"turns":1},{"damage":19,"enemies":"Spire Growth","floor":39,"turns":3},{"damage":2,"enemies":"Transient","floor":41,"turns":5},{"damage":19,"enemies":"Giant Head","floor":42,"turns":5},{"damage":36,"enemies":"Nemesis","floor":44,"turns":3},{"damage":35,"enemies":"Reptomancer","floor":47,"turns":3},{"damage":123,"enemies":"Time Eater","floor":50,"turns":6}],"seed_played":"8449733699401233329","potions_obtained":[{"floor":3,"key":"Energy Potion"},{"floor":11,"key":"EntropicBrew"},{"floor":12,"key":"Swift Potion"}],"is_trial":false,"path_per_floor":["M","?","M","M","M","R","M","R","T","R","E","M","$","M","R","B",null,"M","$","M","?","?","R","E","R","T","?","E","M","M","$","R","B",null,"M","?","M","?","M","R","M","E","T","E","T","R","E","?","R","B"],"character_chosen":"IRONCLAD","items_purchased":["Lee\u0027s Waffle","DollysMirror"],"campfire_rested":4,"item_purchase_floors":[13,31],"current_hp_per_floor":[77,74,76,80,68,68,59,59,59,59,43,47,87,87,87,78,85,87,87,52,52,52,52,19,45,45,45,37,39,45,45,71,21,71,69,69,75,75,62,62,66,53,53,23,23,49,20,20,46,0,0],"gold":174,"neow_bonus":"TRANSFORM_CARD","is_daily":false,"chose_seed":false,"campfire_upgraded":5,"win_rate":0.0,"timestamp":1608911900,"path_taken":["M","?","M","M","M","R","M","R","T","R","E","M","$","M","R","BOSS","M","$","M","?","?","R","E","R","T","?","E","M","M","$","R","BOSS","M","?","M","?","M","R","M","E","T","E","?","R","E","?","R","BOSS"],"items_purchased_type":["Relic","Relic"],"build_version":"2020-12-22","purchased_purges":1,"victory":false,"max_hp_per_floor":[80,80,80,80,80,80,80,80,80,80,80,80,87,87,87,87,87,87,87,87,87,87,87,87,87,87,87,87,87,87,87,87,87,87,87,87,87,87,87,87,87,87,87,87,87,87,87,87,87,87,87],"card_choices":[{"not_picked":["Pommel Strike","Heavy Blade"],"picked":"Perfected Strike","floor":1},{"not_picked":["Warcry","Dual Wield"],"picked":"Perfected Strike","floor":3},{"not_picked":["Flex","Berserk"],"picked":"Hemokinesis","floor":4},{"not_picked":["Feel No Pain","Iron Wave","Clothesline"],"picked":"SKIP","floor":5},{"not_picked":["Wild Strike","Rage"],"picked":"Perfected Strike","floor":7},{"not_picked":["Searing Blow","Armaments"],"picked":"Whirlwind","floor":11},{"not_picked":["Searing Blow","Reckless Charge"],"picked":"Perfected Strike","floor":12},{"not_picked":["Body Slam","Sword Boomerang","Second Wind"],"picked":"SKIP","floor":14},{"not_picked":["Exhume","Immolate"],"picked":"Demon Form","floor":16},{"not_picked":["Body Slam","Twin Strike"],"picked":"Perfected Strike","floor":18},{"not_picked":["Intimidate","Seeing Red+1"],"picked":"Perfected Strike+1","floor":20},{"not_picked":["Iron Wave","Anger"],"picked":"Perfected Strike","floor":24},{"not_picked":["Heavy Blade","Clash+1"],"picked":"Twin Strike","floor":28},{"not_picked":["Clothesline","Burning Pact"],"picked":"Battle Trance","floor":29},{"not_picked":["Spot Weakness","Heavy Blade+1","Warcry"],"picked":"SKIP","floor":30},{"not_picked":["Shrug It Off","Flex"],"picked":"Thunderclap+1","floor":35},{"not_picked":["True Grit","Evolve+1","Shrug It Off"],"picked":"SKIP","floor":37},{"not_picked":["Deep Breath","Dramatic Entrance"],"picked":"Finesse","floor":38},{"not_picked":["Armaments","Flex+1"],"picked":"Perfected Strike","floor":39},{"not_picked":["Iron Wave","Sentinel","Shrug It Off"],"picked":"SKIP","floor":41},{"not_picked":["Uppercut+1","Carnage","Pummel"],"picked":"SKIP","floor":42},{"not_picked":["Combust+1","Headbutt","Flex"],"picked":"SKIP","floor":44},{"not_picked":["Anger","Havoc","Wild Strike"],"picked":"SKIP","floor":47}],"player_experience":279702,"relics_obtained":[{"floor":9,"key":"Girya"},{"floor":11,"key":"Gambling Chip"},{"floor":24,"key":"Lantern"},{"floor":26,"key":"Sundial"},{"floor":28,"key":"Lizard Tail"},{"floor":42,"key":"Boot"},{"floor":43,"key":"Oddly Smooth Stone"},{"floor":44,"key":"White Beast Statue"},{"floor":45,"key":"Akabeko"},{"floor":47,"key":"Dream Catcher"}],"event_choices":[{"damage_healed":0,"gold_gain":0,"player_choice":"Success","damage_taken":3,"relics_obtained":["Gremlin Horn"],"max_hp_gain":0,"max_hp_loss":0,"event_name":"Scrap Ooze","floor":2,"gold_loss":0},{"damage_healed":0,"gold_gain":0,"player_choice":"Ignored","damage_taken":0,"max_hp_gain":0,"max_hp_loss":0,"event_name":"Beggar","floor":21,"gold_loss":0},{"damage_healed":0,"gold_gain":0,"player_choice":"Inject Mutagens","damage_taken":0,"relics_obtained":["MutagenicStrength"],"max_hp_gain":0,"max_hp_loss":0,"event_name":"Drug Dealer","floor":22,"gold_loss":0},{"damage_healed":0,"gold_gain":0,"player_choice":"Ignored","damage_taken":0,"max_hp_gain":0,"max_hp_loss":0,"event_name":"Ghosts","floor":27,"gold_loss":0},{"damage_healed":0,"gold_gain":0,"player_choice":"Paid","damage_taken":0,"relics_obtained":["Red Mask"],"max_hp_gain":0,"max_hp_loss":0,"event_name":"Tomb of Lord Red Mask","floor":36,"gold_loss":177},{"damage_healed":0,"gold_gain":0,"player_choice":"Memory 1","damage_taken":0,"max_hp_gain":0,"max_hp_loss":0,"event_name":"SensoryStone","floor":38,"gold_loss":0},{"damage_healed":0,"gold_gain":0,"player_choice":"Ignored","damage_taken":0,"max_hp_gain":0,"max_hp_loss":0,"event_name":"Mysterious Sphere","floor":48,"gold_loss":0}],"is_beta":false,"boss_relics":[{"not_picked":["Busted Crown","Runic Cube"],"picked":"Sozu"},{"not_picked":["Black Blood","Velvet Choker"],"picked":"SlaversCollar"}],"items_purged_floors":[19],"is_endless":false,"potions_floor_spawned":[3,11,12,16,18,30,35,41,44,47],"killed_by":"Time Eater","ascension_level":12}}