{"host":"msmkw03x1o7nq45i","time":1608916158,"event":{"mods":["BaseMod","Bestiary","Colored Powertips","GifTheSpireLib","Highlight Path","Minty Spire (QoL Compilation)","Random Character Button","StSLib","everything is the same but u backflip on backflip"],"gold_per_floor":[367,379,20,20,20,49,49,68,94,105,132,145,175,190,190,295,295,313,323,340,340,340,375,155,12,38,55,55,70,105,305,305,405,405,424,20,20,390,1389,1418,1428,1428,1428,1444,1460,1488,1505,1011,1011,1011],"floor_reached":51,"playtime":3476,"items_purged":["Defend_B","Defend_B","Defend_B"],"score":1219,"play_id":"484e6413-0d9c-4646-9b60-6c472c3eaab6","local_time":"20201225190918","is_ascension_mode":true,"campfire_choices":[{"data":"Sweeping Beam","floor":7,"key":"SMITH"},{"data":"Loop","floor":15,"key":"SMITH"},{"floor":28,"key":"REST"},{"floor":32,"key":"REST"},{"floor":42,"key":"REST"},{"floor":49,"key":"REST"}],"circlet_count":0,"master_deck":["Strike_B","Strike_B+1","Zap","Dualcast","Sweeping Beam+1","Lockon+1","Sunder+1","Genetic Algorithm","Doom and Gloom+1","Reboot","Cold Snap+1","Beam Cell+1","Loop+1","White Noise","Seek","Conserve Battery+1","Genetic Algorithm+1","Skim","Machine Learning+1","Biased Cognition+1","Blizzard+1","Biased Cognition+1","Core Surge+1","Blind","Good Instincts","Capacitor+1","Capacitor+1","Hologram+1","Cold Snap+1","Defragment+1","Aggregate","Glacier"],"relics":["Cracked Core","Molten Egg 2","Happy Flower","Strawberry","HornCleat","Fusion Hammer","Nloth\u0027s Gift","Frozen Egg 2","ClockworkSouvenir","Membership Card","Vajra","Omamori","Astrolabe","Meat on the Bone","Pocketwatch","Toolbox","Old Coin","Nunchaku","Singing Bowl","Mummified Hand","TungstenRod","Bronze Scales","Runic Capacitor"],"acts_visited":["Exordium","TheCity","TheBeyond"],"potions_floor_usage":[6,11,16,33],"damage_taken":[{"damage":1,"enemies":"2 Louse","floor":1,"turns":3},{"damage":0,"enemies":"Cultist","floor":2,"turns":4},{"damage":20,"enemies":"3 Sentries","floor":6,"turns":3},{"damage":5,"enemies":"Small Slimes","floor":8,"turns":3},{"damage":9,"enemies":"Exordium Thugs","floor":10,"turns":5},{"damage":24,"enemies":"Lagavulin","floor":11,"turns":4},{"damage":0,"enemies":"Blue Slaver","floor":12,"turns":3},{"damage":0,"enemies":"Gremlin Nob","floor":13,"turns":3},{"damage":0,"enemies":"Large Slime","floor":14,"turns":3},{"damage":10,"enemies":"Slime Boss","floor":16,"turns":6},{"damage":0,"enemies":"Shell Parasite","floor":18,"turns":3},{"damage":8,"enemies":"3 Byrds","floor":19,"turns":4},{"damage":11,"enemies":"Centurion and Healer","floor":20,"turns":4},{"damage":4,"enemies":"Gremlin Leader","floor":23,"turns":6},{"damage":6,"enemies":"Cultist and Chosen","floor":27,"turns":4},{"damage":2,"enemies":"Shelled Parasite and Fungi","floor":29,"turns":5},{"damage":0,"enemies":"Slavers","floor":30,"turns":4},{"damage":16,"enemies":"Collector","floor":33,"turns":8},{"damage":0,"enemies":"Orb Walker","floor":35,"turns":3},{"damage":13,"enemies":"2 Orb Walkers","floor":38,"turns":5},{"damage":0,"enemies":"Giant Head","floor":40,"turns":5},{"damage":7,"enemies":"3 Darklings","floor":41,"turns":4},{"damage":4,"enemies":"Jaw Worm Horde","floor":44,"turns":4},{"damage":8,"enemies":"Sphere and 2 Shapes","floor":45,"turns":4},{"damage":15,"enemies":"Nemesis","floor":46,"turns":5},{"damage":12,"enemies":"4 Shapes","floor":47,"turns":3},{"damage":6,"enemies":"Time Eater","floor":50,"turns":8}],"seed_played":"-6683526223757662990","potions_obtained":[{"floor":1,"key":"ColorlessPotion"},{"floor":2,"key":"Dexterity Potion"},{"floor":5,"key":"FairyPotion"},{"floor":8,"key":"Strength Potion"},{"floor":12,"key":"FearPotion"},{"floor":16,"key":"Block Potion"},{"floor":19,"key":"LiquidBronze"},{"floor":23,"key":"DistilledChaos"},{"floor":40,"key":"FairyPotion"}],"is_trial":false,"path_per_floor":["M","M","$","?","?","E","R","M","T","M","E","M","E","M","R","B",null,"M","M","M","$","?","E","$","$","T","M","R","M","E","?","R","B",null,"M","$","?","?","?","E","M","R","T","M","M","E","M","$","R","B",null],"character_chosen":"DEFECT","items_purchased":["Molten Egg 2","Sunder+1","Genetic Algorithm","ClockworkSouvenir","Membership Card","Meat on the Bone","Pocketwatch","Toolbox","Defragment+1","Aggregate","Glacier","TungstenRod","Bronze Scales","Runic Capacitor","ColorlessPotion"],"campfire_rested":4,"item_purchase_floors":[3,3,3,24,25,36,36,36,48,48,48,48,48,48,48],"current_hp_per_floor":[49,49,49,34,34,14,14,9,16,7,24,24,24,24,24,14,65,65,57,46,46,46,42,42,42,42,36,60,58,58,58,82,66,78,78,78,68,55,55,55,48,72,72,70,62,47,47,47,72,66],"gold":1011,"neow_bonus":"TWO_FIFTY_GOLD","is_daily":false,"chose_seed":false,"campfire_upgraded":2,"win_rate":0.0,"timestamp":1608916158,"path_taken":["M","M","$","?","?","E","R","M","T","?","E","?","E","M","R","BOSS","M","M","M","$","?","E","?","$","T","M","R","M","E","?","R","BOSS","M","$","?","?","?","E","M","R","T","M","M","E","M","$","R","BOSS"],"items_purchased_type":["Relic","Card","Card","Relic","Relic","Relic","Relic","Relic","Card","Card","Card","Relic","Relic","Relic","Potion"],"build_version":"2020-12-22","purchased_purges":3,"victory":true,"max_hp_per_floor":[75,75,75,75,75,75,75,75,82,82,82,82,82,82,82,82,82,82,82,82,82,82,82,82,82,82,82,82,82,82,82,82,82,82,82,82,82,82,82,82,82,82,82,84,84,84,84,84,84,84],"card_choices":[{"not_picked":["Coolheaded","Static Discharge"],"picked":"Sweeping Beam","floor":1},{"not_picked":["Coolheaded","Blizzard"],"picked":"Lockon","floor":2},{"not_picked":["Conserve Battery","Redo","Compile Driver+1"],"picked":"SKIP","floor":6},{"not_picked":["Compile Driver+1","Streamline+1"],"picked":"Doom and Gloom+1","floor":8},{"not_picked":["Sweeping Beam+1","Steam"],"picked":"Reboot","floor":10},{"not_picked":["Gash+1","BootSequence"],"picked":"Cold Snap+1","floor":11},{"not_picked":["Static Discharge","Turbo"],"picked":"Beam Cell+1","floor":12},{"not_picked":["Stack","Cold Snap+1"],"picked":"Loop","floor":13},{"not_picked":["Barrage+1","Auto Shields"],"picked":"White Noise","floor":14},{"not_picked":["Core Surge+1","Machine Learning"],"picked":"Seek","floor":16},{"not_picked":["Hello World","Redo"],"picked":"Conserve Battery+1","floor":18},{"not_picked":["Steam","Chill+1"],"picked":"Genetic Algorithm+1","floor":19},{"not_picked":["Streamline+1","Undo","Thunder Strike+1"],"picked":"SKIP","floor":20},{"not_picked":["Storm+1","Multi-Cast","Reinforced Body"],"picked":"SKIP","floor":23},{"not_picked":["Cold Snap+1","Leap"],"picked":"Skim","floor":27},{"not_picked":["Static Discharge+1","Conserve Battery+1","Cold Snap+1"],"picked":"SKIP","floor":29},{"not_picked":["Scrape+1","Fission"],"picked":"Machine Learning+1","floor":30},{"not_picked":["Thunder Strike+1","Rainbow"],"picked":"Biased Cognition+1","floor":33},{"not_picked":["Conserve Battery","Barrage+1","Reprogram"],"picked":"SKIP","floor":35},{"not_picked":["Discovery","Violence"],"picked":"Blind","floor":37},{"not_picked":["Mind Blast+1","Blind"],"picked":"Good Instincts","floor":37},{"not_picked":["Hologram","Stack+1"],"picked":"Capacitor+1","floor":40},{"not_picked":["Melter+1","Recycle","All For One+1"],"picked":"SKIP","floor":41},{"not_picked":["Leap+1","Conserve Battery+1","Fission"],"picked":"Singing Bowl","floor":44},{"not_picked":["Conserve Battery","Static Discharge+1"],"picked":"Capacitor+1","floor":45},{"not_picked":["BootSequence+1","Reprogram"],"picked":"Hologram+1","floor":46},{"not_picked":["Beam Cell+1","Recycle+1"],"picked":"Cold Snap+1","floor":47}],"player_experience":317944,"relics_obtained":[{"floor":6,"key":"Happy Flower"},{"floor":9,"key":"Strawberry"},{"floor":11,"key":"HornCleat"},{"floor":13,"key":"Boot"},{"floor":23,"key":"Frozen Egg 2"},{"floor":26,"key":"Vajra"},{"floor":30,"key":"Omamori"},{"floor":38,"key":"Old Coin"},{"floor":40,"key":"Nunchaku"},{"floor":43,"key":"Singing Bowl"},{"floor":46,"key":"Mummified Hand"}],"event_choices":[{"damage_healed":0,"gold_gain":0,"player_choice":"Entered Light","damage_taken":15,"max_hp_gain":0,"max_hp_loss":0,"event_name":"Shining Light","floor":4,"gold_loss":0,"cards_upgraded":["Strike_B","Lockon"]},{"damage_healed":0,"gold_gain":0,"player_choice":"Got Potions","damage_taken":0,"max_hp_gain":0,"max_hp_loss":0,"event_name":"Lab","floor":5,"gold_loss":0},{"damage_healed":0,"gold_gain":0,"player_choice":"Traded Relic","damage_taken":0,"relics_obtained":["Nloth\u0027s Gift"],"max_hp_gain":0,"max_hp_loss":0,"event_name":"N\u0027loth","floor":22,"relics_lost":["Boot"],"gold_loss":0},{"damage_healed":0,"gold_gain":200,"player_choice":"Gold","damage_taken":0,"max_hp_gain":0,"max_hp_loss":0,"event_name":"Wheel of Change","floor":31,"gold_loss":0},{"damage_healed":0,"gold_gain":0,"player_choice":"Memory 3","damage_taken":10,"max_hp_gain":0,"max_hp_loss":0,"event_name":"SensoryStone","floor":37,"gold_loss":0},{"damage_healed":0,"gold_gain":0,"player_choice":"Fight","damage_taken":0,"max_hp_gain":0,"max_hp_loss":0,"event_name":"Mysterious Sphere","floor":38,"gold_loss":0},{"damage_healed":0,"gold_gain":999,"player_choice":"Gold","damage_taken":0,"max_hp_gain":0,"max_hp_loss":0,"event_name":"MindBloom","floor":39,"gold_loss":0,"cards_obtained":["Normality","Normality"]}],"is_beta":false,"boss_relics":[{"not_picked":["Inserter","Black Star"],"picked":"Fusion Hammer"},{"not_picked":["Snecko Eye","SlaversCollar"],"picked":"Astrolabe"}],"items_purged_floors":[24,36,48],"is_endless":false,"potions_floor_spawned":[1,2,8,12,16,19,23,29,30,40,41],"ascension_level":8}}