{"host":"cz3p2o9n3b1gdmkz","time":1608895533,"event":{"mods":["AchievementEnabler","BaseMod","CapriCore","GungeonMod","Hermit","Lobotomy","Minty Spire (QoL Compilation)","Replay The Spire","Shop Mod","StSLib","SuperFastMode","The Cursed","The Dragon Tamer","The Gatherer","The Jungle","The Poker Player","The Runesmith"],"gold_per_floor":[115,125,125,125,142,175,141,141,212,106,106,139,139,64,64,167,167,184,198,198,198,217,217,250,266,291,291,309,309,309,309,309,414,414,427,101,167,217,232,232,206,356,356,356,366,381,381,448,448,448,448],"floor_reached":52,"playtime":1932,"items_purged":["Gatherer:Strike_Gatherer","Gatherer:Defend_Gatherer"],"score":736,"play_id":"0b1b16b8-7b63-4a07-abb1-202ba9953e29","local_time":"20201225202533","is_ascension_mode":true,"metric_token":1117,"campfire_choices":[{"data":"Gatherer:FlowerWhip+2","floor":8.0,"key":"SMITH"},{"data":"Gatherer:FlowerShield","floor":11.0,"key":"SMITH"},{"data":"Gatherer:FlowerShield+1","floor":13.0,"key":"SMITH"},{"data":"Gatherer:FlowerShield+2","floor":15.0,"key":"SMITH"},{"data":"Gatherer:FlowerFalling","floor":23.0,"key":"SMITH"},{"data":"Gatherer:FlowerPower+1","floor":29.0,"key":"SMITH"},{"data":"Gatherer:FlowerPower+1","floor":32.0,"key":"SMITH"},{"data":"Gatherer:Photoscythe","floor":40.0,"key":"SMITH"},{"data":"Gatherer:FlowerBeam","floor":44,"key":"SMITH"},{"data":"Gatherer:FlowerBeam+1","floor":47,"key":"SMITH"},{"data":"Gatherer:FlowerFalling+1","floor":49,"key":"SMITH"}],"circlet_count":0,"master_deck":["Gatherer:Strike_Gatherer","Gatherer:Strike_Gatherer","Gatherer:Strike_Gatherer","Gatherer:Defend_Gatherer","Gatherer:Defend_Gatherer","Gatherer:Defend_Gatherer","Gatherer:Centralize","Gatherer:FlowerWhip+3","Gatherer:ScherryThrow+1","Gatherer:QuickSynthesis","Gatherer:ScherryThrow","Gatherer:Nutrients","Gatherer:FruitForce","Gatherer:FlowerShield+3","Gatherer:ScherryThrow","Gatherer:Photoscythe+1","Gatherer:FlowerPower+2","Gatherer:Nutrients","Gatherer:FlowerFalling+2","Gatherer:FlowerPower+2","Gatherer:VenomBarrier","Gatherer:LuckyClover","Gatherer:TacticalStrike+1","Gatherer:FruitForce","Gatherer:EnergyBasket+1","Gatherer:FlowerBeam+2","Gatherer:FlowerFalling+2","Gatherer:Duplicator+1"],"relics":["Gatherer:AlchemyBag","Replay:Mystery Machine","Garlic","Lantern","DemoMod:BlueGuonStone","Incense Burner","Ring of Searing","Kunai","Nunchaku","SsserpentHead","Cursed Key","Whetstone"],"acts_visited":["Exordium","TheCity","TheBeyond"],"potions_floor_usage":[50],"damage_taken":[{"damage":2.0,"enemies":"Jaw Worm","floor":1.0,"turns":3.0},{"damage":0.0,"enemies":"Cultist","floor":2.0,"turns":3.0},{"damage":0.0,"enemies":"2 Louse","floor":5.0,"turns":2.0},{"damage":28.0,"enemies":"Gremlin Nob","floor":6.0,"turns":4.0},{"damage":0.0,"enemies":"Replay:BlueRogue","floor":12.0,"turns":6.0},{"damage":13.0,"enemies":"Hexaghost","floor":16.0,"turns":16.0},{"damage":6.0,"enemies":"2 Thieves","floor":18.0,"turns":5.0},{"damage":0.0,"enemies":"Spheric Guardian","floor":19.0,"turns":5.0},{"damage":3.0,"enemies":"Chosen and Byrds","floor":22.0,"turns":6.0},{"damage":0.0,"enemies":"Replay:Snechameleon","floor":24.0,"turns":5.0},{"damage":7.0,"enemies":"3 Cultists","floor":25.0,"turns":4.0},{"damage":0.0,"enemies":"Snake Plant","floor":28.0,"turns":3.0},{"damage":14.0,"enemies":"Automaton","floor":33.0,"turns":8.0},{"damage":11.0,"enemies":"3 Shapes","floor":35.0,"turns":4.0},{"damage":10.0,"enemies":"Orb Walker","floor":37.0,"turns":3.0},{"damage":5.0,"enemies":"Transient","floor":39.0,"turns":5.0},{"damage":11,"enemies":"4 Shapes","floor":45,"turns":3},{"damage":10,"enemies":"Sphere and 2 Shapes","floor":46,"turns":4},{"damage":8,"enemies":"Spire Growth","floor":48,"turns":3},{"damage":15,"enemies":"Replay:Hell Engine","floor":50,"turns":6}],"seed_played":"328681125667770815","potions_obtained":[{"floor":2.0,"key":"BloodPotion"},{"floor":6.0,"key":"Doom Potion"},{"floor":24.0,"key":"Fire Potion"},{"floor":25.0,"key":"DemoMod:LeadSkinPotion"},{"floor":28.0,"key":"BloodPotion"}],"is_trial":false,"path_per_floor":["M","M","?","T","M","E","$","R","T","$","R","E","R","$","R","B",null,"M","M","?","?","M","R","E","M","T","?","M","R","?","?","R","B",null,"M","$","M","?","M","R","$","?","T","R","M","M","R","M","R","B",null,null],"character_chosen":"THE_GATHERER","items_purchased":["Gatherer:Nutrients","Gatherer:FruitForce","Gatherer:FlowerShield","Gatherer:FruitForce","Whetstone","Gatherer:FlowerBeam"],"campfire_rested":0,"item_purchase_floors":[7,10,10,36,36,41],"current_hp_per_floor":[70,70,63,63,63,35,35,35,35,39,39,39,39,39,39,26,76,70,70,70,56,53,53,57,50,50,50,50,50,50,50,50,36,81,70,74,68,68,63,63,63,63,63,63,56,50,50,42,42,35,35],"gold":448,"neow_bonus":"UPGRADE_CARD","is_daily":false,"chose_seed":false,"campfire_upgraded":11,"win_rate":0.0,"timestamp":1608895533,"path_taken":["M","M","?","?","?","E","$","R","T","?","R","E","R","$","R","BOSS","M","M","?","?","M","R","E","M","T","?","?","R","?","?","R","BOSS","M","$","?","?","M","R","?","?","T","R","M","M","R","?","R","BOSS"],"items_purchased_type":["Card","Card","Card","Card","Relic","Card"],"build_version":"2020-12-22","purchased_purges":2,"victory":true,"max_hp_per_floor":[72,72,72,72,72,72,72,72,72,76,76,76,76,76,76,76,76,76,76,76,81,81,81,81,81,81,81,81,81,81,81,81,81,81,81,85,85,85,85,85,85,85,85,85,85,85,85,85,85,85,85],"card_choices":[{"not_picked":["Gatherer:Snatch","Gatherer:SealedBomb"],"picked":"Gatherer:ScherryThrow","floor":1.0},{"not_picked":["Gatherer:FeelingFine","Gatherer:Snatch"],"picked":"Gatherer:QuickSynthesis","floor":2.0},{"not_picked":["Gatherer:Polymorphism","Gatherer:WoolGloves"],"picked":"Gatherer:ScherryThrow","floor":5.0},{"not_picked":["Gatherer:Liquidism","Gatherer:UpgradeBag","Gatherer:Polymorphism"],"picked":"SKIP","floor":6.0},{"not_picked":["Gatherer:WoolGloves","Gatherer:ScrollOfWall"],"picked":"Gatherer:ScherryThrow","floor":12.0},{"not_picked":["Gatherer:Examine","Gatherer:FlamingBottle"],"picked":"Gatherer:Photoscythe","floor":16.0},{"not_picked":["Gatherer:RottenStipe","Gatherer:AcidicSpray"],"picked":"Gatherer:FlowerPower","floor":18.0},{"not_picked":["Gatherer:BalancedGrowth","Gatherer:SaveValuables"],"picked":"Gatherer:Nutrients","floor":19.0},{"not_picked":["Gatherer:ScentOfRosmari","Gatherer:DrugPower+1"],"picked":"Gatherer:FlowerFalling","floor":22.0},{"not_picked":["Gatherer:RecoveryHerb","Gatherer:AromaProtection+1"],"picked":"Gatherer:FlowerPower+1","floor":24.0},{"not_picked":["Gatherer:ScherryThrow","Gatherer:AcidicSpray","Gatherer:TreeGrowth"],"picked":"SKIP","floor":25.0},{"not_picked":["Gatherer:FragileHammer","Gatherer:TacticalStrike"],"picked":"Gatherer:VenomBarrier","floor":28.0},{"not_picked":["Gatherer:GrowBook","Gatherer:FlamingBottle"],"picked":"Gatherer:LuckyClover","floor":33.0},{"not_picked":["Gatherer:CollectorsShot","Gatherer:Frenzy"],"picked":"Gatherer:TacticalStrike+1","floor":35.0},{"not_picked":["Gatherer:AlchemyTrial","Gatherer:ScentOfRosmari+1"],"picked":"Gatherer:EnergyBasket+1","floor":37.0},{"not_picked":["Gatherer:AcidicSpray","Gatherer:FragileHammer+1","Gatherer:RecoveryHerb"],"picked":"SKIP","floor":39.0},{"not_picked":["Gatherer:BambuSword","Gatherer:CarefulStrike+1","Gatherer:UpgradeBag+1"],"picked":"SKIP","floor":45},{"not_picked":["Gatherer:Convert+1","Gatherer:MiningStrike+1"],"picked":"Gatherer:FlowerFalling+1","floor":46},{"not_picked":["Gatherer:ScrollOfWall","Gatherer:Duplicator+1","Gatherer:FeelingFine+1"],"picked":"SKIP","floor":48},{"not_picked":["Gatherer:ScrollOfWall","Gatherer:FeelingFine+1"],"picked":"Gatherer:Duplicator+1","floor":48}],"player_experience":1016356,"relics_obtained":[{"floor":4.0,"key":"Garlic"},{"floor":6.0,"key":"Lantern"},{"floor":9.0,"key":"DemoMod:BlueGuonStone"},{"floor":12.0,"key":"Incense Burner"},{"floor":20.0,"key":"Ring of Searing"},{"floor":24.0,"key":"Kunai"},{"floor":26.0,"key":"Nunchaku"}],"event_choices":[{"damage_healed":0.0,"max_hp_gain":0.0,"max_hp_loss":0.0,"gold_gain":0.0,"event_name":"Scrap Ooze","player_choice":"Success","floor":3.0,"gold_loss":0.0,"damage_taken":7.0,"relics_obtained":["Replay:Mystery Machine"]},{"damage_healed":0.0,"max_hp_gain":5.0,"max_hp_loss":0.0,"gold_gain":0.0,"event_name":"Forgotten Altar","player_choice":"Shed Blood","floor":21.0,"gold_loss":0.0,"damage_taken":19.0},{"cards_removed":["Gatherer:Defend_Gatherer"],"damage_healed":0.0,"max_hp_gain":0.0,"max_hp_loss":0.0,"gold_gain":0.0,"event_name":"Purifier","player_choice":"Purged","floor":27.0,"gold_loss":0.0,"damage_taken":0.0},{"damage_healed":0.0,"max_hp_gain":0.0,"max_hp_loss":0.0,"gold_gain":0.0,"event_name":"Ghosts","player_choice":"Ignored","floor":30.0,"gold_loss":0.0,"damage_taken":0.0},{"damage_healed":0.0,"max_hp_gain":0.0,"max_hp_loss":0.0,"gold_gain":0.0,"event_name":"FaceTrader","player_choice":"Trade","floor":31.0,"gold_loss":0.0,"damage_taken":0.0,"relics_obtained":["SsserpentHead"]},{"cards_removed":["Gatherer:Strike_Gatherer"],"damage_healed":0.0,"max_hp_gain":0.0,"max_hp_loss":0.0,"gold_gain":0.0,"event_name":"Bonfire Elementals","player_choice":"Offered Basic","floor":38.0,"gold_loss":0.0,"damage_taken":0.0},{"damage_healed":0.0,"max_hp_gain":0.0,"max_hp_loss":0.0,"gold_gain":100.0,"event_name":"Golden Shrine","player_choice":"Pray","floor":42.0,"gold_loss":0.0,"damage_taken":0.0}],"is_beta":false,"boss_relics":[{"not_picked":["Replay:Bronze Core","Painkiller Herb","Ectoplasm"]},{"not_picked":["Black Star","Coffee Dripper"],"picked":"Cursed Key"}],"items_purged_floors":[14,36],"is_endless":false,"potions_floor_spawned":[2,6,24,25,28,33,45,46,48],"ascension_level":3}}