{"host":"30jsp143e4v19aze","time":1608865805,"event":{"mods":["BaseMod","Colored Map","Colored Powertips","Curses Come First","DeckTracker","Highlight Path","Minty Spire (QoL Compilation)","Quick Restart","Relic Stats","StSLib","everything is the same but u backflip on backflip","slay the spire mod where everything is the same but ironclad has a cowboy hat"],"gold_per_floor":[109,119,119,119,130,160,171,171,171],"floor_reached":8,"playtime":352,"items_purged":[],"score":116,"play_id":"8f7677fd-10e9-4e2d-b940-e6183774a8c5","local_time":"20201225041005","is_ascension_mode":true,"campfire_choices":[],"circlet_count":0,"master_deck":["AscendersBane","Strike_R","Strike_R","Strike_R","Strike_R","Defend_R","Defend_R+1","Defend_R","Bash","Clash","Rupture+1","Thunderclap","Pommel Strike","Fiend Fire","Ghostly Armor"],"relics":["Burning Blood","CultistMask","Art of War"],"acts_visited":["Exordium"],"potions_floor_usage":[6,7],"damage_taken":[{"damage":18,"enemies":"Cultist","floor":1,"turns":5},{"damage":9,"enemies":"Jaw Worm","floor":2,"turns":5},{"damage":1,"enemies":"2 Louse","floor":5,"turns":3},{"damage":22,"enemies":"Lagavulin","floor":6,"turns":6},{"damage":8,"enemies":"Exordium Thugs","floor":7,"turns":3},{"damage":15,"enemies":"3 Sentries","floor":8,"turns":4}],"seed_played":"5883679000649889651","potions_obtained":[{"floor":2,"key":"Energy Potion"},{"floor":6,"key":"AttackPotion"},{"floor":7,"key":"Ancient Potion"}],"is_trial":false,"path_per_floor":["M","M","?","?","M","E","M","E"],"character_chosen":"IRONCLAD","items_purchased":[],"campfire_rested":0,"item_purchase_floors":[],"current_hp_per_floor":[56,53,33,33,38,22,20,5,5],"gold":171,"neow_bonus":"TRANSFORM_TWO_CARDS","is_daily":false,"chose_seed":false,"campfire_upgraded":0,"win_rate":0.0,"timestamp":1608865805,"path_taken":["M","?","?","?","M","E","?","E"],"items_purchased_type":[],"build_version":"2020-12-22","purchased_purges":0,"victory":false,"max_hp_per_floor":[68,68,68,68,68,68,68,68,68],"relic_stats":{"counters":[6,26],"Art of War":[0],"obtain_stats":[{"CultistMask":4,"Art of War":6,"Burning Blood":0},{"CultistMask":2,"Art of War":4,"Burning Blood":0},{"CultistMask":10,"Art of War":19,"Burning Blood":0}],"Burning Blood":30},"card_choices":[{"not_picked":["Body Slam","Headbutt","Iron Wave"],"picked":"SKIP","floor":1},{"not_picked":["Infernal Blade","Headbutt"],"picked":"Thunderclap","floor":2},{"not_picked":["True Grit","Dark Embrace"],"picked":"Pommel Strike","floor":5},{"not_picked":["Wild Strike","Perfected Strike"],"picked":"Fiend Fire","floor":6},{"not_picked":["Carnage","Clash"],"picked":"Ghostly Armor","floor":7}],"player_experience":3183581,"relics_obtained":[{"floor":6,"key":"Art of War"}],"event_choices":[{"damage_healed":0,"gold_gain":0,"player_choice":"Entered Light","damage_taken":20,"max_hp_gain":0,"max_hp_loss":0,"event_name":"Shining Light","floor":3,"gold_loss":0,"cards_upgraded":["Rupture","Defend_R"]},{"damage_healed":0,"gold_gain":0,"player_choice":"Trade","damage_taken":0,"relics_obtained":["CultistMask"],"max_hp_gain":0,"max_hp_loss":0,"event_name":"FaceTrader","floor":4,"gold_loss":0}],"is_beta":false,"boss_relics":[],"items_purged_floors":[],"is_endless":false,"potions_floor_spawned":[2,6,7],"killed_by":"3 Sentries","ascension_level":20}}