{"host":"z5ys1wbqpsyqmecy","time":1608946068,"event":{"mods":["BaseMod","Colored Map","Colored Powertips","Minty Spire (QoL Compilation)","Relic Stats"],"gold_per_floor":[99,99,99,49,49,49,49,49,49,49,49,49,49,49,49,49,49,0,0,0,0,0,0,0,0,0,0,0,0,0,0,0,0,0,0,0,0,0,0,0,0,0,0,0,0,0,0,0,0,0],"floor_reached":51,"playtime":3969,"items_purged":[],"score":764,"play_id":"5fb0cf5c-fe60-4b60-a897-6d5e2c02ca2f","local_time":"20201225172748","is_ascension_mode":false,"campfire_choices":[{"data":"Blade Dance","floor":7,"key":"SMITH"},{"data":"Distraction","floor":12,"key":"SMITH"},{"floor":15,"key":"REST"},{"data":"Dagger Spray","floor":24,"key":"SMITH"},{"floor":28,"key":"REST"},{"data":"Neutralize","floor":32,"key":"SMITH"},{"data":"Magnetism","floor":40,"key":"SMITH"},{"data":"Envenom","floor":42,"key":"SMITH"},{"floor":49,"key":"REST"}],"circlet_count":0,"master_deck":["Strike_G","Strike_G","Strike_G","Strike_G","Strike_G","Defend_G","Defend_G","Defend_G","Defend_G","Defend_G","Survivor","Neutralize+1","Blade Dance+1","Dagger Spray+1","Dash","Distraction+1","Corpse Explosion","Dagger Throw","Cloak And Dagger","Choke+1","Choke+1","Dagger Spray+1","Finisher","Decay","Slice","Cloak And Dagger","Quick Slash+1","Envenom+1","Secret Technique","Flash of Steel","Magnetism+1","Masterful Stab","Cloak And Dagger","Parasite","Slice+1","After Image","Blade Dance+1","Quick Slash+1","Quick Slash+1"],"relics":["Ectoplasm","Ornamental Fan","TungstenRod","Art of War","HornCleat","Cursed Key","Bag of Preparation","Regal Pillow","MutagenicStrength","SlaversCollar","Tingsha","Pen Nib","Bronze Scales","Gremlin Horn"],"acts_visited":["Exordium","TheCity","TheBeyond"],"potions_floor_usage":[14,16,16,16,16,16,23,27,33,33,37,39,46,46,47,50],"damage_taken":[{"damage":0,"enemies":"2 Louse","floor":1,"turns":3},{"damage":1,"enemies":"Jaw Worm","floor":2,"turns":3},{"damage":38,"enemies":"Lagavulin","floor":6,"turns":11},{"damage":16,"enemies":"3 Sentries","floor":8,"turns":8},{"damage":0,"enemies":"Cultist","floor":11,"turns":3},{"damage":0,"enemies":"Gremlin Gang","floor":14,"turns":3},{"damage":7,"enemies":"The Guardian","floor":16,"turns":17},{"damage":1,"enemies":"2 Thieves","floor":18,"turns":4},{"damage":0,"enemies":"3 Byrds","floor":19,"turns":2},{"damage":0,"enemies":"Snake Plant","floor":20,"turns":5},{"damage":0,"enemies":"Snecko","floor":22,"turns":3},{"damage":27,"enemies":"Slavers","floor":23,"turns":4},{"damage":0,"enemies":"Cultist and Chosen","floor":25,"turns":3},{"damage":4,"enemies":"Centurion and Healer","floor":27,"turns":3},{"damage":3,"enemies":"Shelled Parasite and Fungi","floor":29,"turns":3},{"damage":0,"enemies":"Cultist and Chosen","floor":31,"turns":3},{"damage":16,"enemies":"Collector","floor":33,"turns":4},{"damage":0,"enemies":"Orb Walker","floor":35,"turns":3},{"damage":0,"enemies":"2 Orb Walkers","floor":37,"turns":5},{"damage":19,"enemies":"3 Shapes","floor":39,"turns":2},{"damage":0,"enemies":"Reptomancer","floor":44,"turns":5},{"damage":7,"enemies":"Maw","floor":45,"turns":6},{"damage":0,"enemies":"Spire Growth","floor":46,"turns":3},{"damage":15,"enemies":"Nemesis","floor":47,"turns":5},{"damage":0,"enemies":"Sphere and 2 Shapes","floor":48,"turns":1},{"damage":1,"enemies":"Donu and Deca","floor":50,"turns":3}],"seed_played":"-1673996713676947636","potions_obtained":[{"floor":1,"key":"Ancient Potion"},{"floor":2,"key":"Poison Potion"},{"floor":6,"key":"EntropicBrew"},{"floor":20,"key":"Poison Potion"},{"floor":22,"key":"Ancient Potion"},{"floor":23,"key":"Poison Potion"},{"floor":27,"key":"DistilledChaos"},{"floor":29,"key":"Dexterity Potion"},{"floor":31,"key":"SteroidPotion"},{"floor":33,"key":"EssenceOfSteel"},{"floor":35,"key":"FearPotion"},{"floor":44,"key":"GamblersBrew"},{"floor":45,"key":"Swift Potion"},{"floor":46,"key":"AttackPotion"}],"is_trial":false,"path_per_floor":["M","M","?","?","?","E","R","E","T","$","M","R","$","M","R","B",null,"M","M","M","?","M","E","R","M","T","M","R","M","?","M","R","B",null,"M","?","?","?","M","R","$","R","T","E","M","M","E","M","R","B",null],"character_chosen":"THE_SILENT","items_purchased":[],"campfire_rested":3,"item_purchase_floors":[],"current_hp_per_floor":[70,69,69,69,69,31,31,15,15,15,15,15,15,15,36,29,70,69,69,69,69,69,42,42,42,42,38,70,67,67,67,67,51,70,70,61,61,61,42,42,42,42,42,42,35,35,20,20,56,55],"gold":0,"neow_bonus":"BOSS_RELIC","is_daily":false,"chose_seed":false,"campfire_upgraded":6,"win_rate":0.0,"timestamp":1608946068,"path_taken":["M","M","?","?","?","E","R","E","T","$","M","R","?","M","R","BOSS","M","M","M","?","M","E","R","M","T","M","R","?","?","M","R","BOSS","M","?","?","?","M","R","?","R","T","E","M","?","E","M","R","BOSS"],"items_purchased_type":[],"build_version":"2020-12-22","purchased_purges":0,"victory":true,"max_hp_per_floor":[70,70,70,70,70,70,70,70,70,70,70,70,70,70,70,70,70,70,70,70,70,70,70,70,70,70,70,70,70,70,70,70,70,70,70,70,70,70,70,70,70,70,70,70,70,70,70,70,70,70],"relic_stats":{"Regal Pillow":26,"Gremlin Horn":[2,2],"counters":[26,115],"Tingsha":[15],"Pen Nib":[10],"Bag of Preparation":[28],"Cursed Key":2,"Ornamental Fan":[372],"Bronze Scales":[22],"Ectoplasm":746,"Art of War":[5],"obtain_stats":[{"Regal Pillow":26,"Gremlin Horn":47,"Tingsha":37,"Pen Nib":43,"Bag of Preparation":23,"Cursed Key":17,"SlaversCollar":34,"HornCleat":9,"Ornamental Fan":3,"MutagenicStrength":30,"Bronze Scales":44,"Ectoplasm":0,"Art of War":8,"TungstenRod":6,"Ring of the Snake":0},{"Regal Pillow":13,"Gremlin Horn":24,"Tingsha":19,"Pen Nib":20,"Bag of Preparation":12,"Cursed Key":7,"SlaversCollar":17,"HornCleat":4,"Ornamental Fan":2,"MutagenicStrength":15,"Bronze Scales":21,"Ectoplasm":0,"Art of War":4,"TungstenRod":3,"Ring of the Snake":0},{"Regal Pillow":69,"Gremlin Horn":111,"Tingsha":90,"Pen Nib":92,"Bag of Preparation":66,"Cursed Key":48,"SlaversCollar":82,"HornCleat":25,"Ornamental Fan":6,"MutagenicStrength":75,"Bronze Scales":97,"Ectoplasm":0,"Art of War":25,"TungstenRod":17,"Ring of the Snake":0}],"TungstenRod":23},"card_choices":[{"not_picked":["Tactician","Flying Knee"],"picked":"Blade Dance","floor":1},{"not_picked":["Catalyst","Eviscerate"],"picked":"Dagger Spray","floor":2},{"not_picked":["Catalyst","Leg Sweep"],"picked":"Dash","floor":6},{"not_picked":["Blade Dance","Terror"],"picked":"Backflip","floor":8},{"not_picked":["Sucker Punch","Flying Knee"],"picked":"Distraction","floor":11},{"not_picked":["Bane","Tactician","Underhanded Strike"],"picked":"SKIP","floor":14},{"not_picked":["Night Terror","Tools of the Trade"],"picked":"Corpse Explosion","floor":16},{"not_picked":["Sucker Punch","Endless Agony"],"picked":"Dagger Throw","floor":18},{"not_picked":["Escape Plan","Flechettes+1"],"picked":"Cloak And Dagger","floor":19},{"not_picked":["Expertise+1","Acrobatics+1"],"picked":"Choke+1","floor":20},{"not_picked":["Prepared","Dodge and Roll"],"picked":"Dagger Spray+1","floor":22},{"not_picked":["Sucker Punch+1","Dagger Throw"],"picked":"Finisher","floor":23},{"not_picked":["Leg Sweep","Eviscerate","Dodge and Roll"],"picked":"SKIP","floor":25},{"not_picked":["Outmaneuver","Night Terror"],"picked":"Slice","floor":27},{"not_picked":["Flying Knee","Dagger Spray"],"picked":"Cloak And Dagger","floor":29},{"not_picked":["Dodge and Roll","Slice"],"picked":"Quick Slash+1","floor":31},{"not_picked":["Wraith Form v2","Tools of the Trade"],"picked":"Envenom","floor":33},{"not_picked":["Sucker Punch","Deflect","Footwork"],"picked":"SKIP","floor":35},{"not_picked":["Deep Breath","Bandage Up"],"picked":"Secret Technique","floor":36},{"not_picked":["Trip","Finesse"],"picked":"Flash of Steel","floor":36},{"not_picked":["Forethought","Jack Of All Trades"],"picked":"Magnetism","floor":36},{"not_picked":["Sucker Punch","Outmaneuver+1"],"picked":"Masterful Stab","floor":37},{"not_picked":["Eviscerate","Footwork"],"picked":"Cloak And Dagger","floor":39},{"not_picked":["Blade Dance","Choke"],"picked":"Slice+1","floor":44},{"not_picked":["Dagger Spray","Endless Agony"],"picked":"After Image","floor":45},{"not_picked":["Bouncing Flask+1","Backflip"],"picked":"Blade Dance+1","floor":46},{"not_picked":["Storm of Steel","Dagger Throw"],"picked":"Quick Slash+1","floor":47},{"not_picked":["Deflect+1","Eviscerate+1"],"picked":"Quick Slash+1","floor":48}],"player_experience":49310,"relics_obtained":[{"floor":6,"key":"TungstenRod"},{"floor":8,"key":"Art of War"},{"floor":9,"key":"HornCleat"},{"floor":23,"key":"Bag of Preparation"},{"floor":26,"key":"Regal Pillow"},{"floor":37,"key":"Tingsha"},{"floor":43,"key":"Pen Nib"},{"floor":44,"key":"Bronze Scales"},{"floor":47,"key":"Gremlin Horn"}],"event_choices":[{"damage_healed":0,"gold_gain":0,"player_choice":"Box","damage_taken":0,"relics_obtained":["Ornamental Fan"],"max_hp_gain":0,"max_hp_loss":0,"event_name":"Big Fish","floor":3,"gold_loss":0,"cards_obtained":["Regret"]},{"cards_removed":["Regret"],"damage_healed":0,"gold_gain":0,"player_choice":"Card Removal","damage_taken":0,"max_hp_gain":0,"max_hp_loss":0,"event_name":"The Cleric","floor":4,"gold_loss":50},{"damage_healed":0,"gold_gain":0,"player_choice":"Ignored","damage_taken":0,"max_hp_gain":0,"max_hp_loss":0,"event_name":"Golden Idol","floor":5,"gold_loss":0},{"damage_healed":0,"gold_gain":0,"player_choice":"Copied","damage_taken":0,"max_hp_gain":0,"max_hp_loss":0,"event_name":"Duplicator","floor":21,"gold_loss":0,"cards_obtained":["Choke"]},{"damage_healed":0,"gold_gain":0,"player_choice":"Inject Mutagens","damage_taken":0,"relics_obtained":["MutagenicStrength"],"max_hp_gain":0,"max_hp_loss":0,"event_name":"Drug Dealer","floor":30,"gold_loss":0},{"damage_healed":0,"gold_gain":0,"player_choice":"Memory 3","damage_taken":10,"max_hp_gain":0,"max_hp_loss":0,"event_name":"SensoryStone","floor":36,"gold_loss":0},{"damage_healed":0,"gold_gain":0,"player_choice":"Fight","damage_taken":0,"max_hp_gain":0,"max_hp_loss":0,"event_name":"Mysterious Sphere","floor":37,"gold_loss":0},{"cards_removed":["Backflip"],"damage_healed":0,"gold_gain":0,"player_choice":"Removed Skill","damage_taken":0,"max_hp_gain":0,"max_hp_loss":0,"event_name":"Falling","floor":38,"gold_loss":0}],"is_beta":false,"boss_relics":[{"not_picked":["Coffee Dripper","Tiny House"],"picked":"Cursed Key"},{"not_picked":["HoveringKite","Fusion Hammer"],"picked":"SlaversCollar"}],"items_purged_floors":[],"is_endless":false,"potions_floor_spawned":[1,2,6,8,20,22,23,27,29,31,33,35,44,45,46],"ascension_level":0}}