{"host":"uflv0e3ja7hvnij7","time":1608855664,"event":{"mods":["Aspiration","BaseMod","Better Altar","Better Match","Better Note","Better Sensory Stone","Better Skull","Better Third Choice","Infinite Spire","Minty Spire (QoL Compilation)","Permanent Neow","StSLib"],"gold_per_floor":[15,15,90,107,126,126,126,136,204,219,237,237,237,262,262,381,381,381,381,381,381,381,381,381,381],"floor_reached":24,"playtime":1043,"items_purged":["Defend_B"],"score":230,"play_id":"6238d890-6de4-4263-b3a4-1e88445ac183","local_time":"20201224192104","is_ascension_mode":true,"campfire_choices":[{"floor":6,"key":"REST"},{"floor":15,"key":"REST"},{"floor":23,"key":"REST"}],"circlet_count":0,"master_deck":["Strike_B","Strike_B","Strike_B","Defend_B","Zap","Dualcast","Gash","infinitespire:Fortify","Sweeping Beam","Gash","Self Repair","Self Repair","Echo Form","Reboot","Gash+1","Scrape+1"],"relics":["Cracked Core","Molten Egg 2","Golden Idol","Ectoplasm","infinitespire:Lucky Rock"],"acts_visited":["Exordium","TheCity"],"potions_floor_usage":[8,13,19,20],"damage_taken":[{"damage":7,"enemies":"Jaw Worm","floor":1,"turns":3},{"damage":0,"enemies":"2 Louse","floor":4,"turns":2},{"damage":0,"enemies":"Small Slimes","floor":5,"turns":2},{"damage":13,"enemies":"Exordium Thugs","floor":8,"turns":3},{"damage":6,"enemies":"Looter","floor":10,"turns":3},{"damage":21,"enemies":"Large Slime","floor":11,"turns":5},{"damage":5,"enemies":"Gremlin Gang","floor":13,"turns":2},{"damage":6,"enemies":"Exordium Thugs","floor":14,"turns":4},{"damage":38,"enemies":"Slime Boss","floor":16,"turns":7},{"damage":19,"enemies":"Chosen","floor":18,"turns":5},{"damage":31,"enemies":"3 Byrds","floor":19,"turns":4},{"damage":48,"enemies":"Shelled Parasite and Fungi","floor":20,"turns":5},{"damage":46,"enemies":"Book of Stabbing","floor":24,"turns":4}],"seed_played":"7711504647283309042","potions_obtained":[{"floor":5,"key":"Fire Potion"},{"floor":8,"key":"CultistPotion"},{"floor":11,"key":"SmokeBomb"},{"floor":16,"key":"Weak Potion"},{"floor":20,"key":"Fruit Juice"}],"is_trial":false,"path_per_floor":["M","?","?","M","M","R","?","M","T","M","M","?","M","M","R","B",null,"M","M","M","AVR","?","R","E"],"character_chosen":"DEFECT","items_purchased":[],"campfire_rested":3,"item_purchase_floors":[],"current_hp_per_floor":[68,50,39,39,39,61,61,48,48,42,28,28,37,45,65,41,69,69,52,30,30,23,45,0,0],"gold":381,"neow_bonus":"REMOVE_TWO","is_daily":false,"chose_seed":false,"campfire_upgraded":0,"win_rate":0.0,"timestamp":1608855664,"path_taken":["M","?","?","M","M","R","?","M","T","M","?","?","M","M","R","BOSS","M","M","M","AVR","?","R","E"],"items_purchased_type":[],"build_version":"2020-12-22","purchased_purges":1,"victory":false,"max_hp_per_floor":[75,75,75,75,75,75,75,75,75,75,75,69,69,69,69,69,69,69,69,74,74,74,74,74,74],"card_choices":[{"not_picked":["Hologram","Steam"],"picked":"Gash","floor":1},{"not_picked":["infinitespire:FinalStrike","infinitespire:Punishment"],"picked":"infinitespire:Fortify","floor":2},{"not_picked":["Force Field","Redo"],"picked":"Sweeping Beam","floor":4},{"not_picked":["Steam","Recycle"],"picked":"Gash","floor":5},{"not_picked":["Lockon","Turbo","Compile Driver"],"picked":"SKIP","floor":8},{"not_picked":["Conserve Battery","Force Field"],"picked":"Self Repair","floor":10},{"not_picked":["Rebound+1","Barrage+1"],"picked":"Self Repair","floor":11},{"not_picked":["Steam Power","Leap"],"picked":"Echo Form","floor":14},{"not_picked":["Thunder Strike+1","Echo Form"],"picked":"Reboot","floor":16},{"not_picked":["Barrage+1","Leap"],"picked":"Gash+1","floor":18},{"not_picked":["Conserve Battery","Melter+1","Recycle"],"picked":"SKIP","floor":19},{"not_picked":["Gash+1","Loop"],"picked":"Scrape+1","floor":20}],"player_experience":339962,"relics_obtained":[{"floor":9,"key":"Molten Egg 2"}],"event_choices":[{"damage_healed":0,"gold_gain":75,"player_choice":"Gold","damage_taken":11,"max_hp_gain":0,"max_hp_loss":0,"event_name":"betterThird:BetterGoop","floor":3,"gold_loss":0},{"cards_removed":["Strike_B"],"damage_healed":0,"gold_gain":0,"player_choice":"Purged","damage_taken":0,"max_hp_gain":0,"max_hp_loss":0,"event_name":"Purifier","floor":7,"gold_loss":0},{"damage_healed":0,"gold_gain":0,"player_choice":"Lose Max HP","damage_taken":0,"relics_obtained":["Golden Idol"],"max_hp_gain":0,"max_hp_loss":6,"event_name":"Golden Idol","floor":12,"gold_loss":0},{"damage_healed":0,"gold_gain":75,"player_choice":"Touch","damage_taken":7,"max_hp_gain":0,"max_hp_loss":0,"event_name":"FaceTrader","floor":22,"gold_loss":0}],"is_beta":false,"boss_relics":[{"not_picked":["Runic Pyramid","aspiration:SilentSkillbook"],"picked":"Ectoplasm"}],"items_purged_floors":[21],"is_endless":false,"potions_floor_spawned":[5,8,11,16,20],"killed_by":"Book of Stabbing","ascension_level":4}}