{"host":"2yqfi47fogfu1ic4","time":1608903919,"event":{"mods":["AchievementEnabler","BaseMod","Colored Map","Colored Powertips","Highlight Path","Minty Spire (QoL Compilation)","Permanent Neow","Relic Stats","StSLib"],"gold_per_floor":[110,110,128,128,142,142,142,167,167,167,185,185,199,217,217,291,291,305,316,335,370,386,386,386,386,409,409,426,426,426],"floor_reached":29,"playtime":1793,"items_purged":[],"score":454,"play_id":"4509d836-6e4f-4ecf-9929-c44e2cbb1dff","local_time":"20201225144519","is_ascension_mode":true,"campfire_choices":[{"data":"Choke","floor":6,"key":"SMITH"},{"data":"Strike_G","floor":10,"key":"PURGE"},{"data":"Strike_G","floor":12,"key":"PURGE"},{"data":"Strike_G","floor":15,"key":"PURGE"},{"data":"Dagger Spray","floor":23,"key":"PURGE"},{"data":"Bouncing Flask","floor":25,"key":"PURGE"},{"data":"Parasite","floor":27,"key":"PURGE"}],"circlet_count":0,"master_deck":["AscendersBane","Defend_G","Defend_G","Defend_G","Defend_G","Survivor","Neutralize","Blade Dance","Choke+1","Quick Slash","Masterful Stab","Finisher","Adrenaline","Tactician+1","Dodge and Roll+1","Acrobatics+1","Escape Plan","Deflect"],"relics":["Cursed Key","Peace Pipe","Astrolabe","Red Mask","CultistMask"],"acts_visited":["Exordium","TheCity"],"potions_floor_usage":[8,16,28,28],"damage_taken":[{"damage":0,"enemies":"Small Slimes","floor":1,"turns":4},{"damage":2,"enemies":"Jaw Worm","floor":3,"turns":4},{"damage":7,"enemies":"2 Louse","floor":5,"turns":3},{"damage":15,"enemies":"Lagavulin","floor":8,"turns":5},{"damage":5,"enemies":"Gremlin Gang","floor":11,"turns":4},{"damage":0,"enemies":"3 Louse","floor":13,"turns":3},{"damage":0,"enemies":"Large Slime","floor":14,"turns":1},{"damage":23,"enemies":"Slime Boss","floor":16,"turns":7},{"damage":11,"enemies":"Shell Parasite","floor":18,"turns":5},{"damage":0,"enemies":"3 Byrds","floor":19,"turns":4},{"damage":7,"enemies":"Snake Plant","floor":20,"turns":3},{"damage":0,"enemies":"Masked Bandits","floor":21,"turns":2},{"damage":0,"enemies":"Snecko","floor":22,"turns":4},{"damage":13,"enemies":"Chosen and Byrds","floor":28,"turns":6},{"damage":25,"enemies":"Cultist and Chosen","floor":29,"turns":3}],"seed_played":"8315116247008658428","potions_obtained":[{"floor":1,"key":"FearPotion"},{"floor":11,"key":"Swift Potion"},{"floor":13,"key":"Strength Potion"},{"floor":20,"key":"LiquidMemories"},{"floor":28,"key":"Explosive Potion"}],"is_trial":false,"path_per_floor":["M","?","M","?","M","R","?","E","T","R","M","R","M","M","R","B",null,"M","M","M","?","M","R","?","R","T","R","M","M"],"character_chosen":"THE_SILENT","items_purchased":[],"campfire_rested":0,"item_purchase_floors":[],"current_hp_per_floor":[59,59,57,62,55,55,55,40,40,40,35,35,35,35,35,12,56,45,45,38,38,38,38,38,38,38,38,25,0,0],"gold":426,"neow_bonus":"BOSS_RELIC","is_daily":false,"chose_seed":false,"campfire_upgraded":1,"win_rate":0.0,"timestamp":1608903919,"path_taken":["M","?","M","?","M","R","?","E","T","R","M","R","M","M","R","BOSS","M","M","?","?","M","R","?","R","T","R","M","?"],"items_purchased_type":[],"build_version":"2020-12-22","purchased_purges":0,"victory":false,"max_hp_per_floor":[66,66,66,71,71,71,71,71,71,71,71,71,71,71,71,71,71,71,71,71,71,71,71,71,71,71,68,68,68,68],"relic_stats":{"Peace Pipe":6,"counters":[15,58],"Astrolabe":["Tactician","Dodge and Roll","Acrobatics"],"Cursed Key":1,"obtain_stats":[{"Peace Pipe":8,"Astrolabe":17,"CultistMask":24,"Red Mask":21,"Cursed Key":0,"Ring of the Snake":0},{"Peace Pipe":4,"Astrolabe":8,"CultistMask":13,"Red Mask":12,"Cursed Key":0,"Ring of the Snake":0},{"Peace Pipe":16,"Astrolabe":31,"CultistMask":49,"Red Mask":45,"Cursed Key":0,"Ring of the Snake":0}]},"card_choices":[{"not_picked":["Skewer","Deadly Poison"],"picked":"Blade Dance","floor":1},{"not_picked":["Outmaneuver","Expertise"],"picked":"Bouncing Flask","floor":3},{"not_picked":["Outmaneuver","Flying Knee"],"picked":"Choke","floor":5},{"not_picked":["Grand Finale","Dodge and Roll"],"picked":"Quick Slash","floor":8},{"not_picked":["Dagger Throw","Deflect"],"picked":"Dagger Spray","floor":11},{"not_picked":["Flechettes","Crippling Poison"],"picked":"Masterful Stab","floor":13},{"not_picked":["Dodge and Roll","Calculated Gamble"],"picked":"Finisher","floor":14},{"not_picked":["Unload","Die Die Die"],"picked":"Adrenaline","floor":16},{"not_picked":["Poisoned Stab","Finisher"],"picked":"Escape Plan","floor":18},{"not_picked":["Poisoned Stab","PiercingWail","Bane+1"],"picked":"SKIP","floor":19},{"not_picked":["Dagger Throw","Acrobatics","Bane"],"picked":"SKIP","floor":20},{"not_picked":["Choke","Noxious Fumes"],"picked":"Deflect","floor":21},{"not_picked":["Choke","Bane","Underhanded Strike"],"picked":"SKIP","floor":22},{"not_picked":["Dodge and Roll","Eviscerate","Outmaneuver"],"picked":"SKIP","floor":28}],"player_experience":1825272,"relics_obtained":[{"floor":8,"key":"Peace Pipe"},{"floor":21,"key":"Red Mask"}],"event_choices":[{"damage_healed":0,"gold_gain":0,"player_choice":"Ignored","damage_taken":0,"max_hp_gain":0,"max_hp_loss":0,"event_name":"Liars Game","floor":2,"gold_loss":0},{"damage_healed":0,"gold_gain":0,"player_choice":"Donut","damage_taken":0,"max_hp_gain":5,"max_hp_loss":0,"event_name":"Big Fish","floor":4,"gold_loss":0},{"damage_healed":0,"gold_gain":0,"player_choice":"0 cards matched","damage_taken":0,"max_hp_gain":0,"max_hp_loss":0,"event_name":"Match and Keep!","floor":7,"gold_loss":0,"cards_obtained":[]},{"damage_healed":0,"gold_gain":0,"player_choice":"Fought Bandits","damage_taken":0,"max_hp_gain":0,"max_hp_loss":0,"event_name":"Masked Bandits","floor":21,"gold_loss":0},{"damage_healed":0,"gold_gain":0,"player_choice":"Trade","damage_taken":0,"relics_obtained":["CultistMask"],"max_hp_gain":0,"max_hp_loss":0,"event_name":"FaceTrader","floor":24,"gold_loss":0}],"is_beta":false,"boss_relics":[{"not_picked":["Calling Bell","SlaversCollar"],"picked":"Astrolabe"}],"items_purged_floors":[],"is_endless":false,"potions_floor_spawned":[1,11,13,14,20,21,28],"killed_by":"Cultist and Chosen","ascension_level":20}}