{"host":"vc42n08di9czm3e7","time":1608924869,"event":{"mods":["AchievementEnabler","Act Like it!","BaseMod","Colored Powertips","Downfall","Friendly Minions","GifTheSpireLib","Minty Spire (QoL Compilation)","Rare Cards Sparkle","StSLib"],"gold_per_floor":[118,131,33,60,72,72,124,141,141,141,158,173,173,173,173,271,271,287,287,298,49,49,76,76,89,89,99,115,34,52,0,0,0,0],"floor_reached":33,"playtime":1725,"items_purged":["Strike_G","Strike_G"],"score":269,"play_id":"17d84bfb-955b-4791-a590-2a19f8ed824b","local_time":"20201225143429","is_ascension_mode":false,"campfire_choices":[{"data":"Dash","floor":6,"key":"SMITH"},{"floor":10,"key":"DIG"},{"data":"Underhanded Strike","floor":13,"key":"SMITH"},{"floor":15,"key":"DIG"},{"data":"RitualDagger","floor":24,"key":"SMITH"},{"floor":32,"key":"REST"}],"circlet_count":0,"master_deck":["Strike_G","Strike_G","Strike_G","Defend_G","Defend_G","Defend_G","Defend_G","Defend_G","Survivor","Neutralize","Jack Of All Trades","Poisoned Stab","Underhanded Strike","Dagger Throw","Dash+1","Crippling Poison","Quick Slash","Underhanded Strike+1","Dagger Spray","Adrenaline","Escape Plan","RitualDagger+1","Tactician","Dagger Throw","Terror+1","Tactician"],"relics":["Ring of the Serpent","Lantern","Darkstone Periapt","Shovel","Bag of Marbles","Toy Ornithopter","Blood Vial","Bottled Flame","Incense Burner"],"acts_visited":["Exordium","TheCity"],"potions_floor_usage":[7,16,23,33,33],"damage_taken":[{"damage":0,"enemies":"Cultist","floor":1,"turns":6},{"damage":0,"enemies":"2 Louse","floor":2,"turns":3},{"damage":0,"enemies":"Small Slimes","floor":5,"turns":2},{"damage":8,"enemies":"3 Sentries","floor":7,"turns":8},{"damage":0,"enemies":"3 Louse","floor":8,"turns":2},{"damage":2,"enemies":"Large Slime","floor":11,"turns":6},{"damage":0,"enemies":"Blue Slaver","floor":12,"turns":1},{"damage":53,"enemies":"The Guardian","floor":16,"turns":11},{"damage":0,"enemies":"Chosen","floor":18,"turns":3},{"damage":10,"enemies":"Spheric Guardian","floor":20,"turns":3},{"damage":23,"enemies":"Gremlin Leader","floor":23,"turns":6},{"damage":9,"enemies":"3 Cultists","floor":25,"turns":4},{"damage":0,"enemies":"Centurion and Healer","floor":27,"turns":4},{"damage":7,"enemies":"Shelled Parasite and Fungi","floor":28,"turns":5},{"damage":10,"enemies":"Snake Plant","floor":30,"turns":4},{"damage":70,"enemies":"Automaton","floor":33,"turns":6}],"seed_played":"5406120060734392250","potions_obtained":[{"floor":2,"key":"Energy Potion"},{"floor":5,"key":"AttackPotion"},{"floor":7,"key":"Dexterity Potion"},{"floor":20,"key":"CunningPotion"},{"floor":25,"key":"CunningPotion"},{"floor":30,"key":"Fire Potion"}],"is_trial":false,"path_per_floor":["M","M","$","T","M","R","E","M","T","R","M","M","R","?","R","B",null,"M","?","M","$","?","E","R","M","T","M","M","$","M","?","R","B"],"character_chosen":"THE_SILENT","items_purchased":["Dagger Throw","Blood Vial","Tactician"],"campfire_rested":1,"item_purchase_floors":[3,21,29],"current_hp_per_floor":[70,70,70,70,70,70,62,62,62,62,60,60,60,65,65,17,75,75,75,65,65,59,43,43,36,36,38,33,33,25,25,47,0,0],"gold":0,"neow_bonus":"RANDOM_COLORLESS","is_daily":false,"chose_seed":false,"campfire_upgraded":3,"win_rate":0.0,"timestamp":1608924869,"path_taken":["M","M","$","?","M","R","E","M","T","R","M","?","R","?","R","BOSS","M","?","M","$","?","E","R","M","T","M","M","$","M","?","R","BOSS"],"items_purchased_type":["Card","Relic","Card"],"build_version":"2020-12-22","purchased_purges":2,"victory":false,"max_hp_per_floor":[70,70,70,70,70,70,70,70,70,70,70,70,70,75,75,75,75,75,75,75,75,75,75,75,75,75,75,75,75,75,75,75,75,75],"card_choices":[{"not_picked":["expansioncontent:PolyBeam","Mind Blast"],"picked":"Jack Of All Trades","floor":0},{"not_picked":["Endless Agony","Prepared"],"picked":"Poisoned Stab","floor":1},{"not_picked":["Blade Dance","Expertise"],"picked":"Underhanded Strike","floor":2},{"not_picked":["Deadly Poison","Dodge and Roll"],"picked":"Dash","floor":5},{"not_picked":["Slice","Deadly Poison"],"picked":"Crippling Poison","floor":7},{"not_picked":["Sucker Punch","Night Terror"],"picked":"Quick Slash","floor":8},{"not_picked":["Quick Slash","Calculated Gamble"],"picked":"Underhanded Strike","floor":11},{"not_picked":["Cloak And Dagger","Backflip"],"picked":"Dagger Spray","floor":12},{"not_picked":["Grand Finale","Tools of the Trade"],"picked":"Adrenaline","floor":16},{"not_picked":["Riddle With Holes","Concentrate","Flying Knee"],"picked":"SKIP","floor":18},{"not_picked":["Cloak And Dagger","Riddle With Holes+1"],"picked":"Escape Plan","floor":20},{"not_picked":["Underhanded Strike","Bouncing Flask+1"],"picked":"Tactician","floor":23},{"not_picked":["Bane","Underhanded Strike"],"picked":"Dagger Throw","floor":25},{"not_picked":["Dagger Spray","Masterful Stab"],"picked":"Terror+1","floor":27},{"not_picked":["Slice","Cloak And Dagger+1","Bane"],"picked":"SKIP","floor":28},{"not_picked":["Dodge and Roll","Sucker Punch+1","Finisher"],"picked":"SKIP","floor":30}],"player_experience":228672,"relics_obtained":[{"floor":4,"key":"Lantern"},{"floor":7,"key":"Darkstone Periapt"},{"floor":9,"key":"Shovel"},{"floor":10,"key":"Bag of Marbles"},{"floor":15,"key":"Toy Ornithopter"},{"floor":23,"key":"Bottled Flame"},{"floor":26,"key":"Incense Burner"}],"event_choices":[{"damage_healed":0,"gold_gain":0,"player_choice":"Donut","damage_taken":0,"max_hp_gain":5,"max_hp_loss":0,"event_name":"Big Fish","floor":14,"gold_loss":0},{"damage_healed":0,"gold_gain":0,"player_choice":"Joined the Cult","damage_taken":6,"max_hp_gain":0,"max_hp_loss":0,"event_name":"Nest","floor":22,"gold_loss":0,"cards_obtained":["RitualDagger"]},{"damage_healed":0,"gold_gain":0,"player_choice":"Paid Fearfully","damage_taken":0,"max_hp_gain":0,"max_hp_loss":0,"event_name":"Masked Bandits","floor":31,"gold_loss":52}],"is_beta":false,"boss_relics":[{"not_picked":["Tiny House","SacredBark"],"picked":"Ring of the Serpent"}],"items_purged_floors":[3,21],"is_endless":false,"potions_floor_spawned":[2,5,7,20,25,30],"killed_by":"Automaton","ascension_level":0}}