{"host":"ci7ivtocgfxh0ueo","time":1608865419,"event":{"mods":["BaseMod","GifTheSpireLib","Minty Spire (QoL Compilation)","StSLib"],"gold_per_floor":[115,115,135,135,51,51,62,62,89,114,124,124,141,159,159,236,236,250,250,300,225,225,257,277,277,354,389,389,401,501,515,515,515,515],"floor_reached":33,"playtime":984,"items_purged":[],"score":527,"play_id":"48eafe97-3cf5-4cdd-af37-468fd07e9886","local_time":"20201225110339","is_ascension_mode":true,"campfire_choices":[{"data":"Eviscerate","floor":6,"key":"SMITH"},{"data":"All Out Attack","floor":8,"key":"SMITH"},{"data":"Phantasmal Killer","floor":15,"key":"SMITH"},{"floor":25,"key":"REST"},{"floor":28,"key":"REST"},{"floor":32,"key":"REST"}],"circlet_count":0,"master_deck":["AscendersBane","Survivor","Neutralize","Concentrate","Eviscerate+1","Deflect","Footwork","Backstab","All Out Attack+1","Underhanded Strike","Phantasmal Killer+1","Adrenaline","Underhanded Strike","Endless Agony","Reflex","Leg Sweep","Bane","Adrenaline","Tactician","Flying Knee","PiercingWail","Calculated Gamble"],"relics":["Ring of the Snake","WarpedTongs","Orichalcum","Matryoshka","Pen Nib","Pandora\u0027s Box","Mercury Hourglass","Ornamental Fan","HornCleat","Regal Pillow","Ice Cream","StrikeDummy"],"acts_visited":["Exordium","TheCity"],"potions_floor_usage":[16,33],"damage_taken":[{"damage":2,"enemies":"2 Louse","floor":1,"turns":4},{"damage":1,"enemies":"Cultist","floor":3,"turns":3},{"damage":4,"enemies":"Jaw Worm","floor":7,"turns":2},{"damage":4,"enemies":"3 Sentries","floor":10,"turns":7},{"damage":0,"enemies":"Exordium Wildlife","floor":11,"turns":2},{"damage":0,"enemies":"2 Fungi Beasts","floor":13,"turns":3},{"damage":0,"enemies":"Looter","floor":14,"turns":2},{"damage":31,"enemies":"Slime Boss","floor":16,"turns":9},{"damage":15,"enemies":"2 Thieves","floor":18,"turns":2},{"damage":16,"enemies":"Gremlin Leader","floor":23,"turns":5},{"damage":0,"enemies":"Shell Parasite","floor":24,"turns":1},{"damage":10,"enemies":"Slavers","floor":27,"turns":4},{"damage":25,"enemies":"Snecko","floor":29,"turns":5},{"damage":10,"enemies":"Colosseum Slavers","floor":30,"turns":3},{"damage":1,"enemies":"Colosseum Nobs","floor":30,"turns":4},{"damage":0,"enemies":"3 Cultists","floor":31,"turns":3},{"damage":68,"enemies":"Champ","floor":33,"turns":7}],"seed_played":"7769855337406212841","potions_obtained":[{"floor":7,"key":"LiquidBronze"},{"floor":10,"key":"BlessingOfTheForge"},{"floor":24,"key":"SpeedPotion"}],"is_trial":false,"path_per_floor":["M","?","M","?","$","R","M","R","T","E","M","?","M","M","R","B",null,"M","?","?","?","?","E","M","R","T","E","R","M","?","M","R","B"],"character_chosen":"THE_SILENT","items_purchased":["Backstab"],"campfire_rested":3,"item_purchase_floors":[5],"current_hp_per_floor":[57,57,56,49,49,49,45,45,45,41,41,36,36,36,36,5,51,36,36,36,36,36,20,20,39,39,29,63,38,27,27,61,0,0],"gold":515,"neow_bonus":"TRANSFORM_TWO_CARDS","is_daily":false,"chose_seed":false,"campfire_upgraded":3,"win_rate":0.0,"timestamp":1608865419,"path_taken":["M","?","?","?","$","R","M","R","T","E","M","?","?","M","R","BOSS","M","?","?","?","?","E","?","R","T","E","R","M","?","M","R","BOSS"],"items_purchased_type":["Card"],"build_version":"2020-12-22","purchased_purges":0,"victory":false,"max_hp_per_floor":[66,66,66,66,66,66,66,66,66,66,66,66,66,66,66,66,66,66,66,66,66,66,66,66,66,66,66,66,66,66,66,66,66,66],"card_choices":[{"not_picked":["Dodge and Roll","Well Laid Plans"],"picked":"Deflect","floor":1},{"not_picked":["Leg Sweep","Tactician"],"picked":"Footwork","floor":3},{"not_picked":["Sucker Punch","PiercingWail"],"picked":"All Out Attack","floor":7},{"not_picked":["Backflip","Crippling Poison"],"picked":"Underhanded Strike","floor":10},{"not_picked":["Masterful Stab","Dagger Spray"],"picked":"Phantasmal Killer","floor":11},{"not_picked":["Cloak And Dagger","Reflex","Deadly Poison"],"picked":"SKIP","floor":13},{"not_picked":["Dodge and Roll","Backflip","Outmaneuver"],"picked":"SKIP","floor":14},{"not_picked":["Glass Knife","Tools of the Trade"],"picked":"Adrenaline","floor":16},{"not_picked":["Quick Slash","Well Laid Plans","Flying Knee"],"picked":"SKIP","floor":18},{"not_picked":["Bouncing Flask","Outmaneuver"],"picked":"PiercingWail","floor":23},{"not_picked":["Quick Slash","Poisoned Stab+1","Endless Agony"],"picked":"SKIP","floor":24},{"not_picked":["Slice","Flying Knee","Deadly Poison"],"picked":"SKIP","floor":27},{"not_picked":["Poisoned Stab","Slice+1","Setup"],"picked":"SKIP","floor":29},{"not_picked":["Sucker Punch","All Out Attack"],"picked":"Calculated Gamble","floor":31}],"player_experience":1299082,"relics_obtained":[{"floor":9,"key":"Orichalcum"},{"floor":10,"key":"Matryoshka"},{"floor":23,"key":"Mercury Hourglass"},{"floor":26,"key":"Ornamental Fan"},{"floor":26,"key":"HornCleat"},{"floor":27,"key":"Regal Pillow"},{"floor":30,"key":"Ice Cream"},{"floor":30,"key":"StrikeDummy"}],"event_choices":[{"damage_healed":0,"gold_gain":0,"player_choice":"Rummage","damage_taken":0,"relics_obtained":["WarpedTongs"],"max_hp_gain":0,"max_hp_loss":0,"event_name":"Accursed Blacksmith","floor":2,"gold_loss":0,"cards_obtained":["Pain"]},{"cards_removed":["Pain"],"damage_healed":0,"gold_gain":0,"player_choice":"Card Removal","damage_taken":7,"max_hp_gain":0,"max_hp_loss":0,"event_name":"Golden Wing","floor":4,"gold_loss":0},{"damage_healed":0,"gold_gain":0,"player_choice":"Success","damage_taken":5,"relics_obtained":["Pen Nib"],"max_hp_gain":0,"max_hp_loss":0,"event_name":"Scrap Ooze","floor":12,"gold_loss":0},{"damage_healed":0,"gold_gain":0,"player_choice":"Smashed Altar","damage_taken":0,"max_hp_gain":0,"max_hp_loss":0,"event_name":"Forgotten Altar","floor":19,"gold_loss":0,"cards_obtained":["Decay"]},{"damage_healed":0,"gold_gain":50,"player_choice":"Stole From Cult","damage_taken":0,"max_hp_gain":0,"max_hp_loss":0,"event_name":"Nest","floor":20,"gold_loss":0},{"cards_removed":["Decay"],"damage_healed":0,"gold_gain":0,"player_choice":"Gave Gold","damage_taken":0,"max_hp_gain":0,"max_hp_loss":0,"event_name":"Beggar","floor":21,"gold_loss":75},{"cards_removed":["Injury"],"damage_healed":0,"gold_gain":0,"player_choice":"Elegance","damage_taken":0,"max_hp_gain":0,"max_hp_loss":0,"event_name":"Back to Basics","floor":22,"gold_loss":0},{"damage_healed":0,"gold_gain":0,"player_choice":"Fight","damage_taken":0,"max_hp_gain":0,"max_hp_loss":0,"event_name":"Colosseum","floor":30,"gold_loss":0},{"damage_healed":0,"gold_gain":0,"player_choice":"Fought Nobs","damage_taken":0,"max_hp_gain":0,"max_hp_loss":0,"event_name":"Colosseum","floor":30,"gold_loss":0}],"is_beta":false,"boss_relics":[{"not_picked":["Black Star","Philosopher\u0027s Stone"],"picked":"Pandora\u0027s Box"}],"items_purged_floors":[],"is_endless":false,"potions_floor_spawned":[7,10,14,24,30,31],"killed_by":"Champ","ascension_level":17}}