{"host":"wkq136ike0ligh15","time":1608869479,"event":{"mods":["Bard","BaseMod","Clockwork Mod","Minty Spire (QoL Compilation)","StSLib"],"gold_per_floor":[110,129,29,49,68,103,103,118,118,182,182,207,220,16,16,121,121,137,137,28,40,79,111,111,124,124,124,224,224,235,235,235,333,333,347,399,399,12,30,30,42,42,42,8,8,27,44,56,56,56],"floor_reached":51,"playtime":2410,"items_purged":[],"score":704,"play_id":"41d0d6a5-3f05-48f2-a661-462e832974da","local_time":"20201224231119","is_ascension_mode":false,"campfire_choices":[{"floor":11.0,"key":"REST"},{"floor":15.0,"key":"REST"},{"floor":24.0,"key":"REST"},{"floor":27.0,"key":"REST"},{"floor":32.0,"key":"REST"},{"data":"Leg Sweep","floor":40,"key":"SMITH"},{"data":"Backstab","floor":45,"key":"SMITH"},{"floor":49,"key":"REST"}],"circlet_count":0,"master_deck":["Strike_G","Strike_G","Strike_G","Strike_G","Defend_G","Defend_G","Defend_G","Defend_G","Defend_G","Survivor","Neutralize","Backstab+1","Poisoned Stab","Sucker Punch","PiercingWail","Flying Knee","Leg Sweep+1","Cloak And Dagger+1","Poisoned Stab","Blade Dance+1","Dodge and Roll","Tools of the Trade","Outmaneuver","Envenom","Dash","Footwork","Leg Sweep","Predator","Infinite Blades+1","Reflex","Dagger Spray+1","Crippling Poison+1","Deadly Poison+1","Necronomicurse","Adrenaline+1","Choke+1","Accuracy","Quick Slash+1","Tactician+1","Terror+1","Noxious Fumes+1","Underhanded Strike+1","Underhanded Strike"],"relics":["Ring of the Serpent","Ancient Tea Set","MealTicket","White Beast Statue","Anchor","Eternal Feather","Toolbox","PreservedInsect","Shuriken","Peace Pipe","Gremlin Horn","Toxic Egg 2","Necronomicon","HoveringKite","FossilizedHelix","Strange Spoon","Frozen Egg 2","Paper Crane"],"acts_visited":["Exordium","TheCity","TheBeyond"],"potions_floor_usage":[33,33,35,36,46,50,50,50],"damage_taken":[{"damage":2.0,"enemies":"Jaw Worm","floor":1.0,"turns":6.0},{"damage":0.0,"enemies":"Small Slimes","floor":2.0,"turns":3.0},{"damage":0.0,"enemies":"2 Louse","floor":4.0,"turns":3.0},{"damage":0.0,"enemies":"Red Slaver","floor":5.0,"turns":3.0},{"damage":28.0,"enemies":"Lagavulin","floor":6.0,"turns":12.0},{"damage":0.0,"enemies":"3 Louse","floor":8.0,"turns":3.0},{"damage":18.0,"enemies":"Gremlin Nob","floor":10.0,"turns":4.0},{"damage":13.0,"enemies":"3 Sentries","floor":12.0,"turns":7.0},{"damage":0.0,"enemies":"Blue Slaver","floor":13.0,"turns":3.0},{"damage":43.0,"enemies":"Slime Boss","floor":16.0,"turns":9.0},{"damage":22.0,"enemies":"Chosen","floor":18.0,"turns":9.0},{"damage":9.0,"enemies":"Shell Parasite","floor":21.0,"turns":8.0},{"damage":9.0,"enemies":"Cultist and Chosen","floor":22.0,"turns":7.0},{"damage":30.0,"enemies":"Slavers","floor":23.0,"turns":12.0},{"damage":0.0,"enemies":"Centurion and Healer","floor":25.0,"turns":6.0},{"damage":6.0,"enemies":"Colosseum Slavers","floor":28.0,"turns":3.0},{"damage":34.0,"enemies":"Colosseum Nobs","floor":28.0,"turns":5.0},{"damage":8.0,"enemies":"3 Cultists","floor":30.0,"turns":5.0},{"damage":44,"enemies":"Collector","floor":33,"turns":9},{"damage":1,"enemies":"3 Darklings","floor":35,"turns":5},{"damage":20,"enemies":"2 Orb Walkers","floor":36,"turns":2},{"damage":0,"enemies":"3 Shapes","floor":39,"turns":3},{"damage":0,"enemies":"Jaw Worm Horde","floor":41,"turns":3},{"damage":12,"enemies":"Writhing Mass","floor":46,"turns":4},{"damage":6,"enemies":"4 Shapes","floor":47,"turns":4},{"damage":14,"enemies":"Jaw Worm Horde","floor":48,"turns":4},{"damage":49,"enemies":"Donu and Deca","floor":50,"turns":8}],"seed_played":"3199698591448162751","potions_obtained":[{"floor":1.0,"key":"Swift Potion"},{"floor":6.0,"key":"CunningPotion"},{"floor":8.0,"key":"Ancient Potion"},{"floor":10.0,"key":"CultistPotion"},{"floor":12.0,"key":"AttackPotion"},{"floor":13.0,"key":"AttackPotion"},{"floor":16.0,"key":"GhostInAJar"},{"floor":18.0,"key":"Energy Potion"},{"floor":21.0,"key":"SteroidPotion"},{"floor":22.0,"key":"DuplicationPotion"},{"floor":23.0,"key":"PowerPotion"},{"floor":25.0,"key":"DistilledChaos"},{"floor":28.0,"key":"SteroidPotion"},{"floor":30.0,"key":"LiquidBronze"},{"floor":33,"key":"Explosive Potion"},{"floor":35,"key":"Explosive Potion"},{"floor":36,"key":"Fire Potion"},{"floor":39,"key":"Ancient Potion"},{"floor":41,"key":"Block Potion"},{"floor":46,"key":"SkillPotion"}],"is_trial":false,"path_per_floor":["M","M","$","M","M","E","?","M","T","?","R","E","M","$","R","B",null,"M","?","$","M","M","E","R","M","T","R","?","T","M","?","R","B",null,"M","?","?","$","M","R","M","?","T","$","R","M","M","M","R","B",null],"character_chosen":"THE_SILENT","items_purchased":["Sucker Punch","PiercingWail","Toolbox","Outmaneuver","Footwork","Leg Sweep","Strange Spoon","Frozen Egg 2","Terror+1"],"campfire_rested":6,"item_purchase_floors":[3,3,14,14,20,20,38,38,44],"current_hp_per_floor":[68,68,68,68,68,40,40,40,40,22,43,30,30,45,70,27,70,48,48,63,54,45,15,54,54,54,70,30,30,22,6,48,4,70,69,49,49,64,64,70,70,70,70,70,70,58,52,38,70,21],"gold":56,"neow_bonus":"RANDOM_COMMON_RELIC","is_daily":false,"chose_seed":false,"campfire_upgraded":2,"win_rate":0.0,"timestamp":1608869479,"path_taken":["M","M","$","M","M","E","?","M","T","?","R","E","M","?","R","BOSS","M","?","$","M","M","E","R","?","T","R","?","?","M","?","R","BOSS","M","?","?","$","?","R","M","?","T","?","R","M","M","M","R","BOSS"],"items_purchased_type":["Card","Card","Relic","Card","Card","Card","Relic","Relic","Card"],"build_version":"2020-12-22","purchased_purges":0,"victory":true,"max_hp_per_floor":[70,70,70,70,70,70,70,70,70,70,70,70,70,70,70,70,70,70,70,70,70,70,70,70,70,70,70,70,70,70,70,70,70,70,70,70,70,70,70,70,70,70,70,70,70,70,70,70,70,70],"card_choices":[{"not_picked":["Prepared","Cloak And Dagger"],"picked":"Backstab","floor":1.0},{"not_picked":["Flechettes","Deadly Poison"],"picked":"Poisoned Stab","floor":2.0},{"not_picked":["All Out Attack","Well Laid Plans"],"picked":"Flying Knee","floor":4.0},{"not_picked":["Flechettes","Caltrops"],"picked":"Leg Sweep","floor":5.0},{"not_picked":["Sucker Punch","Burst"],"picked":"Cloak And Dagger","floor":6.0},{"not_picked":["Outmaneuver","Noxious Fumes"],"picked":"Poisoned Stab","floor":8.0},{"not_picked":["Outmaneuver","Escape Plan"],"picked":"Blade Dance","floor":10.0},{"not_picked":["Deadly Poison","Crippling Poison"],"picked":"Dodge and Roll","floor":12.0},{"not_picked":["Deadly Poison","Well Laid Plans"],"picked":"Tools of the Trade","floor":13.0},{"not_picked":["Die Die Die","Burst"],"picked":"Envenom","floor":16.0},{"not_picked":["Flechettes","Masterful Stab+1"],"picked":"Dash","floor":18.0},{"not_picked":["Dodge and Roll+1","Slice"],"picked":"Predator","floor":21.0},{"not_picked":["Prepared","Crippling Poison"],"picked":"Infinite Blades+1","floor":22.0},{"not_picked":["Predator","PiercingWail"],"picked":"Reflex","floor":23.0},{"not_picked":["Prepared","Leg Sweep"],"picked":"Dagger Spray+1","floor":25.0},{"not_picked":["Backflip","Deflect"],"picked":"Crippling Poison+1","floor":28.0},{"not_picked":["Cloak And Dagger+1","Poisoned Stab"],"picked":"Deadly Poison+1","floor":30.0},{"not_picked":["Burst+1","Unload"],"picked":"Adrenaline+1","floor":33},{"not_picked":["Flying Knee","Eviscerate"],"picked":"Choke+1","floor":35},{"not_picked":["Blade Dance+1","Dagger Spray+1"],"picked":"Accuracy","floor":36},{"not_picked":["Outmaneuver+1","Deflect+1"],"picked":"Quick Slash+1","floor":39},{"not_picked":["Slice+1","Expertise+1"],"picked":"Tactician+1","floor":41},{"not_picked":["Expertise+1","Crippling Poison+1"],"picked":"Noxious Fumes+1","floor":46},{"not_picked":["Quick Slash+1","Backstab"],"picked":"Underhanded Strike+1","floor":47},{"not_picked":["Quick Slash","Infinite Blades+1"],"picked":"Underhanded Strike","floor":48}],"player_experience":233451,"relics_obtained":[{"floor":6.0,"key":"MealTicket"},{"floor":9.0,"key":"White Beast Statue"},{"floor":12.0,"key":"Eternal Feather"},{"floor":23.0,"key":"PreservedInsect"},{"floor":26.0,"key":"Shuriken"},{"floor":28.0,"key":"Peace Pipe"},{"floor":28.0,"key":"Gremlin Horn"},{"floor":29.0,"key":"Toxic Egg 2"},{"floor":31.0,"key":"Necronomicon"},{"floor":36,"key":"FossilizedHelix"},{"floor":43,"key":"Paper Crane"}],"event_choices":[{"damage_healed":0.0,"max_hp_gain":0.0,"max_hp_loss":0.0,"gold_gain":0.0,"event_name":"Shining Light","player_choice":"Ignored","floor":7.0,"gold_loss":0.0,"damage_taken":0.0},{"damage_healed":0.0,"max_hp_gain":0.0,"max_hp_loss":0.0,"gold_gain":0.0,"event_name":"Dead Adventurer","player_choice":"Searched \u00272\u0027 times","floor":10.0,"gold_loss":0.0,"damage_taken":0.0,"relics_obtained":["Anchor"]},{"damage_healed":0.0,"max_hp_gain":0.0,"max_hp_loss":0.0,"gold_gain":0.0,"event_name":"Upgrade Shrine","player_choice":"Upgraded","floor":19.0,"gold_loss":0.0,"damage_taken":0.0,"cards_upgraded":["Cloak And Dagger"]},{"damage_healed":0.0,"max_hp_gain":0.0,"max_hp_loss":0.0,"gold_gain":0.0,"event_name":"Colosseum","player_choice":"Fight","floor":28.0,"gold_loss":0.0,"damage_taken":0.0},{"damage_healed":0.0,"max_hp_gain":0.0,"max_hp_loss":0.0,"gold_gain":0.0,"event_name":"Colosseum","player_choice":"Fought Nobs","floor":28.0,"gold_loss":0.0,"damage_taken":0.0},{"damage_healed":0.0,"max_hp_gain":0.0,"max_hp_loss":0.0,"gold_gain":0.0,"event_name":"Cursed Tome","player_choice":"Obtained Book","floor":31.0,"gold_loss":0.0,"damage_taken":16.0},{"damage_healed":0,"gold_gain":0,"player_choice":"Fight","damage_taken":0,"max_hp_gain":0,"max_hp_loss":0,"event_name":"Mysterious Sphere","floor":36,"gold_loss":0},{"damage_healed":0,"gold_gain":0,"player_choice":"Upgraded","damage_taken":0,"max_hp_gain":0,"max_hp_loss":0,"event_name":"Upgrade Shrine","floor":37,"gold_loss":0,"cards_upgraded":["Blade Dance"]},{"cards_removed":["Strike_G"],"damage_healed":0,"gold_gain":0,"player_choice":"Removed Attack","damage_taken":0,"max_hp_gain":0,"max_hp_loss":0,"event_name":"Falling","floor":42,"gold_loss":0}],"is_beta":false,"boss_relics":[{"not_picked":["Runic Dome","Astrolabe"],"picked":"Ring of the Serpent"},{"not_picked":["Philosopher\u0027s Stone","Runic Pyramid"],"picked":"HoveringKite"}],"items_purged_floors":[],"is_endless":false,"potions_floor_spawned":[1,6,8,10,12,13,16,18,21,22,23,25,28,28,30,33,35,36,39,41,46,47,48],"ascension_level":0}}