{"host":"qiqz0nmt5d7mxurh","time":1608868231,"event":{"mods":["Act Like it!","BaseMod","Colored Powertips","Koishi","Marisa????????","Minty Spire (QoL Compilation)","Quick Restart","StSLib","The Administrix","The Servant 0.9.4"],"gold_per_floor":[118,118,118,118,131,131,156,156,156,176,176,5,5,19,19,90,90,110,134,148,163,163,163,198,38,38,38,38,72,86,101,101,101,101],"floor_reached":33,"playtime":976,"items_purged":["Regret"],"score":616,"play_id":"48890686-ef93-4ae2-b26a-d525402af610","local_time":"20201225142031","is_ascension_mode":true,"campfire_choices":[{"data":"Tempest","floor":6.0,"key":"SMITH"},{"data":"Dualcast","floor":11.0,"key":"SMITH"},{"data":"Static Discharge","floor":13.0,"key":"SMITH"},{"data":"Turbo","floor":15.0,"key":"SMITH"},{"data":"Fission","floor":23,"key":"SMITH"},{"floor":27,"key":"REST"},{"floor":32,"key":"REST"}],"circlet_count":0,"master_deck":["AscendersBane","Defend_B","Defend_B","Defend_B","Defend_B","Zap+1","Dualcast+1","Tempest+1","Rebound","FTL","Barrage","Static Discharge+1","Turbo+1","Creative AI","Reinforced Body+1","Fission+1","Storm","Turbo+1","Defragment","Rainbow+1"],"relics":["Cracked Core","NeowsBlessing","Cables","Bag of Preparation","Pear","InkBottle","Busted Crown","Potion Belt","Toxic Egg 2","Orrery","Singing Bowl","War Paint"],"acts_visited":["Exordium","TheCity"],"potions_floor_usage":[20,29,31,31,31,31,33,33],"damage_taken":[{"damage":0.0,"enemies":"Jaw Worm","floor":1.0,"turns":1.0},{"damage":0.0,"enemies":"Small Slimes","floor":5.0,"turns":1.0},{"damage":0.0,"enemies":"Lagavulin","floor":7.0,"turns":1.0},{"damage":0.0,"enemies":"2 Louse","floor":10.0,"turns":1.0},{"damage":4.0,"enemies":"Red Slaver","floor":14.0,"turns":3.0},{"damage":25.0,"enemies":"The Guardian","floor":16.0,"turns":7.0},{"damage":12,"enemies":"Shell Parasite","floor":18,"turns":2},{"damage":13,"enemies":"3 Byrds","floor":20,"turns":3},{"damage":5,"enemies":"Snecko","floor":21,"turns":4},{"damage":22,"enemies":"Book of Stabbing","floor":24,"turns":6},{"damage":25,"enemies":"Slavers","floor":29,"turns":3},{"damage":0,"enemies":"Chosen and Byrds","floor":30,"turns":4},{"damage":2,"enemies":"Centurion and Healer","floor":31,"turns":6},{"damage":60,"enemies":"Automaton","floor":33,"turns":6}],"seed_played":"-3393963463162554781","potions_obtained":[{"floor":5.0,"key":"Swift Potion"},{"floor":14.0,"key":"SteroidPotion"},{"floor":16.0,"key":"LiquidMemories"},{"floor":20,"key":"Explosive Potion"},{"floor":29,"key":"EntropicBrew"}],"is_trial":false,"path_per_floor":["M","?","?","?","M","R","E","T","T","M","R","$","R","M","R","B",null,"M","T","M","M","?","R","E","$","T","R","?","E","M","M","R","B"],"character_chosen":"DEFECT","items_purchased":["Static Discharge","Turbo","Orrery"],"campfire_rested":2,"item_purchase_floors":[12,12,25],"current_hp_per_floor":[64,64,57,57,57,57,57,67,67,67,67,67,67,63,63,38,70,58,58,45,40,40,40,18,18,18,42,42,19,21,21,47,0,0],"gold":101,"neow_bonus":"THREE_ENEMY_KILL","is_daily":false,"chose_seed":false,"campfire_upgraded":5,"win_rate":0.0,"timestamp":1608868231,"path_taken":["M","?","?","?","M","R","E","?","T","?","R","$","R","M","R","BOSS","M","?","M","M","?","R","E","$","T","R","?","E","M","M","R","BOSS"],"items_purchased_type":["Card","Card","Relic"],"build_version":"2020-12-22","purchased_purges":1,"victory":false,"max_hp_per_floor":[71,71,71,71,71,71,71,81,81,81,81,81,81,81,81,81,81,81,81,81,81,81,81,81,81,81,81,81,83,85,87,87,87,87],"card_choices":[{"not_picked":["Redo","Streamline"],"picked":"Tempest","floor":1.0},{"not_picked":["BootSequence","Sweeping Beam"],"picked":"Rebound","floor":5.0},{"not_picked":["Meteor Strike","Leap"],"picked":"FTL","floor":7.0},{"not_picked":["Hello World","Double Energy"],"picked":"Barrage","floor":10.0},{"not_picked":["Steam Power","Beam Cell","Rebound"],"picked":"SKIP","floor":14.0},{"not_picked":["Buffer","Rainbow"],"picked":"Creative AI","floor":16.0},{"not_picked":["Scrape"],"picked":"SKIP","floor":18},{"not_picked":["Steam"],"picked":"SKIP","floor":20},{"not_picked":["Skim"],"picked":"SKIP","floor":21},{"not_picked":[],"picked":"Storm","floor":24},{"not_picked":[],"picked":"Turbo+1","floor":25},{"not_picked":[],"picked":"Defragment","floor":25},{"not_picked":[],"picked":"Rainbow+1","floor":25},{"not_picked":["Hologram+1"],"picked":"Singing Bowl","floor":29},{"not_picked":["Streamline"],"picked":"Singing Bowl","floor":30},{"not_picked":["Streamline"],"picked":"Singing Bowl","floor":31}],"player_experience":1284204,"relics_obtained":[{"floor":7.0,"key":"Bag of Preparation"},{"floor":8.0,"key":"Pear"},{"floor":9.0,"key":"InkBottle"},{"floor":19,"key":"Potion Belt"},{"floor":24,"key":"Toxic Egg 2"},{"floor":26,"key":"Singing Bowl"},{"floor":29,"key":"War Paint"}],"event_choices":[{"cards_removed":["Strike_B"],"damage_healed":0.0,"max_hp_gain":0.0,"max_hp_loss":0.0,"gold_gain":0.0,"event_name":"Living Wall","player_choice":"Forget","floor":2.0,"gold_loss":0.0,"damage_taken":0.0},{"cards_removed":["Strike_B"],"damage_healed":0.0,"max_hp_gain":0.0,"max_hp_loss":0.0,"gold_gain":0.0,"event_name":"Golden Wing","player_choice":"Card Removal","floor":3.0,"gold_loss":0.0,"damage_taken":7.0},{"damage_healed":0.0,"max_hp_gain":0.0,"max_hp_loss":0.0,"gold_gain":0.0,"event_name":"Big Fish","player_choice":"Box","floor":4.0,"gold_loss":0.0,"damage_taken":0.0,"relics_obtained":["Cables"],"cards_obtained":["Regret"]},{"damage_healed":0,"gold_gain":0,"cards_transformed":["Strike_B","Strike_B"],"player_choice":"Became Test Subject","damage_taken":0,"max_hp_gain":0,"max_hp_loss":0,"event_name":"Drug Dealer","floor":22,"gold_loss":0,"cards_obtained":["Reinforced Body","Fission"]},{"damage_healed":0,"gold_gain":0,"player_choice":"Ignored","damage_taken":0,"max_hp_gain":0,"max_hp_loss":0,"event_name":"Vampires","floor":28,"gold_loss":0}],"is_beta":false,"boss_relics":[{"not_picked":["Fusion Hammer","Nuclear Battery"],"picked":"Busted Crown"}],"items_purged_floors":[12],"is_endless":false,"potions_floor_spawned":[5,14,16,18,20,29],"killed_by":"Automaton","ascension_level":20}}