{"host":"wna8kqr6yweggo4i","time":1608872217,"event":{"mods":["BaseMod","Colored Powertips","Hermit","Hubris","Marisa????????","Minty Spire (QoL Compilation)","StSLib"],"gold_per_floor":[115,115,115,90,103,130,150,225,295,295,312,312,43,61,61,61,61],"floor_reached":16,"playtime":501,"items_purged":["ShootingEcho"],"score":100,"play_id":"2fa10689-891e-4f62-9548-b3002551ba07","local_time":"20201224225657","is_ascension_mode":false,"campfire_choices":[{"floor":10,"key":"REST"},{"floor":15,"key":"REST"}],"circlet_count":0,"master_deck":["Strike_MRS","Strike_MRS","Strike_MRS","Strike_MRS","Defend_MRS","Defend_MRS","Defend_MRS","Defend_MRS","MasterSpark","UpSweep","6A+1","GrandCross","ManaConvection","AsteroidBelt","FairyDestructionRay","MysteriousBeam+1","AlicesGift","WitchLeyline","ShootingEcho"],"relics":["MiniHakkero","Dream Catcher","hubris:Icosahedron","hubris:BundleOfHerbs","hubris:CrystalStatue","Strawberry"],"acts_visited":["Exordium"],"potions_floor_usage":[],"damage_taken":[{"damage":8,"enemies":"2 Louse","floor":1,"turns":2},{"damage":0,"enemies":"Small Slimes","floor":5,"turns":3},{"damage":27,"enemies":"3 Sentries","floor":6,"turns":9},{"damage":11,"enemies":"Jaw Worm","floor":7,"turns":2},{"damage":0,"enemies":"Exordium Wildlife","floor":11,"turns":2},{"damage":8,"enemies":"Exordium Thugs","floor":14,"turns":2},{"damage":68,"enemies":"Hexaghost","floor":16,"turns":9}],"seed_played":"8304655421265338268","potions_obtained":[{"floor":5,"key":"BlessingOfTheForge"},{"floor":11,"key":"Dexterity Potion"},{"floor":14,"key":"SpeedPotion"}],"is_trial":false,"path_per_floor":["M","?","?","$","M","E","M","?","T","R","M","?","$","M","R","B"],"character_chosen":"MARISA","items_purchased":["GrandCross","AlicesGift","Strawberry"],"campfire_rested":2,"item_purchase_floors":[4,13,13],"current_hp_per_floor":[67,67,67,67,67,40,32,21,21,43,43,43,50,42,66,0,0],"gold":61,"neow_bonus":"RANDOM_COMMON_RELIC","is_daily":false,"chose_seed":false,"campfire_upgraded":0,"win_rate":0.0,"timestamp":1608872217,"path_taken":["M","?","?","$","M","E","M","?","T","R","M","?","$","M","R","BOSS"],"items_purchased_type":["Card","Card","Relic"],"build_version":"2020-12-22","purchased_purges":1,"victory":false,"max_hp_per_floor":[75,75,75,75,75,75,75,75,75,75,75,75,82,82,82,82,82],"card_choices":[{"not_picked":["MilkyWay","GravityBeat"],"picked":"6A","floor":1},{"not_picked":["EarthLightRay","StarBarrage"],"picked":"ManaConvection","floor":5},{"not_picked":["ChargingUp","BigCrunch"],"picked":"AsteroidBelt","floor":6},{"not_picked":["UnstableBomb","WitchLeyline"],"picked":"FairyDestructionRay","floor":7},{"not_picked":["SuperPerseids","IllusionStar"],"picked":"ShootingEcho","floor":10},{"not_picked":["OneTimeOff","SporeBomb"],"picked":"MysteriousBeam","floor":11},{"not_picked":["LuminesStrike","Orbital"],"picked":"WitchLeyline","floor":14},{"not_picked":["GravityBeat","Acceleration"],"picked":"ShootingEcho","floor":15}],"player_experience":376545,"relics_obtained":[{"floor":6,"key":"hubris:BundleOfHerbs"},{"floor":9,"key":"hubris:CrystalStatue"}],"event_choices":[{"damage_healed":0,"gold_gain":0,"player_choice":"Grow","damage_taken":0,"max_hp_gain":0,"max_hp_loss":0,"event_name":"Living Wall","floor":2,"gold_loss":0,"cards_upgraded":["6A"]},{"damage_healed":0,"gold_gain":75,"player_choice":"Gather Gold","damage_taken":11,"max_hp_gain":0,"max_hp_loss":0,"event_name":"World of Goop","floor":8,"gold_loss":0}],"is_beta":false,"boss_relics":[],"items_purged_floors":[13],"is_endless":false,"potions_floor_spawned":[5,11,14],"killed_by":"Hexaghost","ascension_level":0}}