{"host":"sv2o2io561l6x04h","time":1608932595,"event":{"mods":["BaseMod","Bestiary","Better Altar","Better Match","Better Note","Better Sensory Stone","Colored Map","Conspire","Custom Start","DeckTracker","Downfall","Highlight Path","Hubris","Infinite Spire","Minty Spire (QoL Compilation)","Replay The Spire","Shop Mod","StSLib","The Runesmith"],"gold_per_floor":[99,116,136,154,154,154,154,154,254,254,266,266,285,300,317,420,420,420,437,437,448,448,448,448,448,448,448,448],"floor_reached":26,"playtime":3597,"items_purged":["Slimebound:Tackle"],"score":273,"play_id":"dfec93fe-acc4-41b7-a763-7c570d817f71","local_time":"20201225164315","is_ascension_mode":false,"campfire_choices":[{"data":"Slimebound:Split","floor":1,"key":"SMITH"},{"data":"Slimebound:Gluttony","floor":8,"key":"SMITH"},{"data":"Slimebound:RainOfGoop","floor":10,"key":"SMITH"},{"data":"Slimebound:SplitMire","floor":12,"key":"SMITH"},{"data":"Slimebound:Overexert","floor":18,"key":"SMITH"},{"data":"hubris:Fate","floor":25,"key":"SMITH"}],"circlet_count":0,"master_deck":["Slimebound:Split+1","Slimebound:CorrosiveSpit","Slimebound:Schlurp","Slimebound:RainOfGoop+1","Slimebound:Gluttony+1","Slimebound:SplitMire+1","Slimebound:LeechEnergy","Slimebound:GoopSpray","Slimebound:OozeBath","Slimebound:LeechEnergy","Slimebound:Overexert+1","Slimebound:MinionMaster","Slimebound:LeadByExample","Slimebound:SlimeSlap","Slimebound:MegaLick","Slimebound:Schlurp","Slimebound:SplitLeeching","Slimebound:Tackle","Slimebound:Split+1","Slimebound:CorrosiveSpit","Slimebound:Schlurp","Slimebound:RainOfGoop+1","Slimebound:Gluttony+1","Slimebound:SplitMire+1","Slimebound:LeechEnergy","Slimebound:GoopSpray","Slimebound:OozeBath","Slimebound:LeechEnergy","Slimebound:Overexert+1","Slimebound:MinionMaster","Slimebound:LeadByExample","Slimebound:SlimeSlap","Slimebound:MegaLick","Slimebound:Schlurp","Slimebound:SplitLeeching","Slimebound:SplitMire","hubris:Fate+1"],"relics":["Slimebound:AbsorbEndCombat","Toy Ornithopter","downfall:BrokenWingStatue","conspire:GlowingRock","Pandora\u0027s Box","Replay:Bottled Flurry"],"acts_visited":["Exordium","TheCity"],"potions_floor_usage":[11,21,26,26],"damage_taken":[{"damage":8,"enemies":"Small Slimes","floor":2,"turns":3},{"damage":8,"enemies":"2 Louse","floor":3,"turns":3},{"damage":14,"enemies":"Jaw Worm","floor":4,"turns":3},{"damage":26,"enemies":"Exordium Wildlife","floor":11,"turns":4},{"damage":29,"enemies":"Blue Slaver","floor":13,"turns":3},{"damage":31,"enemies":"Exordium Thugs","floor":14,"turns":4},{"damage":20,"enemies":"2 Fungi Beasts","floor":15,"turns":3},{"damage":67,"enemies":"downfall:Watcher","floor":16,"turns":6},{"damage":24,"enemies":"Spheric Guardian","floor":19,"turns":4},{"damage":40,"enemies":"3 Byrds","floor":21,"turns":5},{"damage":44,"enemies":"Shelled Parasite and Fungi","floor":26,"turns":3}],"seed_played":"8417292595953723987","potions_obtained":[{"floor":4,"key":"Weak Potion"},{"floor":13,"key":"Doom Potion"},{"floor":16,"key":"sneckomod:MuddlingPotion"},{"floor":19,"key":"sneckomod:MuddlingPotion"},{"floor":21,"key":"Fire Potion"}],"is_trial":false,"path_per_floor":["R_BF","M","M","M","?","?","T","R","?","R","M","R","M","M","M","B",null,"R","M","?","M","?","AVR","T","R","M"],"character_chosen":"SLIMEBOUND","items_purchased":[],"campfire_rested":0,"item_purchase_floors":[],"current_hp_per_floor":[60,60,60,60,60,60,60,60,60,60,57,57,47,44,48,25,60,60,44,44,29,29,29,29,29,0,0,0],"gold":448,"neow_bonus":"RANDOM_COMMON_RELIC","is_daily":false,"chose_seed":false,"campfire_upgraded":6,"win_rate":0.0,"timestamp":1608932595,"path_taken":["R_BF","M","M","M","?","?","T","R","?","R","?","R","M","M","M","BOSS","R","M","?","M","?","AVR","T","R","M"],"items_purchased_type":[],"build_version":"2020-12-22","purchased_purges":1,"victory":false,"max_hp_per_floor":[60,60,60,60,60,60,60,60,60,60,60,60,60,60,60,60,60,60,60,60,60,60,60,60,60,60,60,60],"card_choices":[{"not_picked":["Slimebound:SlimeBrawl","Slimebound:FormOfPuddle"],"picked":"Slimebound:Schlurp","floor":2},{"not_picked":["Slimebound:PressTheAttack","Slimebound:Dissolve"],"picked":"Slimebound:RainOfGoop","floor":3},{"not_picked":["Slimebound:PressTheAttack","Slimebound:ComboTackle"],"picked":"Slimebound:Gluttony","floor":4},{"not_picked":["Slimebound:SlimeSpikes","Slimebound:MegaLick"],"picked":"Slimebound:SplitMire","floor":11},{"not_picked":["Slimebound:PressTheAttack","Slimebound:ItLooksTasty"],"picked":"Slimebound:LeechEnergy","floor":13},{"not_picked":["Slimebound:ComboTackle","Slimebound:ForwardTackle","Slimebound:RollThrough"],"picked":"SKIP","floor":14},{"not_picked":["Slimebound:SamplingLick","Slimebound:LeechEnergy"],"picked":"Slimebound:GoopSpray","floor":15},{"not_picked":["Slimebound:SelfFormingGoo","Slimebound:DouseInSlime"],"picked":"Slimebound:OozeBath","floor":16},{"not_picked":["Slimebound:LivingWall","Slimebound:SlimeSpikes"],"picked":"Slimebound:SplitLeeching","floor":19},{"not_picked":["Slimebound:LeechingTouch","Slimebound:Teamwork"],"picked":"Slimebound:SplitMire","floor":21}],"player_experience":266005,"relics_obtained":[{"floor":7,"key":"conspire:GlowingRock"},{"floor":24,"key":"Replay:Bottled Flurry"}],"event_choices":[{"cards_removed":["Slimebound:Tackle"],"damage_healed":0,"gold_gain":0,"player_choice":"Give","damage_taken":0,"max_hp_gain":0,"max_hp_loss":0,"event_name":"betterNote:BetterNote","floor":22,"gold_loss":0,"cards_obtained":["Runesmith:Defend_RS"]}],"is_beta":false,"boss_relics":[{"not_picked":["Runic Dome","hubris:BlackHole"],"picked":"Pandora\u0027s Box"}],"items_purged_floors":[23],"is_endless":false,"potions_floor_spawned":[4,13,16,19,21],"killed_by":"Shelled Parasite and Fungi","ascension_level":0}}