{"host":"April","time":1608939568,"event":{"mods":["BaseMod","Minty Spire (QoL Compilation)"],"gold_per_floor":[113,113,123,142,40,40,67,82,82,108,159,175,210,175,175,280,280,306,381,405,13,40,40,68,68,103,146,169,198,233,254,254,367,367,386,432,76,89,47,47,59,80,89,127,141,205,214,250,250,250],"floor_reached":51,"playtime":3809,"items_purged":[],"score":981,"play_id":"5fe994fd-c29a-47c2-9826-53200484269b","local_time":"20201225153928","is_ascension_mode":true,"campfire_choices":[{"data":"Neutralize","floor":6.0,"key":"SMITH"},{"data":"1","floor":15.0,"key":"LIFT"},{"data":"2","floor":23.0,"key":"LIFT"},{"floor":25.0,"key":"REST"},{"data":"3","floor":32.0,"key":"LIFT"},{"data":"Catalyst","floor":40.0,"key":"SMITH"},{"data":"Well Laid Plans","floor":49,"key":"SMITH"}],"circlet_count":0,"master_deck":["Strike_G","Strike_G+1","Strike_G","Defend_G+1","Defend_G","Defend_G","Defend_G","Defend_G","Survivor","Neutralize+1","All Out Attack","Catalyst+1","Cloak And Dagger","Flying Knee","Calculated Gamble","Terror","Poisoned Stab","Well Laid Plans+1","Sucker Punch","Venomology","Corpse Explosion","Escape Plan","Setup+1","Dash","Shame","Flechettes","Bouncing Flask","Backflip","Deadly Poison+1","Deadly Poison+1","Doppelganger","Deflect+1","Leg Sweep","Distraction","Terror","Crippling Poison+1","Decay","Blur+1","Doubt","Catalyst+1","Die Die Die"],"relics":["Ring of the Snake","Paper Crane","Mango","Girya","CeramicFish","Cursed Key","PreservedInsect","Mercury Hourglass","Peace Pipe","Blood Vial","Thread and Needle","Calipers","SacredBark","Du-Vu Doll","ClockworkSouvenir","Happy Flower","Bronze Scales","Mummified Hand","Centennial Puzzle","Pen Nib"],"acts_visited":["Exordium","TheCity","TheBeyond"],"potions_floor_usage":[45,50],"damage_taken":[{"damage":0.0,"enemies":"2 Louse","floor":1.0,"turns":3.0},{"damage":0.0,"enemies":"Small Slimes","floor":3.0,"turns":2.0},{"damage":0.0,"enemies":"Cultist","floor":4.0,"turns":4.0},{"damage":10.0,"enemies":"Lagavulin","floor":7.0,"turns":7.0},{"damage":0.0,"enemies":"Exordium Wildlife","floor":8.0,"turns":6.0},{"damage":4.0,"enemies":"Gremlin Nob","floor":10.0,"turns":3.0},{"damage":7.0,"enemies":"2 Fungi Beasts","floor":12.0,"turns":3.0},{"damage":14.0,"enemies":"3 Sentries","floor":13.0,"turns":9.0},{"damage":0.0,"enemies":"Slime Boss","floor":16.0,"turns":4.0},{"damage":28.0,"enemies":"2 Thieves","floor":18.0,"turns":3.0},{"damage":6.0,"enemies":"Spheric Guardian","floor":20.0,"turns":4.0},{"damage":1.0,"enemies":"Cultist and Chosen","floor":22.0,"turns":4.0},{"damage":5.0,"enemies":"Gremlin Leader","floor":24.0,"turns":5.0},{"damage":18.0,"enemies":"Slavers","floor":27.0,"turns":3.0},{"damage":7.0,"enemies":"Chosen and Byrds","floor":28.0,"turns":6.0},{"damage":0.0,"enemies":"Snake Plant","floor":29.0,"turns":3.0},{"damage":0.0,"enemies":"Book of Stabbing","floor":30.0,"turns":5.0},{"damage":0.0,"enemies":"3 Cultists","floor":31.0,"turns":2.0},{"damage":0.0,"enemies":"Champ","floor":33.0,"turns":12.0},{"damage":0.0,"enemies":"Orb Walker","floor":35.0,"turns":3.0},{"damage":17.0,"enemies":"2 Orb Walkers","floor":36.0,"turns":5.0},{"damage":0.0,"enemies":"3 Shapes","floor":38.0,"turns":4.0},{"damage":5.0,"enemies":"Maw","floor":41.0,"turns":5.0},{"damage":0,"enemies":"Sphere and 2 Shapes","floor":42,"turns":4},{"damage":13,"enemies":"Nemesis","floor":44,"turns":5},{"damage":0,"enemies":"Spire Growth","floor":45,"turns":5},{"damage":5,"enemies":"Reptomancer","floor":48,"turns":4},{"damage":117,"enemies":"Donu and Deca","floor":50,"turns":10}],"seed_played":"-5545642148844830633","potions_obtained":[{"floor":0.0,"key":"ColorlessPotion"},{"floor":0.0,"key":"FearPotion"},{"floor":0.0,"key":"Ancient Potion"},{"floor":8.0,"key":"LiquidMemories"},{"floor":10.0,"key":"SkillPotion"},{"floor":13.0,"key":"Fire Potion"},{"floor":20.0,"key":"CunningPotion"},{"floor":22.0,"key":"ColorlessPotion"},{"floor":29.0,"key":"Strength Potion"},{"floor":30.0,"key":"Energy Potion"},{"floor":35.0,"key":"Swift Potion"},{"floor":36.0,"key":"FairyPotion"},{"floor":45,"key":"PowerPotion"}],"is_trial":false,"path_per_floor":["M","?","M","M","$","R","E","M","T","E","?","M","E","?","R","B",null,"M","?","M","$","M","R","E","R","T","E","M","M","E","M","R","B",null,"M","?","$","M","?","R","M","M","T","E","M","T","?","E","R","B",null],"character_chosen":"THE_SILENT","items_purchased":["Flying Knee","Calculated Gamble","PreservedInsect","Mercury Hourglass","ClockworkSouvenir","Happy Flower","Leg Sweep"],"campfire_rested":1,"item_purchase_floors":[5,5,21,21,37,37,37],"current_hp_per_floor":[70,56,56,56,56,56,46,46,60,56,56,49,35,56,56,56,84,56,48,42,42,41,41,36,61,61,45,40,42,44,46,46,48,84,84,67,67,69,69,69,66,68,68,57,59,59,59,56,56,50],"gold":250,"neow_bonus":"THREE_SMALL_POTIONS","is_daily":false,"chose_seed":false,"campfire_upgraded":3,"win_rate":0.0,"timestamp":1608939568,"path_taken":["M","?","M","M","$","R","E","M","T","E","?","M","E","?","R","BOSS","M","?","M","$","M","R","E","R","T","E","?","M","E","M","R","BOSS","M","?","$","M","?","R","M","?","T","E","M","?","?","E","R","BOSS"],"items_purchased_type":["Card","Card","Relic","Relic","Relic","Relic","Card"],"build_version":"2020-12-18","purchased_purges":0,"victory":true,"max_hp_per_floor":[70,70,70,70,70,70,70,70,84,84,84,84,84,84,84,84,84,84,84,84,84,84,84,84,84,84,84,84,84,84,84,84,84,84,84,84,84,84,84,84,84,84,84,84,84,84,84,84,84,84],"card_choices":[{"not_picked":["Outmaneuver","Deflect"],"picked":"All Out Attack","floor":1.0},{"not_picked":["Eviscerate","Dagger Throw"],"picked":"Catalyst","floor":3.0},{"not_picked":["Dodge and Roll","Reflex"],"picked":"Cloak And Dagger","floor":4.0},{"not_picked":["Bane","Calculated Gamble"],"picked":"Terror","floor":7.0},{"not_picked":["Heel Hook","Endless Agony"],"picked":"Poisoned Stab","floor":8.0},{"not_picked":["Eviscerate","Escape Plan"],"picked":"Well Laid Plans","floor":10.0},{"not_picked":["Dodge and Roll","Infinite Blades"],"picked":"Sucker Punch","floor":12.0},{"not_picked":["Reflex","Infinite Blades"],"picked":"Venomology","floor":13.0},{"not_picked":["Bullet Time","Venomology"],"picked":"Corpse Explosion","floor":16.0},{"not_picked":["Riddle With Holes+1","Dagger Spray+1"],"picked":"Escape Plan","floor":18.0},{"not_picked":["Backstab+1","Infinite Blades+1"],"picked":"Setup+1","floor":20.0},{"not_picked":["Infinite Blades","Dodge and Roll"],"picked":"Dash","floor":22.0},{"not_picked":["Grand Finale","Heel Hook+1","Sucker Punch"],"picked":"SKIP","floor":24.0},{"not_picked":["Skewer","Finisher+1"],"picked":"Flechettes","floor":27.0},{"not_picked":["Underhanded Strike","Tactician"],"picked":"Bouncing Flask","floor":28.0},{"not_picked":["Finisher+1","Sucker Punch"],"picked":"Backflip","floor":29.0},{"not_picked":["Sucker Punch","Cloak And Dagger"],"picked":"Deadly Poison+1","floor":30.0},{"not_picked":["Dagger Throw","Sucker Punch+1"],"picked":"Deadly Poison+1","floor":31.0},{"not_picked":["Glass Knife","Tools of the Trade"],"picked":"Doppelganger","floor":33.0},{"not_picked":["Quick Slash","Dagger Throw+1"],"picked":"Deflect+1","floor":35.0},{"not_picked":["Storm of Steel","Cloak And Dagger+1","Dodge and Roll+1"],"picked":"SKIP","floor":38.0},{"not_picked":["Deflect+1","Backflip","Outmaneuver"],"picked":"SKIP","floor":41.0},{"not_picked":["Terror+1","Dagger Throw"],"picked":"Crippling Poison+1","floor":42},{"not_picked":["Bane+1","Concentrate+1"],"picked":"Blur+1","floor":44},{"not_picked":["Dagger Throw+1","Tactician","Blade Dance"],"picked":"SKIP","floor":45},{"not_picked":["Poisoned Stab+1","Backflip+1","Die Die Die"],"picked":"SKIP","floor":48},{"not_picked":["Poisoned Stab+1","Backflip+1"],"picked":"Die Die Die","floor":48}],"player_experience":2535427,"relics_obtained":[{"floor":7.0,"key":"Paper Crane"},{"floor":9.0,"key":"Mango"},{"floor":10.0,"key":"Girya"},{"floor":13.0,"key":"CeramicFish"},{"floor":24.0,"key":"Peace Pipe"},{"floor":26.0,"key":"Blood Vial"},{"floor":27.0,"key":"Thread and Needle"},{"floor":30.0,"key":"Calipers"},{"floor":36.0,"key":"Du-Vu Doll"},{"floor":43,"key":"Bronze Scales"},{"floor":44,"key":"Mummified Hand"},{"floor":46,"key":"Centennial Puzzle"},{"floor":48,"key":"Pen Nib"}],"event_choices":[{"damage_healed":0.0,"max_hp_gain":0.0,"max_hp_loss":0.0,"gold_gain":0.0,"event_name":"Shining Light","player_choice":"Entered Light","floor":2.0,"gold_loss":0.0,"damage_taken":14.0,"cards_upgraded":["Defend_G","Strike_G"]},{"damage_healed":0.0,"max_hp_gain":0.0,"max_hp_loss":0.0,"gold_gain":51.0,"event_name":"Golden Wing","player_choice":"Gained Gold","floor":11.0,"gold_loss":0.0,"damage_taken":0.0},{"damage_healed":21.0,"max_hp_gain":0.0,"max_hp_loss":0.0,"gold_gain":0.0,"event_name":"The Cleric","player_choice":"Healed","floor":14.0,"gold_loss":35.0,"damage_taken":0.0},{"damage_healed":0.0,"max_hp_gain":0.0,"max_hp_loss":0.0,"gold_gain":75.0,"event_name":"FaceTrader","player_choice":"Touch","floor":19.0,"gold_loss":0.0,"damage_taken":8.0},{"damage_healed":0.0,"max_hp_gain":0.0,"max_hp_loss":0.0,"gold_gain":0.0,"event_name":"Mysterious Sphere","player_choice":"Fight","floor":36.0,"gold_loss":0.0,"damage_taken":0.0},{"damage_healed":0.0,"max_hp_gain":0.0,"max_hp_loss":0.0,"gold_gain":0.0,"cards_transformed":["Strike_G","Strike_G"],"event_name":"Designer","player_choice":"Transformed Cards","floor":39.0,"gold_loss":60.0,"damage_taken":0.0,"cards_obtained":["Distraction","Terror"]},{"damage_healed":0,"gold_gain":0,"player_choice":"Copied","damage_taken":0,"max_hp_gain":0,"max_hp_loss":0,"event_name":"Duplicator","floor":47,"gold_loss":0,"cards_obtained":["Catalyst"]}],"is_beta":true,"boss_relics":[{"not_picked":["Runic Dome","Sozu"],"picked":"Cursed Key"},{"not_picked":["Philosopher\u0027s Stone","Pandora\u0027s Box"],"picked":"SacredBark"}],"items_purged_floors":[],"is_endless":false,"potions_floor_spawned":[3,8,10,13,20,22,29,30,35,36,42,45,48],"ascension_level":1}}