{"host":"4hhgf71pxvqwkagf","time":1608915905,"event":{"mods":["2.2 Compatiblity","AchievementEnabler","BaseMod","GungeonMod","Hermit","Lobotomy","Minty Spire (QoL Compilation)","Permanent Neow","Quick Restart","READ ME - Guardian Mod","StSLib","SuperFastMode","The Bug Knight","The Hierophant","everything is the same but u backflip on backflip"],"gold_per_floor":[212,227,152,164,24,24,44,44,118,134,146,180,355,21,21,21,21],"floor_reached":16,"playtime":970,"items_purged":["HollowMod:NailStrikeStart","Doubt"],"score":102,"play_id":"b8814cda-4a59-4504-b6e2-6b33e5d034e9","local_time":"20201226020505","is_ascension_mode":false,"campfire_choices":[{"data":"HollowMod:PogoStrike","floor":6,"key":"SMITH"},{"data":"HollowMod:InfectionAssault","floor":8,"key":"SMITH"},{"floor":15,"key":"REST"}],"circlet_count":0,"master_deck":["HollowMod:NailStrikeStart","HollowMod:NailStrikeStart","HollowMod:NailStrikeStart","HollowMod:QuickDashStart","HollowMod:QuickDashStart","HollowMod:QuickDashStart","HollowMod:QuickDashStart","HollowMod:FocusHealStart","HollowMod:PogoStrike+1","HollowMod:LifebloodCocoon","HollowMod:InfectedCysts","HollowMod:PerfectDash","HollowMod:InfectionAssault+1","HollowMod:DungDefenderAura","HollowMod:InfectedCysts","HollowMod:CloakDash","HollowMod:CycloneSlash","HollowMod:SoulStrike","HollowMod:FastStrike","HollowMod:ZotesMagnificence"],"relics":["HollowMod:VesselMask","HollowMod:MantisClawRelic","Juzu Bracelet"],"acts_visited":["Exordium"],"potions_floor_usage":[12,12,12,12,12],"damage_taken":[{"damage":6.0,"enemies":"Cultist","floor":1.0,"turns":4.0},{"damage":0,"enemies":"2 Louse","floor":2,"turns":2},{"damage":4,"enemies":"Jaw Worm","floor":4,"turns":4},{"damage":3,"enemies":"Blue Slaver","floor":7,"turns":4},{"damage":16,"enemies":"Exordium Thugs","floor":10,"turns":3},{"damage":11,"enemies":"Exordium Wildlife","floor":11,"turns":3},{"damage":2,"enemies":"Lagavulin","floor":12,"turns":5},{"damage":80,"enemies":"HollowMod:FalseKnight","floor":16,"turns":12}],"seed_played":"-5364309261137571819","potions_obtained":[{"floor":1.0,"key":"PowerPotion"},{"floor":2,"key":"DemoMod:LeadSkinPotion"},{"floor":4,"key":"EntropicBrew"}],"is_trial":false,"path_per_floor":["M","M","$","M","$","R","M","R","T","M","M","E","?","$","R","B"],"character_chosen":"THE_BUGKNIGHT","items_purchased":["HollowMod:InfectionAssault","HollowMod:DungDefenderAura","HollowMod:FastStrike","HollowMod:ZotesMagnificence"],"campfire_rested":1,"item_purchase_floors":[5,5,14,14],"current_hp_per_floor":[75,75,75,75,75,75,75,75,75,59,48,46,46,46,68,0,0],"gold":21,"neow_bonus":"HUNDRED_GOLD","is_daily":false,"chose_seed":false,"campfire_upgraded":2,"win_rate":0.0,"timestamp":1608915905,"path_taken":["M","M","?","M","$","R","M","R","T","M","?","E","?","$","R","BOSS"],"items_purchased_type":["Card","Card","Card","Card"],"build_version":"2020-12-22","purchased_purges":2,"victory":false,"max_hp_per_floor":[75,75,75,75,75,75,75,75,75,75,75,75,75,75,75,75,75],"card_choices":[{"not_picked":["HollowMod:FastStrike","HollowMod:DoubleDash"],"picked":"HollowMod:LifebloodCocoon","floor":1.0},{"not_picked":["HollowMod:Grubsong","HollowMod:CloakDash"],"picked":"HollowMod:InfectedCysts","floor":2},{"not_picked":["HollowMod:InfectionAssault","HollowMod:SoulStrike"],"picked":"HollowMod:PerfectDash","floor":4},{"not_picked":["HollowMod:FallenFury","HollowMod:LifebloodCocoon"],"picked":"HollowMod:InfectedCysts","floor":7},{"not_picked":["HollowMod:InfectionAssault","HollowMod:NewJinnsSoul"],"picked":"HollowMod:CloakDash","floor":10},{"not_picked":["HollowMod:HowlingWraiths","HollowMod:FastStrike"],"picked":"HollowMod:CycloneSlash","floor":11},{"not_picked":["HollowMod:DesolateDive","HollowMod:SharpenedNail"],"picked":"HollowMod:SoulStrike","floor":12}],"player_experience":405076,"relics_obtained":[{"floor":9,"key":"HollowMod:MantisClawRelic"},{"floor":12,"key":"Juzu Bracelet"}],"event_choices":[{"damage_healed":0,"gold_gain":175,"player_choice":"AGREE","damage_taken":0,"max_hp_gain":0,"max_hp_loss":0,"event_name":"Liars Game","floor":13,"gold_loss":0,"cards_obtained":["Doubt"]}],"is_beta":false,"boss_relics":[],"items_purged_floors":[3,14],"is_endless":false,"potions_floor_spawned":[1,2,4],"killed_by":"HollowMod:FalseKnight","ascension_level":0}}