{"host":"pe0zhl1vvtkxuc0p","time":1608914913,"event":{"mods":["A Magickal Journey","AchievementEnabler","Act Like it!","Aspiration","Astrologer","Bard","BaseMod","Card Forge","CatGirl Mod","Challenge The Spire","Chen","Colored Powertips","Conspire","Curses Come First","GifTheSpireLib","Glutton Mod","Gremlin Mod","Hubris","Hunter 猎人","Infinite Spire","KinomotoSakuraMod(木之本樱)","LagranYue(拉格朗・月)","Lobotomy","Luminous","Marisa（F雨　魔理沙）","Minty Spire (QoL Compilation)","Pale of the Ancients","Quick Restart","Relic Filter","Remilia（蕾米莉亚）","Replay The Spire","Shop Mod","Spikes Relics","StSLib","Stuff the Spire","SuperFastMode","Td1madao Mod","The Blackbeard","The Clintock","The Cursed","The Death Knight","The Dragon Tamer","The Druid","The Factory","The Florist","The Hayseed","The Hierophant","The Jungle","The Mystic","The Necromancer","The Sage","残留之物"],"gold_per_floor":[113,113,28,39,58,86,98,98,125,159,159,84,84,97,97,97,97],"floor_reached":16,"playtime":1118,"items_purged":["SpiderBud"],"score":142,"play_id":"df4cdabb-abab-4dc1-a7ae-73c557d089ff","local_time":"20201226004833","is_ascension_mode":true,"campfire_choices":[{"floor":8,"key":"REST"}],"circlet_count":0,"master_deck":["Strike_P","Strike_P","Strike_P","Strike_P","Defend_P","Defend_P","Defend_P","Defend_P","Eruption","Vigilance","VoidDream","Replay:BluntJabs","Perseverance","Meditate","Alpha","ThirdEye","EmptyBody","Replay:Vibes"],"relics":["PureWater","Hammer of Thor","Seething Fire","Anvil of the Gods","LagranYue:RandomDrawCardRelic","CogitoBucket","hubris:Icosahedron","PreservedInsect","aspiration:FrozenJewel","sagemod:Blowpipe","Iron Hammer","ChangeAnything"],"acts_visited":["Exordium"],"potions_floor_usage":[10,10],"damage_taken":[{"damage":9,"enemies":"conspire:RoseBush","floor":1,"turns":2},{"damage":10,"enemies":"Cultist","floor":4,"turns":3},{"damage":13,"enemies":"Jaw Worm","floor":5,"turns":4},{"damage":18,"enemies":"Lagavulin","floor":6,"turns":5},{"damage":16,"enemies":"Exordium Wildlife","floor":7,"turns":5},{"damage":0,"enemies":"3 Sentries","floor":10,"turns":4},{"damage":12,"enemies":"Large Slime","floor":14,"turns":3},{"damage":40,"enemies":"The Guardian","floor":16,"turns":5}],"seed_played":"-8126280196212210559","potions_obtained":[{"floor":4,"key":"LiquidBronze"},{"floor":5,"key":"BlessingOfTheForge"},{"floor":6,"key":"Swift Potion"},{"floor":15,"key":"FairyPotion"},{"floor":15,"key":"BottledMiracle"},{"floor":15,"key":"Adrenaline Potion"}],"is_trial":false,"path_per_floor":["M","?","?","M","M","E","M","R","T","E","T","$","?","M","R","B"],"character_chosen":"WATCHER","items_purchased":[],"campfire_rested":1,"item_purchase_floors":[],"current_hp_per_floor":[63,63,63,53,40,22,6,27,27,27,27,27,34,22,22,7,7],"gold":97,"neow_bonus":"","is_daily":false,"chose_seed":false,"campfire_upgraded":0,"win_rate":0.0,"timestamp":1608914913,"path_taken":["M","?","?","?","M","E","M","R","T","E","?","$","?","M","R","BOSS"],"items_purchased_type":[],"build_version":"2020-12-22","purchased_purges":1,"victory":false,"max_hp_per_floor":[72,72,72,72,72,72,72,72,72,72,72,72,72,72,72,72,72],"card_choices":[{"not_picked":["MHz","Variant"],"picked":"VoidDream","floor":1},{"not_picked":["Halt","InnerPeace"],"picked":"Replay:BluntJabs","floor":1},{"not_picked":["Scorched","MeatLantern"],"picked":"SpiderBud","floor":4},{"not_picked":["Evaluate","Replay:BluntJabs"],"picked":"Perseverance","floor":4},{"not_picked":["CutThroughFate","Protect"],"picked":"Meditate","floor":5},{"not_picked":["Replay:DivineShield","Replay:AtTheReady"],"picked":"Alpha","floor":6},{"not_picked":["Protect","JustLucky"],"picked":"ThirdEye","floor":7},{"not_picked":["Wallop","SashWhip"],"picked":"EmptyBody","floor":10},{"not_picked":["DespairKnight","Bloodbath","Rudolta"],"picked":"Singing Bowl","floor":14},{"not_picked":["Perseverance","MentalFortress"],"picked":"Replay:Vibes","floor":14}],"player_experience":553092,"relics_obtained":[{"floor":6,"key":"aspiration:FrozenJewel"},{"floor":10,"key":"sagemod:Blowpipe"},{"floor":11,"key":"Iron Hammer"}],"event_choices":[{"damage_healed":0,"gold_gain":0,"player_choice":"Paid Gold","damage_taken":0,"relics_obtained":["PreservedInsect"],"max_hp_gain":0,"max_hp_loss":0,"event_name":"WeMeetAgain","floor":3,"gold_loss":85},{"damage_healed":0,"gold_gain":0,"player_choice":"Got Potions","damage_taken":0,"max_hp_gain":0,"max_hp_loss":0,"event_name":"Lab","floor":15,"gold_loss":0}],"is_beta":false,"boss_relics":[],"items_purged_floors":[12],"is_endless":false,"potions_floor_spawned":[4,5,6,7],"killed_by":"The Guardian","ascension_level":1}}