{"host":"sdl5b0uiznq00owb","time":1608870254,"event":{"mods":["BaseMod","Minty Spire (QoL Compilation)","Permanent Neow","Relic Stats"],"gold_per_floor":[111,211,143,153,164,164,184,197,197,223,237,250,267,293,293,396,396,415,415,448,448,459,459,493,510,510,510,73,83,83,102,102,206,206,251,251,473,523,572,572,602,613,613,613,632,376,376,411,411,411],"floor_reached":51,"playtime":3444,"items_purged":["Strike_P","BowlingBash"],"score":996,"play_id":"b061a58f-abf6-4ddf-aad5-b0ac1703be81","local_time":"20201224222414","is_ascension_mode":true,"campfire_choices":[{"data":"Wallop","floor":6.0,"key":"SMITH"},{"data":"Adaptation","floor":15.0,"key":"SMITH"},{"data":"Ragnarok","floor":23.0,"key":"SMITH"},{"data":"WheelKick","floor":27.0,"key":"SMITH"},{"data":"Vault","floor":30.0,"key":"SMITH"},{"floor":32.0,"key":"REST"},{"data":"Eruption","floor":40.0,"key":"SMITH"},{"data":"Vigilance","floor":44.0,"key":"SMITH"},{"floor":47.0,"key":"REST"},{"data":"Judgement","floor":49,"key":"SMITH"}],"circlet_count":0,"master_deck":["Defend_P","Eruption+1","Vigilance+1","Wallop+1","Judgement+1","Vault+1","DeusExMachina+1","EmptyBody+1","Adaptation+1","Ragnarok+1","Halt+1","Meditate+1","FlurryOfBlows+1","Evaluate+1","WheelKick+1","Wallop+1","SashWhip+1","BowlingBash+1","CutThroughFate+1","ThirdEye+1","Vault+1"],"relics":["Empty Cage","Gremlin Horn","Toxic Egg 2","Singing Bowl","Cursed Key","Red Mask","Ornamental Fan","Molten Egg 2","Astrolabe","Gambling Chip","Prayer Wheel","Akabeko","Vajra","Thread and Needle"],"acts_visited":["Exordium","TheCity","TheBeyond"],"potions_floor_usage":[50,50],"damage_taken":[{"damage":4.0,"enemies":"Jaw Worm","floor":1.0,"turns":5.0},{"damage":0.0,"enemies":"Cultist","floor":4.0,"turns":3.0},{"damage":0.0,"enemies":"2 Louse","floor":5.0,"turns":2.0},{"damage":5.0,"enemies":"Blue Slaver","floor":7.0,"turns":3.0},{"damage":1.0,"enemies":"Looter","floor":8.0,"turns":2.0},{"damage":4.0,"enemies":"Gremlin Nob","floor":10.0,"turns":4.0},{"damage":0.0,"enemies":"3 Louse","floor":11.0,"turns":3.0},{"damage":0.0,"enemies":"Large Slime","floor":12.0,"turns":2.0},{"damage":0.0,"enemies":"Blue Slaver","floor":13.0,"turns":5.0},{"damage":0.0,"enemies":"Lagavulin","floor":14.0,"turns":5.0},{"damage":53.0,"enemies":"Slime Boss","floor":16.0,"turns":11.0},{"damage":1.0,"enemies":"2 Thieves","floor":18.0,"turns":3.0},{"damage":4.0,"enemies":"Masked Bandits","floor":20.0,"turns":4.0},{"damage":11.0,"enemies":"Spheric Guardian","floor":22.0,"turns":3.0},{"damage":2.0,"enemies":"Gremlin Leader","floor":24.0,"turns":5.0},{"damage":0.0,"enemies":"Centurion and Healer","floor":25.0,"turns":3.0},{"damage":3.0,"enemies":"Snake Plant","floor":29.0,"turns":2.0},{"damage":0.0,"enemies":"Sentry and Sphere","floor":31.0,"turns":4.0},{"damage":21.0,"enemies":"Collector","floor":33.0,"turns":10.0},{"damage":0.0,"enemies":"3 Darklings","floor":35.0,"turns":5.0},{"damage":2.0,"enemies":"Mind Bloom Boss Battle","floor":38.0,"turns":4.0},{"damage":18.0,"enemies":"2 Orb Walkers","floor":39.0,"turns":5.0},{"damage":2.0,"enemies":"Giant Head","floor":41.0,"turns":7.0},{"damage":6.0,"enemies":"3 Shapes","floor":42.0,"turns":3.0},{"damage":0.0,"enemies":"3 Darklings","floor":45.0,"turns":5.0},{"damage":0,"enemies":"Nemesis","floor":48,"turns":5},{"damage":24,"enemies":"Awakened One","floor":50,"turns":14}],"seed_played":"7091422367220801101","potions_obtained":[{"floor":4.0,"key":"EssenceOfSteel"},{"floor":7.0,"key":"SteroidPotion"},{"floor":8.0,"key":"Energy Potion"},{"floor":12.0,"key":"Swift Potion"},{"floor":14.0,"key":"Explosive Potion"},{"floor":18.0,"key":"Regen Potion"},{"floor":20.0,"key":"Strength Potion"},{"floor":29.0,"key":"Dexterity Potion"},{"floor":41.0,"key":"Regen Potion"},{"floor":48,"key":"Dexterity Potion"}],"is_trial":false,"path_per_floor":["M","?","$","M","M","R","M","M","T","E","M","M","M","E","R","B",null,"M","?","?","T","M","R","E","M","T","R","$","M","R","M","R","B",null,"M","?","?","?","?","R","E","M","T","R","M","$","R","E","R","B",null],"character_chosen":"WATCHER","items_purchased":["Judgement","Molten Egg 2","Wallop+1","SashWhip+1","Vajra"],"campfire_rested":2,"item_purchase_floors":[3,28,28,28,46],"current_hp_per_floor":[68,68,68,68,68,68,63,62,62,58,58,58,58,58,58,5,55,54,54,50,50,39,39,37,37,37,37,37,36,36,38,60,41,69,69,69,69,69,53,53,51,49,49,49,53,53,80,82,82,58],"gold":411,"neow_bonus":"BOSS_RELIC","is_daily":false,"chose_seed":false,"campfire_upgraded":8,"win_rate":0.0,"timestamp":1608870254,"path_taken":["M","?","$","?","?","R","M","M","T","E","M","M","M","E","R","BOSS","M","?","?","?","M","R","E","M","T","R","$","M","R","M","R","BOSS","M","?","?","?","?","R","E","M","T","R","?","$","R","E","R","BOSS"],"items_purchased_type":["Card","Relic","Card","Card","Relic"],"build_version":"2020-12-22","purchased_purges":2,"victory":true,"max_hp_per_floor":[72,72,72,72,72,72,72,72,72,72,72,72,72,72,72,72,72,72,72,72,72,72,72,72,72,72,72,72,74,74,76,76,78,78,78,78,78,80,82,82,82,86,86,86,90,90,90,92,92,92],"relic_stats":{"Gremlin Horn":[31,29],"Singing Bowl":20,"counters":[27,127],"Ornamental Fan":[124],"Astrolabe":["BowlingBash","Wish","CutThroughFate"],"Gambling Chip":[11],"Prayer Wheel":2,"Cursed Key":0,"obtain_stats":[{"Gremlin Horn":9,"Singing Bowl":14,"Astrolabe":34,"Vajra":46,"Thread and Needle":48,"Empty Cage":0,"Cursed Key":17,"Akabeko":41,"Ornamental Fan":24,"Gambling Chip":38,"Molten Egg 2":28,"Prayer Wheel":39,"Red Mask":20,"PureWater":0,"Toxic Egg 2":10},{"Gremlin Horn":5,"Singing Bowl":10,"Astrolabe":19,"Vajra":25,"Thread and Needle":26,"Empty Cage":0,"Cursed Key":11,"Akabeko":23,"Ornamental Fan":15,"Gambling Chip":21,"Molten Egg 2":16,"Prayer Wheel":22,"Red Mask":13,"PureWater":0,"Toxic Egg 2":6},{"Gremlin Horn":15,"Singing Bowl":34,"Astrolabe":79,"Vajra":108,"Thread and Needle":113,"Empty Cage":0,"Cursed Key":45,"Akabeko":100,"Ornamental Fan":60,"Gambling Chip":88,"Molten Egg 2":63,"Prayer Wheel":93,"Red Mask":52,"PureWater":0,"Toxic Egg 2":19}]},"card_choices":[{"not_picked":["PathToVictory","CrushJoints"],"picked":"Wallop","floor":1.0},{"not_picked":["Pray","ClearTheMind","Nirvana"],"picked":"SKIP","floor":4.0},{"not_picked":["Weave","Evaluate","Crescendo"],"picked":"SKIP","floor":5.0},{"not_picked":["PathToVictory","WreathOfFlame","Sanctity"],"picked":"SKIP","floor":7.0},{"not_picked":["Perseverance","Protect"],"picked":"Vault","floor":8.0},{"not_picked":["Prostrate+1","Consecrate"],"picked":"DeusExMachina+1","floor":10.0},{"not_picked":["WreathOfFlame+1","Evaluate+1"],"picked":"BowlingBash","floor":11.0},{"not_picked":["CrushJoints","SashWhip"],"picked":"EmptyBody+1","floor":12.0},{"not_picked":["Prostrate+1","BowlingBash","Evaluate+1"],"picked":"SKIP","floor":13.0},{"not_picked":["ReachHeaven","MasterReality"],"picked":"Adaptation","floor":14.0},{"not_picked":["ConjureBlade+1","Establishment"],"picked":"Ragnarok","floor":16.0},{"not_picked":["SashWhip","WindmillStrike+1"],"picked":"Halt+1","floor":18.0},{"not_picked":["Wireheading","CutThroughFate+1"],"picked":"Meditate+1","floor":20.0},{"not_picked":["CrushJoints+1","DeceiveReality+1"],"picked":"FlurryOfBlows+1","floor":22.0},{"not_picked":["Fasting2","Pray+1"],"picked":"Evaluate+1","floor":24.0},{"not_picked":["Evaluate+1","PathToVictory+1"],"picked":"WheelKick","floor":25.0},{"not_picked":["Establishment","CarveReality+1","JustLucky+1"],"picked":"Singing Bowl","floor":29.0},{"not_picked":["Halt+1","Adaptation","PathToVictory+1"],"picked":"Singing Bowl","floor":31.0},{"not_picked":["SpiritShield+1","Judgement+1","LessonLearned+1"],"picked":"Singing Bowl","floor":33.0},{"not_picked":["Prostrate+1","SignatureMove+1"],"picked":"ThirdEye+1","floor":35.0},{"not_picked":["Consecrate+1","WindmillStrike+1","Pray+1"],"picked":"Singing Bowl","floor":38.0},{"not_picked":["CrushJoints+1","Worship+1","ThirdEye+1"],"picked":"Singing Bowl","floor":39.0},{"not_picked":["Swivel+1","ClearTheMind+1"],"picked":"Vault+1","floor":41.0},{"not_picked":["FollowUp+1","CrushJoints+1","Wallop+1"],"picked":"Singing Bowl","floor":42.0},{"not_picked":["Wireheading+1","Consecrate+1","Sanctity+1"],"picked":"Singing Bowl","floor":42.0},{"not_picked":["PathToVictory+1","Swivel+1","ForeignInfluence+1"],"picked":"Singing Bowl","floor":45.0},{"not_picked":["FlurryOfBlows+1","ThirdEye+1","BowlingBash+1"],"picked":"Singing Bowl","floor":45.0},{"not_picked":["CrushJoints+1","Halt+1","ThirdEye+1"],"picked":"Singing Bowl","floor":48}],"player_experience":688498,"relics_obtained":[{"floor":9.0,"key":"Gremlin Horn"},{"floor":10.0,"key":"Toxic Egg 2"},{"floor":14.0,"key":"Singing Bowl"},{"floor":20.0,"key":"Red Mask"},{"floor":24.0,"key":"Ornamental Fan"},{"floor":38.0,"key":"Gambling Chip"},{"floor":39.0,"key":"Prayer Wheel"},{"floor":41.0,"key":"Akabeko"},{"floor":48,"key":"Thread and Needle"}],"event_choices":[{"damage_healed":0.0,"max_hp_gain":0.0,"max_hp_loss":0.0,"gold_gain":100.0,"event_name":"Golden Shrine","player_choice":"Pray","floor":2.0,"gold_loss":0.0,"damage_taken":0.0},{"cards_removed":["Strike_P"],"damage_healed":0.0,"max_hp_gain":0.0,"max_hp_loss":0.0,"gold_gain":0.0,"event_name":"Back to Basics","player_choice":"Elegance","floor":19.0,"gold_loss":0.0,"damage_taken":0.0},{"damage_healed":0.0,"max_hp_gain":0.0,"max_hp_loss":0.0,"gold_gain":0.0,"event_name":"Masked Bandits","player_choice":"Fought Bandits","floor":20.0,"gold_loss":0.0,"damage_taken":0.0},{"cards_removed":["Wish"],"damage_healed":0.0,"max_hp_gain":0.0,"max_hp_loss":0.0,"gold_gain":0.0,"event_name":"Falling","player_choice":"Removed Skill","floor":36.0,"gold_loss":0.0,"damage_taken":0.0},{"damage_healed":0.0,"max_hp_gain":0.0,"max_hp_loss":0.0,"gold_gain":222.0,"event_name":"Tomb of Lord Red Mask","player_choice":"Wore Mask","floor":37.0,"gold_loss":0.0,"damage_taken":0.0},{"damage_healed":0.0,"max_hp_gain":0.0,"max_hp_loss":0.0,"gold_gain":0.0,"event_name":"MindBloom","player_choice":"Fight","floor":38.0,"gold_loss":0.0,"damage_taken":0.0},{"damage_healed":0.0,"max_hp_gain":0.0,"max_hp_loss":0.0,"gold_gain":0.0,"event_name":"Mysterious Sphere","player_choice":"Fight","floor":39.0,"gold_loss":0.0,"damage_taken":0.0}],"is_beta":false,"boss_relics":[{"not_picked":["Runic Dome","SlaversCollar"],"picked":"Cursed Key"},{"not_picked":["Coffee Dripper","Philosopher\u0027s Stone"],"picked":"Astrolabe"}],"items_purged_floors":[28,46],"is_endless":false,"potions_floor_spawned":[4,7,8,12,14,18,20,24,29,41,42,45,48],"ascension_level":5}}