{"host":"j204k34h42bd6fas","time":1608873229,"event":{"mods":["Aspiration","BaseMod","Colored Map","Colored Powertips","Conspire","Energized Spire","Hubris","Infinite Spire","JesterMod","Mimic Mod","Minty Spire (QoL Compilation)","Rare Cards Sparkle","Relic Stats","Replay The Spire","Say the Spire","StSLib","The Cursed","The Marked"],"gold_per_floor":[111,111,65,65,125,158,158,171,226,332,332,382,417,417,417,518,518,536,586,636,686,170,170,271,321,366,391,391,416,456,533,533,533],"floor_reached":32,"playtime":669,"items_purged":[],"score":386,"play_id":"d366e5ac-722d-4b5e-bae0-819b508e2967","local_time":"20201225001349","is_ascension_mode":true,"campfire_choices":[{"data":"conspire:SharedLibrary","floor":7,"key":"SMITH"},{"data":"Streamline","floor":11,"key":"SMITH"},{"floor":15,"key":"REST"},{"floor":23,"key":"REST"},{"floor":28,"key":"REST"},{"floor":32,"key":"REST"}],"circlet_count":0,"master_deck":["Strike_B","Strike_B","Strike_B","Strike_B","Defend_B","Defend_B","Defend_B","Defend_B","Zap","Streamline","Steam","conspire:SharedLibrary+1","Streamline+1","Go for the Eyes","Machine Learning","Fusion","Gash","Gash","Melter","Meteor Strike"],"relics":["Cracked Core","NeowsBlessing","infinitespire:Lucky Rock","SsserpentHead","Centennial Puzzle","Omamori","ReplayFunnel","infinitespire:FocusingShard","hubris:ScarierMask","Enchiridion","Replay:Arrowhead","conspire:TreasureMap","Replay:Bandana","aspiration:EnhancedActuators","Replay:Mystery Machine"],"acts_visited":["Exordium","TheCity"],"potions_floor_usage":[30],"damage_taken":[{"damage":0,"enemies":"2 Louse","floor":1,"turns":1},{"damage":0,"enemies":"Jaw Worm","floor":5,"turns":1},{"damage":0,"enemies":"Lagavulin","floor":6,"turns":1},{"damage":0,"enemies":"Cultist","floor":8,"turns":3},{"damage":37,"enemies":"Gremlin Nob","floor":13,"turns":4},{"damage":33,"enemies":"Hexaghost","floor":16,"turns":8},{"damage":19,"enemies":"Spheric Guardian","floor":18,"turns":4},{"damage":7,"enemies":"2 Thieves","floor":26,"turns":4},{"damage":8,"enemies":"2 Thieves","floor":27,"turns":2},{"damage":32,"enemies":"Snake Plant","floor":29,"turns":4},{"damage":13,"enemies":"Gremlin Leader","floor":30,"turns":4},{"damage":6,"enemies":"Cultist and Chosen","floor":31,"turns":4}],"seed_played":"4141605739747426589","potions_obtained":[{"floor":6,"key":"Elixir"},{"floor":8,"key":"Block Potion"},{"floor":27,"key":"Elixir"},{"floor":29,"key":"Venom Potion"},{"floor":31,"key":"Adrenaline Potion"}],"is_trial":false,"path_per_floor":["M","?","$","?","M","E","R","M","T","?","R","?","E","?","R","B",null,"M","?","?","?","$","R","T","?","MIM","M","R","M","E","M","R"],"character_chosen":"DEFECT","items_purchased":["Streamline","Gash","Melter","Replay:Arrowhead","conspire:TreasureMap"],"campfire_rested":4,"item_purchase_floors":[3,22,22,22,22],"current_hp_per_floor":[75,68,68,68,68,68,68,68,68,68,68,68,31,31,53,20,61,42,42,26,26,26,48,48,48,41,33,55,23,10,4,26,26],"gold":533,"neow_bonus":"THREE_ENEMY_KILL","is_daily":false,"chose_seed":false,"campfire_upgraded":2,"win_rate":0.0,"timestamp":1608873229,"path_taken":["M","?","$","?","?","E","R","M","T","?","R","?","E","?","R","BOSS","M","?","?","?","?","R","?","?","MIM","M","R","M","E","?","R"],"items_purchased_type":["Card","Card","Card","Relic","Relic"],"build_version":"2020-12-22","purchased_purges":0,"victory":false,"max_hp_per_floor":[75,75,75,75,75,75,75,75,75,75,75,75,75,75,75,75,75,75,75,75,75,75,75,75,75,75,75,75,75,75,75,75,75],"relic_stats":{"SsserpentHead":550,"Centennial Puzzle":[24],"counters":[12,40],"obtain_stats":[{"ReplayFunnel":12,"conspire:TreasureMap":22,"NeowsBlessing":0,"Enchiridion":20,"infinitespire:FocusingShard":13,"Omamori":9,"infinitespire:Lucky Rock":2,"Replay:Mystery Machine":30,"Replay:Arrowhead":22,"SsserpentHead":4,"Centennial Puzzle":6,"Replay:Bandana":24,"aspiration:EnhancedActuators":25,"hubris:ScarierMask":17,"Cracked Core":0},{"ReplayFunnel":4,"conspire:TreasureMap":7,"NeowsBlessing":0,"Enchiridion":7,"infinitespire:FocusingShard":5,"Omamori":4,"infinitespire:Lucky Rock":1,"Replay:Mystery Machine":11,"Replay:Arrowhead":7,"SsserpentHead":1,"Centennial Puzzle":3,"Replay:Bandana":7,"aspiration:EnhancedActuators":7,"hubris:ScarierMask":6,"Cracked Core":0},{"ReplayFunnel":6,"conspire:TreasureMap":22,"NeowsBlessing":0,"Enchiridion":22,"infinitespire:FocusingShard":10,"Omamori":6,"infinitespire:Lucky Rock":1,"Replay:Mystery Machine":36,"Replay:Arrowhead":22,"SsserpentHead":1,"Centennial Puzzle":3,"Replay:Bandana":22,"aspiration:EnhancedActuators":22,"hubris:ScarierMask":18,"Cracked Core":0}]},"card_choices":[{"not_picked":["Ball Lightning","Compile Driver","Blizzard"],"picked":"SKIP","floor":1},{"not_picked":["ReplayTheSpireMod:Repulse","hubris:PowerSurge"],"picked":"Steam","floor":5},{"not_picked":["Static Discharge","Chill"],"picked":"conspire:SharedLibrary","floor":6},{"not_picked":["ReplayTheSpireMod:Calculation Training","Coolheaded"],"picked":"Streamline","floor":8},{"not_picked":["Hologram","Fission"],"picked":"Go for the Eyes","floor":13},{"not_picked":["Buffer","ReplayRNGCard"],"picked":"Machine Learning","floor":16},{"not_picked":["FIFO Queue+1","Capacitor"],"picked":"Fusion","floor":18},{"not_picked":["Streamline","Sunder+1","Compile Driver"],"picked":"SKIP","floor":27},{"not_picked":["Chaos","Redo","Reinforced Body"],"picked":"SKIP","floor":29},{"not_picked":["Conserve Battery","ReplaySort+1"],"picked":"Meteor Strike","floor":30},{"not_picked":["Compile Driver+1","Redo","Leap"],"picked":"SKIP","floor":31}],"player_experience":307751,"relics_obtained":[{"floor":6,"key":"Centennial Puzzle"},{"floor":9,"key":"Omamori"},{"floor":13,"key":"infinitespire:FocusingShard"},{"floor":20,"key":"Enchiridion"},{"floor":24,"key":"Replay:Bandana"},{"floor":30,"key":"Replay:Mystery Machine"}],"event_choices":[{"damage_healed":0,"gold_gain":0,"player_choice":"Success","damage_taken":7,"relics_obtained":["infinitespire:Lucky Rock"],"max_hp_gain":0,"max_hp_loss":0,"event_name":"Scrap Ooze","floor":2,"gold_loss":0},{"damage_healed":0,"gold_gain":0,"player_choice":"Trade","damage_taken":0,"relics_obtained":["SsserpentHead"],"max_hp_gain":0,"max_hp_loss":0,"event_name":"FaceTrader","floor":4,"gold_loss":0},{"damage_healed":0,"gold_gain":56,"player_choice":"Gained Gold","damage_taken":0,"max_hp_gain":0,"max_hp_loss":0,"event_name":"Golden Wing","floor":10,"gold_loss":0},{"damage_healed":0,"gold_gain":0,"player_choice":"Box","damage_taken":0,"relics_obtained":["ReplayFunnel"],"max_hp_gain":0,"max_hp_loss":0,"event_name":"Big Fish","floor":12,"gold_loss":0,"cards_obtained":["Regret"]},{"cards_removed":["Dualcast"],"damage_healed":0,"gold_gain":0,"player_choice":"Card Removal","damage_taken":0,"max_hp_gain":0,"max_hp_loss":0,"event_name":"The Cleric","floor":14,"gold_loss":50},{"damage_healed":0,"gold_gain":0,"player_choice":"Ignored","damage_taken":0,"max_hp_gain":0,"max_hp_loss":0,"event_name":"Ghosts","floor":19,"gold_loss":0},{"damage_healed":0,"gold_gain":0,"player_choice":"Obtained Book","damage_taken":16,"max_hp_gain":0,"max_hp_loss":0,"event_name":"Cursed Tome","floor":20,"gold_loss":0},{"damage_healed":0,"gold_gain":0,"player_choice":"Smashed Altar","damage_taken":0,"max_hp_gain":0,"max_hp_loss":0,"event_name":"Forgotten Altar","floor":21,"gold_loss":0,"cards_obtained":["Decay"]},{"damage_healed":0,"gold_gain":0,"player_choice":"Gave Potion","damage_taken":0,"relics_obtained":["aspiration:EnhancedActuators"],"max_hp_gain":0,"max_hp_loss":0,"event_name":"WeMeetAgain","floor":25,"gold_loss":0}],"is_beta":false,"boss_relics":[{"not_picked":["infinitespire:Cupcake","Empty Cage"],"picked":"hubris:ScarierMask"}],"items_purged_floors":[],"is_endless":false,"potions_floor_spawned":[6,8,27,29,31],"ascension_level":5}}