{"host":"Misted","time":1608921667,"event":{"mods":["BaseMod","Minty Spire (QoL Compilation)","Replay The Spire","StSLib"],"gold_per_floor":[118,118,43,58,58,91,91,117,117,117,117,117,127,142,142,237,237,251,166,192,210,210,210,223,251,251,13,13,13,37,48,48,145,245,261,261,273,287,305,305,321,249,249,249,269,285,285,285,285,285],"floor_reached":51,"playtime":4935,"items_purged":["Strike_G"],"score":625,"play_id":"b31cfbe0-4c60-464a-a37e-87eea32aa1fb","local_time":"20201225124107","is_ascension_mode":false,"campfire_choices":[{"data":"Neutralize","floor":7,"key":"SMITH"},{"floor":12,"key":"REST"},{"data":"ReplayTheSpireMod:Tripwire","floor":15,"key":"SMITH"},{"data":"Malaise","floor":23,"key":"SMITH"},{"data":"Blade Dance","floor":28,"key":"SMITH"},{"data":"Cloak And Dagger","floor":40,"key":"SMITH"},{"data":"Accuracy","floor":44,"key":"SMITH"},{"data":"After Image","floor":49,"key":"SMITH"}],"circlet_count":0,"master_deck":["Strike_G","Strike_G","Defend_G","Defend_G","Defend_G","Defend_G","Defend_G","Survivor","Neutralize+1","Infinite Blades+1","ReplayTheSpireMod:Tripwire+1","Skewer","Sucker Punch","Blade Dance+1","Sneak Up","Malaise+1","Hidden Blade","ReplayTheSpireMod:Speed Training+1","Slice","After Image+1","PiercingWail+1","ReplayTheSpireMod:Speed Training+1","Cloak And Dagger+1","Parasite","Accuracy+1","Cloak And Dagger+1"],"relics":["Ring of the Snake","Replay:Bottled Flurry","Divine Protection","Oddly Smooth Stone","Tiny Chest","Ancient Tea Set","WristBlade","Pet Ghost","Snake Skull","Art of War","Bottled Lightning","Shuriken","Centennial Puzzle","Replay:Wanted Poster","The Specimen"],"acts_visited":["Exordium","TheCity","TheBeyond"],"potions_floor_usage":[8,16,25,25,50,50,50],"damage_taken":[{"damage":2,"enemies":"2 Louse","floor":1,"turns":4},{"damage":3,"enemies":"Cultist","floor":4,"turns":5},{"damage":16,"enemies":"Gremlin Nob","floor":6,"turns":5},{"damage":21,"enemies":"3 Sentries","floor":8,"turns":9},{"damage":0,"enemies":"Jaw Worm","floor":13,"turns":3},{"damage":0,"enemies":"2 Fungi Beasts","floor":14,"turns":5},{"damage":19,"enemies":"The Guardian","floor":16,"turns":12},{"damage":0,"enemies":"2 Thieves","floor":18,"turns":4},{"damage":0,"enemies":"Chosen","floor":21,"turns":4},{"damage":0,"enemies":"Shelled Parasite and Fungi","floor":24,"turns":6},{"damage":4,"enemies":"Gremlin Leader","floor":25,"turns":6},{"damage":0,"enemies":"Snake Plant","floor":31,"turns":5},{"damage":7,"enemies":"Pondfish","floor":33,"turns":10},{"damage":0,"enemies":"3 Darklings","floor":35,"turns":6},{"damage":0,"enemies":"Orb Walker","floor":37,"turns":3},{"damage":2,"enemies":"4 Shapes","floor":38,"turns":7},{"damage":0,"enemies":"Jaw Worm Horde","floor":39,"turns":6},{"damage":0,"enemies":"Writhing Mass","floor":41,"turns":7},{"damage":0,"enemies":"Transient","floor":45,"turns":5},{"damage":2,"enemies":"3 Darklings","floor":46,"turns":4},{"damage":0,"enemies":"Replay:Hell Engine","floor":50,"turns":6}],"seed_played":"-2877257387445300160","potions_obtained":[{"floor":1,"key":"Poison Potion"},{"floor":4,"key":"ColorlessPotion"},{"floor":13,"key":"AttackPotion"},{"floor":18,"key":"AttackPotion"},{"floor":21,"key":"Poison Potion"},{"floor":24,"key":"DuplicationPotion"},{"floor":37,"key":"FearPotion"},{"floor":45,"key":"SpeedPotion"},{"floor":46,"key":"DuplicationPotion"}],"is_trial":false,"path_per_floor":["M","?","$","M","$","E","R","E","T","?","?","R","M","M","R","B",null,"M","?","T","M","?","R","M","E","T","$","R","?","T","M","R","B",null,"M","$","M","M","M","R","M","$","T","R","M","M","?","?","R","B",null],"character_chosen":"THE_SILENT","items_purchased":["Shuriken","Accuracy"],"campfire_rested":1,"item_purchase_floors":[27,42],"current_hp_per_floor":[68,68,68,65,65,49,49,28,28,28,16,37,37,37,37,18,70,70,70,70,70,70,70,70,66,66,66,66,66,66,66,70,63,70,70,70,70,68,68,68,68,68,68,68,68,66,66,66,66,66],"gold":285,"neow_bonus":"THREE_CARDS","is_daily":false,"chose_seed":false,"campfire_upgraded":7,"win_rate":0.0,"timestamp":1608921667,"path_taken":["M","?","?","M","$","E","R","E","T","?","?","R","M","M","R","BOSS","M","?","?","M","?","R","?","E","T","$","R","?","?","M","R","BOSS","M","?","M","M","M","R","M","$","T","R","M","M","?","?","R","BOSS"],"items_purchased_type":["Relic","Card"],"build_version":"2020-12-18","purchased_purges":1,"victory":true,"max_hp_per_floor":[70,70,70,70,70,70,70,70,70,70,70,70,70,70,70,70,70,70,70,70,70,70,70,70,70,70,70,70,70,70,70,70,70,70,70,70,70,70,70,70,70,70,70,70,70,70,66,66,66,66],"card_choices":[{"not_picked":["Underhanded Strike","Endless Agony"],"picked":"Infinite Blades","floor":0},{"not_picked":["Distraction","Blade Dance"],"picked":"ReplayTheSpireMod:Tripwire","floor":1},{"not_picked":["Deflect","Quick Slash"],"picked":"Skewer","floor":4},{"not_picked":["Night Terror","Dagger Throw"],"picked":"Sucker Punch","floor":6},{"not_picked":["Infinite Blades","Bouncing Flask"],"picked":"Blade Dance","floor":8},{"not_picked":["Quick Slash","Cloak And Dagger"],"picked":"Sneak Up","floor":13},{"not_picked":["Deflect","Acrobatics","Slice"],"picked":"SKIP","floor":14},{"not_picked":["Doppelganger","Atom Bomb"],"picked":"Malaise","floor":16},{"not_picked":["Dodge and Roll","Blade Dance"],"picked":"Hidden Blade","floor":18},{"not_picked":["Calculated Gamble","Dagger Throw"],"picked":"ReplayTheSpireMod:Speed Training","floor":21},{"not_picked":["Deflect","Acrobatics","Underhanded Strike+1"],"picked":"SKIP","floor":24},{"not_picked":["ReplayTheSpireMod:The Works","Tactician"],"picked":"Slice","floor":25},{"not_picked":["Deflect","Sneak Up","Dagger Throw"],"picked":"SKIP","floor":31},{"not_picked":["Grand Finale","Night Terror"],"picked":"After Image","floor":33},{"not_picked":["Backflip","Poisoned Stab+1"],"picked":"PiercingWail+1","floor":35},{"not_picked":["Bane+1","Deadly Poison+1"],"picked":"ReplayTheSpireMod:Speed Training+1","floor":37},{"not_picked":["Hidden Blade","Dodge and Roll"],"picked":"Cloak And Dagger","floor":38},{"not_picked":["Dash+1","Flechettes+1","Reflex+1"],"picked":"SKIP","floor":39},{"not_picked":["Outmaneuver","Flying Knee","Deflect+1"],"picked":"SKIP","floor":41},{"not_picked":["Eviscerate+1","Setup","Wraith Form v2"],"picked":"SKIP","floor":45},{"not_picked":["Fluid Movement","Dodge and Roll"],"picked":"Cloak And Dagger+1","floor":46}],"player_experience":713540,"relics_obtained":[{"floor":6,"key":"Divine Protection"},{"floor":8,"key":"Oddly Smooth Stone"},{"floor":9,"key":"Tiny Chest"},{"floor":20,"key":"Snake Skull"},{"floor":25,"key":"Art of War"},{"floor":26,"key":"Bottled Lightning"},{"floor":30,"key":"Centennial Puzzle"},{"floor":43,"key":"The Specimen"}],"event_choices":[{"damage_healed":0,"gold_gain":0,"player_choice":"Gave Potion","damage_taken":0,"relics_obtained":["Replay:Bottled Flurry"],"max_hp_gain":0,"max_hp_loss":0,"event_name":"WeMeetAgain","floor":2,"gold_loss":0},{"damage_healed":0,"gold_gain":0,"player_choice":"Success","damage_taken":12,"relics_obtained":["Ancient Tea Set"],"max_hp_gain":0,"max_hp_loss":0,"event_name":"Scrap Ooze","floor":11,"gold_loss":0},{"damage_healed":0,"gold_gain":0,"player_choice":"Obtained Relic","damage_taken":0,"relics_obtained":["Pet Ghost"],"max_hp_gain":0,"max_hp_loss":0,"event_name":"Addict","floor":19,"gold_loss":85},{"cards_removed":["Strike_G"],"damage_healed":0,"gold_gain":0,"player_choice":"Offered Basic","damage_taken":0,"max_hp_gain":0,"max_hp_loss":0,"event_name":"Bonfire Elementals","floor":22,"gold_loss":0},{"cards_removed":["Strike_G"],"damage_healed":0,"gold_gain":0,"player_choice":"Card Removal","damage_taken":0,"max_hp_gain":0,"max_hp_loss":0,"event_name":"Wheel of Change","floor":29,"gold_loss":0},{"damage_healed":0,"gold_gain":0,"player_choice":"Max HP","damage_taken":0,"max_hp_gain":0,"max_hp_loss":4,"event_name":"Winding Halls","floor":47,"gold_loss":0},{"damage_healed":0,"gold_gain":0,"player_choice":"Ignored","damage_taken":0,"max_hp_gain":0,"max_hp_loss":0,"event_name":"Tomb of Lord Red Mask","floor":48,"gold_loss":0}],"is_beta":true,"boss_relics":[{"not_picked":["ChewingGum","Empty Cage"],"picked":"WristBlade"},{"not_picked":["Replay:Ancient Bell","Fusion Hammer"],"picked":"Replay:Wanted Poster"}],"items_purged_floors":[3],"is_endless":false,"potions_floor_spawned":[1,4,13,18,21,24,37,45,46],"ascension_level":0}}