{"host":"avjwtc49fhlk6kym","time":1608927203,"event":{"mods":["AchievementEnabler","BaseMod","Better Match","Better Note","Better Third Choice","Colored Map","Colored Powertips","Displayed Cursed Tome","Highlight Path","Minty Spire (QoL Compilation)","Permanent Neow","Quick Restart","StSLib"],"gold_per_floor":[112,127,145,95,111,111,141,141,141,141,141,172,191,266,266,392,455,480,405,429,137,52,52,52,14,14,14,32,47,122,140,140,140,140],"floor_reached":33,"playtime":1326,"items_purged":["Defend_P"],"score":281,"play_id":"f1a464b0-c3bc-418f-97a7-86bb6d4d7130","local_time":"20201225151323","is_ascension_mode":true,"campfire_choices":[{"data":"Eruption","floor":6.0,"key":"SMITH"},{"floor":8.0,"key":"REST"},{"floor":10.0,"key":"REST"},{"floor":15.0,"key":"REST"},{"floor":23.0,"key":"REST"},{"floor":27.0,"key":"RECALL"},{"floor":32.0,"key":"REST"}],"circlet_count":0,"master_deck":["Eruption+1","Vigilance","FollowUp+1","Meditate","LessonLearned","Prostrate","CrushJoints","WheelKick+1","FlurryOfBlows+1","ConjureBlade","ThirdEye","CrushJoints+1","Protect","Brilliance","Wireheading","Sanctity","Doubt","ClearTheMind+1","Swivel","Evaluate+1"],"relics":["Cursed Key","Bottled Flame","Bottled Lightning","Golden Idol","Blue Candle","Tiny House","Singing Bowl","Lizard Tail"],"acts_visited":["Exordium","TheCity"],"potions_floor_usage":[33,33],"damage_taken":[{"damage":0.0,"enemies":"Cultist","floor":1.0,"turns":3.0},{"damage":0.0,"enemies":"Small Slimes","floor":2.0,"turns":2.0},{"damage":0.0,"enemies":"Jaw Worm","floor":3.0,"turns":3.0},{"damage":0.0,"enemies":"Looter","floor":5.0,"turns":1.0},{"damage":42.0,"enemies":"3 Sentries","floor":7.0,"turns":11.0},{"damage":23.0,"enemies":"Lagavulin","floor":12.0,"turns":6.0},{"damage":0.0,"enemies":"2 Fungi Beasts","floor":13.0,"turns":2.0},{"damage":18.0,"enemies":"The Guardian","floor":16.0,"turns":9.0},{"damage":18.0,"enemies":"Shell Parasite","floor":18.0,"turns":4.0},{"damage":13.0,"enemies":"3 Byrds","floor":20.0,"turns":4.0},{"damage":21.0,"enemies":"Sentry and Sphere","floor":28.0,"turns":5.0},{"damage":28.0,"enemies":"Snake Plant","floor":29.0,"turns":4.0},{"damage":24.0,"enemies":"Shelled Parasite and Fungi","floor":31.0,"turns":3.0},{"damage":51,"enemies":"Collector","floor":33,"turns":8}],"seed_played":"4387261611765304481","potions_obtained":[{"floor":2.0,"key":"LiquidBronze"},{"floor":12.0,"key":"StancePotion"},{"floor":13.0,"key":"ColorlessPotion"},{"floor":16.0,"key":"Strength Potion"},{"floor":17.0,"key":"SneckoOil"},{"floor":18.0,"key":"ColorlessPotion"},{"floor":28.0,"key":"Energy Potion"},{"floor":29.0,"key":"ColorlessPotion"},{"floor":31.0,"key":"Block Potion"}],"is_trial":false,"path_per_floor":["M","M","M","?","M","R","E","R","T","R","?","E","M","?","R","B",null,"M","?","M","$","?","R","?","$","T","R","M","M","?","M","R","B"],"character_chosen":"WATCHER","items_purchased":["Brilliance","Wireheading","Sanctity"],"campfire_rested":5,"item_purchase_floors":[21,21,25],"current_hp_per_floor":[72,72,72,72,72,72,30,51,51,72,54,31,31,20,41,23,77,59,59,46,46,46,69,69,69,69,69,48,20,13,27,50,0,0],"gold":140,"neow_bonus":"BOSS_RELIC","is_daily":false,"chose_seed":false,"campfire_upgraded":1,"win_rate":0.0,"timestamp":1608927203,"path_taken":["M","M","?","?","M","R","E","R","T","R","?","E","M","?","R","BOSS","M","?","M","$","?","R","?","?","T","R","M","M","?","M","R","BOSS"],"items_purchased_type":["Card","Card","Card"],"build_version":"2020-12-22","purchased_purges":1,"victory":false,"max_hp_per_floor":[72,72,72,72,72,72,72,72,72,72,72,72,72,72,72,72,77,77,77,77,77,77,77,77,77,77,77,77,77,77,77,77,77,77],"card_choices":[{"not_picked":["EmptyFist","Consecrate"],"picked":"FollowUp","floor":1.0},{"not_picked":["Vengeance","Halt"],"picked":"Meditate","floor":2.0},{"not_picked":["WreathOfFlame","Consecrate"],"picked":"LessonLearned","floor":3.0},{"not_picked":["EmptyFist","Crescendo"],"picked":"Prostrate","floor":5.0},{"not_picked":["CutThroughFate","Worship"],"picked":"CrushJoints","floor":7.0},{"not_picked":["Consecrate","Alpha"],"picked":"WheelKick","floor":12.0},{"not_picked":["JustLucky","EmptyMind"],"picked":"FlurryOfBlows","floor":13.0},{"not_picked":["SpiritShield","Ragnarok"],"picked":"ConjureBlade","floor":16.0},{"not_picked":["TalkToTheHand","InnerPeace"],"picked":"ThirdEye","floor":17.0},{"not_picked":["Collect","Pray+1"],"picked":"CrushJoints+1","floor":18.0},{"not_picked":["Perseverance+1","PathToVictory"],"picked":"Protect","floor":20.0},{"not_picked":["FlurryOfBlows","CrushJoints"],"picked":"ClearTheMind+1","floor":28.0},{"not_picked":["WaveOfTheHand","EmptyMind"],"picked":"Swivel","floor":29.0},{"not_picked":["Indignation","Protect+1"],"picked":"Evaluate+1","floor":31.0}],"player_experience":366211,"relics_obtained":[{"floor":7.0,"key":"Bottled Flame"},{"floor":9.0,"key":"Bottled Lightning"},{"floor":12.0,"key":"Blue Candle"},{"floor":26.0,"key":"Lizard Tail"}],"event_choices":[{"cards_removed":["Defend_P"],"damage_healed":0.0,"max_hp_gain":0.0,"max_hp_loss":0.0,"gold_gain":0.0,"event_name":"The Cleric","player_choice":"Card Removal","floor":4.0,"gold_loss":50.0,"damage_taken":0.0},{"damage_healed":0.0,"max_hp_gain":0.0,"max_hp_loss":0.0,"gold_gain":0.0,"event_name":"Golden Idol","player_choice":"Take Damage","floor":11.0,"gold_loss":0.0,"damage_taken":18.0,"relics_obtained":["Golden Idol"]},{"damage_healed":0.0,"max_hp_gain":0.0,"max_hp_loss":0.0,"gold_gain":75.0,"event_name":"betterThird:BetterGoop","player_choice":"Gold","floor":14.0,"gold_loss":0.0,"damage_taken":11.0},{"cards_removed":["Clumsy"],"damage_healed":0.0,"max_hp_gain":0.0,"max_hp_loss":0.0,"gold_gain":0.0,"event_name":"Beggar","player_choice":"Gave Gold","floor":19.0,"gold_loss":75.0,"damage_taken":0.0},{"damage_healed":0.0,"max_hp_gain":0.0,"max_hp_loss":0.0,"gold_gain":0.0,"event_name":"Addict","player_choice":"Obtained Relic","floor":22.0,"gold_loss":85.0,"damage_taken":0.0,"relics_obtained":["Singing Bowl"]},{"damage_healed":0.0,"max_hp_gain":0.0,"max_hp_loss":6.0,"gold_gain":0.0,"event_name":"betterThird:BetterWriting","player_choice":"Materialism","floor":24.0,"gold_loss":0.0,"damage_taken":0.0},{"damage_healed":0.0,"max_hp_gain":0.0,"max_hp_loss":0.0,"gold_gain":75.0,"event_name":"FaceTrader","player_choice":"Touch","floor":30.0,"gold_loss":0.0,"damage_taken":7.0}],"is_beta":false,"boss_relics":[{"not_picked":["Philosopher\u0027s Stone","Snecko Eye"],"picked":"Tiny House"}],"items_purged_floors":[21],"is_endless":false,"potions_floor_spawned":[2,12,13,16,18,28,29,31],"killed_by":"Collector","ascension_level":2}}