{"host":"9ndbo4kgsfoemf7y","time":1608860015,"event":{"mods":["AchievementEnabler","BaseMod","Colored Map","DeckTracker","Keyboard Shortcuts","Minty Spire (QoL Compilation)","Permanent Neow","Quick Restart","Relic Stats","StSLib","SuperFastMode"],"gold_per_floor":[117,135,210,210,222,234,234],"floor_reached":6,"playtime":123,"items_purged":[],"score":66,"play_id":"6861bbe2-3b73-44c4-b8e8-798560d6d5ac","local_time":"20201225103335","is_ascension_mode":true,"campfire_choices":[],"circlet_count":0,"master_deck":["AscendersBane","Strike_G","Strike_G","Strike_G","Strike_G","Strike_G","Defend_G","Defend_G","Defend_G","Defend_G","Defend_G","Survivor","Neutralize","CurseOfTheBell","Blade Dance","Blade Dance"],"relics":["Calling Bell","Regal Pillow","InkBottle","Ginger","MawBank"],"acts_visited":["Exordium"],"potions_floor_usage":[6],"damage_taken":[{"damage":4.0,"enemies":"Small Slimes","floor":1.0,"turns":4.0},{"damage":4.0,"enemies":"2 Louse","floor":2.0,"turns":3.0},{"damage":57,"enemies":"Lagavulin","floor":6,"turns":8}],"seed_played":"3969722787345641430","potions_obtained":[{"floor":2.0,"key":"Regen Potion"}],"is_trial":false,"path_per_floor":["M","M","?","?","$","E"],"character_chosen":"THE_SILENT","items_purchased":[],"campfire_rested":0,"item_purchase_floors":[],"current_hp_per_floor":[55,51,40,29,29,0,0],"gold":234,"neow_bonus":"BOSS_RELIC","is_daily":false,"chose_seed":false,"campfire_upgraded":0,"win_rate":0.0,"timestamp":1608860015,"path_taken":["M","M","?","?","$","E"],"items_purchased_type":[],"build_version":"2020-12-22","purchased_purges":0,"victory":false,"max_hp_per_floor":[66,66,66,66,66,66,66],"relic_stats":{"Regal Pillow":0,"counters":[3,15],"Ginger":[3],"MawBank":24,"obtain_stats":[{"Calling Bell":0,"Regal Pillow":0,"Ginger":0,"MawBank":4,"InkBottle":0,"Ring of the Snake":0},{"Calling Bell":0,"Regal Pillow":0,"Ginger":0,"MawBank":2,"InkBottle":0,"Ring of the Snake":0},{"Calling Bell":0,"Regal Pillow":0,"Ginger":0,"MawBank":7,"InkBottle":0,"Ring of the Snake":0}],"InkBottle":[6]},"card_choices":[{"not_picked":["Footwork","Underhanded Strike"],"picked":"Blade Dance","floor":1.0},{"not_picked":["Endless Agony","Dagger Spray"],"picked":"Blade Dance","floor":2.0}],"player_experience":740426,"relics_obtained":[{"floor":0.0,"key":"Regal Pillow"},{"floor":0.0,"key":"InkBottle"},{"floor":0.0,"key":"Ginger"}],"event_choices":[{"damage_healed":0.0,"max_hp_gain":0.0,"max_hp_loss":0.0,"gold_gain":75.0,"event_name":"World of Goop","player_choice":"Gather Gold","floor":3.0,"gold_loss":0.0,"damage_taken":11.0},{"damage_healed":0.0,"max_hp_gain":0.0,"max_hp_loss":0.0,"gold_gain":0.0,"event_name":"Scrap Ooze","player_choice":"Success","floor":4.0,"gold_loss":0.0,"damage_taken":11.0,"relics_obtained":["MawBank"]}],"is_beta":false,"boss_relics":[],"items_purged_floors":[],"is_endless":false,"potions_floor_spawned":[2],"killed_by":"Lagavulin","ascension_level":19}}