{"host":"kiauivt48syq9iz6","time":1608866257,"event":{"mods":["BaseMod","Conspire","Downfall","Hermit","Minty Spire (QoL Compilation)","Replay The Spire","SIMod","StSLib","The Animator","The Construct","The Cursed","The Runesmith","The Servant 0.9.4"],"gold_per_floor":[109,123,20,20,38,38,51,51,51,72,72,96,132,34,34,165,165,188,32,32,32,32,32,32],"floor_reached":23,"playtime":918,"items_purged":[],"score":189,"play_id":"c17ccddc-cbe9-4235-b41d-f00d625362a9","local_time":"20201224201737","is_ascension_mode":false,"campfire_choices":[{"data":"hermit:Gestalt","floor":6,"key":"SMITH"},{"data":"hermit:Gestalt","floor":11,"key":"SMITH"},{"data":"hermit:Coalescence","floor":15,"key":"SMITH"}],"circlet_count":0,"master_deck":["hermit:Strike_Hermit","hermit:Strike_Hermit","hermit:Strike_Hermit","hermit:Strike_Hermit","hermit:Defend_Hermit","hermit:Defend_Hermit","hermit:Defend_Hermit","hermit:Defend_Hermit","hermit:Snapshot","hermit:Covet","hermit:Glare","hermit:Gestalt+1","hermit:Manifest+1","hermit:Quickdraw","hermit:Gestalt+1","hermit:WideOpen","hermit:Virtue","hermit:Snipe","hermit:Manifest","hermit:Brawl+1","hermit:Coalescence+1","hermit:Roughhouse","hermit:Dive+1"],"relics":["hermit:Momento","Golden Idol","Darkstone Periapt","Pantograph","conspire:RoyalGoblet","Medical Kit","Ring of Panic"],"acts_visited":["Exordium","TheCity"],"potions_floor_usage":[10,10,13,13,16,16],"damage_taken":[{"damage":0,"enemies":"2 Louse","floor":1,"turns":3},{"damage":5,"enemies":"Small Slimes","floor":2,"turns":2},{"damage":1,"enemies":"Jaw Worm","floor":5,"turns":2},{"damage":0,"enemies":"Blue Slaver","floor":7,"turns":6},{"damage":2,"enemies":"Large Slime","floor":10,"turns":5},{"damage":2,"enemies":"Gremlin Gang","floor":12,"turns":6},{"damage":5,"enemies":"Gremlin Nob","floor":13,"turns":3},{"damage":70,"enemies":"Hexaghost","floor":16,"turns":13},{"damage":16,"enemies":"Shell Parasite","floor":18,"turns":9},{"damage":67,"enemies":"3 Byrds","floor":23,"turns":7}],"seed_played":"1653880859409870119","potions_obtained":[{"floor":1,"key":"EntropicBrew"},{"floor":10,"key":"Weak Potion"},{"floor":12,"key":"Slimebound:ThreeZeroPotion"},{"floor":13,"key":"sneckomod:MuddlingPotion"}],"is_trial":false,"path_per_floor":["M","M","$","?","M","R","M","?","T","M","R","M","E","$","R","B",null,"M","$","?","?","$","M"],"character_chosen":"HERMIT","items_purchased":["hermit:Manifest","hermit:Quickdraw","hermit:Brawl+1","hermit:Coalescence","Medical Kit"],"campfire_rested":0,"item_purchase_floors":[3,3,14,14,19],"current_hp_per_floor":[82,77,77,76,75,75,75,75,75,73,73,71,66,66,66,6,76,60,60,60,60,60,0,0],"gold":32,"neow_bonus":"TEN_PERCENT_HP_BONUS","is_daily":false,"chose_seed":false,"campfire_upgraded":3,"win_rate":0.0,"timestamp":1608866257,"path_taken":["M","M","$","?","M","R","M","?","T","M","R","M","E","$","R","BOSS","M","$","?","?","$","M"],"items_purchased_type":["Card","Card","Card","Card","Relic"],"build_version":"2020-12-22","purchased_purges":0,"victory":false,"max_hp_per_floor":[82,82,82,76,76,76,76,76,76,76,76,76,76,76,76,76,76,76,76,76,76,76,76,76],"card_choices":[{"not_picked":["hermit:CalledShot","hermit:Ricochet"],"picked":"hermit:Glare","floor":1},{"not_picked":["hermit:HoleUp","hermit:ItchyTrigger"],"picked":"hermit:Gestalt","floor":2},{"not_picked":["hermit:TrackingShot","hermit:Coalescence"],"picked":"hermit:Gestalt","floor":5},{"not_picked":["hermit:HoleUp","hermit:Misfire"],"picked":"hermit:WideOpen","floor":7},{"not_picked":["hermit:BodyArmor","hermit:WideOpen"],"picked":"hermit:Virtue","floor":10},{"not_picked":["hermit:Horror","hermit:Roulette"],"picked":"hermit:Snipe","floor":12},{"not_picked":["hermit:BodyArmor","hermit:Ricochet"],"picked":"hermit:Manifest","floor":13},{"not_picked":["hermit:RoundhouseKick","hermit:FinalCanter"],"picked":"hermit:Roughhouse","floor":16},{"not_picked":["hermit:BigShot+1","hermit:LowProfile"],"picked":"hermit:Dive+1","floor":18}],"player_experience":56622,"relics_obtained":[{"floor":9,"key":"Darkstone Periapt"},{"floor":13,"key":"Pantograph"},{"floor":20,"key":"Ring of Panic"}],"event_choices":[{"damage_healed":0,"gold_gain":0,"player_choice":"Lose Max HP","damage_taken":0,"relics_obtained":["Golden Idol"],"max_hp_gain":0,"max_hp_loss":6,"event_name":"Golden Idol","floor":4,"gold_loss":0},{"damage_healed":0,"gold_gain":0,"player_choice":"Leave","damage_taken":0,"max_hp_gain":0,"max_hp_loss":0,"event_name":"conspire:Investor","floor":21,"gold_loss":0}],"is_beta":false,"boss_relics":[{"not_picked":["Tiny House","construct:WeddingRing"],"picked":"conspire:RoyalGoblet"}],"items_purged_floors":[],"is_endless":false,"potions_floor_spawned":[1,10,12,13],"killed_by":"3 Byrds","ascension_level":0}}