{"host":"iphsb0ccnjx0pfn6","time":1608872448,"event":{"mods":["2.2 Compatiblity","AchievementEnabler","BaseMod","Colored Map","DeckTracker","Keyboard Shortcuts","Minty Spire (QoL Compilation)","Permanent Neow","Quick Restart","Relic Stats","StSLib","SuperFastMode","Uncapped","everything is the same but u backflip on backflip"],"gold_per_floor":[115,127,143,154,154,187,187,221,221,221,221,234,234,249,249,340,340,356,281,294,294,313,313,357,370,370,109,128,128,143,187,187,187,187],"floor_reached":33,"playtime":997,"items_purged":["Strike_P","Strike_P"],"score":652,"play_id":"6fee8c9f-2217-41dd-a923-10263b20621f","local_time":"20201225140048","is_ascension_mode":true,"campfire_choices":[{"data":"Eruption","floor":7.0,"key":"SMITH"},{"data":"CrushJoints","floor":13.0,"key":"SMITH"},{"data":"Indignation","floor":15.0,"key":"SMITH"},{"data":"TalkToTheHand","floor":23.0,"key":"SMITH"},{"floor":32,"key":"REST"}],"circlet_count":0,"master_deck":["AscendersBane","Strike_P","Defend_P","Defend_P+1","Defend_P","Defend_P+1","Eruption+1","Vigilance","ConjureBlade+1","CutThroughFate+1","CrushJoints+1","Indignation+1","FearNoEvil+1","LessonLearned","Crescendo+1","TalkToTheHand+1","Adaptation+1"],"relics":["PureWater","Anchor","Akabeko","Meat on the Bone","Golden Idol","Philosopher\u0027s Stone","FossilizedHelix","Orichalcum","OrangePellets","Centennial Puzzle"],"acts_visited":["Exordium","TheCity"],"potions_floor_usage":[24,29,33,33],"damage_taken":[{"damage":5.0,"enemies":"2 Louse","floor":1.0,"turns":4.0},{"damage":4.0,"enemies":"Jaw Worm","floor":2.0,"turns":5.0},{"damage":6.0,"enemies":"Small Slimes","floor":3.0,"turns":4.0},{"damage":5.0,"enemies":"Red Slaver","floor":4.0,"turns":5.0},{"damage":8.0,"enemies":"Gremlin Nob","floor":6.0,"turns":3.0},{"damage":0.0,"enemies":"Lagavulin","floor":8.0,"turns":4.0},{"damage":0.0,"enemies":"Looter","floor":12.0,"turns":2.0},{"damage":0.0,"enemies":"Gremlin Gang","floor":14.0,"turns":4.0},{"damage":17.0,"enemies":"Hexaghost","floor":16.0,"turns":6.0},{"damage":16.0,"enemies":"2 Thieves","floor":18.0,"turns":4.0},{"damage":0.0,"enemies":"Chosen","floor":20.0,"turns":2.0},{"damage":6.0,"enemies":"Centurion and Healer","floor":22.0,"turns":4.0},{"damage":32,"enemies":"Slavers","floor":24,"turns":7},{"damage":0,"enemies":"Shelled Parasite and Fungi","floor":25,"turns":2},{"damage":18,"enemies":"Sentry and Sphere","floor":28,"turns":5},{"damage":0,"enemies":"Snake Plant","floor":29,"turns":2},{"damage":11,"enemies":"Centurion and Healer","floor":30,"turns":5},{"damage":8,"enemies":"Book of Stabbing","floor":31,"turns":3},{"damage":98,"enemies":"Automaton","floor":33,"turns":6}],"seed_played":"2172823114551002457","potions_obtained":[{"floor":2.0,"key":"AttackPotion"},{"floor":4.0,"key":"BottledMiracle"},{"floor":6.0,"key":"FearPotion"},{"floor":11.0,"key":"EntropicBrew"},{"floor":16.0,"key":"EntropicBrew"},{"floor":25,"key":"SmokeBomb"},{"floor":30,"key":"AttackPotion"}],"is_trial":false,"path_per_floor":["M","M","M","M","?","E","R","E","T","?","?","M","R","M","R","B",null,"M","$","M","?","M","R","E","M","T","$","M","M","M","E","R","B"],"character_chosen":"WATCHER","items_purchased":["OrangePellets"],"campfire_rested":1,"item_purchase_floors":[27],"current_hp_per_floor":[56,52,46,41,22,14,14,14,14,14,14,26,26,38,38,33,50,34,34,34,34,40,40,20,32,32,32,26,38,39,31,47,0,0],"gold":187,"neow_bonus":"THREE_RARE_CARDS","is_daily":false,"chose_seed":false,"campfire_upgraded":4,"win_rate":0.0,"timestamp":1608872448,"path_taken":["M","M","M","M","?","E","R","E","T","?","?","M","R","?","R","BOSS","M","$","M","?","?","R","E","M","T","$","M","M","M","E","R","BOSS"],"items_purchased_type":["Relic"],"build_version":"2020-12-22","purchased_purges":2,"victory":false,"max_hp_per_floor":[62,62,62,62,62,62,62,62,62,56,56,56,56,56,56,56,56,56,56,56,56,56,56,56,56,56,56,56,56,56,56,56,56,56],"relic_stats":{"OrangePellets":[0],"Centennial Puzzle":[0],"counters":[19,77],"Golden Idol":66,"Orichalcum":[6],"obtain_stats":[{"OrangePellets":27,"Anchor":6,"Centennial Puzzle":31,"Golden Idol":10,"Philosopher\u0027s Stone":17,"PureWater":0,"Orichalcum":26,"Akabeko":8,"FossilizedHelix":24,"Meat on the Bone":9},{"OrangePellets":14,"Anchor":5,"Centennial Puzzle":18,"Golden Idol":6,"Philosopher\u0027s Stone":9,"PureWater":0,"Orichalcum":14,"Akabeko":6,"FossilizedHelix":13,"Meat on the Bone":6},{"OrangePellets":56,"Anchor":21,"Centennial Puzzle":71,"Golden Idol":25,"Philosopher\u0027s Stone":37,"PureWater":0,"Orichalcum":56,"Akabeko":25,"FossilizedHelix":54,"Meat on the Bone":25}],"Meat on the Bone":108},"card_choices":[{"not_picked":["Ragnarok","Vault"],"picked":"ConjureBlade","floor":0.0},{"not_picked":["ClearTheMind","EmptyBody"],"picked":"CutThroughFate","floor":1.0},{"not_picked":["SashWhip","Halt"],"picked":"CrushJoints","floor":2.0},{"not_picked":["Evaluate","BowlingBash","ThirdEye"],"picked":"SKIP","floor":3.0},{"not_picked":["SashWhip","Consecrate","FlyingSleeves"],"picked":"SKIP","floor":4.0},{"not_picked":["ReachHeaven","Nirvana"],"picked":"Indignation","floor":6.0},{"not_picked":["Crescendo","FlyingSleeves","Halt"],"picked":"SKIP","floor":8.0},{"not_picked":["Tantrum","Protect"],"picked":"FearNoEvil","floor":12.0},{"not_picked":["Crescendo","SashWhip"],"picked":"LessonLearned","floor":14.0},{"not_picked":["Crescendo","Consecrate","CrushJoints"],"picked":"SKIP","floor":18.0},{"not_picked":["Consecrate","CrushJoints"],"picked":"Crescendo","floor":18.0},{"not_picked":["WheelKick","LikeWater"],"picked":"TalkToTheHand","floor":20.0},{"not_picked":["JustLucky+1","Halt+1","FlurryOfBlows+1"],"picked":"SKIP","floor":22.0},{"not_picked":["Alpha","ThirdEye","Vengeance"],"picked":"SKIP","floor":24},{"not_picked":["Sanctity","FollowUp+1"],"picked":"Adaptation","floor":25},{"not_picked":["Wallop","CrushJoints+1","Pray"],"picked":"SKIP","floor":28},{"not_picked":["Halt","PathToVictory","Crescendo"],"picked":"SKIP","floor":30},{"not_picked":["Evaluate+1","ThirdEye","FlyingSleeves"],"picked":"SKIP","floor":31}],"player_experience":1258253,"relics_obtained":[{"floor":6.0,"key":"Anchor"},{"floor":8.0,"key":"Akabeko"},{"floor":9.0,"key":"Meat on the Bone"},{"floor":24,"key":"FossilizedHelix"},{"floor":26,"key":"Orichalcum"},{"floor":31,"key":"Centennial Puzzle"}],"event_choices":[{"damage_healed":0.0,"max_hp_gain":0.0,"max_hp_loss":0.0,"gold_gain":0.0,"event_name":"Shining Light","player_choice":"Entered Light","floor":5.0,"gold_loss":0.0,"damage_taken":19.0,"cards_upgraded":["ConjureBlade","Defend_P"]},{"damage_healed":0.0,"max_hp_gain":0.0,"max_hp_loss":6.0,"gold_gain":0.0,"event_name":"Golden Idol","player_choice":"Lose Max HP","floor":10.0,"gold_loss":0.0,"damage_taken":0.0,"relics_obtained":["Golden Idol"]},{"damage_healed":0.0,"max_hp_gain":0.0,"max_hp_loss":0.0,"gold_gain":0.0,"event_name":"Lab","player_choice":"Got Potions","floor":11.0,"gold_loss":0.0,"damage_taken":0.0},{"cards_removed":["Strike_P"],"damage_healed":0.0,"max_hp_gain":0.0,"max_hp_loss":0.0,"gold_gain":0.0,"event_name":"Purifier","player_choice":"Purged","floor":21.0,"gold_loss":0.0,"damage_taken":0.0}],"is_beta":false,"boss_relics":[{"not_picked":["Cursed Key","Ectoplasm"],"picked":"Philosopher\u0027s Stone"}],"items_purged_floors":[19,27],"is_endless":false,"potions_floor_spawned":[2,4,6,16,22,25,29,30],"killed_by":"Automaton","ascension_level":20}}