{"host":"2m78pqva0leqn903","time":1608860482,"event":{"mods":["BaseMod","Minty Spire (QoL Compilation)","StSLib","TestMod"],"gold_per_floor":[110,124,174,194,2,36,36,36,36,67,67,78,103,120,120,192,192,204,214,224,240,253,253,253],"floor_reached":23,"playtime":1225,"items_purged":["Strike_B"],"score":430,"play_id":"7f079827-add8-4100-9de7-bfba6e6c08a2","local_time":"20201225094122","is_ascension_mode":true,"campfire_choices":[{"data":"Defragment","floor":11.0,"key":"SMITH"},{"data":"Rainbow","floor":15.0,"key":"SMITH"}],"circlet_count":0,"master_deck":["AscendersBane","Strike_B","Strike_B","Strike_B","Defend_B","Defend_B","Defend_B","Defend_B","Zap","Dualcast","Ball Lightning","Defragment+1","Glacier","Rainbow+1","CurseOfTheBell","Defragment","Capacitor","Static Discharge"],"relics":["Cracked Core","testmod-TestBox","testmod-SaigiyounoYou","NeowsBlessing","Turnip","Gremlin Horn","Tiny Chest","testmod-IndustrialRevolution","Calling Bell","Strawberry","White Beast Statue","testmod-Fortitude"],"acts_visited":["Exordium","TheCity"],"potions_floor_usage":[23],"damage_taken":[{"damage":0.0,"enemies":"Small Slimes","floor":1.0,"turns":1.0},{"damage":0.0,"enemies":"Cultist","floor":2.0,"turns":1.0},{"damage":0.0,"enemies":"2 Louse","floor":4.0,"turns":1.0},{"damage":20.0,"enemies":"Lagavulin","floor":6.0,"turns":9.0},{"damage":32.0,"enemies":"Gremlin Nob","floor":10.0,"turns":4.0},{"damage":8.0,"enemies":"Exordium Thugs","floor":12.0,"turns":3.0},{"damage":3.0,"enemies":"3 Sentries","floor":13.0,"turns":8.0},{"damage":31.0,"enemies":"Gremlin Gang","floor":14.0,"turns":3.0},{"damage":62.0,"enemies":"Hexaghost","floor":16.0,"turns":11.0},{"damage":12.0,"enemies":"Chosen","floor":18.0,"turns":4.0},{"damage":16.0,"enemies":"3 Byrds","floor":19.0,"turns":3.0},{"damage":30.0,"enemies":"Snake Plant","floor":20.0,"turns":5.0},{"damage":39.0,"enemies":"3 Cultists","floor":21.0,"turns":6.0},{"damage":40.0,"enemies":"Shelled Parasite and Fungi","floor":22.0,"turns":6.0},{"damage":49,"enemies":"Book of Stabbing","floor":23,"turns":3}],"seed_played":"-3589261285060624728","potions_obtained":[{"floor":1.0,"key":"FairyPotion"},{"floor":2.0,"key":"PowerPotion"},{"floor":10.0,"key":"testmod-SpacePotion"},{"floor":16.0,"key":"FocusPotion"},{"floor":18.0,"key":"EssenceOfSteel"},{"floor":19.0,"key":"Regen Potion"},{"floor":20.0,"key":"PotionOfCapacity"},{"floor":21.0,"key":"AttackPotion"},{"floor":22.0,"key":"Block Potion"}],"is_trial":false,"path_per_floor":["M","M","?","M","$","E","?","$","T","E","R","M","E","M","R","B",null,"M","M","M","M","M","E"],"character_chosen":"DEFECT","items_purchased":["Defragment","Glacier"],"campfire_rested":0,"item_purchase_floors":[5,5],"current_hp_per_floor":[66,67,60,62,62,62,62,62,62,46,46,47,64,45,45,14,64,62,56,38,33,31,0,0],"gold":253,"neow_bonus":"THREE_ENEMY_KILL","is_daily":false,"chose_seed":false,"campfire_upgraded":2,"win_rate":0.0,"timestamp":1608860482,"path_taken":["M","M","?","?","$","E","?","?","T","E","R","?","E","M","R","BOSS","M","M","?","M","M","E"],"items_purchased_type":["Card","Card"],"build_version":"2020-12-22","purchased_purges":1,"victory":false,"max_hp_per_floor":[71,71,71,71,71,71,71,71,71,71,71,71,71,71,71,71,78,78,78,78,78,78,78,78],"card_choices":[{"not_picked":["Steam Power","Compile Driver","Redo"],"picked":"SKIP","floor":1.0},{"not_picked":["Beam Cell","Conserve Battery"],"picked":"Ball Lightning","floor":2.0},{"not_picked":["Storm","Compile Driver","Rebound"],"picked":"SKIP","floor":4.0},{"not_picked":["Steam","Melter","Rebound"],"picked":"SKIP","floor":6.0},{"not_picked":["Coolheaded","Hologram","Fusion"],"picked":"SKIP","floor":10.0},{"not_picked":["Compile Driver","Blizzard"],"picked":"Rainbow","floor":12.0},{"not_picked":["Cold Snap","Rebound","Steam"],"picked":"SKIP","floor":13.0},{"not_picked":["Steam","Rebound","Leap"],"picked":"SKIP","floor":14.0},{"not_picked":["Gash","Coolheaded","Ball Lightning"],"picked":"SKIP","floor":18.0},{"not_picked":["Gash","Rebound","Chaos"],"picked":"SKIP","floor":19.0},{"not_picked":["Double Energy+1","Fusion"],"picked":"Defragment","floor":20.0},{"not_picked":["Genetic Algorithm","Coolheaded"],"picked":"Capacitor","floor":21.0},{"not_picked":["Static Discharge","Rebound","Cold Snap+1"],"picked":"SKIP","floor":22.0},{"not_picked":["Rebound","Cold Snap+1"],"picked":"Static Discharge","floor":22.0}],"player_experience":882300,"relics_obtained":[{"floor":6.0,"key":"Turnip"},{"floor":9.0,"key":"Gremlin Horn"},{"floor":10.0,"key":"Tiny Chest"},{"floor":13.0,"key":"testmod-IndustrialRevolution"},{"floor":17.0,"key":"Strawberry"},{"floor":17.0,"key":"White Beast Statue"},{"floor":17.0,"key":"testmod-Fortitude"}],"event_choices":[{"damage_healed":0.0,"max_hp_gain":0.0,"max_hp_loss":0.0,"gold_gain":50.0,"event_name":"FaceTrader","player_choice":"Touch","floor":3.0,"gold_loss":0.0,"damage_taken":7.0},{"damage_healed":0.0,"max_hp_gain":0.0,"max_hp_loss":0.0,"gold_gain":0.0,"event_name":"Liars Game","player_choice":"Ignored","floor":7.0,"gold_loss":0.0,"damage_taken":0.0}],"is_beta":false,"boss_relics":[{"not_picked":["Tiny House","Snecko Eye"],"picked":"Calling Bell"}],"items_purged_floors":[5],"is_endless":false,"potions_floor_spawned":[1,2,6,10,16,18,19,20,21,22],"killed_by":"Book of Stabbing","ascension_level":20}}