{"host":"2m78pqva0leqn903","time":1608859082,"event":{"mods":["BaseMod","Minty Spire (QoL Compilation)","StSLib","TestMod"],"gold_per_floor":[117,117,117,131,146,186,186,186,186],"floor_reached":8,"playtime":302,"items_purged":[],"score":112,"play_id":"734ad0dc-1747-4624-841d-ba52a6cf04ae","local_time":"20201225091802","is_ascension_mode":true,"campfire_choices":[{"data":"Malaise","floor":7,"key":"SMITH"}],"circlet_count":0,"master_deck":["AscendersBane","Strike_G","Strike_G","Strike_G","Strike_G","Strike_G","Defend_G","Defend_G","Defend_G","Defend_G","Defend_G","Survivor","Neutralize+1","Deadly Poison+1","Escape Plan","Malaise+1"],"relics":["Ring of the Snake","testmod-TestBox","testmod-AscensionHeart","NeowsBlessing","Golden Idol","testmod-Antiphasic"],"acts_visited":["Exordium"],"potions_floor_usage":[6],"damage_taken":[{"damage":0,"enemies":"Cultist","floor":1,"turns":1},{"damage":0,"enemies":"Small Slimes","floor":4,"turns":1},{"damage":0,"enemies":"Jaw Worm","floor":5,"turns":1},{"damage":48,"enemies":"Gremlin Nob","floor":6,"turns":5},{"damage":4,"enemies":"3 Sentries","floor":8,"turns":2}],"seed_played":"-5580325069389467951","potions_obtained":[{"floor":4,"key":"SkillPotion"}],"is_trial":false,"path_per_floor":["M","?","?","M","M","E","R","E"],"character_chosen":"THE_SILENT","items_purchased":[],"campfire_rested":0,"item_purchase_floors":[],"current_hp_per_floor":[60,49,49,50,51,8,8,5,5],"gold":186,"neow_bonus":"THREE_ENEMY_KILL","is_daily":false,"chose_seed":false,"campfire_upgraded":1,"win_rate":0.0,"timestamp":1608859082,"path_taken":["M","?","?","M","M","E","R","E"],"items_purchased_type":[],"build_version":"2020-12-22","purchased_purges":0,"victory":false,"max_hp_per_floor":[66,66,66,66,66,67,67,67,67],"card_choices":[{"not_picked":["Dagger Spray","Reflex","Caltrops"],"picked":"SKIP","floor":1},{"not_picked":["Bane","Expertise"],"picked":"Deadly Poison","floor":4},{"not_picked":["Quick Slash","Dodge and Roll"],"picked":"Escape Plan","floor":5},{"not_picked":["Doppelganger","Bullet Time"],"picked":"Malaise","floor":6}],"player_experience":881958,"relics_obtained":[{"floor":6,"key":"testmod-Antiphasic"}],"event_choices":[{"damage_healed":0,"gold_gain":0,"player_choice":"Take Damage","damage_taken":23,"relics_obtained":["Golden Idol"],"max_hp_gain":0,"max_hp_loss":0,"event_name":"Golden Idol","floor":2,"gold_loss":0},{"damage_healed":0,"gold_gain":0,"player_choice":"Upgraded","damage_taken":0,"max_hp_gain":0,"max_hp_loss":0,"event_name":"Upgrade Shrine","floor":3,"gold_loss":0,"cards_upgraded":["Neutralize"]}],"is_beta":false,"boss_relics":[],"items_purged_floors":[],"is_endless":false,"potions_floor_spawned":[4],"killed_by":"3 Sentries","ascension_level":20}}