{"host":"y15j0sqd0it1yzon","time":1608929104,"event":{"mods":["AchievementEnabler","Act Like it!","BaseMod","Elementarium","Gensokyo","Infinite Spire","Menagerie","Minty Spire (QoL Compilation)","Replay The Spire","StSLib","The Jungle"],"gold_per_floor":[117,117,1,19,31,31,56,56,56,88,88,106,122,142,142,238,238,249,249,349,366,31,31,45,57,57,84,84,99,119,145,145,247,247,260,260,260,260,360,374,384,304,327,327,342,87,105,139,139,139],"floor_reached":51,"playtime":6450,"items_purged":["Pain","Strike_G"],"score":844,"play_id":"41b6349c-30aa-4fb6-92a6-f28350e5c824","local_time":"20201225204504","is_ascension_mode":false,"campfire_choices":[{"floor":6.0,"key":"REST"},{"data":"Blade Dance","floor":8.0,"key":"SMITH"},{"floor":15.0,"key":"REST"},{"data":"Catalyst","floor":23.0,"key":"SMITH"},{"floor":32.0,"key":"REST"},{"floor":49,"key":"REST"}],"circlet_count":0,"master_deck":["Strike_G","Strike_G","Strike_G","Strike_G","Defend_G","Defend_G","Defend_G","Defend_G","Defend_G+1","Survivor+1","Neutralize","Noxious Fumes","Blade Dance+1","Backflip","Poisoned Stab+1","Bouncing Flask","Backstab","Deadly Poison","Draining Mist+1","Gensokyo:FourOfAKind","Gensokyo:FourOfAKind","Gensokyo:FourOfAKind","Gensokyo:FourOfAKind","Catalyst+1","Deadly Poison","Deflect","Escape Plan","Crippling Poison+1","Infinite Blades+1","Gensokyo:CustomPotion","Backflip+1"],"relics":["Ring of the Snake","Gensokyo:LunaticRedEyes","Omamori","ReplayTheSpireMod:Lightbulb","CaptainsWheel","War Paint","Thread and Needle","infinitespire:Cupcake","Mango","Turnip","infinitespire:WardingShard","Replay:Towering Pillar of Hats","Matryoshka","TungstenRod","WristBlade","Replay:Rubber Ducky","Replay:Wanted Poster","Regal Pillow","Replay:Baseball","TheAbacus","Mirror"],"acts_visited":["Exordium","Gensokyo:Gensokyo","Gensokyo:Gensokyoer"],"potions_floor_usage":[50,50],"damage_taken":[{"damage":5.0,"enemies":"Gensokyo:Python","floor":1.0,"turns":5.0},{"damage":19.0,"enemies":"Gensokyo:2_Kodama","floor":4.0,"turns":5.0},{"damage":7.0,"enemies":"Gensokyo:3_Fairies","floor":5.0,"turns":5.0},{"damage":12.0,"enemies":"Gensokyo:Mamizou","floor":10.0,"turns":9.0},{"damage":14.0,"enemies":"Gensokyo:2_Rabbits","floor":12.0,"turns":4.0},{"damage":3.0,"enemies":"Gensokyo:Gryphon_and_Rabbit","floor":13.0,"turns":5.0},{"damage":2.0,"enemies":"Gensokyo:VengefulSpirit","floor":14.0,"turns":3.0},{"damage":8.0,"enemies":"Gensokyo:Kokoro","floor":16.0,"turns":7.0},{"damage":2.0,"enemies":"Gensokyo:Chomper","floor":18.0,"turns":4.0},{"damage":6.0,"enemies":"Gensokyo:Chomper","floor":20.0,"turns":6.0},{"damage":3.0,"enemies":"Gensokyo:3_Dogs","floor":21.0,"turns":5.0},{"damage":10.0,"enemies":"Gensokyo:Swordslinger","floor":24.0,"turns":3.0},{"damage":0.0,"enemies":"Gensokyo:Wraith","floor":25.0,"turns":3.0},{"damage":0.0,"enemies":"Gensokyo:Tenshi","floor":27.0,"turns":2.0},{"damage":0.0,"enemies":"Gensokyo:Slime_Group","floor":29.0,"turns":2.0},{"damage":0.0,"enemies":"Gensokyo:Chomper_and_Gloop","floor":30.0,"turns":3.0},{"damage":7.0,"enemies":"Gensokyo:Koishi","floor":31.0,"turns":2.0},{"damage":6.0,"enemies":"Gensokyo:Eiki","floor":33.0,"turns":6.0},{"damage":0.0,"enemies":"Gensokyo:3_Bats","floor":35.0,"turns":5.0},{"damage":0.0,"enemies":"Gensokyo:AncientGuardian","floor":40.0,"turns":4.0},{"damage":0.0,"enemies":"Gensokyo:SeedOfUnknown","floor":41.0,"turns":3.0},{"damage":4,"enemies":"Gensokyo:Dusk_and_Dawn","floor":45,"turns":3},{"damage":7,"enemies":"Gensokyo:3_Boulders","floor":47,"turns":4},{"damage":8,"enemies":"Gensokyo:Kasen","floor":48,"turns":5},{"damage":0,"enemies":"Gensokyo:Yuyuko","floor":50,"turns":7}],"seed_played":"3901079824715000273","potions_obtained":[{"floor":4.0,"key":"ColorlessPotion"},{"floor":5.0,"key":"Milkshake"},{"floor":10.0,"key":"Elixir"},{"floor":16.0,"key":"EntropicBrew"},{"floor":24.0,"key":"AttackPotion"},{"floor":25.0,"key":"DistilledChaos"},{"floor":27.0,"key":"Adrenaline Potion"},{"floor":31.0,"key":"Strength Potion"},{"floor":35.0,"key":"AttackPotion"},{"floor":40.0,"key":"SpeedPotion"},{"floor":45,"key":"DuplicationPotion"},{"floor":48,"key":"BlessingOfTheForge"}],"is_trial":false,"path_per_floor":["M","?","COS","M","M","R","T","R","T","E","?","M","M","M","R","B",null,"M","?","?","M","$","R","M","M","T","E","?","M","M","E","R","B",null,"M","?","?","?","AVR","M","M","?","T","?","M","$","M","E","R","B",null],"character_chosen":"THE_SILENT","items_purchased":["infinitespire:WardingShard","TheAbacus"],"campfire_rested":4,"item_purchase_floors":[22,46],"current_hp_per_floor":[72,72,72,53,46,69,69,69,69,57,57,43,40,38,61,53,77,75,54,62,59,59,59,49,49,49,49,49,49,49,42,62,56,68,68,68,68,68,68,68,68,68,68,68,64,64,57,49,68,68],"gold":139,"neow_bonus":"TEN_PERCENT_HP_BONUS","is_daily":false,"chose_seed":false,"campfire_upgraded":2,"win_rate":0.0,"timestamp":1608929104,"path_taken":["M","?","COS","M","M","R","?","R","T","E","?","M","M","M","R","BOSS","M","?","?","M","$","R","M","M","T","E","?","?","M","E","R","BOSS","M","?","?","?","AVR","M","?","?","T","?","M","$","M","E","R","BOSS"],"items_purchased_type":["Relic","Relic"],"build_version":"2020-12-22","purchased_purges":2,"victory":true,"max_hp_per_floor":[77,77,77,77,77,77,77,77,77,77,77,77,77,77,77,77,77,77,54,68,68,68,68,68,68,68,68,68,68,68,68,68,68,68,68,68,68,68,68,68,68,68,68,68,68,68,68,68,68,68],"card_choices":[{"not_picked":["Backflip","Prepared"],"picked":"Noxious Fumes","floor":1.0},{"not_picked":["Dagger Throw","Dash"],"picked":"Blade Dance","floor":4.0},{"not_picked":["ReplayTheSpireMod:Scrap Shanks","Dagger Spray","PiercingWail"],"picked":"SKIP","floor":5.0},{"not_picked":["Outmaneuver","Concentrate"],"picked":"Backflip","floor":10.0},{"not_picked":["ReplayTheSpireMod:Scrap Shanks","Flying Knee"],"picked":"Bouncing Flask","floor":12.0},{"not_picked":["Underhanded Strike","Hidden Blade"],"picked":"Backstab","floor":13.0},{"not_picked":["ReplayTheSpireMod:Shiv Toss","Leg Sweep"],"picked":"Deadly Poison","floor":14.0},{"not_picked":["ReplayTheSpireMod:Exploit Weakness","Backflip"],"picked":"Draining Mist+1","floor":18.0},{"not_picked":["Deadly Poison","Fluid Movement+1"],"picked":"Catalyst","floor":20.0},{"not_picked":["Prepared","Blade Dance"],"picked":"Deadly Poison","floor":21.0},{"not_picked":["Hidden Blade","ReplayTheSpireMod:Speed Training","Distraction+1"],"picked":"SKIP","floor":24.0},{"not_picked":["Slice","Dagger Spray"],"picked":"Deflect","floor":25.0},{"not_picked":["Poisoned Stab","Outmaneuver","Quick Slash"],"picked":"SKIP","floor":27.0},{"not_picked":["Dagger Throw+1","ReplayTheSpireMod:From All Sides"],"picked":"Escape Plan","floor":29.0},{"not_picked":["Prepared","Quick Slash+1"],"picked":"Crippling Poison+1","floor":30.0},{"not_picked":["All Out Attack","Sucker Punch","Outmaneuver"],"picked":"SKIP","floor":31.0},{"not_picked":["Dodge and Roll","ReplayTheSpireMod:Exploit Weakness+1","ReplayTheSpireMod:Shiv Toss"],"picked":"SKIP","floor":35.0},{"not_picked":["Distraction","Calculated Gamble+1"],"picked":"Infinite Blades+1","floor":40.0},{"not_picked":["Flying Knee","Deflect","Acrobatics+1"],"picked":"SKIP","floor":41},{"not_picked":["Flying Knee+1","Underhanded Strike","Deadly Poison"],"picked":"SKIP","floor":45},{"not_picked":["Footwork","Hidden Blade+1"],"picked":"Backflip+1","floor":47},{"not_picked":["Cloak And Dagger","Bane","Dagger Throw+1"],"picked":"SKIP","floor":48}],"player_experience":385062,"relics_obtained":[{"floor":7.0,"key":"ReplayTheSpireMod:Lightbulb"},{"floor":9.0,"key":"CaptainsWheel"},{"floor":10.0,"key":"War Paint"},{"floor":20.0,"key":"Mango"},{"floor":20.0,"key":"Turnip"},{"floor":26.0,"key":"Replay:Towering Pillar of Hats"},{"floor":27.0,"key":"Matryoshka"},{"floor":31.0,"key":"TungstenRod"},{"floor":43,"key":"Regal Pillow"},{"floor":43,"key":"Replay:Baseball"},{"floor":48,"key":"Mirror"}],"event_choices":[],"is_beta":false,"boss_relics":[{"not_picked":["Philosopher\u0027s Stone","Tiny House"],"picked":"infinitespire:Cupcake"},{"not_picked":["Sozu","Replay:Bronze Core"],"picked":"WristBlade"}],"items_purged_floors":[22,46],"is_endless":false,"potions_floor_spawned":[4,5,10,16,24,25,27,31,35,40,45,48],"ascension_level":0}}