{"host":"Jedit","time":1608901514,"event":{"mods":["BaseMod","Minty Spire (QoL Compilation)","Relic Stats","StSLib"],"gold_per_floor":[112,262,13,13,30,30,46,46,46,61,78,78,0,33,33,111,111,71,42,0,0,50,50,50],"floor_reached":23,"playtime":828,"items_purged":["Writhe"],"score":374,"play_id":"f8a6cecc-e063-4e18-94e9-0f72582fc10b","local_time":"20201225130514","is_ascension_mode":true,"campfire_choices":[{"data":"After Image","floor":6,"key":"SMITH"},{"data":"Choke","floor":8,"key":"SMITH"},{"data":"Sadistic Nature","floor":12,"key":"SMITH"},{"data":"Blade Dance","floor":15,"key":"SMITH"}],"circlet_count":0,"master_deck":["AscendersBane","Strike_G","Strike_G","Strike_G","Strike_G","Strike_G","Defend_G","Defend_G","Defend_G","Defend_G","Defend_G","Survivor","Neutralize","Sadistic Nature+1","Choke+1","Doubt","After Image+1","All Out Attack","Cloak And Dagger","Catalyst","Calculated Gamble","Backflip","Dash","Terror","Blade Dance+1","Envenom","Sucker Punch","Poisoned Stab"],"relics":["Ring of the Snake","Gremlin Horn","Runic Pyramid"],"acts_visited":["Exordium","TheCity"],"potions_floor_usage":[14,16,18],"damage_taken":[{"damage":1,"enemies":"2 Louse","floor":1,"turns":5},{"damage":3,"enemies":"Cultist","floor":5,"turns":4},{"damage":7,"enemies":"Small Slimes","floor":7,"turns":4},{"damage":0,"enemies":"Looter","floor":10,"turns":4},{"damage":0,"enemies":"2 Fungi Beasts","floor":11,"turns":4},{"damage":11,"enemies":"Lagavulin","floor":14,"turns":7},{"damage":29,"enemies":"Slime Boss","floor":16,"turns":8},{"damage":36,"enemies":"2 Thieves","floor":18,"turns":5},{"damage":15,"enemies":"Book of Stabbing","floor":23,"turns":4}],"seed_played":"4198091035603015276","potions_obtained":[{"floor":5,"key":"Swift Potion"},{"floor":7,"key":"Weak Potion"},{"floor":16,"key":"Weak Potion"}],"is_trial":false,"path_per_floor":["M","?","$","?","M","R","M","R","T","M","M","R","$","E","R","B",null,"M","$","?","?","?","E"],"character_chosen":"THE_SILENT","items_purchased":["After Image","Terror","Poisoned Stab"],"campfire_rested":0,"item_purchase_floors":[3,13,19],"current_hp_per_floor":[58,58,58,58,55,55,48,48,48,48,48,48,48,37,37,8,52,16,16,16,29,29,14,14],"gold":50,"neow_bonus":"RANDOM_COLORLESS_2","is_daily":false,"chose_seed":false,"campfire_upgraded":4,"win_rate":0.0,"timestamp":1608901514,"path_taken":["M","?","$","?","M","R","M","R","T","M","M","R","$","E","R","BOSS","M","$","?","?","?","E"],"items_purchased_type":["Card","Card","Card"],"build_version":"2020-12-18","purchased_purges":1,"victory":false,"max_hp_per_floor":[66,66,66,66,66,66,66,66,66,66,66,66,66,66,66,66,66,66,66,66,66,66,66,66],"relic_stats":{"Gremlin Horn":[3,3],"counters":[9,45],"obtain_stats":[{"Gremlin Horn":14,"Ring of the Snake":0,"Runic Pyramid":17},{"Gremlin Horn":6,"Ring of the Snake":0,"Runic Pyramid":7},{"Gremlin Horn":28,"Ring of the Snake":0,"Runic Pyramid":36}],"Ring of the Snake":[18]},"card_choices":[{"not_picked":["Mayhem","Metamorphosis"],"picked":"Sadistic Nature","floor":0},{"not_picked":["Backflip","Setup"],"picked":"Choke","floor":1},{"not_picked":["Underhanded Strike","Reflex"],"picked":"Catalyst","floor":5},{"not_picked":["Flying Knee","Tactician"],"picked":"Calculated Gamble","floor":7},{"not_picked":["Outmaneuver","Acrobatics"],"picked":"Backflip","floor":10},{"not_picked":["Dodge and Roll","Quick Slash"],"picked":"Dash","floor":11},{"not_picked":["Infinite Blades","Terror"],"picked":"Blade Dance","floor":14},{"not_picked":["Doppelganger","Wraith Form v2"],"picked":"Envenom","floor":16},{"not_picked":["Outmaneuver","Skewer"],"picked":"Sucker Punch","floor":18}],"player_experience":3401608,"relics_obtained":[{"floor":14,"key":"Gremlin Horn"}],"event_choices":[{"damage_healed":0,"gold_gain":150,"player_choice":"AGREE","damage_taken":0,"max_hp_gain":0,"max_hp_loss":0,"event_name":"Liars Game","floor":2,"gold_loss":0,"cards_obtained":["Doubt"]},{"damage_healed":0,"gold_gain":0,"player_choice":"2 cards matched","damage_taken":0,"max_hp_gain":0,"max_hp_loss":0,"event_name":"Match and Keep!","floor":4,"gold_loss":0,"cards_obtained":["All Out Attack","Cloak And Dagger"]},{"damage_healed":0,"gold_gain":0,"player_choice":"Paid Fearfully","damage_taken":0,"max_hp_gain":0,"max_hp_loss":0,"event_name":"Masked Bandits","floor":20,"gold_loss":42},{"damage_healed":13,"gold_gain":0,"player_choice":"Heal","damage_taken":0,"max_hp_gain":0,"max_hp_loss":0,"event_name":"The Library","floor":21,"gold_loss":0},{"damage_healed":0,"gold_gain":50,"player_choice":"Stole From Cult","damage_taken":0,"max_hp_gain":0,"max_hp_loss":0,"event_name":"Nest","floor":22,"gold_loss":0}],"is_beta":true,"boss_relics":[{"not_picked":["SlaversCollar","Ring of the Serpent"],"picked":"Runic Pyramid"}],"items_purged_floors":[3],"is_endless":false,"potions_floor_spawned":[5,7,10,16],"killed_by":"Book of Stabbing","ascension_level":20}}