{"host":"BK","time":1608929925,"event":{"mods":["BaseMod","Highlight Path","Minty Spire (QoL Compilation)","StSLib"],"gold_per_floor":[119,119,129,129,78,78,106,117,117,33,49,69,69,85,85,156,156,173,188,188,60,60,60,71,104,129,160,176,186,186,217,217,295,295,308,320,36,53,53,81,96,127,127,127,82,82,82,100,100,100,100],"floor_reached":52,"playtime":2510,"items_purged":["Strike_G+1"],"score":2044,"play_id":"da4643f2-0007-4090-b256-57c40097d4ba","local_time":"20201225135844","is_ascension_mode":true,"campfire_choices":[{"data":"Skewer","floor":6,"key":"SMITH"},{"floor":13,"key":"REST"},{"data":"Predator","floor":15,"key":"SMITH"},{"data":"Crippling Poison","floor":23,"key":"SMITH"},{"data":"Noxious Fumes","floor":32,"key":"SMITH"},{"data":"Survivor","floor":44,"key":"SMITH"},{"floor":46,"key":"REST"},{"floor":49,"key":"REST"}],"circlet_count":0,"master_deck":["AscendersBane","Strike_G+1","Strike_G+1","Strike_G+1","Strike_G+1","Defend_G+1","Defend_G+1","Defend_G+1","Defend_G+1","Defend_G+1","Survivor+1","Neutralize+1","Crippling Poison+1","Skewer+1","Catalyst+1","Catalyst+1","Dodge and Roll+1","Noxious Fumes+1","Predator+1","Burst+1","Footwork+1","Backflip+1","Deflect+1","Dodge and Roll+1","Adrenaline+1","Bullet Time+1","Prepared+1","Deep Breath+1","PiercingWail+1","Finesse+1","Dark Shackles+1","Blur+1","Bouncing Flask+1"],"relics":["Ring of the Snake","Tingsha","Toxic Egg 2","Kunai","Meat on the Bone","Sozu","Ancient Tea Set","Akabeko","Blood Vial","Whetstone","Runic Pyramid","PreservedInsect","Pen Nib","MealTicket","Mummified Hand"],"acts_visited":["Exordium","TheCity","TheBeyond"],"potions_floor_usage":[16,50],"damage_taken":[{"damage":0,"enemies":"2 Louse","floor":1,"turns":4},{"damage":1,"enemies":"Jaw Worm","floor":3,"turns":4},{"damage":39,"enemies":"3 Sentries","floor":7,"turns":16},{"damage":0,"enemies":"Cultist","floor":8,"turns":3},{"damage":10,"enemies":"Large Slime","floor":11,"turns":5},{"damage":13,"enemies":"3 Louse","floor":12,"turns":4},{"damage":3,"enemies":"Looter","floor":14,"turns":4},{"damage":15,"enemies":"Slime Boss","floor":16,"turns":6},{"damage":27,"enemies":"2 Thieves","floor":18,"turns":4},{"damage":0,"enemies":"Chosen","floor":19,"turns":4},{"damage":9,"enemies":"Snecko","floor":24,"turns":5},{"damage":15,"enemies":"Gremlin Leader","floor":25,"turns":3},{"damage":19,"enemies":"Slavers","floor":27,"turns":7},{"damage":7,"enemies":"Centurion and Healer","floor":28,"turns":6},{"damage":4,"enemies":"3 Cultists","floor":29,"turns":5},{"damage":13,"enemies":"Book of Stabbing","floor":31,"turns":6},{"damage":43,"enemies":"Champ","floor":33,"turns":16},{"damage":0,"enemies":"3 Shapes","floor":35,"turns":3},{"damage":0,"enemies":"Orb Walker","floor":36,"turns":2},{"damage":0,"enemies":"Spire Growth","floor":38,"turns":4},{"damage":0,"enemies":"Giant Head","floor":40,"turns":4},{"damage":0,"enemies":"Jaw Worm Horde","floor":41,"turns":5},{"damage":0,"enemies":"Nemesis","floor":42,"turns":3},{"damage":0,"enemies":"Sphere and 2 Shapes","floor":48,"turns":3},{"damage":7,"enemies":"Donu and Deca","floor":50,"turns":10},{"damage":26,"enemies":"Time Eater","floor":51,"turns":6}],"seed_played":"5547997542638816587","potions_obtained":[{"floor":1,"key":"PowerPotion"},{"floor":11,"key":"FearPotion"},{"floor":16,"key":"GamblersBrew"}],"is_trial":false,"path_per_floor":["M","?","M","?","?","R","E","M","T","$","M","M","R","M","R","B",null,"M","M","?","$","?","R","M","E","T","E","M","M","?","E","R","B",null,"M","M","$","M","?","E","M","E","T","R","$","R","?","M","R","B","B",null],"character_chosen":"THE_SILENT","items_purchased":["Catalyst+1","Deflect+1","PreservedInsect","Deep Breath+1","PiercingWail+1","Bouncing Flask+1"],"campfire_rested":3,"item_purchase_floors":[10,21,37,37,37,45],"current_hp_per_floor":[59,59,58,63,63,63,24,24,24,24,26,25,44,41,41,38,58,43,43,43,43,43,43,34,31,31,24,31,41,41,42,42,13,52,54,56,56,58,48,50,52,54,54,54,65,65,65,65,65,58,34],"gold":100,"neow_bonus":"ONE_RARE_RELIC","is_daily":false,"chose_seed":false,"campfire_upgraded":5,"win_rate":0.0,"timestamp":1608929924,"path_taken":["M","?","M","?","?","R","E","?","T","$","M","M","R","M","R","BOSS","M","M","?","$","?","R","M","E","T","E","M","M","?","E","R","BOSS","M","M","$","M","?","E","M","E","T","R","$","R","?","M","R","BOSS","BOSS"],"items_purchased_type":["Card","Card","Relic","Card","Card","Card"],"build_version":"2020-12-18","purchased_purges":1,"victory":true,"max_hp_per_floor":[60,60,60,65,65,65,65,65,65,65,65,65,65,65,65,65,65,65,65,65,65,65,65,65,65,65,65,65,65,65,65,65,65,65,65,65,65,65,65,65,65,65,65,65,65,65,65,65,65,65,65],"card_choices":[{"not_picked":["Dagger Spray","Slice"],"picked":"Crippling Poison","floor":1},{"not_picked":["Bane","Infinite Blades"],"picked":"Skewer","floor":3},{"not_picked":["Dagger Throw","Dodge and Roll+1"],"picked":"Catalyst+1","floor":7},{"not_picked":["Bane","Dodge and Roll+1","Riddle With Holes"],"picked":"SKIP","floor":8},{"not_picked":["Masterful Stab","Setup+1"],"picked":"Dodge and Roll+1","floor":11},{"not_picked":["Heel Hook","Underhanded Strike"],"picked":"Noxious Fumes","floor":12},{"not_picked":["Flechettes","Concentrate+1"],"picked":"Predator","floor":14},{"not_picked":["Tools of the Trade","Wraith Form v2"],"picked":"Burst+1","floor":16},{"not_picked":["Backflip+1","Dagger Spray+1"],"picked":"Footwork+1","floor":18},{"not_picked":["Predator","Infinite Blades+1"],"picked":"Backflip+1","floor":19},{"not_picked":["Dagger Throw","Backflip+1","Cloak And Dagger+1"],"picked":"SKIP","floor":24},{"not_picked":["Prepared+1","Tactician+1"],"picked":"Dodge and Roll+1","floor":25},{"not_picked":["Flechettes","Sucker Punch","Masterful Stab"],"picked":"SKIP","floor":27},{"not_picked":["Tactician+1","Flying Knee","Poisoned Stab"],"picked":"SKIP","floor":28},{"not_picked":["Skewer","Caltrops","Quick Slash"],"picked":"SKIP","floor":29},{"not_picked":["Dodge and Roll+1","Deflect+1"],"picked":"Adrenaline+1","floor":31},{"not_picked":["Unload","Tools of the Trade"],"picked":"Bullet Time+1","floor":33},{"not_picked":["Caltrops","Backflip+1"],"picked":"Prepared+1","floor":35},{"not_picked":["Outmaneuver+1","Dodge and Roll+1","Sucker Punch"],"picked":"SKIP","floor":36},{"not_picked":["Quick Slash","Prepared+1","Well Laid Plans"],"picked":"SKIP","floor":38},{"not_picked":["Swift Strike","Purity+1"],"picked":"Finesse+1","floor":39},{"not_picked":["Trip+1","Transmutation+1"],"picked":"Dark Shackles+1","floor":39},{"not_picked":["Underhanded Strike","Wraith Form v2"],"picked":"Blur+1","floor":40},{"not_picked":["Dash+1","Dagger Throw+1","All Out Attack"],"picked":"SKIP","floor":41},{"not_picked":["Deflect+1","Terror+1","Prepared+1"],"picked":"SKIP","floor":42},{"not_picked":["Predator+1","Quick Slash","Backflip+1"],"picked":"SKIP","floor":48}],"player_experience":2429413,"relics_obtained":[{"floor":7,"key":"Kunai"},{"floor":9,"key":"Meat on the Bone"},{"floor":25,"key":"Ancient Tea Set"},{"floor":26,"key":"Akabeko"},{"floor":27,"key":"Blood Vial"},{"floor":31,"key":"Whetstone"},{"floor":40,"key":"Pen Nib"},{"floor":42,"key":"MealTicket"},{"floor":43,"key":"Mummified Hand"}],"event_choices":[{"damage_healed":0,"gold_gain":0,"player_choice":"Ignored","damage_taken":0,"max_hp_gain":0,"max_hp_loss":0,"event_name":"Liars Game","floor":2,"gold_loss":0},{"damage_healed":0,"gold_gain":0,"player_choice":"Donut","damage_taken":0,"max_hp_gain":5,"max_hp_loss":0,"event_name":"Big Fish","floor":4,"gold_loss":0},{"damage_healed":0,"gold_gain":0,"player_choice":"Paid Gold","damage_taken":0,"relics_obtained":["Toxic Egg 2"],"max_hp_gain":0,"max_hp_loss":0,"event_name":"WeMeetAgain","floor":5,"gold_loss":51},{"damage_healed":0,"gold_gain":0,"player_choice":"Simplicity","damage_taken":0,"max_hp_gain":0,"max_hp_loss":0,"event_name":"Back to Basics","floor":20,"gold_loss":0,"cards_upgraded":["Strike_G","Strike_G","Strike_G","Strike_G","Strike_G","Defend_G","Defend_G","Defend_G","Defend_G","Defend_G"]},{"damage_healed":0,"gold_gain":0,"player_choice":"Ignored","damage_taken":0,"max_hp_gain":0,"max_hp_loss":0,"event_name":"The Mausoleum","floor":22,"gold_loss":0},{"damage_healed":0,"gold_gain":0,"player_choice":"Ignored","damage_taken":0,"max_hp_gain":0,"max_hp_loss":0,"event_name":"Ghosts","floor":30,"gold_loss":0},{"damage_healed":0,"gold_gain":0,"player_choice":"Memory 3","damage_taken":10,"max_hp_gain":0,"max_hp_loss":0,"event_name":"SensoryStone","floor":39,"gold_loss":0},{"damage_healed":0,"gold_gain":0,"player_choice":"Got Potions","damage_taken":0,"max_hp_gain":0,"max_hp_loss":0,"event_name":"Lab","floor":47,"gold_loss":0}],"is_beta":true,"boss_relics":[{"not_picked":["Coffee Dripper","Astrolabe"],"picked":"Sozu"},{"not_picked":["Ring of the Serpent","Calling Bell"],"picked":"Runic Pyramid"}],"items_purged_floors":[21],"is_endless":false,"potions_floor_spawned":[1,11,14,16,18,19,27,35,38,41],"ascension_level":20}}