{"host":"tgfa3zmruxtcrn3y","time":1608876900,"event":{"mods":["2.2 Compatiblity","Act Like it!","AlwaysNeverKeys","BaseMod","BetterRewards","DeckTracker","Downfall","GungeonMod","Hallownest","Hermit","Hero for Fun","Hubris","Infinite Spire","Jorbs\u0027s Wanderer Trilogy","Marisa????????","Minty Spire (QoL Compilation)","Permanent Neow","Rare Cards Sparkle","Replay The Spire","Shop Mod","StSLib","The Animator","The Bug Knight","The Cursed","The Mystic","The Necromancer","The Servant 0.9.4"],"gold_per_floor":[114,114,114,134,195,234,234,267,314,353,378,378,378,397,397,516,516,539,539,539,559,572,572,603,603,603,622,643,679,727,153,153,279,279,297,311,311,311,168,168,168,168,168,168,95,95,109,109,109,109,109,22,62,62],"floor_reached":56,"playtime":4276,"items_purged":["hubris:Lust","Injury","CommonCold","Amnesia"],"score":1813,"play_id":"161f4d99-11c2-474a-868c-c45a3f03e5ea","local_time":"20201224221500","is_ascension_mode":true,"campfire_choices":[{"floor":7,"key":"RECALL"},{"data":"infinitespire:UltimateForm","floor":23,"key":"SMITH"},{"data":"infinitespire:Oblivion","floor":25,"key":"SMITH"},{"data":"hubris:Fate","floor":40,"key":"SMITH"},{"data":"ReplayTheSpireMod:Chaos Vortex","floor":46,"key":"SMITH"}],"circlet_count":0,"master_deck":["Strike_B","Strike_B","Strike_B","Strike_B","Defend_B","Defend_B","Zap+1","Dualcast+1","Swift Strike","expansioncontent:Torchfire+1","Conserve Battery+1","FTL+1","Master of Strategy+1","Cold Snap","Sunder","Stack","Go for the Eyes","Crystallizer","Steam","Go for the Eyes","Ball Lightning","FTL","hubris:PowerSurge+1","Loop","Beam Cell","Meteor Strike+1","Defragment","infinitespire:Oblivion+1","hubris:Fate+1","infinitespire:Punishment","infinitespire:Starlight","infinitespire:UltimateForm+1","Capacitor","Cold Snap","Scrape+1","FIFO Queue","Loop","BootSequence+1","Barrage","Chaos+1","Steam","Double Energy+1","Midas Touch+1","Ball Lightning+1","Skim","Aggregate+1","ReplayTheSpireMod:??????????????????????","infinitespire:Gouge","hubris:Rewind","infinitespire:FinalStrike","ReplayTheSpireMod:Chaos Vortex+1","ReplayTheSpireMod:Book of Names","hubris:Ukulele","Steam","Panic Button+1","Multi-Cast","Turbo+1","Gash"],"relics":["Cracked Core","Unceasing Top","Tiny Chest","hubris:SphereOfDissonance","MerchantsRug","Strawberry","TungstenRod","Pear","Garlic","DemoMod:MeatBun","DemoMod:GundromedaStrain","Replay:Grab Bag","infinitespire:Golems Mask","Pet Ghost","Replay:Multitool","Replay:Baseball","Peace Pipe","Golden Idol","DemoMod:GlassGuonStoneRelic","DemoMod:WeirdEgg","infinitespire:Broken Mirror","DemoMod:ClearGuonStone","Replay:Bottled Eggs","Replay:Bronze Core","Coffee Dripper","Nuclear Battery","Empty Cage","Snecko Eye","hubris:Reverence","Orrery","DemoMod:BlueGuonStone","Bird Faced Urn","CaptainsWheel","Replay:Ringing Soul","infinitespire:Lucky Rock","Runic Pyramid","Prayer Wheel","hubris:Teleporter","ChewingGum","Guide Book","Shuriken","hubris:DisguiseKit","Prayer Wheel","DemoMod:NanoMachines","DemoMod:Armor"],"acts_visited":["Exordium","TheCity","TheBeyond","TheEnding"],"potions_floor_usage":[16,16,18,22,36,36,36,55,55],"damage_taken":[{"damage":0,"enemies":"Jaw Worm","floor":1,"turns":1},{"damage":0,"enemies":"Small Slimes","floor":4,"turns":2},{"damage":0,"enemies":"3 Sentries","floor":6,"turns":2},{"damage":0,"enemies":"Gremlin Nob","floor":8,"turns":2},{"damage":0,"enemies":"Lagavulin","floor":10,"turns":2},{"damage":0,"enemies":"2 Louse","floor":11,"turns":1},{"damage":0,"enemies":"Blue Slaver","floor":14,"turns":2},{"damage":0,"enemies":"Fading Forest","floor":16,"turns":3},{"damage":0,"enemies":"2 Thieves","floor":18,"turns":2},{"damage":0,"enemies":"Shell Parasite","floor":21,"turns":2},{"damage":0,"enemies":"Centurion and Healer","floor":22,"turns":2},{"damage":0,"enemies":"Gremlin Leader","floor":24,"turns":2},{"damage":0,"enemies":"Snecko","floor":27,"turns":2},{"damage":0,"enemies":"Chosen and Byrds","floor":28,"turns":2},{"damage":0,"enemies":"Slavers","floor":29,"turns":2},{"damage":0,"enemies":"Collector","floor":33,"turns":2},{"damage":0,"enemies":"3 Shapes","floor":35,"turns":2},{"damage":0,"enemies":"3 Darklings","floor":36,"turns":2},{"damage":0,"enemies":"Writhing Mass","floor":48,"turns":2},{"damage":12,"enemies":"infinitespire:MassOfShapes","floor":50,"turns":2},{"damage":0,"enemies":"Shield and Spear","floor":54,"turns":2},{"damage":0,"enemies":"The Heart","floor":55,"turns":5}],"seed_played":"1239701376261347330","potions_obtained":[{"floor":1,"key":"EssenceOfSteel"},{"floor":6,"key":"Strength Potion"},{"floor":10,"key":"Strength Potion"},{"floor":11,"key":"Swift Potion"},{"floor":18,"key":"SkillPotion"},{"floor":21,"key":"FearPotion"},{"floor":27,"key":"Slimebound:ThreeZeroPotion"},{"floor":29,"key":"hexamod:EctoCoolerPotion"},{"floor":33,"key":"Explosive Potion"},{"floor":35,"key":"Reflective Coating"},{"floor":54,"key":"SkillPotion"}],"is_trial":false,"path_per_floor":["M","?","?","M","?","E","R","E","T","E","M","T","?","M","R","B",null,"M","?","AVR","M","M","R","E","R","T","M","M","E","T","$","R","B",null,"M","M","AVR","?","$","R","T","$","T","?","$","R","M","R","B",null,"R","$","E","B",null],"character_chosen":"DEFECT","items_purchased":["MerchantsRug","DemoMod:MeatBun","infinitespire:Golems Mask","Pet Ghost","Crystallizer","ReplayTheSpireMod:Reroute Power","Replay:Baseball","Replay:Ringing Soul","infinitespire:Lucky Rock","Midas Touch","Guide Book","hubris:Ukulele","Turbo+1","SkillPotion"],"campfire_rested":0,"item_purchase_floors":[0,0,0,0,0,0,0,31,31,31,39,45,53,53],"current_hp_per_floor":[82,67,67,67,67,67,67,67,67,67,67,67,67,67,76,76,76,76,76,76,76,76,76,76,76,76,76,76,76,76,79,79,82,82,85,88,91,101,101,101,101,101,101,80,83,83,90,110,107,113,113,116,119,119],"gold":62,"neow_bonus":"","is_daily":false,"chose_seed":false,"campfire_upgraded":4,"win_rate":0.0,"timestamp":1608876900,"path_taken":["M","?","?","M","?","E","R","E","T","E","M","?","?","M","R","BOSS","M","?","AVR","M","M","R","E","R","T","M","?","E","?","?","R","BOSS","M","M","AVR","?","?","R","?","?","T","?","$","R","M","R","BOSS","R","$","E","BOSS"],"items_purchased_type":["Relic","Relic","Relic","Relic","Card","Card","Relic","Relic","Relic","Card","Relic","Card","Card","Potion"],"build_version":"2020-12-13","purchased_purges":4,"victory":true,"max_hp_per_floor":[82,82,76,76,76,76,76,76,76,76,76,76,76,76,76,76,76,76,76,76,76,76,76,76,76,76,76,76,76,76,79,79,82,82,85,88,91,101,101,101,101,101,101,104,107,107,110,110,113,113,113,116,119,119],"card_choices":[{"not_picked":["Loop","Redo"],"picked":"Steam","floor":1},{"not_picked":["Hologram","Hello World"],"picked":"Go for the Eyes","floor":4},{"not_picked":["Rebound","Conserve Battery"],"picked":"Ball Lightning","floor":6},{"not_picked":["Aggregate","Leap"],"picked":"FTL","floor":8},{"not_picked":["ReplayTheSpireMod:Repulse","Conserve Battery"],"picked":"hubris:PowerSurge","floor":10},{"not_picked":["Leap","Go for the Eyes"],"picked":"Loop","floor":11},{"not_picked":["Barrage","Leap"],"picked":"Beam Cell","floor":14},{"not_picked":["Mirror Shield","Buffer"],"picked":"Meteor Strike","floor":16},{"not_picked":["Leap+1","Crystallizer+1"],"picked":"Defragment","floor":18},{"not_picked":["Sweeping Beam","Steam+1"],"picked":"Capacitor","floor":20},{"not_picked":["Beam Cell","Stack"],"picked":"Cold Snap","floor":20},{"not_picked":["BasicCrystalCard","Conserve Battery+1"],"picked":"Scrape+1","floor":20},{"not_picked":["Sweeping Beam+1","Ball Lightning"],"picked":"Rainbow","floor":20},{"not_picked":["BasicCrystalCard","Turbo"],"picked":"FIFO Queue","floor":20},{"not_picked":["Heatsinks+1","Rebound"],"picked":"Loop","floor":21},{"not_picked":["Conserve Battery","Static Discharge"],"picked":"BootSequence+1","floor":22},{"not_picked":["Gash","Redo"],"picked":"Barrage","floor":24},{"not_picked":["Rebound+1","Doom and Gloom"],"picked":"Chaos+1","floor":27},{"not_picked":["Turbo","Leap"],"picked":"Steam","floor":28},{"not_picked":["Time Bomb","Echo Form"],"picked":"Double Energy+1","floor":29},{"not_picked":["ReplayRNGCard","ReplayTheSpireMod:Omega Cannon"],"picked":"ReplayTheSpireMod:Fabricate Wheel","floor":33},{"not_picked":["Force Field+1","Compile Driver+1"],"picked":"Ball Lightning+1","floor":35},{"not_picked":["Redo+1","Stack+1"],"picked":"Skim","floor":35},{"not_picked":["Coolheaded+1","Redo"],"picked":"Aggregate+1","floor":36},{"not_picked":["ReplayTheSpireMod:Fabricate Wheel","Chaos+1","BootSequence"],"picked":"SKIP","floor":36},{"not_picked":["infinitespire:DeathsTouch","ReplayTheSpireMod:Black Plague"],"picked":"ReplayTheSpireMod:Book of Names","floor":44},{"not_picked":["Undo+1","BasicCrystalCard","Bone_Spikes"],"picked":"Steam","floor":48},{"not_picked":["Beam Cell+1","Rip and Tear","Negative_Energy_Shield"],"picked":"Panic Button+1","floor":48},{"not_picked":["Conserve Battery","Rebound","Negative_Energy_Shield"],"picked":"Gash","floor":54}],"player_experience":405977,"relics_obtained":[{"floor":6,"key":"DemoMod:WeirdEgg"},{"floor":8,"key":"infinitespire:Broken Mirror"},{"floor":10,"key":"DemoMod:ClearGuonStone"},{"floor":12,"key":"Replay:Bottled Eggs"},{"floor":24,"key":"DemoMod:BlueGuonStone"},{"floor":26,"key":"Bird Faced Urn"},{"floor":29,"key":"CaptainsWheel"},{"floor":41,"key":"Shuriken"},{"floor":43,"key":"hubris:DisguiseKit"},{"floor":54,"key":"DemoMod:NanoMachines"}],"event_choices":[{"damage_healed":0,"gold_gain":0,"player_choice":"Entered Light","damage_taken":16,"max_hp_gain":0,"max_hp_loss":0,"event_name":"Shining Light","floor":2,"gold_loss":0,"cards_upgraded":["Dualcast","expansioncontent:Torchfire"]},{"damage_healed":0,"gold_gain":0,"player_choice":"Lose Max HP","damage_taken":0,"relics_obtained":["Golden Idol"],"max_hp_gain":0,"max_hp_loss":6,"event_name":"Golden Idol","floor":3,"gold_loss":0},{"damage_healed":0,"gold_gain":61,"player_choice":"Gained Gold","damage_taken":0,"max_hp_gain":0,"max_hp_loss":0,"event_name":"Golden Wing","floor":5,"gold_loss":0},{"damage_healed":0,"gold_gain":0,"player_choice":"Gave Potion","damage_taken":0,"relics_obtained":["hubris:Reverence"],"max_hp_gain":0,"max_hp_loss":0,"event_name":"WeMeetAgain","floor":19,"gold_loss":0},{"damage_healed":0,"gold_gain":0,"player_choice":"Ignored","damage_taken":0,"max_hp_gain":0,"max_hp_loss":0,"event_name":"Transmorgrifier","floor":32,"gold_loss":0},{"cards_removed":["Rainbow"],"damage_healed":0,"gold_gain":0,"player_choice":"Offered Rare","damage_taken":0,"max_hp_gain":10,"max_hp_loss":0,"event_name":"Bonfire Elementals","floor":38,"gold_loss":0}],"is_beta":false,"boss_relics":[{"not_picked":["Fusion Hammer","hubris:RunicObelisk"],"picked":"Replay:Bronze Core"},{"not_picked":["Ectoplasm","ReplayTheSpireMod:DimensionalGlitch"],"picked":"Coffee Dripper"},{"not_picked":["Black Star","hubris:Backtick"],"picked":"Nuclear Battery"},{"not_picked":["ReplayTheSpireMod:SealedPack","Snecko Eye"],"picked":"Empty Cage"},{"not_picked":["Empty Cage","ReplayTheSpireMod:SealedPack"],"picked":"Snecko Eye"},{"not_picked":["FrozenCore","Replay:Wanted Poster"],"picked":"Runic Pyramid"}],"items_purged_floors":[0,0,0,0],"is_endless":false,"potions_floor_spawned":[1,6,10,11,18,21,27,29,33,35,54],"ascension_level":1}}