{"host":"pg2biz4zy3df4ctj","time":1608932678,"event":{"mods":["BaseMod","Minty Spire (QoL Compilation)","Quick Restart","Random Character Button"],"gold_per_floor":[360,372,6,81,81,81,106,11,11,31,50,50,50,65,65,65,65],"floor_reached":16,"playtime":487,"items_purged":["Strike_R"],"score":155,"play_id":"4a889597-34c2-4e0d-89a6-848b080dec80","local_time":"20201225134438","is_ascension_mode":true,"campfire_choices":[{"data":"True Grit","floor":6.0,"key":"SMITH"},{"floor":12,"key":"REST"},{"data":"Sword Boomerang","floor":15,"key":"SMITH"}],"circlet_count":0,"master_deck":["AscendersBane","Strike_R","Strike_R","Strike_R","Strike_R","Defend_R","Defend_R","Defend_R","Defend_R","Bash+1","True Grit+1","Ghostly Armor","Sword Boomerang+1","Armaments+1"],"relics":["Burning Blood","Ginger","Art of War","Self Forming Clay"],"acts_visited":["Exordium"],"potions_floor_usage":[],"damage_taken":[{"damage":11.0,"enemies":"Small Slimes","floor":1.0,"turns":5.0},{"damage":12.0,"enemies":"Jaw Worm","floor":2.0,"turns":5.0},{"damage":18.0,"enemies":"3 Sentries","floor":7.0,"turns":12.0},{"damage":3,"enemies":"2 Louse","floor":10,"turns":3},{"damage":13,"enemies":"Lots of Slimes","floor":11,"turns":6},{"damage":10,"enemies":"2 Fungi Beasts","floor":14,"turns":4},{"damage":35,"enemies":"The Guardian","floor":16,"turns":8}],"seed_played":"4470673146833905260","potions_obtained":[{"floor":2.0,"key":"Fire Potion"},{"floor":7.0,"key":"Ancient Potion"}],"is_trial":false,"path_per_floor":["M","M","$","?","?","R","E","$","T","M","M","R","?","M","R","B"],"character_chosen":"IRONCLAD","items_purchased":["Ginger","Sword Boomerang","Fire Potion"],"campfire_rested":1,"item_purchase_floors":[3,8,8],"current_hp_per_floor":[46,40,40,29,29,29,17,17,17,20,13,37,37,33,33,0,0],"gold":65,"neow_bonus":"TWO_FIFTY_GOLD","is_daily":false,"chose_seed":false,"campfire_upgraded":2,"win_rate":0.0,"timestamp":1608932678,"path_taken":["M","M","$","?","?","R","E","$","T","M","M","R","?","?","R","BOSS"],"items_purchased_type":["Relic","Card","Potion"],"build_version":"2020-12-22","purchased_purges":1,"victory":false,"max_hp_per_floor":[80,80,80,80,80,80,80,80,80,80,80,80,80,80,80,80,80],"card_choices":[{"not_picked":["Iron Wave","Combust","Body Slam"],"picked":"SKIP","floor":1.0},{"not_picked":["Warcry","Blood for Blood"],"picked":"True Grit","floor":2.0},{"not_picked":["Bloodletting","Sword Boomerang"],"picked":"Ghostly Armor","floor":7.0},{"not_picked":["Body Slam","Intimidate","Thunderclap"],"picked":"SKIP","floor":10},{"not_picked":["Burning Pact","Pummel"],"picked":"Armaments","floor":11},{"not_picked":["Pummel","Warcry","Body Slam"],"picked":"SKIP","floor":14}],"player_experience":575658,"relics_obtained":[{"floor":7.0,"key":"Art of War"},{"floor":9,"key":"Self Forming Clay"}],"event_choices":[{"damage_healed":0.0,"max_hp_gain":0.0,"max_hp_loss":0.0,"gold_gain":75.0,"event_name":"World of Goop","player_choice":"Gather Gold","floor":4.0,"gold_loss":0.0,"damage_taken":11.0},{"damage_healed":0.0,"max_hp_gain":0.0,"max_hp_loss":0.0,"gold_gain":0.0,"event_name":"Living Wall","player_choice":"Grow","floor":5.0,"gold_loss":0.0,"damage_taken":0.0,"cards_upgraded":["Bash"]},{"damage_healed":0,"gold_gain":0,"player_choice":"Upgraded","damage_taken":0,"max_hp_gain":0,"max_hp_loss":0,"event_name":"Upgrade Shrine","floor":13,"gold_loss":0,"cards_upgraded":["Armaments"]}],"is_beta":false,"boss_relics":[],"items_purged_floors":[3],"is_endless":false,"potions_floor_spawned":[2,7,10],"killed_by":"The Guardian","ascension_level":11}}