{"host":"2j5d0uw0vihq8b8w","time":1608917874,"event":{"mods":["2.2 Compatiblity","AchievementEnabler","BaseMod","BetterRewards","Colored Map","Colored Powertips","Custom Start","DeckTracker","Minty Spire (QoL Compilation)","Permanent Neow","Quick Restart","Rare Cards Sparkle","StSLib","SuperFastMode","The Dragon Tamer"],"gold_per_floor":[209,209,36,36,61,94,94,109,135,174,189,189,214,247,247,346,346,346,11,11,11,11,11,11,11,11,11,11,11,11,11,11,11,11,11,11,11,11,11,11,11,11,11,11,11,11,11,11,11,11,11,11],"floor_reached":51,"playtime":2729,"items_purged":["Defend_G"],"score":1580,"play_id":"fd89e15d-9c0c-4f29-ae3a-20e0b18058b6","local_time":"20201226023754","is_ascension_mode":true,"campfire_choices":[{"data":"Calculated Gamble","floor":7.0,"key":"SMITH"},{"floor":12.0,"key":"REST"},{"floor":15.0,"key":"REST"},{"data":"Apotheosis","floor":23.0,"key":"SMITH"},{"floor":27.0,"key":"REST"},{"floor":29.0,"key":"RECALL"},{"floor":32.0,"key":"REST"},{"data":"After Image","floor":40.0,"key":"SMITH"},{"data":"After Image","floor":42.0,"key":"SMITH"},{"floor":45.0,"key":"REST"},{"data":"Footwork","floor":49.0,"key":"SMITH"}],"circlet_count":0,"master_deck":["AscendersBane","Strike_G","Strike_G","Strike_G","Strike_G","Defend_G","Defend_G","Defend_G","Defend_G","Survivor","Neutralize","Bouncing Flask","After Image+1","Calculated Gamble+1","Bane","Catalyst","Die Die Die","Backflip","Apotheosis+1","Well Laid Plans","Noxious Fumes","Blade Dance+1","Catalyst","Corpse Explosion","Blur","Prepared+1","After Image+1","Blur","Footwork+1"],"relics":["Ring of the Snake","Golden Idol","Lantern","Nunchaku","Regal Pillow","Tingsha","Odd Mushroom","Ectoplasm","Omamori","CeramicFish","Cursed Key","Calipers","FossilizedHelix","Toy Ornithopter","Vajra"],"acts_visited":["Exordium","TheCity","TheBeyond"],"potions_floor_usage":[],"damage_taken":[{"damage":8.0,"enemies":"Jaw Worm","floor":1.0,"turns":5.0},{"damage":1.0,"enemies":"Small Slimes","floor":5.0,"turns":6.0},{"damage":13.0,"enemies":"Lagavulin","floor":6.0,"turns":8.0},{"damage":1.0,"enemies":"Cultist","floor":8.0,"turns":4.0},{"damage":25.0,"enemies":"Gremlin Nob","floor":10.0,"turns":4.0},{"damage":2.0,"enemies":"Gremlin Gang","floor":11.0,"turns":5.0},{"damage":6.0,"enemies":"2 Fungi Beasts","floor":13.0,"turns":3.0},{"damage":39.0,"enemies":"The Mushroom Lair","floor":14.0,"turns":5.0},{"damage":31.0,"enemies":"The Guardian","floor":16.0,"turns":11.0},{"damage":29.0,"enemies":"3 Byrds","floor":18.0,"turns":6.0},{"damage":0.0,"enemies":"Chosen","floor":20.0,"turns":3.0},{"damage":4.0,"enemies":"Centurion and Healer","floor":21.0,"turns":5.0},{"damage":12.0,"enemies":"Sentry and Sphere","floor":22.0,"turns":5.0},{"damage":0.0,"enemies":"Snake Plant","floor":25.0,"turns":2.0},{"damage":11.0,"enemies":"Slavers","floor":30.0,"turns":4.0},{"damage":5.0,"enemies":"Colosseum Slavers","floor":31.0,"turns":3.0},{"damage":34.0,"enemies":"Automaton","floor":33.0,"turns":9.0},{"damage":0.0,"enemies":"3 Darklings","floor":35.0,"turns":2.0},{"damage":0.0,"enemies":"3 Shapes","floor":36.0,"turns":3.0},{"damage":0.0,"enemies":"Mind Bloom Boss Battle","floor":37.0,"turns":5.0},{"damage":0.0,"enemies":"Maw","floor":38.0,"turns":4.0},{"damage":0.0,"enemies":"Transient","floor":39.0,"turns":6.0},{"damage":7.0,"enemies":"4 Shapes","floor":41.0,"turns":4.0},{"damage":26.0,"enemies":"Nemesis","floor":44.0,"turns":7.0},{"damage":0.0,"enemies":"Reptomancer","floor":46.0,"turns":7.0},{"damage":0.0,"enemies":"Giant Head","floor":48.0,"turns":7.0},{"damage":50,"enemies":"Awakened One","floor":50,"turns":21},{"damage":24,"enemies":"Time Eater","floor":51,"turns":3}],"seed_played":"-8470366700374483912","potions_obtained":[{"floor":1.0,"key":"SkillPotion"},{"floor":8.0,"key":"EssenceOfSteel"},{"floor":10.0,"key":"SpeedPotion"},{"floor":13.0,"key":"Fruit Juice"},{"floor":16.0,"key":"Swift Potion"},{"floor":20.0,"key":"Energy Potion"},{"floor":21.0,"key":"Explosive Potion"},{"floor":25.0,"key":"GamblersBrew"},{"floor":35.0,"key":"Explosive Potion"},{"floor":36.0,"key":"SkillPotion"},{"floor":37.0,"key":"ColorlessPotion"},{"floor":41.0,"key":"BlessingOfTheForge"}],"is_trial":false,"path_per_floor":["M","?","$","?","M","E","R","M","T","E","M","R","M","?","R","B",null,"M","$","M","M","M","R","$","M","T","R","?","R","E","?","R","B",null,"M","M","?","M","M","R","M","R","T","E","R","E","?","E","R","B","B"],"character_chosen":"THE_SILENT","items_purchased":["Lantern","Apotheosis","Well Laid Plans"],"campfire_rested":5,"item_purchase_floors":[3,19,19],"current_hp_per_floor":[51,51,51,51,50,37,37,36,36,11,9,42,41,2,36,5,50,21,21,21,17,5,5,5,5,5,39,39,39,28,23,57,23,55,55,55,55,55,55,55,48,48,48,22,56,56,56,56,56,6,0,0],"gold":11,"neow_bonus":"HUNDRED_GOLD","is_daily":false,"chose_seed":false,"campfire_upgraded":5,"win_rate":0.0,"timestamp":1608917874,"path_taken":["M","?","$","?","M","E","R","?","T","E","M","R","?","?","R","BOSS","M","$","M","M","M","R","$","M","T","R","?","R","E","?","R","BOSS","M","M","?","M","M","R","M","R","T","E","R","E","?","E","R","BOSS","BOSS"],"items_purchased_type":["Relic","Card","Card"],"build_version":"2020-12-22","purchased_purges":1,"victory":false,"max_hp_per_floor":[66,60,60,60,60,60,60,60,60,60,60,60,65,65,65,65,65,65,65,65,65,65,65,65,65,65,65,65,65,65,65,65,65,65,65,65,65,65,65,65,65,65,65,65,65,65,65,65,65,65,65,65],"card_choices":[{"not_picked":["Riddle With Holes","Dagger Spray"],"picked":"Bouncing Flask","floor":1.0},{"not_picked":["Prepared","Dash"],"picked":"Calculated Gamble","floor":5.0},{"not_picked":["Wraith Form v2","Eviscerate","Quick Slash"],"picked":"SKIP","floor":6.0},{"not_picked":["Infinite Blades","Finisher"],"picked":"Bane","floor":8.0},{"not_picked":["Dagger Spray","Predator","Bane"],"picked":"SKIP","floor":10.0},{"not_picked":["Underhanded Strike","Slice","Flechettes"],"picked":"SKIP","floor":11.0},{"not_picked":["Underhanded Strike","Endless Agony"],"picked":"Catalyst","floor":13.0},{"not_picked":["Malaise","Phantasmal Killer"],"picked":"Die Die Die","floor":16.0},{"not_picked":["Underhanded Strike","PiercingWail"],"picked":"Backflip","floor":18.0},{"not_picked":["Cloak And Dagger","Prepared","Deflect+1"],"picked":"SKIP","floor":20.0},{"not_picked":["Underhanded Strike","Deadly Poison"],"picked":"Noxious Fumes","floor":21.0},{"not_picked":["Prepared","Dagger Throw","All Out Attack+1"],"picked":"SKIP","floor":22.0},{"not_picked":["Underhanded Strike","Leg Sweep"],"picked":"Blade Dance+1","floor":25.0},{"not_picked":["Dash","Noxious Fumes"],"picked":"Catalyst","floor":30.0},{"not_picked":["Phantasmal Killer","Doppelganger"],"picked":"Corpse Explosion","floor":33.0},{"not_picked":["Cloak And Dagger","Dodge and Roll","Terror"],"picked":"SKIP","floor":35.0},{"not_picked":["Deadly Poison+1","Heel Hook"],"picked":"Blur","floor":36.0},{"not_picked":["Skewer","Poisoned Stab"],"picked":"Prepared+1","floor":37.0},{"not_picked":["Accuracy","Dagger Spray+1","Terror"],"picked":"SKIP","floor":38.0},{"not_picked":["Deadly Poison","Dodge and Roll"],"picked":"After Image","floor":39.0},{"not_picked":["Quick Slash","Slice"],"picked":"Blur","floor":41.0},{"not_picked":["Expertise","Skewer+1"],"picked":"Footwork","floor":44.0},{"not_picked":["Terror","Die Die Die","Concentrate+1"],"picked":"SKIP","floor":46.0},{"not_picked":["Backflip","Accuracy","Bouncing Flask"],"picked":"SKIP","floor":48.0}],"player_experience":710634,"relics_obtained":[{"floor":6.0,"key":"Nunchaku"},{"floor":9.0,"key":"Regal Pillow"},{"floor":10.0,"key":"Tingsha"},{"floor":14.0,"key":"Odd Mushroom"},{"floor":26.0,"key":"Omamori"},{"floor":30.0,"key":"CeramicFish"},{"floor":37.0,"key":"Calipers"},{"floor":44.0,"key":"FossilizedHelix"},{"floor":46.0,"key":"Toy Ornithopter"},{"floor":48.0,"key":"Vajra"}],"event_choices":[{"damage_healed":0.0,"max_hp_gain":0.0,"max_hp_loss":6.0,"gold_gain":0.0,"event_name":"Golden Idol","player_choice":"Lose Max HP","floor":2.0,"gold_loss":0.0,"damage_taken":0.0,"relics_obtained":["Golden Idol"]},{"damage_healed":0.0,"max_hp_gain":0.0,"max_hp_loss":0.0,"gold_gain":0.0,"cards_transformed":["Strike_G"],"event_name":"Transmorgrifier","player_choice":"Transformed","floor":4.0,"gold_loss":0.0,"damage_taken":0.0,"cards_obtained":["After Image"]},{"damage_healed":0.0,"max_hp_gain":0.0,"max_hp_loss":0.0,"gold_gain":0.0,"event_name":"Mushrooms","player_choice":"Fought Mushrooms","floor":14.0,"gold_loss":0.0,"damage_taken":0.0},{"damage_healed":0.0,"max_hp_gain":0.0,"max_hp_loss":0.0,"gold_gain":50.0,"event_name":"Nest","player_choice":"Stole From Cult","floor":28.0,"gold_loss":0.0,"damage_taken":0.0},{"damage_healed":0.0,"max_hp_gain":0.0,"max_hp_loss":0.0,"gold_gain":0.0,"event_name":"Colosseum","player_choice":"Fight","floor":31.0,"gold_loss":0.0,"damage_taken":0.0},{"damage_healed":0.0,"max_hp_gain":0.0,"max_hp_loss":0.0,"gold_gain":0.0,"event_name":"Colosseum","player_choice":"Fled From Nobs","floor":31.0,"gold_loss":0.0,"damage_taken":0.0},{"damage_healed":0.0,"max_hp_gain":0.0,"max_hp_loss":0.0,"gold_gain":0.0,"event_name":"MindBloom","player_choice":"Fight","floor":37.0,"gold_loss":0.0,"damage_taken":0.0},{"damage_healed":0.0,"max_hp_gain":0.0,"max_hp_loss":0.0,"gold_gain":0.0,"event_name":"Match and Keep!","player_choice":"0 cards matched","floor":47.0,"gold_loss":0.0,"damage_taken":0.0,"cards_obtained":[]}],"is_beta":false,"boss_relics":[{"not_picked":["Tiny House","Runic Pyramid"],"picked":"Ectoplasm"},{"not_picked":["Runic Dome","Black Star"],"picked":"Cursed Key"}],"items_purged_floors":[19],"is_endless":false,"potions_floor_spawned":[1,8,10,13,16,20,21,25,35,36,37,41],"killed_by":"Time Eater","ascension_level":20}}