{"host":"ank59infoazk950q","time":1608875910,"event":{"mods":["AchievementEnabler","Ascension Reborn","BaseMod","Downfall","Marisa????????","Minty Spire (QoL Compilation)","Remilia??????","Replay The Spire","StSLib","The Cursed","The Servant 0.9.4"],"gold_per_floor":[99,114,129,129,144,174,174,189,189,189,189,189,204,219,219,234,249,349,349,349,364,364,364,7,7,57,57,57],"floor_reached":27,"playtime":2438,"items_purged":[],"score":238,"play_id":"60181dbb-dd4a-4747-9e70-dfa2c545b5a0","local_time":"20201224215829","daily_mods":["Allstar","downfall:Jewelcrafting","Terminal"],"is_ascension_mode":false,"campfire_choices":[{"floor":25,"key":"REST"}],"circlet_count":0,"master_deck":["sneckomod:Defend","sneckomod:Defend","sneckomod:Defend","sneckomod:TailWhip","sneckomod:SnekBite","sneckomod:Unknown+1","sneckomod:Unknown","Guardian:ExploitGems+1","Guardian:ExploitGems","Metamorphosis","Violence","expansioncontent:Torchfire","expansioncontent:FaceSlap","Replay:SS_fish_3","sneckomod:SnakeSap","sneckomod:UnknownClassREMILIA_COLOR","sneckomod:UnknownVulnerable","sneckomod:TrashToTreasure","sneckomod:WideSting","sneckomod:UnknownBlock","sneckomod:Unknown0Cost","sneckomod:IronFang","sneckomod:UnknownClassGUARDIAN","sneckomod:UnknownEthereal","sneckomod:DiceCrush","sneckomod:UnknownEthereal","sneckomod:MasterEye","sneckomod:Unknown3Cost","Guardian:Gem_Purple","sneckomod:Unknown2Cost","sneckomod:WideSting","Slimebound:Tackle+1","Slimebound:Tackle+1","Slimebound:Tackle+1","Shame","sneckomod:UnknownCommonSkill"],"relics":["sneckomod:SneckoSoul","Guardian:PickAxe","Pen Nib","Replay:Bottled Snecko","downfall:BrokenWingStatue","Prayer Wheel","Fusion Hammer","Lantern","Thread and Needle","Dream Catcher"],"acts_visited":["Exordium","TheCity"],"potions_floor_usage":[18,18,18,27],"damage_taken":[{"damage":0,"enemies":"Small Slimes","floor":2,"turns":2},{"damage":0,"enemies":"Cultist","floor":3,"turns":2},{"damage":2,"enemies":"2 Louse","floor":5,"turns":2},{"damage":23,"enemies":"3 Sentries","floor":6,"turns":7},{"damage":6,"enemies":"Large Slime","floor":8,"turns":5},{"damage":4,"enemies":"Exordium Wildlife","floor":13,"turns":4},{"damage":0,"enemies":"Blue Slaver","floor":14,"turns":2},{"damage":13,"enemies":"Exordium Thugs","floor":16,"turns":4},{"damage":0,"enemies":"2 Fungi Beasts","floor":17,"turns":2},{"damage":31,"enemies":"downfall:Silent","floor":18,"turns":6},{"damage":0,"enemies":"Spheric Guardian","floor":21,"turns":3},{"damage":44,"enemies":"downfall:FleeingMerchant","floor":24,"turns":4},{"damage":65,"enemies":"Gremlin Leader","floor":27,"turns":8}],"seed_played":"-567031674859551473","potions_obtained":[{"floor":5,"key":"Elixir"},{"floor":6,"key":"SkillPotion"},{"floor":8,"key":"sneckomod:DiceRollPotion"},{"floor":16,"key":"sneckomod:DiceRollPotion"},{"floor":18,"key":"Guardian:BlockOnCardUsePotion"},{"floor":21,"key":"DuplicationPotion"}],"is_trial":false,"path_per_floor":["R","M","M","?","M","E","T","M","R","PTL","PTL","?","M","M","?","M","M","B",null,"R","M","?","?","$","R","T","E"],"character_chosen":"THE_SNECKO","items_purchased":["Thread and Needle","BlessingOfTheForge"],"campfire_rested":1,"item_purchase_floors":[24,24],"current_hp_per_floor":[88,87,87,86,85,66,66,60,60,60,60,60,58,59,59,47,48,18,78,77,77,76,75,34,56,56,0,0],"gold":57,"neow_bonus":"","is_daily":true,"chose_seed":false,"campfire_upgraded":0,"win_rate":0.0,"timestamp":1608875909,"path_taken":["R","M","M","?","M","E","T","?","R","PTL","PTL","?","M","M","?","M","M","BOSS","R","M","?","?","$","R","T","E"],"items_purchased_type":["Relic","Potion"],"build_version":"2020-12-22","purchased_purges":0,"victory":false,"max_hp_per_floor":[88,87,87,86,86,85,84,83,82,81,80,79,80,80,79,79,79,79,78,77,77,76,75,75,74,73,73,73],"card_choices":[{"not_picked":["sneckomod:Unknown1Cost","sneckomod:IronFang"],"picked":"sneckomod:SnakeSap","floor":2},{"not_picked":["sneckomod:UnknownBlock","sneckomod:UnknownVulnerable"],"picked":"sneckomod:UnknownClassREMILIA_COLOR","floor":3},{"not_picked":["sneckomod:UnknownCommonSkill","sneckomod:UnknownBlock"],"picked":"sneckomod:UnknownVulnerable","floor":5},{"not_picked":["sneckomod:UnknownClassMARISA_COLOR","sneckomod:MorePower"],"picked":"sneckomod:TrashToTreasure","floor":6},{"not_picked":["sneckomod:SoulDraw","sneckomod:UnknownUncommonSkill"],"picked":"sneckomod:WideSting","floor":8},{"not_picked":["sneckomod:UnknownCommonSkill","sneckomod:UnknownClassGREEN"],"picked":"sneckomod:UnknownBlock","floor":13},{"not_picked":["sneckomod:UnknownClassRED","sneckomod:UnknownVulnerable"],"picked":"sneckomod:Unknown0Cost","floor":13},{"not_picked":["sneckomod:SoulDraw","sneckomod:UnknownUncommonSkill"],"picked":"sneckomod:IronFang","floor":14},{"not_picked":["sneckomod:UnknownExhaust","sneckomod:Cheat"],"picked":"sneckomod:UnknownClassGUARDIAN","floor":14},{"not_picked":["sneckomod:SoulDraw","sneckomod:SnekBeam"],"picked":"sneckomod:UnknownEthereal","floor":16},{"not_picked":["sneckomod:UnknownDexterity","sneckomod:UnknownWeak"],"picked":"sneckomod:DiceCrush","floor":16},{"not_picked":["sneckomod:UnknownCommonAttack","sneckomod:TrashToTreasure"],"picked":"sneckomod:UnknownEthereal","floor":17},{"not_picked":["sneckomod:SnakeSap","sneckomod:IronFang"],"picked":"sneckomod:MasterEye","floor":17},{"not_picked":["sneckomod:Mudshield","sneckomod:SoulExchange"],"picked":"sneckomod:Unknown3Cost","floor":18},{"not_picked":["sneckomod:UnknownStrike","sneckomod:WideSting"],"picked":"sneckomod:Unknown2Cost","floor":21},{"not_picked":["sneckomod:UnknownClassREMILIA_COLOR","sneckomod:SoulRoll"],"picked":"sneckomod:WideSting","floor":21},{"not_picked":["sneckomod:RainOfDice+1","sneckomod:UnknownClassBLUE"],"picked":"sneckomod:UnknownCommonSkill","floor":24}],"player_experience":611,"relics_obtained":[{"floor":6,"key":"Pen Nib"},{"floor":7,"key":"Replay:Bottled Snecko"},{"floor":26,"key":"Dream Catcher"}],"event_choices":[{"damage_healed":0,"gold_gain":0,"player_choice":"Upgraded","damage_taken":0,"max_hp_gain":0,"max_hp_loss":0,"event_name":"Upgrade Shrine","floor":4,"gold_loss":0,"cards_upgraded":["Guardian:ExploitGems"]},{"damage_healed":0,"gold_gain":0,"player_choice":"Stole Relic","damage_taken":0,"relics_obtained":["Lantern"],"max_hp_gain":0,"max_hp_loss":0,"event_name":"Addict","floor":23,"gold_loss":0,"cards_obtained":["Shame"]}],"is_beta":false,"boss_relics":[{"not_picked":["Cursed Key","Replay:Drink Me"],"picked":"Fusion Hammer"}],"items_purged_floors":[],"is_endless":false,"potions_floor_spawned":[5,6,8,16,18,21],"killed_by":"Gremlin Leader","ascension_level":0}}