{"host":"j204k34h42bd6fas","time":1608871300,"event":{"mods":["Aspiration","BaseMod","Colored Map","Colored Powertips","Conspire","Energized Spire","Hubris","Infinite Spire","JesterMod","Mimic Mod","Minty Spire (QoL Compilation)","Rare Cards Sparkle","Relic Stats","Replay The Spire","Say the Spire","StSLib","The Cursed","The Marked"],"gold_per_floor":[116,135,135,146,160,186,202,228,259,26,26,26,46,46,46,144,144,156,156,156,181,181,181,181,181],"floor_reached":24,"playtime":7904,"items_purged":[],"score":255,"play_id":"5568c6ba-09bb-4907-bc50-e6f0aebdb839","local_time":"20201224234140","is_ascension_mode":true,"campfire_choices":[{"floor":15,"key":"REST"},{"data":"ReplayTheSpireMod:Chaos Vortex","floor":23,"key":"SMITH"}],"circlet_count":0,"master_deck":["Strike_P","Strike_P","Strike_P","Strike_P","Defend_P","Defend_P","Defend_P","Defend_P","Eruption","EmptyBody","Consecrate","Halt","WheelKick","MentalFortress","Replay:DivineShield","Replay:Vibes","Replay:ManipulateFuture","CutThroughFate","CarveReality","LikeWater+1","Evaluate","Injury","TheCursedMod:Dregs","ReplayTheSpireMod:Chaos Vortex+1","FollowUp","Bash","DevaForm","Tantrum+1"],"relics":["aspiration:Nostalgia","Burning Blood","Oddly Smooth Stone","conspire:BottledYoYo","Bag of Preparation","Ring of Panic","Replay:M_SmolderingBlood","hubris:Backtick","Calipers","aspiration:RitualStick","hubris:BottledHeart","Potion Belt","hubris:Icosahedron"],"acts_visited":["Exordium","TheCity"],"potions_floor_usage":[6,8,16,16],"damage_taken":[{"damage":1,"enemies":"Cultist","floor":1,"turns":3},{"damage":0,"enemies":"Jaw Worm","floor":2,"turns":5},{"damage":0,"enemies":"2 Louse","floor":4,"turns":2},{"damage":2,"enemies":"2 Fungi Beasts","floor":5,"turns":3},{"damage":24,"enemies":"Lagavulin","floor":6,"turns":7},{"damage":0,"enemies":"Exordium Wildlife","floor":7,"turns":4},{"damage":36,"enemies":"Gremlin Nob","floor":8,"turns":4},{"damage":0,"enemies":"Blue Slaver","floor":9,"turns":8},{"damage":0,"enemies":"Blue Slaver","floor":13,"turns":5},{"damage":24,"enemies":"Hexaghost","floor":16,"turns":14},{"damage":10,"enemies":"3 Byrds","floor":18,"turns":7},{"damage":0,"enemies":"conspire:FuzzyDice","floor":24,"turns":1}],"seed_played":"7074480901374648258","potions_obtained":[{"floor":1,"key":"StancePotion"},{"floor":4,"key":"Adrenaline Potion"},{"floor":7,"key":"Explosive Potion"},{"floor":13,"key":"Block Potion"},{"floor":16,"key":"Strength Potion"}],"is_trial":false,"path_per_floor":["M","M","?","M","M","E","M","E","MIM","$","?","?","M","?","R","B",null,"M","?","?","T","?","R","M"],"character_chosen":"WATCHER","items_purchased":["CutThroughFate","CarveReality","LikeWater+1","Evaluate"],"campfire_rested":1,"item_purchase_floors":[10,10,10,10],"current_hp_per_floor":[72,72,72,72,72,54,60,30,36,36,36,36,42,42,63,45,65,61,47,1,1,1,1,1,1],"gold":181,"neow_bonus":"NOSTALGIA","is_daily":false,"chose_seed":false,"campfire_upgraded":1,"win_rate":0.0,"timestamp":1608871300,"path_taken":["M","?","?","M","M","E","M","E","MIM","$","?","?","M","?","R","BOSS","M","?","?","?","?","R","?"],"items_purchased_type":["Card","Card","Card","Card"],"build_version":"2020-12-22","purchased_purges":0,"victory":false,"max_hp_per_floor":[72,72,72,72,72,72,72,72,72,72,72,72,72,72,72,72,72,72,72,1,1,1,1,1,1],"relic_stats":{"counters":[12,63],"Bag of Preparation":[8],"obtain_stats":[{"Potion Belt":21,"Calipers":17,"aspiration:Nostalgia":0,"Oddly Smooth Stone":6,"Bag of Preparation":9,"Burning Blood":0,"aspiration:RitualStick":19,"hubris:Backtick":17,"hubris:Icosahedron":22,"Replay:M_SmolderingBlood":14,"hubris:BottledHeart":20,"conspire:BottledYoYo":8,"PureWater":0,"Ring of Panic":11},{"Potion Belt":11,"Calipers":10,"aspiration:Nostalgia":0,"Oddly Smooth Stone":5,"Bag of Preparation":8,"Burning Blood":0,"aspiration:RitualStick":11,"hubris:Backtick":10,"hubris:Icosahedron":11,"Replay:M_SmolderingBlood":9,"hubris:BottledHeart":11,"conspire:BottledYoYo":7,"PureWater":0,"Ring of Panic":8},{"Potion Belt":62,"Calipers":55,"aspiration:Nostalgia":0,"Oddly Smooth Stone":20,"Bag of Preparation":36,"Burning Blood":0,"aspiration:RitualStick":62,"hubris:Backtick":55,"hubris:Icosahedron":62,"Replay:M_SmolderingBlood":41,"hubris:BottledHeart":62,"conspire:BottledYoYo":28,"PureWater":0,"Ring of Panic":36}],"Burning Blood":45,"aspiration:RitualStick":[0]},"card_choices":[{"not_picked":["Sanctity","Fasting2"],"picked":"EmptyBody","floor":1},{"not_picked":["Indignation","Replay:AtTheReady"],"picked":"Consecrate","floor":2},{"not_picked":["PathToVictory","EmptyFist"],"picked":"Halt","floor":4},{"not_picked":["Prostrate","EmptyBody"],"picked":"WheelKick","floor":5},{"not_picked":["SignatureMove","Ragnarok"],"picked":"MentalFortress","floor":6},{"not_picked":["CarveReality","FollowUp"],"picked":"Replay:DivineShield","floor":7},{"not_picked":["FlurryOfBlows","Wireheading"],"picked":"Replay:Vibes","floor":8},{"not_picked":["FlurryOfBlows","Crescendo"],"picked":"Replay:ManipulateFuture","floor":9},{"not_picked":["hubris:Rewind","hubris:Fate"],"picked":"ReplayTheSpireMod:Chaos Vortex","floor":12},{"not_picked":["ClearTheMind","Halt"],"picked":"FollowUp","floor":13},{"not_picked":["Scrawl","LessonLearned"],"picked":"DevaForm","floor":16},{"not_picked":["Replay:BluntJabs","Prostrate"],"picked":"Tantrum+1","floor":18}],"player_experience":298759,"relics_obtained":[{"floor":6,"key":"Oddly Smooth Stone"},{"floor":8,"key":"conspire:BottledYoYo"},{"floor":9,"key":"Bag of Preparation"},{"floor":11,"key":"Ring of Panic"},{"floor":21,"key":"Potion Belt"}],"event_choices":[],"is_beta":false,"boss_relics":[{"not_picked":["conspire:SeveredTorchhead","energizedSpire:EnergizedDie"],"picked":"hubris:Backtick"}],"items_purged_floors":[],"is_endless":false,"potions_floor_spawned":[1,4,7,13,16],"killed_by":"conspire:FuzzyDice","ascension_level":5}}