{"host":"9ndbo4kgsfoemf7y","time":1608860870,"event":{"mods":["AchievementEnabler","BaseMod","Colored Map","DeckTracker","Keyboard Shortcuts","Minty Spire (QoL Compilation)","Permanent Neow","Quick Restart","Relic Stats","StSLib","SuperFastMode"],"gold_per_floor":[17,17,30,45,55,89,89,14,14,14,43,43,43,59,59,59,59],"floor_reached":16,"playtime":455,"items_purged":["Strike_G"],"score":215,"play_id":"196e6654-cfbe-4bd4-bf49-2c3ad37f3715","local_time":"20201225104750","is_ascension_mode":true,"campfire_choices":[{"data":"Phantasmal Killer","floor":7.0,"key":"SMITH"},{"data":"Masterful Stab","floor":10.0,"key":"SMITH"},{"floor":15,"key":"REST"}],"circlet_count":0,"master_deck":["AscendersBane","Strike_G","Strike_G+1","Strike_G","Defend_G","Defend_G","Defend_G","Defend_G","Defend_G","Survivor","Neutralize","Phantasmal Killer+1","Dagger Throw","Backstab+1","Footwork","Masterful Stab+1","Underhanded Strike","Doppelganger","Acrobatics"],"relics":["Ring of the Snake","Whetstone","MealTicket","Gremlin Horn"],"acts_visited":["Exordium"],"potions_floor_usage":[],"damage_taken":[{"damage":8.0,"enemies":"2 Louse","floor":1.0,"turns":4.0},{"damage":0.0,"enemies":"Cultist","floor":3.0,"turns":3.0},{"damage":3.0,"enemies":"Jaw Worm","floor":4.0,"turns":4.0},{"damage":4.0,"enemies":"Looter","floor":5.0,"turns":3.0},{"damage":11.0,"enemies":"Gremlin Nob","floor":6.0,"turns":3.0},{"damage":28.0,"enemies":"Lagavulin","floor":11.0,"turns":6.0},{"damage":0,"enemies":"2 Fungi Beasts","floor":14,"turns":2},{"damage":39,"enemies":"Hexaghost","floor":16,"turns":11}],"seed_played":"-2604097808115482030","potions_obtained":[{"floor":1.0,"key":"SteroidPotion"},{"floor":4.0,"key":"SpeedPotion"},{"floor":6.0,"key":"Explosive Potion"},{"floor":14,"key":"Weak Potion"}],"is_trial":false,"path_per_floor":["M","?","M","M","M","E","R","$","T","R","E","?","?","M","R","B"],"character_chosen":"THE_SILENT","items_purchased":[],"campfire_rested":1,"item_purchase_floors":[],"current_hp_per_floor":[51,66,66,63,59,48,48,48,48,48,20,20,20,20,39,0,0],"gold":59,"neow_bonus":"THREE_RARE_CARDS","is_daily":false,"chose_seed":false,"campfire_upgraded":2,"win_rate":0.0,"timestamp":1608860870,"path_taken":["M","?","M","?","M","E","R","$","T","R","E","?","?","M","R","BOSS"],"items_purchased_type":[],"build_version":"2020-12-22","purchased_purges":1,"victory":false,"max_hp_per_floor":[66,66,66,66,66,66,66,66,66,66,66,66,66,66,66,66,66],"relic_stats":{"Gremlin Horn":[1,1],"counters":[8,36],"MealTicket":0,"Whetstone":["Strike_G","Backstab"],"obtain_stats":[{"Gremlin Horn":11,"MealTicket":9,"Whetstone":6,"Ring of the Snake":0},{"Gremlin Horn":6,"MealTicket":5,"Whetstone":5,"Ring of the Snake":0},{"Gremlin Horn":23,"MealTicket":17,"Whetstone":17,"Ring of the Snake":0}],"Ring of the Snake":[16]},"card_choices":[{"not_picked":["Envenom","Night Terror"],"picked":"Phantasmal Killer","floor":0.0},{"not_picked":["Flying Knee","Prepared"],"picked":"Dagger Throw","floor":1.0},{"not_picked":["Dagger Throw","Flying Knee","Slice"],"picked":"SKIP","floor":3.0},{"not_picked":["Deflect","Slice"],"picked":"Backstab","floor":4.0},{"not_picked":["Accuracy","Acrobatics"],"picked":"Footwork","floor":5.0},{"not_picked":["Deadly Poison","Poisoned Stab"],"picked":"Masterful Stab","floor":6.0},{"not_picked":["Quick Slash","Dagger Throw"],"picked":"Underhanded Strike","floor":11.0},{"not_picked":["Choke","Concentrate"],"picked":"Acrobatics","floor":14}],"player_experience":741327,"relics_obtained":[{"floor":6.0,"key":"Whetstone"},{"floor":9.0,"key":"MealTicket"},{"floor":11.0,"key":"Gremlin Horn"}],"event_choices":[{"damage_healed":15.0,"max_hp_gain":0.0,"max_hp_loss":0.0,"gold_gain":0.0,"event_name":"Wheel of Change","player_choice":"Full Heal","floor":2.0,"gold_loss":0.0,"damage_taken":0.0},{"damage_healed":0,"gold_gain":0,"player_choice":"Fled","damage_taken":0,"max_hp_gain":0,"max_hp_loss":0,"event_name":"Scrap Ooze","floor":12,"gold_loss":0},{"damage_healed":0,"gold_gain":0,"cards_transformed":["Strike_G"],"player_choice":"Change","damage_taken":0,"max_hp_gain":0,"max_hp_loss":0,"event_name":"Living Wall","floor":13,"gold_loss":0,"cards_obtained":["Doppelganger"]}],"is_beta":false,"boss_relics":[],"items_purged_floors":[8],"is_endless":false,"potions_floor_spawned":[1,4,6,14],"killed_by":"Hexaghost","ascension_level":19}}