{"host":"q0ozth74idsfmf0a","time":1608940736,"event":{"mods":["BaseMod","Colored Powertips","Minty Spire (QoL Compilation)","Relic Stats","StSLib"],"gold_per_floor":[110,127,144,144,144,176,176,195,195,39,53,53,64,64,64,165,165,182,194,194,207,207,233,13,30,30,30,44,58,58,58,58,157,157,169,169,69,0,15,15,34,68,147,161,214,214,226,245,245,245],"floor_reached":51,"playtime":6265,"items_purged":["Pain","Shame"],"score":801,"play_id":"efee4177-504a-4e7f-911e-e77c2d1f464a","local_time":"20201225185856","is_ascension_mode":false,"campfire_choices":[{"data":"1","floor":7,"key":"LIFT"},{"data":"Armaments","floor":12,"key":"SMITH"},{"data":"2","floor":15,"key":"LIFT"},{"data":"3","floor":27,"key":"LIFT"},{"data":"True Grit","floor":32,"key":"SMITH"},{"data":"Feed","floor":40,"key":"SMITH"},{"data":"Inflame","floor":49,"key":"SMITH"}],"circlet_count":0,"master_deck":["Strike_R","Strike_R","Strike_R","Defend_R","Defend_R","Defend_R","Defend_R","Bash","Shrug It Off","Anger","Thunderclap","Inflame+1","Burning Pact","Armaments+1","Juggernaut","Uppercut","Battle Trance","Ghostly","Ghostly","Ghostly","Ghostly","Ghostly","Twin Strike","Injury","Disarm+1","Pommel Strike+1","Clothesline","True Grit+1","RitualDagger","Feed+1","Corruption","Shrug It Off+1","Normality","Iron Wave+1","Cleave"],"relics":["Coffee Dripper","Girya","Magic Flower","Orichalcum","WarpedTongs","Cursed Key","Red Skull","Champion Belt","Toy Ornithopter","Dream Catcher","Nilry\u0027s Codex","SlaversCollar","Red Mask","Bird Faced Urn","Toxic Egg 2","Lizard Tail"],"acts_visited":["Exordium","TheCity","TheBeyond"],"potions_floor_usage":[6,16,16,18,33,33,33,41,44,50,50,50],"damage_taken":[{"damage":3,"enemies":"Jaw Worm","floor":1,"turns":3},{"damage":6,"enemies":"2 Louse","floor":2,"turns":3},{"damage":0,"enemies":"Cultist","floor":3,"turns":3},{"damage":17,"enemies":"3 Sentries","floor":6,"turns":8},{"damage":5,"enemies":"3 Louse","floor":8,"turns":3},{"damage":2,"enemies":"Red Slaver","floor":11,"turns":3},{"damage":0,"enemies":"Exordium Wildlife","floor":13,"turns":3},{"damage":7,"enemies":"Slime Boss","floor":16,"turns":7},{"damage":15,"enemies":"Chosen","floor":18,"turns":4},{"damage":17,"enemies":"3 Byrds","floor":19,"turns":6},{"damage":5,"enemies":"Snake Plant","floor":21,"turns":5},{"damage":3,"enemies":"Slavers","floor":23,"turns":6},{"damage":0,"enemies":"Shelled Parasite and Fungi","floor":25,"turns":4},{"damage":1,"enemies":"Snecko","floor":28,"turns":6},{"damage":0,"enemies":"Cultist and Chosen","floor":29,"turns":6},{"damage":17,"enemies":"Champ","floor":33,"turns":11},{"damage":0,"enemies":"3 Darklings","floor":35,"turns":5},{"damage":0,"enemies":"3 Shapes","floor":39,"turns":3},{"damage":20,"enemies":"Spire Growth","floor":41,"turns":8},{"damage":0,"enemies":"Nemesis","floor":42,"turns":5},{"damage":9,"enemies":"Maw","floor":44,"turns":7},{"damage":10,"enemies":"2 Orb Walkers","floor":45,"turns":4},{"damage":0,"enemies":"Transient","floor":47,"turns":5},{"damage":12,"enemies":"Sphere and 2 Shapes","floor":48,"turns":6},{"damage":34,"enemies":"Awakened One","floor":50,"turns":11}],"seed_played":"-1324859125952417419","potions_obtained":[{"floor":1,"key":"DuplicationPotion"},{"floor":6,"key":"PowerPotion"},{"floor":8,"key":"AttackPotion"},{"floor":13,"key":"Swift Potion"},{"floor":18,"key":"Energy Potion"},{"floor":21,"key":"Weak Potion"},{"floor":23,"key":"Strength Potion"},{"floor":29,"key":"Regen Potion"},{"floor":39,"key":"Block Potion"},{"floor":42,"key":"DistilledChaos"},{"floor":45,"key":"Energy Potion"},{"floor":47,"key":"LiquidBronze"},{"floor":48,"key":"CultistPotion"}],"is_trial":false,"path_per_floor":["M","M","M","?","?","E","R","M","T","$","M","R","M","?","R","B",null,"M","M","?","M","T","E","$","M","T","R","M","M","?","?","R","B",null,"M","?","$","?","M","R","M","E","T","M","?","?","M","M","R","B",null],"character_chosen":"IRONCLAD","items_purchased":["Orichalcum","Toy Ornithopter"],"campfire_rested":0,"item_purchase_floors":[10,24],"current_hp_per_floor":[77,71,71,64,64,47,47,42,42,42,40,40,40,40,40,33,80,65,48,40,35,35,32,32,32,32,32,31,31,25,9,9,33,40,40,38,38,38,41,41,21,21,21,32,28,28,37,43,43,38],"gold":245,"neow_bonus":"BOSS_RELIC","is_daily":false,"chose_seed":false,"campfire_upgraded":4,"win_rate":0.0,"timestamp":1608940736,"path_taken":["M","M","M","?","?","E","R","M","T","$","M","R","?","?","R","BOSS","M","M","?","M","?","E","$","M","T","R","M","?","?","?","R","BOSS","M","?","$","?","M","R","M","E","T","M","?","?","M","?","R","BOSS"],"items_purchased_type":["Relic","Relic"],"build_version":"2020-12-22","purchased_purges":2,"victory":true,"max_hp_per_floor":[80,80,80,80,80,80,80,80,80,80,80,80,80,80,80,80,80,80,80,40,40,40,40,40,40,40,40,40,40,40,40,40,40,40,40,38,38,38,41,41,41,41,41,41,45,45,45,49,49,53],"relic_stats":{"Dream Catcher":0,"Lizard Tail":0,"counters":[25,135],"Bird Faced Urn":[42],"Magic Flower":[42],"Champion Belt":[37],"Orichalcum":[174],"Cursed Key":3,"obtain_stats":[{"Girya":6,"Nilry\u0027s Codex":31,"Magic Flower":9,"Orichalcum":10,"Cursed Key":17,"Burning Blood":0,"WarpedTongs":14,"SlaversCollar":34,"Dream Catcher":26,"Lizard Tail":45,"Bird Faced Urn":42,"Coffee Dripper":0,"Red Mask":38,"Champion Belt":23,"Toxic Egg 2":43,"Red Skull":22,"Toy Ornithopter":24},{"Girya":4,"Nilry\u0027s Codex":15,"Magic Flower":5,"Orichalcum":5,"Cursed Key":8,"Burning Blood":0,"WarpedTongs":7,"SlaversCollar":16,"Dream Catcher":13,"Lizard Tail":22,"Bird Faced Urn":20,"Coffee Dripper":0,"Red Mask":17,"Champion Belt":12,"Toxic Egg 2":20,"Red Skull":11,"Toy Ornithopter":12},{"Girya":17,"Nilry\u0027s Codex":70,"Magic Flower":20,"Orichalcum":20,"Cursed Key":33,"Burning Blood":0,"WarpedTongs":26,"SlaversCollar":81,"Dream Catcher":58,"Lizard Tail":113,"Bird Faced Urn":102,"Coffee Dripper":0,"Red Mask":86,"Champion Belt":54,"Toxic Egg 2":102,"Red Skull":48,"Toy Ornithopter":54}],"Toy Ornithopter":46,"WarpedTongs":[109]},"card_choices":[{"not_picked":["Seeing Red","Searing Blow"],"picked":"Shrug It Off","floor":1},{"not_picked":["Searing Blow","Dual Wield"],"picked":"Anger","floor":2},{"not_picked":["Whirlwind","True Grit"],"picked":"Thunderclap","floor":3},{"not_picked":["Clothesline","Metallicize"],"picked":"Inflame","floor":6},{"not_picked":["Rupture","Headbutt"],"picked":"Burning Pact","floor":8},{"not_picked":["Uppercut","Clothesline"],"picked":"Armaments","floor":11},{"not_picked":["Body Slam","Thunderclap"],"picked":"Shrug It Off","floor":13},{"not_picked":["Offering","Double Tap"],"picked":"Juggernaut","floor":16},{"not_picked":["Armaments","Headbutt"],"picked":"Uppercut","floor":18},{"not_picked":["Flex","Armaments"],"picked":"Battle Trance","floor":19},{"not_picked":["Carnage+1","Headbutt"],"picked":"Twin Strike","floor":21},{"not_picked":["Anger+1","Searing Blow"],"picked":"Disarm+1","floor":23},{"not_picked":["Clothesline","Whirlwind+1"],"picked":"Pommel Strike+1","floor":25},{"not_picked":["Corruption","Thunderclap"],"picked":"Clothesline","floor":28},{"not_picked":["Burning Pact+1","Perfected Strike+1"],"picked":"True Grit","floor":29},{"not_picked":["Fiend Fire","Brutality"],"picked":"Feed","floor":33},{"not_picked":["True Grit","Armaments","Sword Boomerang"],"picked":"SKIP","floor":35},{"not_picked":["Headbutt","Clash+1"],"picked":"Corruption","floor":39},{"not_picked":["Body Slam","Headbutt","Rupture+1"],"picked":"SKIP","floor":41},{"not_picked":["Clothesline+1","Sword Boomerang"],"picked":"Shrug It Off+1","floor":42},{"not_picked":["Thunderclap+1","Headbutt+1"],"picked":"Iron Wave+1","floor":44},{"not_picked":["Shockwave+1","Seeing Red+1"],"picked":"Cleave","floor":45},{"not_picked":["Burning Pact+1","Clash+1","Second Wind+1"],"picked":"SKIP","floor":47},{"not_picked":["Cleave","Clash+1","Infernal Blade+1"],"picked":"SKIP","floor":48}],"player_experience":2499,"relics_obtained":[{"floor":6,"key":"Girya"},{"floor":9,"key":"Magic Flower"},{"floor":22,"key":"Red Skull"},{"floor":23,"key":"Champion Belt"},{"floor":26,"key":"Dream Catcher"},{"floor":31,"key":"Nilry\u0027s Codex"},{"floor":42,"key":"Bird Faced Urn"},{"floor":43,"key":"Toxic Egg 2"},{"floor":45,"key":"Lizard Tail"}],"event_choices":[{"cards_removed":["Strike_R"],"damage_healed":0,"gold_gain":0,"player_choice":"Card Removal","damage_taken":7,"max_hp_gain":0,"max_hp_loss":0,"event_name":"Golden Wing","floor":4,"gold_loss":0},{"cards_removed":["Strike_R"],"damage_healed":0,"gold_gain":0,"player_choice":"Offered Basic","damage_taken":0,"max_hp_gain":0,"max_hp_loss":0,"event_name":"Bonfire Elementals","floor":5,"gold_loss":0},{"damage_healed":0,"gold_gain":0,"player_choice":"Rummage","damage_taken":0,"relics_obtained":["WarpedTongs"],"max_hp_gain":0,"max_hp_loss":0,"event_name":"Accursed Blacksmith","floor":14,"gold_loss":0,"cards_obtained":["Pain"]},{"damage_healed":0,"gold_gain":0,"player_choice":"Became a Ghost","damage_taken":0,"max_hp_gain":0,"max_hp_loss":40,"event_name":"Ghosts","floor":20,"gold_loss":0,"cards_obtained":["Ghostly","Ghostly","Ghostly","Ghostly","Ghostly"]},{"damage_healed":0,"gold_gain":0,"player_choice":"Joined the Cult","damage_taken":6,"max_hp_gain":0,"max_hp_loss":0,"event_name":"Nest","floor":30,"gold_loss":0,"cards_obtained":["RitualDagger"]},{"damage_healed":0,"gold_gain":0,"player_choice":"Obtained Book","damage_taken":16,"max_hp_gain":0,"max_hp_loss":0,"event_name":"Cursed Tome","floor":31,"gold_loss":0},{"damage_healed":0,"gold_gain":0,"player_choice":"Max HP","damage_taken":0,"max_hp_gain":0,"max_hp_loss":2,"event_name":"Winding Halls","floor":36,"gold_loss":0},{"damage_healed":0,"gold_gain":0,"player_choice":"Paid","damage_taken":0,"relics_obtained":["Red Mask"],"max_hp_gain":0,"max_hp_loss":0,"event_name":"Tomb of Lord Red Mask","floor":38,"gold_loss":69},{"damage_healed":0,"gold_gain":0,"player_choice":"Fight","damage_taken":0,"max_hp_gain":0,"max_hp_loss":0,"event_name":"Mysterious Sphere","floor":45,"gold_loss":0},{"cards_removed":["Shrug It Off"],"damage_healed":0,"gold_gain":0,"player_choice":"Removed Skill","damage_taken":0,"max_hp_gain":0,"max_hp_loss":0,"event_name":"Falling","floor":46,"gold_loss":0}],"is_beta":false,"boss_relics":[{"not_picked":["Snecko Eye","Calling Bell"],"picked":"Cursed Key"},{"not_picked":["Runic Cube","Mark of Pain"],"picked":"SlaversCollar"}],"items_purged_floors":[24,37],"is_endless":false,"potions_floor_spawned":[1,6,8,13,18,21,23,29,39,42,45,47,48],"ascension_level":0}}