{"host":"6xsbn6ynqlzwllfm","time":1608922943,"event":{"mods":["2.2 Compatiblity","BaseMod","Bestiary","Colored Map","Colored Powertips","Curses Come First","Downfall","Highlight Path","Keyboard Shortcuts","Minty Spire (QoL Compilation)","Quick Restart","Relic Stats","Slay the Relics Exporter","StSLib","SuperFastMode"],"gold_per_floor":[109,384,402,413,413,413,428,454,454,454,454,454],"floor_reached":10,"playtime":253,"items_purged":[],"score":122,"play_id":"1ce2979c-bbf4-48b9-8296-80be6c8005e8","local_time":"20201225140223","is_ascension_mode":true,"campfire_choices":[{"data":"Guardian:DecasProtection","floor":6,"key":"SMITH"}],"circlet_count":0,"master_deck":["AscendersBane","Guardian:Strike_Guardian","Guardian:Strike_Guardian","Guardian:Strike_Guardian","Guardian:Strike_Guardian","Guardian:Defend_Guardian","Guardian:Defend_Guardian","Guardian:Defend_Guardian","Guardian:Defend_Guardian","Guardian:CurlUp","Guardian:TwinSlam","Regret","Guardian:Recover","Guardian:Suspension","Guardian:DecasProtection+1","Guardian:Repulse","Guardian:MultiBeam"],"relics":["Guardian:ModeShifter","NeowsBlessing","Blood Vial","MealTicket"],"acts_visited":["Exordium"],"potions_floor_usage":[],"damage_taken":[{"damage":0,"enemies":"Jaw Worm","floor":1,"turns":1},{"damage":0,"enemies":"Cultist","floor":3,"turns":1},{"damage":0,"enemies":"2 Louse","floor":4,"turns":1},{"damage":16,"enemies":"Gremlin Gang","floor":7,"turns":6},{"damage":28,"enemies":"Gremlin Nob","floor":8,"turns":6},{"damage":24,"enemies":"3 Sentries","floor":10,"turns":6}],"seed_played":"4523179778377650947","potions_obtained":[{"floor":8,"key":"FearPotion"}],"is_trial":false,"path_per_floor":["M","?","M","M","?","R","M","E","T","E"],"character_chosen":"GUARDIAN","items_purchased":[],"campfire_rested":0,"item_purchase_floors":[],"current_hp_per_floor":[65,65,65,65,65,65,49,21,21,0,0,0],"gold":454,"neow_bonus":"THREE_ENEMY_KILL","is_daily":false,"chose_seed":false,"campfire_upgraded":1,"win_rate":0.0,"timestamp":1608922943,"path_taken":["M","?","M","?","?","R","M","E","T","E"],"items_purchased_type":[],"build_version":"2020-12-22","purchased_purges":0,"victory":false,"max_hp_per_floor":[72,72,72,72,72,72,72,72,72,72,72,72],"relic_stats":{"Blood Vial":2,"counters":[6,21],"MealTicket":0,"obtain_stats":[{"Blood Vial":8,"NeowsBlessing":0,"Guardian:ModeShifter":0,"MealTicket":9},{"Blood Vial":5,"NeowsBlessing":0,"Guardian:ModeShifter":0,"MealTicket":5},{"Blood Vial":15,"NeowsBlessing":0,"Guardian:ModeShifter":0,"MealTicket":15}]},"card_choices":[{"not_picked":["Guardian:TemporalStrike","Guardian:Gem_Red"],"picked":"Guardian:Gem_Cyan","floor":1},{"not_picked":["Guardian:ShieldCharger","Guardian:Suspension"],"picked":"Guardian:Recover","floor":4},{"not_picked":["Guardian:Emergency","Guardian:CrystalBeam"],"picked":"Guardian:Repulse","floor":7},{"not_picked":["Guardian:RollAttack","Guardian:RefractedBeam"],"picked":"Guardian:MultiBeam","floor":8}],"player_experience":1262113,"relics_obtained":[{"floor":8,"key":"Blood Vial"},{"floor":9,"key":"MealTicket"}],"event_choices":[{"damage_healed":0,"gold_gain":275,"player_choice":"Desecrate","damage_taken":0,"max_hp_gain":0,"max_hp_loss":0,"event_name":"Golden Shrine","floor":2,"gold_loss":0,"cards_obtained":["Regret"]},{"damage_healed":0,"gold_gain":0,"player_choice":"3 cards matched","damage_taken":0,"max_hp_gain":0,"max_hp_loss":0,"event_name":"Match and Keep!","floor":5,"gold_loss":0,"cards_obtained":["Guardian:Gem_Red","Guardian:Suspension","Guardian:DecasProtection"]}],"is_beta":false,"boss_relics":[],"items_purged_floors":[],"is_endless":false,"potions_floor_spawned":[8],"killed_by":"3 Sentries","ascension_level":16}}