{"host":"ywbsnexmk111etbw","time":1608862232,"event":{"mods":["Act Like it!","BaseMod","Beaked The Cultist","Colored Powertips","Curses Come First","Downfall","Hubris","Infinite Spire","Marisa????????","Minty Spire (QoL Compilation)","Pale of the Ancients","Permanent Neow","Replay The Spire","StSLib","The Cursed","The Dragon Tamer","The Mystic","The Necromancer","Wandering Minibosses"],"gold_per_floor":[112,112,112,112,122,132,149,149,174,174,140,155,184,194,194,293,293,305,322,322,322,322],"floor_reached":21,"playtime":934,"items_purged":["Doubt"],"score":181,"play_id":"f7a052a3-cdf1-4e5a-b87f-b963e5c28f22","local_time":"20201224211032","is_ascension_mode":false,"campfire_choices":[{"data":"beaked:Overpower","floor":10,"key":"SMITH"},{"floor":15,"key":"REST"}],"circlet_count":0,"master_deck":["beaked:Strike_Y","beaked:Strike_Y","beaked:Strike_Y","beaked:Strike_Y","beaked:Strike_Y","beaked:Strike_Y","beaked:Defend_Y","beaked:Defend_Y","beaked:Defend_Y","beaked:Defend_Y","beaked:Ceremony","beaked:Ceremony","beaked:Ceremony","beaked:Overpower","beaked:WarriorEssence","beaked:DesperateSwing","beaked:Overpower+1","beaked:RuinSticks","beaked:FeelMyPain","beaked:MimicMachine","beaked:DigDeep","ReplayTheSpireMod:Compounding Headache","Injury","beaked:Foresight","infinitespire:Starlight"],"relics":["beaked:MendingPlumage","MealTicket","Regal Pillow","hubris:OldNail","Bag of Preparation","Replay:Ancient Bell","Replay:Wax Seal","Kunai","hubris:BundleOfHerbs","ReplayFunnel"],"acts_visited":["Exordium","TheCity"],"potions_floor_usage":[12,13,16],"damage_taken":[{"damage":5,"enemies":"Small Slimes","floor":1,"turns":4},{"damage":12,"enemies":"Jaw Worm","floor":5,"turns":6},{"damage":5,"enemies":"2 Louse","floor":6,"turns":3},{"damage":19,"enemies":"Blue Slaver","floor":7,"turns":4},{"damage":9,"enemies":"Exordium Wildlife","floor":12,"turns":3},{"damage":16,"enemies":"3 Sentries","floor":13,"turns":4},{"damage":44,"enemies":"Gremlin Gang","floor":14,"turns":4},{"damage":78,"enemies":"Fading Forest","floor":16,"turns":11},{"damage":45,"enemies":"3 Byrds","floor":18,"turns":6},{"damage":76,"enemies":"Spheric Guardian","floor":19,"turns":8}],"seed_played":"-6504965234184455087","potions_obtained":[{"floor":1,"key":"Fire Potion"},{"floor":7,"key":"AttackPotion"},{"floor":14,"key":"BlessingOfTheForge"},{"floor":19,"key":"Ancient Potion"}],"is_trial":false,"path_per_floor":["M","?","?","$","M","M","M","$","T","R","$","M","E","M","R","B",null,"M","M","AVR","?"],"character_chosen":"BEAKED_THE_CULTIST","items_purchased":["beaked:RuinSticks"],"campfire_rested":1,"item_purchase_floors":[11],"current_hp_per_floor":[50,50,47,50,48,50,39,50,50,50,50,46,41,9,39,24,50,25,2,2,0,0],"gold":322,"neow_bonus":"RANDOM_COMMON_RELIC","is_daily":false,"chose_seed":false,"campfire_upgraded":1,"win_rate":0.0,"timestamp":1608862232,"path_taken":["M","?","?","?","?","M","M","$","T","R","$","M","E","M","R","BOSS","M","M","AVR","?"],"items_purchased_type":["Card"],"build_version":"2020-12-22","purchased_purges":1,"victory":false,"max_hp_per_floor":[50,50,50,50,50,50,50,50,50,50,50,50,50,50,50,50,50,50,50,50,50,50],"card_choices":[{"not_picked":["beaked:Evade","beaked:Tweet"],"picked":"beaked:Overpower","floor":1},{"not_picked":["beaked:FeelMyPain","beaked:Foresight"],"picked":"beaked:WarriorEssence","floor":5},{"not_picked":["beaked:Mantra","beaked:Tradeoff"],"picked":"beaked:DesperateSwing","floor":6},{"not_picked":["beaked:Insight","ReplayTheSpireMod:RavenHex"],"picked":"beaked:Overpower","floor":7},{"not_picked":["beaked:Resilience","beaked:BloodForTheGods"],"picked":"beaked:FeelMyPain","floor":12},{"not_picked":["beaked:DesperateSwing","beaked:DigDeeper"],"picked":"beaked:MimicMachine","floor":13},{"not_picked":["beaked:SurvivalInstinct","beaked:WarriorEssence"],"picked":"beaked:DigDeep","floor":14},{"not_picked":["Parasite","Replay:Hysterical Blindness"],"picked":"ReplayTheSpireMod:Compounding Headache","floor":17},{"not_picked":["Slimebound:Icky","Sickly"],"picked":"Injury","floor":17},{"not_picked":["hubris:Compulsion","Amnesia"],"picked":"Doubt","floor":17},{"not_picked":["beaked:Brace+1","beaked:Evade"],"picked":"beaked:Foresight","floor":18},{"not_picked":["beaked:Cower","beaked:Redirect","beaked:ShadowFade"],"picked":"SKIP","floor":19}],"player_experience":137030,"relics_obtained":[{"floor":9,"key":"hubris:OldNail"},{"floor":13,"key":"Bag of Preparation"}],"event_choices":[{"damage_healed":0,"gold_gain":0,"player_choice":"Ignored","damage_taken":0,"max_hp_gain":0,"max_hp_loss":0,"event_name":"Golden Wing","floor":2,"gold_loss":0},{"damage_healed":0,"gold_gain":0,"player_choice":"Success","damage_taken":3,"relics_obtained":["Regal Pillow"],"max_hp_gain":0,"max_hp_loss":0,"event_name":"Scrap Ooze","floor":3,"gold_loss":0}],"is_beta":false,"boss_relics":[{"not_picked":["Painkiller Herb","SacredBark"],"picked":"Replay:Ancient Bell"},{"not_picked":["Centennial Puzzle","Gremlin Food"],"picked":"Replay:Wax Seal"},{"not_picked":["Meat on the Bone","infinitespire:BottledMercury"],"picked":"Kunai"},{"not_picked":["Calipers","Prayer Wheel"],"picked":"hubris:BundleOfHerbs"}],"items_purged_floors":[20],"is_endless":false,"potions_floor_spawned":[1,7,14,19],"ascension_level":0}}