{"host":"sum4dy402bbv9y4o","time":1608925081,"event":{"mods":["Aspiration","BaseMod","Conspire","Highlight Path","Minty Spire (QoL Compilation)","StSLib"],"gold_per_floor":[111,32,42,58,75,75,75,75,75,75,94,94,104,104,104,104,104],"floor_reached":16,"playtime":502,"items_purged":[],"score":184,"play_id":"b429178c-5e62-47f5-a5c8-177fb6264f75","local_time":"20201225223801","is_ascension_mode":true,"campfire_choices":[{"data":"Eruption","floor":6,"key":"SMITH"},{"data":"Vigilance","floor":8,"key":"SMITH"},{"data":"EmptyFist","floor":10,"key":"SMITH"},{"floor":15,"key":"REST"}],"circlet_count":0,"master_deck":["AscendersBane","Strike_P","Strike_P","Strike_P","Strike_P","Defend_P","Defend_P","Defend_P","Defend_P","Eruption+1","Vigilance+1","Injury","DeusExMachina","FlyingSleeves","Tantrum","CarveReality","CutThroughFate","EmptyFist+1","Halt","Injury","FlyingSleeves"],"relics":["PureWater","Letter Opener","Toxic Egg 2"],"acts_visited":["Exordium"],"potions_floor_usage":[5,5,16],"damage_taken":[{"damage":7,"enemies":"Jaw Worm","floor":1,"turns":4},{"damage":2,"enemies":"conspire:RoseBush","floor":3,"turns":5},{"damage":3,"enemies":"2 Louse","floor":4,"turns":2},{"damage":5,"enemies":"Exordium Wildlife","floor":5,"turns":3},{"damage":6,"enemies":"Looter","floor":11,"turns":3},{"damage":22,"enemies":"conspire:2 RoseBushes","floor":13,"turns":5},{"damage":38,"enemies":"Hexaghost","floor":16,"turns":7}],"seed_played":"-4544906902179999295","potions_obtained":[{"floor":3,"key":"Swift Potion"},{"floor":4,"key":"Block Potion"},{"floor":13,"key":"SpeedPotion"}],"is_trial":false,"path_per_floor":["M","$","M","M","M","R","?","R","T","R","M","?","M","?","R","B"],"character_chosen":"WATCHER","items_purchased":["Tantrum"],"campfire_rested":1,"item_purchase_floors":[2],"current_hp_per_floor":[54,54,52,49,44,44,40,40,40,40,34,34,12,12,32,0,0],"gold":104,"neow_bonus":"THREE_RARE_CARDS","is_daily":false,"chose_seed":false,"campfire_upgraded":3,"win_rate":0.0,"timestamp":1608925081,"path_taken":["M","$","M","M","M","R","?","R","T","R","M","?","M","?","R","BOSS"],"items_purchased_type":["Card"],"build_version":"2020-12-22","purchased_purges":0,"victory":false,"max_hp_per_floor":[68,68,68,68,68,68,68,68,68,68,68,68,68,68,68,68,68],"card_choices":[{"not_picked":["Alpha","DevaForm"],"picked":"DeusExMachina","floor":0},{"not_picked":["Wireheading","PathToVictory"],"picked":"FlyingSleeves","floor":1},{"not_picked":["JustLucky","ReachHeaven"],"picked":"CarveReality","floor":3},{"not_picked":["PathToVictory","Collect"],"picked":"CutThroughFate","floor":4},{"not_picked":["Swivel","Protect"],"picked":"EmptyFist","floor":5},{"not_picked":["Weave","Crescendo"],"picked":"Halt","floor":11},{"not_picked":["Consecrate","Sanctity+1"],"picked":"FlyingSleeves","floor":13}],"player_experience":2842094,"relics_obtained":[{"floor":9,"key":"Letter Opener"}],"event_choices":[{"damage_healed":0,"gold_gain":0,"player_choice":"Leave","damage_taken":0,"max_hp_gain":0,"max_hp_loss":0,"event_name":"conspire:Investor","floor":7,"gold_loss":0},{"damage_healed":0,"gold_gain":0,"player_choice":"Ignored","damage_taken":0,"max_hp_gain":0,"max_hp_loss":0,"event_name":"Golden Idol","floor":14,"gold_loss":0}],"is_beta":false,"boss_relics":[],"items_purged_floors":[],"is_endless":false,"potions_floor_spawned":[3,4,13],"killed_by":"Hexaghost","ascension_level":20}}