{"host":"pjgcdp3h1plnbocs","time":1608927711,"event":{"mods":["AchievementEnabler","BaseMod","Colored Map","Highlight Path","Minty Spire (QoL Compilation)"],"gold_per_floor":[112,112,112,129,204,229,229,249,274,287,287,287,287],"floor_reached":12,"playtime":318,"items_purged":[],"score":109,"play_id":"ac020e4c-f4db-44c8-90b8-71b2289d88c4","local_time":"20201225212151","is_ascension_mode":true,"campfire_choices":[{"floor":11,"key":"REST"}],"circlet_count":0,"master_deck":["Strike_B","Strike_B","Defend_B","Defend_B","Defend_B","Zap","Dualcast","Chaos","Redo","Redo"],"relics":["Cracked Core","Potion Belt","MealTicket"],"acts_visited":["Exordium"],"potions_floor_usage":[12],"damage_taken":[{"damage":13,"enemies":"Small Slimes","floor":1,"turns":4},{"damage":1,"enemies":"Cultist","floor":4,"turns":3},{"damage":51,"enemies":"3 Sentries","floor":6,"turns":8},{"damage":2,"enemies":"Jaw Worm","floor":8,"turns":3},{"damage":11,"enemies":"Looter","floor":10,"turns":4},{"damage":30,"enemies":"Lagavulin","floor":12,"turns":3}],"seed_played":"8345693604088742507","potions_obtained":[{"floor":1,"key":"SneckoOil"},{"floor":8,"key":"EssenceOfSteel"}],"is_trial":false,"path_per_floor":["M","?","?","M","?","E","?","M","T","M","R","E"],"character_chosen":"DEFECT","items_purchased":[],"campfire_rested":1,"item_purchase_floors":[],"current_hp_per_floor":[37,37,85,84,73,22,15,13,13,2,27,0,0],"gold":287,"neow_bonus":"TRANSFORM_TWO_CARDS","is_daily":false,"chose_seed":false,"campfire_upgraded":0,"win_rate":0.0,"timestamp":1608927711,"path_taken":["M","?","?","?","?","E","?","M","T","M","R","E"],"items_purchased_type":[],"build_version":"2020-12-22","purchased_purges":0,"victory":false,"max_hp_per_floor":[75,75,85,85,85,85,85,85,85,85,85,85,85],"card_choices":[{"not_picked":["Steam Power","Rebound","Aggregate"],"picked":"SKIP","floor":1},{"not_picked":["Sweeping Beam","Coolheaded"],"picked":"Redo","floor":4},{"not_picked":["Turbo","Undo","Doom and Gloom"],"picked":"SKIP","floor":6},{"not_picked":["Compile Driver","Beam Cell","Fusion"],"picked":"SKIP","floor":8},{"not_picked":["Hologram","Rebound"],"picked":"Redo","floor":10}],"player_experience":161962,"relics_obtained":[{"floor":6,"key":"Potion Belt"},{"floor":9,"key":"MealTicket"}],"event_choices":[{"damage_healed":0,"gold_gain":0,"player_choice":"Ignored","damage_taken":0,"max_hp_gain":0,"max_hp_loss":0,"event_name":"Liars Game","floor":2,"gold_loss":0},{"cards_removed":["Thunder Strike"],"damage_healed":38,"gold_gain":0,"player_choice":"Offered Rare","damage_taken":0,"max_hp_gain":10,"max_hp_loss":0,"event_name":"Bonfire Elementals","floor":3,"gold_loss":0},{"damage_healed":0,"gold_gain":75,"player_choice":"Gather Gold","damage_taken":11,"max_hp_gain":0,"max_hp_loss":0,"event_name":"World of Goop","floor":5,"gold_loss":0},{"cards_removed":["Strike_B"],"damage_healed":0,"gold_gain":0,"player_choice":"Card Removal","damage_taken":7,"max_hp_gain":0,"max_hp_loss":0,"event_name":"Golden Wing","floor":7,"gold_loss":0}],"is_beta":false,"boss_relics":[],"items_purged_floors":[],"is_endless":false,"potions_floor_spawned":[1,8],"killed_by":"Lagavulin","ascension_level":8}}