{"host":"60d5wzi2cpvs73ka","time":1608888598,"event":{"mods":["AchievementEnabler","Act Like it!","BaseMod","Friendly Minions","Gensokyo","Infinite Spire","Minty Spire (QoL Compilation)","Shop Mod","StSLib","The Poker Player"],"gold_per_floor":[115,135,135,146,163,163,176,176,176,176,176,101,129,137,137,239,239,254,294,89,110,25,25,42,56,82,82,82,113,130,143,143,244,244,264,139,141,157,157,157,193,193,261,280,280,319,333,352,352,364,364,364],"floor_reached":50,"playtime":3203,"items_purged":["PokerPlayerMod:Club1","PokerPlayerMod:Spade1","PokerPlayerMod:BadJoker"],"score":549,"play_id":"6524e300-8f0d-46ba-acec-ca739ac11df0","local_time":"20201225182958","is_ascension_mode":false,"metric_token":670,"campfire_choices":[{"floor":6,"key":"REST"},{"floor":8,"key":"REST"},{"data":"PokerPlayerMod:Heart2","floor":10,"key":"SMITH"},{"floor":15,"key":"REST"},{"data":"PokerPlayerMod:Diamond2","floor":23,"key":"SMITH"},{"data":"PokerPlayerMod:Club2","floor":27,"key":"SMITH"},{"data":"PokerPlayerMod:Mulligan","floor":32,"key":"SMITH"},{"floor":40,"key":"RECALL"},{"data":"PokerPlayerMod:CardPrinter","floor":45,"key":"SMITH"},{"data":"PokerPlayerMod:FakeSymbols","floor":49,"key":"SMITH"}],"circlet_count":0,"master_deck":["PokerPlayerMod:Diamond3","PokerPlayerMod:Diamond3","PokerPlayerMod:Diamond4","PokerPlayerMod:Diamond5","PokerPlayerMod:Spade3","PokerPlayerMod:Spade4","PokerPlayerMod:Spade4","PokerPlayerMod:Club3","PokerPlayerMod:Heart3","PokerPlayerMod:TrumpStrike+1","PokerPlayerMod:Mulligan+1","PokerPlayerMod:StackedDeck","PokerPlayerMod:Diamond4","PokerPlayerMod:CardPrinter+1","PokerPlayerMod:WasteCollection","PokerPlayerMod:Club4","PokerPlayerMod:WildCard","PokerPlayerMod:Spade3","PokerPlayerMod:Diamond4","PokerPlayerMod:Sharpen","PokerPlayerMod:Diamond3","PokerPlayerMod:Diamond3","PokerPlayerMod:MagicTrick","PokerPlayerMod:CloakAndDiamond","PokerPlayerMod:FakeSymbols+1","PokerPlayerMod:Spade3","CurseOfTheBell","PokerPlayerMod:Heart3","infinitespire:Execution","PokerPlayerMod:ClubShade+1","PokerPlayerMod:MagicTrick+1"],"relics":["PokerPlayerMod:DeckCase","infinitespire:Midas Blood","Lantern","Shuriken","infinitespire:Satchel","Black Star","White Beast Statue","Ancient Tea Set","Whetstone","Vajra","Calling Bell","Nunchaku","Mercury Hourglass","infinitespire:Lychee Nut","Bag of Marbles","PokerPlayerMod:Splitter","Strawberry","Omamori"],"acts_visited":["Exordium","TheCity","TheBeyond"],"potions_floor_usage":[13,13,13,16,33,33,33,44,44,44,48,50,50],"damage_taken":[{"damage":5,"enemies":"Small Slimes","floor":1,"turns":3},{"damage":7,"enemies":"2 Louse","floor":2,"turns":3},{"damage":6,"enemies":"Jaw Worm","floor":4,"turns":3},{"damage":29,"enemies":"Large Slime","floor":5,"turns":6},{"damage":0,"enemies":"3 Louse","floor":7,"turns":2},{"damage":10,"enemies":"Lagavulin","floor":13,"turns":3},{"damage":10,"enemies":"Hexaghost","floor":16,"turns":6},{"damage":8,"enemies":"Chosen","floor":18,"turns":5},{"damage":13,"enemies":"3 Byrds","floor":19,"turns":4},{"damage":18,"enemies":"Snake Plant","floor":21,"turns":3},{"damage":18,"enemies":"Snecko","floor":24,"turns":6},{"damage":0,"enemies":"Centurion and Healer","floor":25,"turns":3},{"damage":19,"enemies":"Gremlin Leader","floor":29,"turns":6},{"damage":0,"enemies":"Sentry and Sphere","floor":30,"turns":3},{"damage":0,"enemies":"Snake Plant","floor":31,"turns":3},{"damage":12,"enemies":"Automaton","floor":33,"turns":6},{"damage":14,"enemies":"3 Darklings","floor":35,"turns":2},{"damage":2,"enemies":"3 Shapes","floor":38,"turns":2},{"damage":28,"enemies":"Reptomancer","floor":41,"turns":6},{"damage":9,"enemies":"Sphere and 2 Shapes","floor":44,"turns":4},{"damage":33,"enemies":"Nemesis","floor":46,"turns":7},{"damage":1,"enemies":"4 Shapes","floor":47,"turns":4},{"damage":6,"enemies":"Spire Growth","floor":48,"turns":4},{"damage":51,"enemies":"Time Eater","floor":50,"turns":4}],"seed_played":"-7099979970868395410","potions_obtained":[{"floor":1,"key":"Energy Potion"},{"floor":4,"key":"LiquidBronze"},{"floor":7,"key":"FearPotion"},{"floor":13,"key":"PowerPotion"},{"floor":21,"key":"SkillPotion"},{"floor":24,"key":"Dexterity Potion"},{"floor":25,"key":"Ancient Potion"},{"floor":29,"key":"SkillPotion"},{"floor":30,"key":"Energy Potion"},{"floor":33,"key":"Dexterity Potion"},{"floor":35,"key":"BlessingOfTheForge"},{"floor":38,"key":"AttackPotion"},{"floor":44,"key":"FearPotion"},{"floor":46,"key":"ColorlessPotion"},{"floor":47,"key":"Ancient Potion"},{"floor":48,"key":"Energy Potion"}],"is_trial":false,"path_per_floor":["M","M","?","M","M","R","M","R","T","R","?","$","E","?","R","B",null,"M","M","$","M","?","R","M","M","T","R","?","E","M","M","R","B",null,"M","$","?","M","?","R","E","?","T","M","R","E","M","M","R","B"],"character_chosen":"THE_POKER_PLAYER","items_purchased":["PokerPlayerMod:Diamond4","PokerPlayerMod:Sharpen"],"campfire_rested":3,"item_purchase_floors":[20,20],"current_hp_per_floor":[52,50,40,34,5,20,23,38,38,38,38,38,28,10,25,18,52,44,35,35,20,20,20,11,29,29,29,29,14,35,35,35,27,39,39,39,30,39,39,39,11,11,11,26,26,16,46,41,41,0,0,0],"gold":364,"neow_bonus":"ONE_RANDOM_RARE_CARD","is_daily":false,"chose_seed":false,"campfire_upgraded":6,"win_rate":0.0,"timestamp":1608888598,"path_taken":["M","M","?","M","M","R","M","R","T","R","?","$","E","?","R","BOSS","M","M","$","M","?","R","M","M","T","R","?","E","M","?","R","BOSS","M","$","?","M","?","R","E","?","T","M","R","E","M","M","R","BOSS"],"items_purchased_type":["Card","Card"],"build_version":"2020-12-22","purchased_purges":3,"victory":false,"max_hp_per_floor":[52,52,52,52,52,52,52,52,52,52,52,52,52,52,52,52,52,52,52,52,52,52,52,52,52,52,52,52,52,52,52,52,52,39,39,39,39,39,39,39,39,39,39,39,39,46,46,46,46,46,46,46],"card_choices":[{"not_picked":["PokerPlayerMod:Spade2","PokerPlayerMod:Diamond2"],"picked":"PokerPlayerMod:Overdeal","floor":1},{"not_picked":["PokerPlayerMod:Club4","PokerPlayerMod:Fold"],"picked":"PokerPlayerMod:Diamond4","floor":2},{"not_picked":["PokerPlayerMod:MagicTrick","PokerPlayerMod:Club3"],"picked":"PokerPlayerMod:CardPrinter","floor":4},{"not_picked":["PokerPlayerMod:Spade5","PokerPlayerMod:Configure"],"picked":"PokerPlayerMod:WasteCollection","floor":5},{"not_picked":["PokerPlayerMod:Club6","PokerPlayerMod:SpadeStrike"],"picked":"PokerPlayerMod:Club4","floor":7},{"not_picked":["PokerPlayerMod:Heart7","PokerPlayerMod:Configure","PokerPlayerMod:CardPrinter"],"picked":"SKIP","floor":13},{"not_picked":["PokerPlayerMod:Spade10+","PokerPlayerMod:WasteCollection"],"picked":"PokerPlayerMod:WildCard","floor":16},{"not_picked":["PokerPlayerMod:Diamond1","PokerPlayerMod:SpadeStrike","PokerPlayerMod:Diamond6"],"picked":"SKIP","floor":18},{"not_picked":["PokerPlayerMod:ClubsClub","PokerPlayerMod:DiamondStrike+1"],"picked":"PokerPlayerMod:Spade3","floor":19},{"not_picked":["PokerPlayerMod:Fold+1","PokerPlayerMod:Diamond2"],"picked":"PokerPlayerMod:Diamond3","floor":21},{"not_picked":["PokerPlayerMod:CardPrinter","PokerPlayerMod:Diamond1"],"picked":"PokerPlayerMod:Diamond3","floor":24},{"not_picked":["PokerPlayerMod:Spade3","PokerPlayerMod:ClubsClub"],"picked":"PokerPlayerMod:MagicTrick","floor":25},{"not_picked":["PokerPlayerMod:DartThrow","PokerPlayerMod:Heart3"],"picked":"PokerPlayerMod:CloakAndDiamond","floor":29},{"not_picked":["PokerPlayerMod:CloakAndDiamond","PokerPlayerMod:ClubStrike"],"picked":"PokerPlayerMod:FakeSymbols","floor":30},{"not_picked":["PokerPlayerMod:Spade5","PokerPlayerMod:Club1"],"picked":"PokerPlayerMod:Spade3","floor":31},{"not_picked":["PokerPlayerMod:Spade5","PokerPlayerMod:Spade3"],"picked":"PokerPlayerMod:Heart3","floor":35},{"not_picked":["infinitespire:TheBestDefense","infinitespire:UltimateForm"],"picked":"infinitespire:Execution","floor":37},{"not_picked":["PokerPlayerMod:SpadeStrike+1","PokerPlayerMod:Spade1"],"picked":"PokerPlayerMod:ClubShade+1","floor":38},{"not_picked":["PokerPlayerMod:HiddenCard+1","PokerPlayerMod:FillThePot","PokerPlayerMod:Diamond5"],"picked":"SKIP","floor":41},{"not_picked":["PokerPlayerMod:Fold+1","PokerPlayerMod:SpadeStrike+1","PokerPlayerMod:CloakAndDiamond+1"],"picked":"SKIP","floor":44},{"not_picked":["PokerPlayerMod:Diamond1","PokerPlayerMod:Club2"],"picked":"PokerPlayerMod:MagicTrick+1","floor":46},{"not_picked":["PokerPlayerMod:Diamond3","PokerPlayerMod:Configure+1","PokerPlayerMod:Spade4"],"picked":"SKIP","floor":47},{"not_picked":["PokerPlayerMod:Heart2","PokerPlayerMod:Diamond5","PokerPlayerMod:Raise+1"],"picked":"SKIP","floor":48}],"player_experience":214790,"relics_obtained":[{"floor":9,"key":"infinitespire:Midas Blood"},{"floor":13,"key":"Shuriken"},{"floor":26,"key":"Ancient Tea Set"},{"floor":29,"key":"Whetstone"},{"floor":29,"key":"Vajra"},{"floor":34,"key":"Nunchaku"},{"floor":34,"key":"Mercury Hourglass"},{"floor":34,"key":"infinitespire:Lychee Nut"},{"floor":41,"key":"Bag of Marbles"},{"floor":41,"key":"PokerPlayerMod:Splitter"},{"floor":46,"key":"Strawberry"},{"floor":46,"key":"Omamori"}],"event_choices":[{"damage_healed":0,"gold_gain":0,"player_choice":"Entered Light","damage_taken":10,"max_hp_gain":0,"max_hp_loss":0,"event_name":"Shining Light","floor":3,"gold_loss":0,"cards_upgraded":["PokerPlayerMod:Spade3","PokerPlayerMod:Spade4"]},{"damage_healed":0,"gold_gain":0,"player_choice":"Searched \u00272\u0027 times","damage_taken":0,"relics_obtained":["Lantern"],"max_hp_gain":0,"max_hp_loss":0,"event_name":"Dead Adventurer","floor":11,"gold_loss":0},{"damage_healed":0,"gold_gain":0,"player_choice":"Success","damage_taken":18,"relics_obtained":["infinitespire:Satchel"],"max_hp_gain":0,"max_hp_loss":0,"event_name":"Scrap Ooze","floor":14,"gold_loss":0},{"damage_healed":0,"gold_gain":0,"player_choice":"Obtained Relic","damage_taken":0,"relics_obtained":["White Beast Statue"],"max_hp_gain":0,"max_hp_loss":0,"event_name":"Addict","floor":22,"gold_loss":85},{"cards_removed":["PokerPlayerMod:Diamond1"],"damage_healed":0,"gold_gain":0,"player_choice":"Purged","damage_taken":0,"max_hp_gain":0,"max_hp_loss":0,"event_name":"Purifier","floor":28,"gold_loss":0},{"cards_removed":["PokerPlayerMod:Overdeal"],"damage_healed":0,"gold_gain":0,"player_choice":"Removed Attack","damage_taken":0,"max_hp_gain":0,"max_hp_loss":0,"event_name":"Falling","floor":42,"gold_loss":0}],"is_beta":false,"boss_relics":[{"not_picked":["Busted Crown","SacredBark"],"picked":"Black Star"},{"not_picked":["PokerPlayerMod:AceCard","Sozu"],"picked":"Calling Bell"}],"items_purged_floors":[12,20,36],"is_endless":false,"potions_floor_spawned":[1,4,7,13,21,24,25,29,30,31,33,35,38,44,46,47,48],"killed_by":"Time Eater","ascension_level":0}}