{"host":"9ubnrp80z7gv8v8p","time":1608933171,"event":{"mods":["AchievementEnabler","BaseMod","Better Altar","Better Match","Better Note","Better Sensory Stone","Better Skull","Better Third Choice","Better Vampires","BetterRewards","Block Reminder","Colored Map","DeckTracker","Displayed Cursed Tome","Highlight Path","Minty Spire (QoL Compilation)","Quick Restart","Rare Cards Sparkle","Relic Stats","Spire Birthday Party","StSLib","everything is the same but u backflip on backflip","slay the spire mod where everything is the same but ironclad has a cowboy hat"],"gold_per_floor":[10,10,24,24,24,55,55,71,71,84,99,118,132,132,132,251,251,251],"floor_reached":17,"playtime":825,"items_purged":[],"score":183,"play_id":"2438a68c-6f8d-430c-bb69-48b2a4e05b19","local_time":"20201225155251","is_ascension_mode":true,"campfire_choices":[{"floor":7,"key":"REST"},{"floor":15,"key":"REST"}],"circlet_count":0,"master_deck":["Strike_B","Strike_B","Defend_B+1","Defend_B","Defend_B","Defend_B","Zap","Dualcast+1","Hologram","Go for the Eyes","Injury","Redo","Loop","Go for the Eyes","White Noise","All For One","Buffer"],"relics":["Cracked Core","Golden Idol","WingedGreaves","Cables","Velvet Choker"],"acts_visited":["Exordium","TheCity"],"potions_floor_usage":[],"damage_taken":[{"damage":6,"enemies":"Jaw Worm","floor":1,"turns":4},{"damage":0,"enemies":"Small Slimes","floor":3,"turns":3},{"damage":28,"enemies":"Lagavulin","floor":6,"turns":8},{"damage":0,"enemies":"Cultist","floor":8,"turns":3},{"damage":5,"enemies":"Blue Slaver","floor":10,"turns":3},{"damage":0,"enemies":"Large Slime","floor":11,"turns":5},{"damage":11,"enemies":"Exordium Thugs","floor":12,"turns":4},{"damage":14,"enemies":"Blue Slaver","floor":13,"turns":3},{"damage":23,"enemies":"The Guardian","floor":16,"turns":11}],"seed_played":"436908982156099441","potions_obtained":[{"floor":6,"key":"ColorlessPotion"},{"floor":10,"key":"Dexterity Potion"},{"floor":11,"key":"GamblersBrew"},{"floor":12,"key":"SmokeBomb"}],"is_trial":false,"path_per_floor":["M","?","M","?","?","E","R","M","T","M","M","M","M","?","R","B",null],"character_chosen":"DEFECT","items_purchased":[],"campfire_rested":2,"item_purchase_floors":[],"current_hp_per_floor":[69,54,54,54,59,31,55,55,55,50,50,39,25,25,49,26,80,80],"gold":251,"neow_bonus":"REMOVE_TWO","is_daily":false,"chose_seed":false,"campfire_upgraded":0,"win_rate":0.0,"timestamp":1608933171,"path_taken":["M","?","M","?","?","E","R","M","T","M","M","M","M","?","R","BOSS"],"items_purchased_type":[],"build_version":"2020-12-22","purchased_purges":0,"victory":false,"max_hp_per_floor":[75,75,75,75,80,80,80,80,80,80,80,80,80,80,80,80,80,80],"relic_stats":{"counters":[9,44],"Golden Idol":46,"obtain_stats":[{"Golden Idol":4,"Velvet Choker":17,"WingedGreaves":6,"Cracked Core":0,"Cables":9},{"Golden Idol":2,"Velvet Choker":9,"WingedGreaves":3,"Cracked Core":0,"Cables":4},{"Golden Idol":7,"Velvet Choker":44,"WingedGreaves":15,"Cracked Core":0,"Cables":18}],"Cables":[23,20,3,0,0]},"card_choices":[{"not_picked":["Coolheaded","Undo"],"picked":"Hologram","floor":1},{"not_picked":["White Noise","Storm"],"picked":"Go for the Eyes","floor":3},{"not_picked":["Self Repair","Heatsinks"],"picked":"Redo","floor":6},{"not_picked":["Beam Cell","Glacier"],"picked":"Loop","floor":8},{"not_picked":["Barrage","Consume"],"picked":"Go for the Eyes","floor":10},{"not_picked":["Genetic Algorithm","Undo"],"picked":"Sweeping Beam","floor":11},{"not_picked":["Leap","Force Field"],"picked":"White Noise","floor":12},{"not_picked":["Beam Cell","Chill","Redo"],"picked":"SKIP","floor":13},{"not_picked":["Core Surge","Machine Learning"],"picked":"Buffer","floor":16}],"player_experience":895016,"relics_obtained":[{"floor":6,"key":"WingedGreaves"},{"floor":9,"key":"Cables"}],"event_choices":[{"damage_healed":69,"gold_gain":0,"player_choice":"Upgrade","damage_taken":15,"max_hp_gain":0,"max_hp_loss":75,"event_name":"betterThird:BetterShining","floor":2,"gold_loss":0,"cards_upgraded":["Dualcast","Defend_B"]},{"damage_healed":0,"gold_gain":0,"player_choice":"Take Wound","damage_taken":0,"relics_obtained":["Golden Idol"],"max_hp_gain":0,"max_hp_loss":0,"event_name":"Golden Idol","floor":4,"gold_loss":0,"cards_obtained":["Injury"]},{"damage_healed":0,"gold_gain":0,"player_choice":"Donut","damage_taken":0,"max_hp_gain":5,"max_hp_loss":0,"event_name":"Big Fish","floor":5,"gold_loss":0},{"damage_healed":0,"gold_gain":0,"cards_transformed":["Sweeping Beam"],"player_choice":"Transformed","damage_taken":0,"max_hp_gain":0,"max_hp_loss":0,"event_name":"Transmorgrifier","floor":14,"gold_loss":0,"cards_obtained":["All For One"]}],"is_beta":false,"boss_relics":[{"not_picked":["Philosopher\u0027s Stone","Astrolabe"],"picked":"Velvet Choker"}],"items_purged_floors":[],"is_endless":false,"potions_floor_spawned":[6,10,11,12,13],"ascension_level":3}}