{"host":"mytek2nu1hrzdnew","time":1608928432,"event":{"mods":["Aspiration","BaseMod","Conspire","GifTheSpireLib","Gold Saver","Hubris","Minty Spire (QoL Compilation)","Replay The Spire","StSLib","Stuff the Spire","Uncapped"],"gold_per_floor":[115,135,155,80,95,95,95,108,131,160,185,185,205,231,231,328,328,343,354,368,379,420,448,482,33,58,58,85,85,85,112,112,207,207,218,230,292,320,75,100,100,127,153,166,196,222,91,109,109,109,109],"floor_reached":50,"playtime":3891,"items_purged":["Wraith Form v2","Compile Driver","Rip and Tear"],"score":1133,"play_id":"fc0453d1-32bd-405f-a37d-0084fde8105b","local_time":"20201225153352","daily_mods":["SealedDeck","Vintage","Heirloom","Time Dilation","Flight","Binary"],"is_ascension_mode":false,"campfire_choices":[{"data":"DevaForm","floor":6,"key":"SMITH"},{"floor":12,"key":"REST"},{"floor":15,"key":"REST"},{"floor":27,"key":"REST"},{"floor":30,"key":"REST"},{"data":"ReplayTheSpireMod:Calculation Training","floor":32,"key":"SMITH"},{"data":"StuffTheSpire:Synthwave","floor":41,"key":"SMITH"},{"floor":49,"key":"DIG"}],"circlet_count":0,"master_deck":["Demon Form","Echo Form","DevaForm+1","BootSequence","StuffTheSpire:Plugnplay","Ball Lightning","Hello World","Gash","Static Discharge","StuffTheSpire:Synthwave+1","Loop","ReplayTheSpireMod:Calculation Training+1","Chill","Capacitor"],"relics":["Cracked Core","Busted Crown","hubris:BundleOfHerbs","Geode","hubris:DeckOfHolding","Iron Hammer","Lantern","Shuriken","hubris:TenFootPole","Boot","Replay:Kaleidoscope","Strawberry","Replay:Rubber Ducky","Replay:Bronze Core","hubris:CrystalStatue","StoneCalendar","StuffTheSpire:OldFever","Vajra","hubris:BallOfYels","aspiration:EnhancedActuators","Bag of Preparation","BargainBundle","Matryoshka","Toy Ornithopter","aspiration:HiddenCompartment","Replay:Mystery Machine","aspiration:Stabinomicon","Singing Bowl","hubris:RunicObelisk","MawBank","TungstenRod","conspire:DeflatedDodgeball","Ancient Tea Set","Replay:Multitool","Smiling Mask","hubris:SlimyHat","Bronze Scales","aspiration:Lifesprig","Cables","Prayer Wheel","Mirror","conspire:GlowingRock","Art of War"],"acts_visited":["Exordium","TheCity","TheBeyond"],"potions_floor_usage":[28,33,40,46,46,48,50],"damage_taken":[{"damage":0,"enemies":"2 Louse","floor":1,"turns":2},{"damage":0,"enemies":"Cultist","floor":2,"turns":2},{"damage":0,"enemies":"Small Slimes","floor":3,"turns":3},{"damage":9,"enemies":"Exordium Wildlife","floor":5,"turns":3},{"damage":0,"enemies":"Looter","floor":8,"turns":2},{"damage":14,"enemies":"Gremlin Nob","floor":10,"turns":3},{"damage":0,"enemies":"Lagavulin","floor":11,"turns":4},{"damage":4,"enemies":"Gremlin Gang","floor":13,"turns":2},{"damage":36,"enemies":"3 Sentries","floor":14,"turns":5},{"damage":0,"enemies":"Slime Boss","floor":16,"turns":5},{"damage":5,"enemies":"3 Byrds","floor":18,"turns":3},{"damage":0,"enemies":"2 Thieves","floor":19,"turns":3},{"damage":0,"enemies":"Chosen and Byrds","floor":20,"turns":3},{"damage":3,"enemies":"Shelled Parasite and Fungi","floor":21,"turns":3},{"damage":3,"enemies":"conspire:MimicChest","floor":22,"turns":4},{"damage":30,"enemies":"Slavers","floor":23,"turns":4},{"damage":0,"enemies":"Book of Stabbing","floor":24,"turns":4},{"damage":0,"enemies":"conspire:SneckoGhost","floor":28,"turns":5},{"damage":0,"enemies":"Book of Stabbing","floor":31,"turns":4},{"damage":0,"enemies":"Champ","floor":33,"turns":4},{"damage":0,"enemies":"Orb Walker","floor":35,"turns":3},{"damage":0,"enemies":"Mind Bloom Boss Battle","floor":37,"turns":3},{"damage":0,"enemies":"3 Darklings","floor":38,"turns":4},{"damage":6,"enemies":"Reptomancer","floor":40,"turns":5},{"damage":0,"enemies":"Giant Head","floor":42,"turns":5},{"damage":0,"enemies":"Writhing Mass","floor":44,"turns":4},{"damage":0,"enemies":"Nemesis","floor":45,"turns":5},{"damage":0,"enemies":"R_Hoarder","floor":46,"turns":6},{"damage":0,"enemies":"Spire Growth","floor":48,"turns":4},{"damage":92,"enemies":"conspire:OrnateMirror","floor":50,"turns":5}],"seed_played":"8934155093513324858","potions_obtained":[{"floor":13,"key":"FocusPotion"},{"floor":31,"key":"BlessingOfTheForge"},{"floor":42,"key":"Fire Potion"},{"floor":45,"key":"Languid Potion"},{"floor":46,"key":"DistilledChaos"}],"is_trial":true,"path_per_floor":["M","M","M","$","M","R","?","M","T","E","E","R","M","E","R","B",null,"M","M","M","M","?","E","E","$","T","R","E","?","R","E","R","B",null,"M","?","?","M","$","E","R","E","T","M","E","E","$","M","R","B"],"character_chosen":"DEFECT","items_purchased":["BargainBundle","Matryoshka","BlessingOfTheForge","EssenceOfSteel","ReplayTheSpireMod:Calculation Training","Chill","Ancient Tea Set","Capacitor"],"campfire_rested":4,"item_purchase_floors":[25,25,25,25,25,25,39,47],"current_hp_per_floor":[75,75,75,75,66,66,59,59,59,45,45,67,70,34,58,58,82,77,77,77,74,71,41,41,41,41,65,70,63,82,82,82,82,82,82,82,82,82,82,76,76,76,76,76,76,82,82,82,82,0,0],"gold":109,"neow_bonus":"","is_daily":false,"chose_seed":false,"campfire_upgraded":3,"win_rate":0.0,"timestamp":1608928432,"path_taken":["M","M","M","$","M","R","?","M","T","E","E","R","M","E","R","BOSS","M","M","M","M","?","E","E","$","T","R","E","?","R","E","R","BOSS","M","?","?","M","$","E","R","E","T","M","E","E","$","M","R","BOSS"],"items_purchased_type":["Relic","Relic","Potion","Potion","Card","Card","Relic","Card"],"build_version":"2020-12-22","purchased_purges":3,"victory":false,"max_hp_per_floor":[75,75,75,75,75,75,75,75,75,75,75,75,82,82,82,82,82,82,82,82,82,82,82,82,82,82,82,82,82,82,82,82,82,82,82,82,82,82,82,82,82,82,82,82,82,82,82,82,82,82,82],"card_choices":[],"player_experience":947599,"relics_obtained":[{"floor":1,"key":"Geode"},{"floor":2,"key":"hubris:DeckOfHolding"},{"floor":3,"key":"Iron Hammer"},{"floor":5,"key":"Lantern"},{"floor":8,"key":"Shuriken"},{"floor":9,"key":"hubris:TenFootPole"},{"floor":10,"key":"Boot"},{"floor":11,"key":"Replay:Kaleidoscope"},{"floor":13,"key":"Strawberry"},{"floor":14,"key":"Replay:Rubber Ducky"},{"floor":18,"key":"hubris:CrystalStatue"},{"floor":19,"key":"StoneCalendar"},{"floor":20,"key":"StuffTheSpire:OldFever"},{"floor":21,"key":"Vajra"},{"floor":22,"key":"hubris:BallOfYels"},{"floor":23,"key":"aspiration:EnhancedActuators"},{"floor":24,"key":"Bag of Preparation"},{"floor":26,"key":"Toy Ornithopter"},{"floor":26,"key":"aspiration:HiddenCompartment"},{"floor":28,"key":"Replay:Mystery Machine"},{"floor":29,"key":"aspiration:Stabinomicon"},{"floor":31,"key":"Singing Bowl"},{"floor":35,"key":"MawBank"},{"floor":37,"key":"TungstenRod"},{"floor":38,"key":"conspire:DeflatedDodgeball"},{"floor":40,"key":"Replay:Multitool"},{"floor":42,"key":"Smiling Mask"},{"floor":43,"key":"hubris:SlimyHat"},{"floor":43,"key":"Bronze Scales"},{"floor":44,"key":"aspiration:Lifesprig"},{"floor":45,"key":"Cables"},{"floor":46,"key":"Mirror"},{"floor":48,"key":"conspire:GlowingRock"},{"floor":49,"key":"Art of War"}],"event_choices":[{"damage_healed":0,"gold_gain":0,"player_choice":"Damaged","damage_taken":7,"max_hp_gain":0,"max_hp_loss":0,"event_name":"Wheel of Change","floor":7,"gold_loss":0},{"damage_healed":0,"gold_gain":0,"player_choice":"Obtained Book","damage_taken":16,"max_hp_gain":0,"max_hp_loss":0,"event_name":"Cursed Tome","floor":29,"gold_loss":0},{"damage_healed":0,"gold_gain":0,"player_choice":"Fight","damage_taken":0,"max_hp_gain":0,"max_hp_loss":0,"event_name":"MindBloom","floor":37,"gold_loss":0}],"is_beta":false,"boss_relics":[{"not_picked":["hubris:VirtuousBlindfold","StuffTheSpire:Kangaroo"],"picked":"Replay:Bronze Core"},{"not_picked":["Sozu","conspire:SeveredTorchhead"],"picked":"hubris:RunicObelisk"}],"items_purged_floors":[4,39,47],"is_endless":true,"potions_floor_spawned":[2,3,8,13,20,21,22,28,31,33,35,42,45,46],"killed_by":"conspire:OrnateMirror","ascension_level":0}}