{"host":"mi0eibewekhugwl1","time":1608889641,"event":{"mods":["AchievementEnabler","BaseMod","Colored Map","Colored Powertips","DeckTracker","Keyboard Shortcuts","Minty Spire (QoL Compilation)","Quick Restart","Rare Cards Sparkle","Relic Stats","StSLib","SuperFastMode","everything is the same but u backflip on backflip"],"gold_per_floor":[117,133,145,164,180,180,215,215,239,239,45,80,102,126,126,202,202,230,243,265,81,100,100,100,100],"floor_reached":24,"playtime":592,"items_purged":["Strike_B","Strike_B"],"score":424,"play_id":"73d6b5dc-3826-40b3-baa1-df3057614d09","local_time":"20201225184721","is_ascension_mode":true,"campfire_choices":[{"data":"Dramatic Entrance","floor":6,"key":"SMITH"},{"floor":8,"key":"REST"},{"data":"Zap","floor":10,"key":"SMITH"},{"data":"Defragment","floor":15,"key":"SMITH"},{"floor":23,"key":"REST"}],"circlet_count":0,"master_deck":["AscendersBane","Strike_B","Strike_B","Defend_B","Defend_B","Defend_B","Defend_B","Zap+1","Dualcast","Dramatic Entrance+1","Capacitor","Sweeping Beam","Auto Shields","Cold Snap","Sunder","Turbo","Buffer","Defragment+1","Core Surge","Loop","Ball Lightning","White Noise","Coolheaded","Defragment","Chill"],"relics":["FrozenCore","CeramicFish","Anchor","Akabeko"],"acts_visited":["Exordium","TheCity"],"potions_floor_usage":[7,16,16,16],"damage_taken":[{"damage":0,"enemies":"Cultist","floor":1,"turns":2},{"damage":3,"enemies":"Small Slimes","floor":2,"turns":3},{"damage":7,"enemies":"Jaw Worm","floor":3,"turns":2},{"damage":15,"enemies":"Large Slime","floor":4,"turns":5},{"damage":0,"enemies":"Looter","floor":5,"turns":2},{"damage":20,"enemies":"Gremlin Nob","floor":7,"turns":4},{"damage":7,"enemies":"Lagavulin","floor":12,"turns":7},{"damage":0,"enemies":"Blue Slaver","floor":13,"turns":2},{"damage":0,"enemies":"Exordium Thugs","floor":14,"turns":2},{"damage":32,"enemies":"Hexaghost","floor":16,"turns":8},{"damage":15,"enemies":"3 Byrds","floor":18,"turns":7},{"damage":12,"enemies":"Spheric Guardian","floor":19,"turns":6},{"damage":17,"enemies":"Centurion and Healer","floor":20,"turns":14},{"damage":3,"enemies":"Chosen and Byrds","floor":22,"turns":8},{"damage":34,"enemies":"Cultist and Chosen","floor":24,"turns":5}],"seed_played":"7575438474706884933","potions_obtained":[{"floor":4,"key":"AttackPotion"},{"floor":5,"key":"EssenceOfSteel"},{"floor":7,"key":"EssenceOfDarkness"},{"floor":12,"key":"EntropicBrew"},{"floor":19,"key":"Energy Potion"}],"is_trial":false,"path_per_floor":["M","M","M","M","M","R","E","R","T","R","$","E","M","M","R","B",null,"M","M","M","$","M","R","M"],"character_chosen":"DEFECT","items_purchased":["Turbo","Buffer","Coolheaded","Defragment"],"campfire_rested":2,"item_purchase_floors":[11,11,21,21],"current_hp_per_floor":[64,61,54,39,39,39,19,40,40,40,40,33,33,33,33,1,54,39,27,10,10,7,28,0,0],"gold":100,"neow_bonus":"RANDOM_COLORLESS","is_daily":false,"chose_seed":false,"campfire_upgraded":3,"win_rate":0.0,"timestamp":1608889641,"path_taken":["M","M","M","M","M","R","E","R","T","R","?","E","M","M","R","BOSS","M","M","M","$","M","R","M"],"items_purchased_type":["Card","Card","Card","Card"],"build_version":"2020-12-22","purchased_purges":2,"victory":false,"max_hp_per_floor":[71,71,71,71,71,71,71,71,71,71,71,71,71,71,71,71,71,71,71,71,71,71,71,71,71],"relic_stats":{"counters":[15,77],"CeramicFish":99,"obtain_stats":[{"Anchor":9,"CeramicFish":7,"Cracked Core":0,"Akabeko":12,"FrozenCore":17},{"Anchor":6,"CeramicFish":6,"Cracked Core":0,"Akabeko":7,"FrozenCore":10},{"Anchor":18,"CeramicFish":18,"Cracked Core":0,"Akabeko":25,"FrozenCore":37}],"FrozenCore":[15]},"card_choices":[{"not_picked":["Purity","Panacea"],"picked":"Dramatic Entrance","floor":0},{"not_picked":["Go for the Eyes","Darkness"],"picked":"Capacitor","floor":1},{"not_picked":["Gash","Beam Cell"],"picked":"Sweeping Beam","floor":2},{"not_picked":["Rebound","Sweeping Beam"],"picked":"Auto Shields","floor":3},{"not_picked":["Steam","Streamline"],"picked":"Cold Snap","floor":4},{"not_picked":["Reinforced Body","Sweeping Beam","Barrage"],"picked":"SKIP","floor":5},{"not_picked":["Steam","Storm"],"picked":"Sunder","floor":7},{"not_picked":["Force Field","Hologram"],"picked":"Defragment","floor":12},{"not_picked":["Stack","Recycle"],"picked":"Core Surge","floor":13},{"not_picked":["Conserve Battery","Lockon"],"picked":"Loop","floor":14},{"not_picked":["Scrape","Barrage+1"],"picked":"Ball Lightning","floor":18},{"not_picked":["Double Energy","Darkness","Ball Lightning+1"],"picked":"SKIP","floor":19},{"not_picked":["Leap","Cold Snap"],"picked":"White Noise","floor":20},{"not_picked":["Storm+1","Conserve Battery+1"],"picked":"Chill","floor":22}],"player_experience":1705272,"relics_obtained":[{"floor":7,"key":"CeramicFish"},{"floor":9,"key":"Anchor"},{"floor":12,"key":"Akabeko"}],"event_choices":[],"is_beta":false,"boss_relics":[{"not_picked":["Philosopher\u0027s Stone","Empty Cage"],"picked":"FrozenCore"}],"items_purged_floors":[11,21],"is_endless":false,"potions_floor_spawned":[4,5,7,12,19,20],"killed_by":"Cultist and Chosen","ascension_level":20}}