{"host":"7xrfhfoo16q2v8hj","time":1608875031,"event":{"mods":["BaseMod","Colored Map","DeckTracker","Highlight Path","Minty Spire (QoL Compilation)","StSLib","SuperFastMode"],"gold_per_floor":[119,119,119,45,45,45,61,79,102,125,125,164,10,10,10],"floor_reached":14,"playtime":261,"items_purged":[],"score":97,"play_id":"ac26a876-859a-4b82-99ce-165931e676ff","local_time":"20201224234351","is_ascension_mode":true,"campfire_choices":[{"data":"Consume","floor":6,"key":"SMITH"}],"circlet_count":0,"master_deck":["Strike_B","Strike_B","Strike_B","Strike_B","Defend_B","Defend_B","Defend_B","Defend_B","Zap","Dualcast","Consume+1","Doom and Gloom","Leap","Undo","Beam Cell","Reinforced Body+1","Undo+1","Coolheaded+1","Self Repair"],"relics":["Cracked Core","Golden Idol","CultistMask","Regal Pillow","Toxic Egg 2"],"acts_visited":["Exordium"],"potions_floor_usage":[10,14],"damage_taken":[{"damage":3,"enemies":"Jaw Worm","floor":1,"turns":4},{"damage":12,"enemies":"Small Slimes","floor":7,"turns":2},{"damage":7,"enemies":"2 Louse","floor":8,"turns":2},{"damage":32,"enemies":"Gremlin Gang","floor":10,"turns":5},{"damage":15,"enemies":"Lagavulin","floor":12,"turns":6},{"damage":13,"enemies":"3 Sentries","floor":14,"turns":2}],"seed_played":"92415761458248649","potions_obtained":[{"floor":8,"key":"SkillPotion"},{"floor":12,"key":"Ancient Potion"}],"is_trial":false,"path_per_floor":["M","?","?","$","?","R","M","M","T","M","?","E","$","E"],"character_chosen":"DEFECT","items_purchased":["Doom and Gloom","Undo+1","Coolheaded+1","Self Repair"],"campfire_rested":0,"item_purchase_floors":[4,13,13,13],"current_hp_per_floor":[79,79,76,76,76,76,64,57,57,25,25,10,10,0,0],"gold":10,"neow_bonus":"TEN_PERCENT_HP_BONUS","is_daily":false,"chose_seed":false,"campfire_upgraded":1,"win_rate":0.0,"timestamp":1608875031,"path_taken":["M","?","?","?","?","R","M","?","T","?","?","E","$","E"],"items_purchased_type":["Card","Card","Card","Card"],"build_version":"2020-12-22","purchased_purges":0,"victory":false,"max_hp_per_floor":[82,82,76,76,76,76,76,76,76,76,76,76,76,76,76],"card_choices":[{"not_picked":["Steam","FTL"],"picked":"Consume","floor":1},{"not_picked":["Steam","Chill"],"picked":"Leap","floor":7},{"not_picked":["Barrage","Stack"],"picked":"Undo","floor":8},{"not_picked":["Recycle","Heatsinks"],"picked":"Beam Cell","floor":10},{"not_picked":["Leap+1","Gash"],"picked":"Reinforced Body+1","floor":12}],"player_experience":543125,"relics_obtained":[{"floor":9,"key":"Regal Pillow"},{"floor":12,"key":"Toxic Egg 2"}],"event_choices":[{"damage_healed":0,"gold_gain":0,"player_choice":"Leave","damage_taken":0,"max_hp_gain":0,"max_hp_loss":0,"event_name":"The Cleric","floor":2,"gold_loss":0},{"damage_healed":0,"gold_gain":0,"player_choice":"Lose Max HP","damage_taken":0,"relics_obtained":["Golden Idol"],"max_hp_gain":0,"max_hp_loss":6,"event_name":"Golden Idol","floor":3,"gold_loss":0},{"damage_healed":0,"gold_gain":0,"player_choice":"Trade","damage_taken":0,"relics_obtained":["CultistMask"],"max_hp_gain":0,"max_hp_loss":0,"event_name":"FaceTrader","floor":5,"gold_loss":0},{"damage_healed":0,"gold_gain":0,"player_choice":"Searched \u00270\u0027 times","damage_taken":0,"max_hp_gain":0,"max_hp_loss":0,"event_name":"Dead Adventurer","floor":11,"gold_loss":0}],"is_beta":false,"boss_relics":[],"items_purged_floors":[],"is_endless":false,"potions_floor_spawned":[8,12],"killed_by":"3 Sentries","ascension_level":2}}