{"host":"151yr9p79rpn1su6","time":1608926157,"event":{"mods":["BaseMod","Colored Map","Downfall","Minty Spire (QoL Compilation)","Replay The Spire","StSLib"],"gold_per_floor":[117,117,43,56,56,56,82,99,99,117,152,166,166,178,178,273,273],"floor_reached":16,"playtime":1107,"items_purged":[],"score":162,"play_id":"40d314c6-67c0-4d8b-9472-74f9bef8cbfc","local_time":"20201225145557","is_ascension_mode":false,"campfire_choices":[{"data":"ReplayTheSpireMod:Muscle Training","floor":6,"key":"SMITH"},{"floor":13,"key":"REST"},{"data":"Whirlwind","floor":15,"key":"SMITH"}],"circlet_count":0,"master_deck":["Strike_R","Strike_R","Strike_R","Strike_R","Defend_R","Defend_R","Defend_R","Defend_R","Bash+1","Metallicize","ReplayReversal","ReplayTheSpireMod:Muscle Training+1","Cleave","Whirlwind+1","Twin Strike","Sword Boomerang","Shrug It Off"],"relics":["Burning Blood","Replay:Towering Pillar of Hats","Ancient Tea Set","Prayer Wheel","The Courier"],"acts_visited":["Exordium"],"potions_floor_usage":[11,11,16],"damage_taken":[{"damage":8,"enemies":"Jaw Worm","floor":1,"turns":3},{"damage":3,"enemies":"Cultist","floor":4,"turns":3},{"damage":23,"enemies":"3 Sentries","floor":7,"turns":13},{"damage":1,"enemies":"Small Slimes","floor":8,"turns":3},{"damage":8,"enemies":"2 Fungi Beasts","floor":10,"turns":4},{"damage":26,"enemies":"Lagavulin","floor":11,"turns":6},{"damage":7,"enemies":"Looter","floor":12,"turns":5},{"damage":4,"enemies":"3 Louse","floor":14,"turns":3},{"damage":30,"enemies":"Slime Boss","floor":16,"turns":10}],"seed_played":"3612587501884732830","potions_obtained":[{"floor":10,"key":"Reflective Coating"},{"floor":11,"key":"BloodPotion"},{"floor":12,"key":"Swift Potion"},{"floor":16,"key":"Slimebound:ThreeZeroPotion"}],"is_trial":false,"path_per_floor":["M","?","$","M","?","R","E","M","T","M","E","M","R","M","R","B"],"character_chosen":"IRONCLAD","items_purchased":["Metallicize"],"campfire_rested":1,"item_purchase_floors":[3],"current_hp_per_floor":[78,66,66,69,69,69,52,57,57,55,51,50,74,76,76,52,52],"gold":273,"neow_bonus":"RANDOM_EVENT","is_daily":false,"chose_seed":false,"campfire_upgraded":2,"win_rate":0.0,"timestamp":1608926157,"path_taken":["M","?","$","M","?","R","E","M","T","?","E","?","R","M","R","BOSS"],"items_purchased_type":["Card"],"build_version":"2020-12-22","purchased_purges":0,"victory":false,"max_hp_per_floor":[80,80,80,80,80,80,80,80,80,80,80,80,80,80,80,80,80],"card_choices":[{"not_picked":["Replay:Undeath\u0027s Touch","Havoc","Pommel Strike"],"picked":"SKIP","floor":1},{"not_picked":["Dropkick","Thunderclap"],"picked":"ReplayReversal","floor":4},{"not_picked":["Anger","Run Through"],"picked":"Cleave","floor":7},{"not_picked":["Carnage","Body Slam"],"picked":"Whirlwind","floor":8},{"not_picked":["Sever Soul","Barricade","Run Through"],"picked":"SKIP","floor":10},{"not_picked":["ReplayTheSpireMod:Muscle Training","Flex","Thunderclap"],"picked":"SKIP","floor":10},{"not_picked":["Abandon","Anger","Cleave"],"picked":"SKIP","floor":11},{"not_picked":["Massacre","True Grit"],"picked":"Twin Strike","floor":12},{"not_picked":["Sword Boomerang","Twin Strike","Run Through"],"picked":"SKIP","floor":12},{"not_picked":["Twin Strike","Run Through"],"picked":"Sword Boomerang","floor":12},{"not_picked":["Anger","ReplayTheSpireMod:Corrosion Curse"],"picked":"Shrug It Off","floor":14},{"not_picked":["Perfected Strike","Clothesline","Second Wind"],"picked":"SKIP","floor":14}],"player_experience":1047813,"relics_obtained":[{"floor":7,"key":"Ancient Tea Set"},{"floor":9,"key":"Prayer Wheel"},{"floor":11,"key":"The Courier"}],"event_choices":[{"damage_healed":0,"gold_gain":0,"player_choice":"Grow","damage_taken":0,"max_hp_gain":0,"max_hp_loss":0,"event_name":"Living Wall","floor":0,"gold_loss":0,"cards_upgraded":["Bash"]},{"damage_healed":0,"gold_gain":0,"player_choice":"Success","damage_taken":12,"relics_obtained":["Replay:Towering Pillar of Hats"],"max_hp_gain":0,"max_hp_loss":0,"event_name":"Scrap Ooze","floor":2,"gold_loss":0},{"damage_healed":0,"gold_gain":0,"cards_transformed":["Strike_R"],"player_choice":"Transformed","damage_taken":0,"max_hp_gain":0,"max_hp_loss":0,"event_name":"Transmorgrifier","floor":5,"gold_loss":0,"cards_obtained":["ReplayTheSpireMod:Muscle Training"]}],"is_beta":false,"boss_relics":[],"items_purged_floors":[],"is_endless":false,"potions_floor_spawned":[10,11,12,16],"killed_by":"Slime Boss","ascension_level":0}}