{"host":"3rixevx6n8b56xaj","time":1608868662,"event":{"mods":["2.2 Compatiblity","AchievementEnabler","Arknights The Spire","BaseMod","Colored Map","DeckTracker","Friendly Minions","Minty Spire (QoL Compilation)","StSLib","SuperFastMode"],"gold_per_floor":[116,116,132,142,142,142,171,187,212,241,253,253,272,332,332,437,437,452,452,470,500,278,312,312,321,347,374,374,383,425,453,453,562,562,583,493,519,274,300,327,327,353,353,382,382,159,218,20,20,20,20,20,20,57,57],"floor_reached":56,"playtime":2616,"items_purged":["ats:Defend","Writhe","ats:Strike V+1"],"score":1293,"play_id":"52ef0c5c-1901-4840-bbbc-f585b71fb259","local_time":"20201225125742","is_ascension_mode":false,"campfire_choices":[{"data":"ats:Armor Crushing Shot","floor":6.0,"key":"SMITH"},{"data":"ats:Emotion Absorption","floor":12.0,"key":"SMITH"},{"data":"ats:Closed Bolt Burst Fire","floor":15.0,"key":"SMITH"},{"data":"ats:Thorns","floor":24.0,"key":"SMITH"},{"data":"ats:Soul Rend","floor":28.0,"key":"SMITH"},{"data":"ats:Roar Of Ursus","floor":32.0,"key":"SMITH"},{"data":"ats:Shell Defense","floor":45.0,"key":"SMITH"},{"floor":49.0,"key":"RECALL"},{"data":"ats:Shadow Assault","floor":52,"key":"SMITH"}],"circlet_count":0,"master_deck":["ats:Strike G","ats:Strike S+1","ats:Armor Crushing Shot+1","ats:Defend+1","ats:Defend","ats:Emotion Absorption+1","ats:Cat Scratch","ats:Overload","ats:Shell Defense+1","ats:Shell Defense+1","ats:Closed Bolt Burst Fire+1","ats:Soul Rend+1","ats:Poison Spread","ats:Shadow Assault+1","ats:Magnetic Hammer","ats:Thorns+1","ats:Hook Shot","ats:Directed Diagnosis+1","ats:Blood Oath","ats:Roar Of Ursus+1","ats:Curse Doll+1","ats:Echo Reverb","ats:Neurotoxin","ats:Flexible Camouflage+1","ats:Consecutive Shot Auto+1","Parasite","ats:Rapid Magazine","ats:Apocalypse+1","ats:Song Of Battle"],"relics":["ats:Sanity","Ancient Tea Set","ats:Military Tradition","ats:Originium","Bottled Flame","Whetstone","Odd Mushroom","ats:Lavender","Velvet Choker","Red Mask","ats:Attack","ats:Originium","CeramicFish","Centennial Puzzle","ats:Originium","War Paint","SacredBark","TheAbacus","ats:Originium","Bag of Marbles","Du-Vu Doll","Smiling Mask","Blood Vial","Turnip","ats:Spiritual Recovery","Thread and Needle"],"acts_visited":["Exordium","TheCity","TheBeyond","TheEnding"],"potions_floor_usage":[55,55],"damage_taken":[{"damage":5.0,"enemies":"Cultist","floor":1.0,"turns":4.0},{"damage":5.0,"enemies":"2 Louse","floor":3.0,"turns":3.0},{"damage":2.0,"enemies":"Small Slimes","floor":4.0,"turns":3.0},{"damage":23.0,"enemies":"Gremlin Nob","floor":7.0,"turns":4.0},{"damage":3.0,"enemies":"Looter","floor":8.0,"turns":2.0},{"damage":32.0,"enemies":"The Mushroom Lair","floor":10.0,"turns":6.0},{"damage":3.0,"enemies":"Exordium Wildlife","floor":11.0,"turns":3.0},{"damage":0.0,"enemies":"Gremlin Gang","floor":13.0,"turns":3.0},{"damage":8.0,"enemies":"3 Sentries","floor":14.0,"turns":6.0},{"damage":61.0,"enemies":"Hexaghost","floor":16.0,"turns":13.0},{"damage":6.0,"enemies":"3 Byrds","floor":18.0,"turns":4.0},{"damage":10.0,"enemies":"Spheric Guardian","floor":20.0,"turns":4.0},{"damage":10.0,"enemies":"Masked Bandits","floor":21.0,"turns":4.0},{"damage":35.0,"enemies":"Gremlin Leader","floor":23.0,"turns":5.0},{"damage":10.0,"enemies":"Snake Plant","floor":27.0,"turns":4.0},{"damage":33.0,"enemies":"Slavers","floor":30.0,"turns":7.0},{"damage":14.0,"enemies":"Centurion and Healer","floor":31.0,"turns":5.0},{"damage":69.0,"enemies":"Champ","floor":33.0,"turns":12.0},{"damage":5.0,"enemies":"Orb Walker","floor":35.0,"turns":3.0},{"damage":28.0,"enemies":"3 Darklings","floor":37.0,"turns":3.0},{"damage":16.0,"enemies":"Sphere and 2 Shapes","floor":39.0,"turns":7.0},{"damage":43.0,"enemies":"Reptomancer","floor":40.0,"turns":7.0},{"damage":8.0,"enemies":"Writhing Mass","floor":42.0,"turns":6.0},{"damage":62.0,"enemies":"Nemesis","floor":44.0,"turns":7.0},{"damage":24.0,"enemies":"Mind Bloom Boss Battle","floor":47.0,"turns":6.0},{"damage":82,"enemies":"Donu and Deca","floor":50,"turns":9},{"damage":90,"enemies":"Shield and Spear","floor":54,"turns":6},{"damage":111,"enemies":"The Heart","floor":55,"turns":8}],"seed_played":"873912670014181563","potions_obtained":[{"floor":8.0,"key":"BlessingOfTheForge"},{"floor":10.0,"key":"SkillPotion"},{"floor":11.0,"key":"SpeedPotion"},{"floor":13.0,"key":"Strength Potion"},{"floor":16.0,"key":"SteroidPotion"},{"floor":18.0,"key":"SkillPotion"},{"floor":30.0,"key":"Explosive Potion"},{"floor":31.0,"key":"ats:Emergency Sanity Potion"},{"floor":39.0,"key":"Energy Potion"},{"floor":40.0,"key":"LiquidBronze"}],"is_trial":false,"path_per_floor":["M","T","M","M","?","R","E","M","T","?","M","R","M","?","R","B",null,"M","?","M","?","$","E","R","?","T","M","R","?","E","M","R","B",null,"M","?","M","$","M","E","?","M","T","E","R","$","?","$","R","B",null,"R","$","E","B",null],"character_chosen":"DOCTOR_CLASS","items_purchased":["ats:Attack","TheAbacus","ats:Rapid Magazine","Blood Vial","ats:Spiritual Recovery","Swift Potion"],"campfire_rested":0,"item_purchase_floors":[22,38,46,46,48,48],"current_hp_per_floor":[67,67,62,60,65,65,45,44,44,24,21,21,23,26,26,8,77,77,77,67,60,60,32,32,32,32,31,31,31,20,27,27,19,77,72,72,63,63,69,64,64,70,70,31,31,31,36,36,36,40,73,73,73,44,16],"gold":57,"neow_bonus":"RANDOM_COMMON_RELIC","is_daily":false,"chose_seed":false,"campfire_upgraded":8,"win_rate":0.0,"timestamp":1608868662,"path_taken":["M","?","?","M","?","R","E","M","T","?","M","R","M","?","R","BOSS","M","?","M","?","$","E","R","?","T","?","R","?","E","M","R","BOSS","M","?","M","?","?","E","?","M","T","E","R","$","?","$","R","BOSS","R","$","E","BOSS"],"items_purchased_type":["Relic","Relic","Card","Relic","Relic","Potion"],"build_version":"2020-12-22","purchased_purges":3,"victory":true,"max_hp_per_floor":[72,72,72,72,77,77,77,77,77,77,77,77,77,77,77,77,77,77,77,77,77,77,77,77,77,77,77,77,77,77,77,77,77,77,77,77,77,77,77,77,73,73,73,73,73,73,73,73,73,73,73,73,73,73,73],"card_choices":[{"not_picked":["ats:Leaping Hammer","ats:Curse Doll"],"picked":"ats:Cat Scratch","floor":1.0},{"not_picked":["ats:Defend Order","ats:Flexible Camouflage"],"picked":"ats:Overload","floor":3.0},{"not_picked":["ats:Spore Proliferation","ats:Hammer On"],"picked":"ats:Shell Defense","floor":4.0},{"not_picked":["ats:Explosion Area Strengthen","ats:Fractured Body"],"picked":"ats:Shell Defense","floor":7.0},{"not_picked":["ats:Consecutive Shot Auto","ats:Cat Scratch","ats:Revitalization"],"picked":"SKIP","floor":8.0},{"not_picked":["ats:Leaping Hammer","ats:Ignite"],"picked":"ats:Closed Bolt Burst Fire","floor":10.0},{"not_picked":["ats:Assault Order","ats:Leaping Hammer"],"picked":"ats:Soul Rend","floor":11.0},{"not_picked":["ats:Revitalization","ats:Soul Absorption"],"picked":"ats:Burning Ground","floor":13.0},{"not_picked":["ats:Flame Of Heaven","ats:Collapsing Strike"],"picked":"ats:Poison Spread","floor":14.0},{"not_picked":["ats:Dogmatic Field","ats:Volcano"],"picked":"ats:Shadow Assault","floor":16.0},{"not_picked":["ats:LN2 Cannon+1","ats:Ignite"],"picked":"ats:Magnetic Hammer","floor":18.0},{"not_picked":["ats:LN2 Cannon","ats:Composite Medical Shells","ats:Cat Scratch"],"picked":"SKIP","floor":20.0},{"not_picked":["ats:Steam Pump","ats:Automatic Cover"],"picked":"ats:Thorns","floor":21.0},{"not_picked":["ats:Leaping Hammer","ats:Collapsing Strike"],"picked":"ats:Hook Shot","floor":23.0},{"not_picked":["ats:Leaping Hammer","ats:Healing Drone"],"picked":"ats:Blood Oath","floor":27.0},{"not_picked":["ats:Ignite","ats:Thermite Blade"],"picked":"ats:Roar Of Ursus","floor":30.0},{"not_picked":["ats:Chain Hook","ats:Apocalypse"],"picked":"ats:Curse Doll+1","floor":31.0},{"not_picked":["ats:Roar Of Ursus","ats:Shadow Assault"],"picked":"ats:Echo Reverb","floor":33.0},{"not_picked":["ats:Flame Of Heaven","ats:Ignite"],"picked":"ats:Neurotoxin","floor":35.0},{"not_picked":["ats:Very Hot Blade+1","ats:Chain Hook+1"],"picked":"ats:Flexible Camouflage+1","floor":37.0},{"not_picked":["ats:Composite Medical Shells","ats:Flexible Camouflage"],"picked":"ats:Consecutive Shot Auto+1","floor":39.0},{"not_picked":["ats:Consecutive Shot Auto","ats:Shell Defense","ats:Flexible Camouflage"],"picked":"SKIP","floor":40.0},{"not_picked":["ats:Chain Hook","ats:Flexible Camouflage","ats:Hammer On"],"picked":"SKIP","floor":42.0},{"not_picked":["ats:Fractured Body","ats:Guardian Obelisk","ats:Consecutive Shot Auto+1"],"picked":"SKIP","floor":44.0},{"not_picked":["ats:Defend Order+1","ats:Poison Spread"],"picked":"ats:Apocalypse+1","floor":47.0},{"not_picked":["ats:Leaping Hammer","ats:Curse Doll"],"picked":"ats:Song Of Battle","floor":54}],"player_experience":560327,"relics_obtained":[{"floor":2.0,"key":"ats:Military Tradition"},{"floor":7.0,"key":"ats:Originium"},{"floor":7.0,"key":"Bottled Flame"},{"floor":9.0,"key":"Whetstone"},{"floor":10.0,"key":"Odd Mushroom"},{"floor":14.0,"key":"ats:Lavender"},{"floor":21.0,"key":"Red Mask"},{"floor":23.0,"key":"ats:Originium"},{"floor":23.0,"key":"CeramicFish"},{"floor":30.0,"key":"ats:Originium"},{"floor":30.0,"key":"War Paint"},{"floor":40.0,"key":"ats:Originium"},{"floor":40.0,"key":"Bag of Marbles"},{"floor":43.0,"key":"Du-Vu Doll"},{"floor":44.0,"key":"Smiling Mask"},{"floor":47.0,"key":"Turnip"},{"floor":54,"key":"Thread and Needle"}],"event_choices":[{"damage_healed":0.0,"max_hp_gain":5.0,"max_hp_loss":0.0,"gold_gain":0.0,"event_name":"Big Fish","player_choice":"Donut","floor":5.0,"gold_loss":0.0,"damage_taken":0.0},{"damage_healed":0.0,"max_hp_gain":0.0,"max_hp_loss":0.0,"gold_gain":0.0,"event_name":"Mushrooms","player_choice":"Fought Mushrooms","floor":10.0,"gold_loss":0.0,"damage_taken":0.0},{"damage_healed":0.0,"max_hp_gain":0.0,"max_hp_loss":0.0,"gold_gain":0.0,"event_name":"Dead Adventurer","player_choice":"Searched \u00272\u0027 times","floor":14.0,"gold_loss":0.0,"damage_taken":0.0},{"cards_removed":["ats:Defend"],"damage_healed":0.0,"max_hp_gain":0.0,"max_hp_loss":0.0,"gold_gain":0.0,"event_name":"Back to Basics","player_choice":"Elegance","floor":19.0,"gold_loss":0.0,"damage_taken":0.0},{"damage_healed":0.0,"max_hp_gain":0.0,"max_hp_loss":0.0,"gold_gain":0.0,"event_name":"Masked Bandits","player_choice":"Fought Bandits","floor":21.0,"gold_loss":0.0,"damage_taken":0.0},{"damage_healed":0.0,"max_hp_gain":0.0,"max_hp_loss":0.0,"gold_gain":0.0,"cards_transformed":["ats:Burning Ground"],"event_name":"Transmorgrifier","player_choice":"Transformed","floor":25.0,"gold_loss":0.0,"damage_taken":0.0,"cards_obtained":["ats:Directed Diagnosis"]},{"damage_healed":0.0,"max_hp_gain":0.0,"max_hp_loss":0.0,"gold_gain":0.0,"event_name":"The Mausoleum","player_choice":"Opened","floor":29.0,"gold_loss":0.0,"damage_taken":0.0,"relics_obtained":["Centennial Puzzle"],"cards_obtained":["Writhe"]},{"cards_removed":["ats:Strike C"],"damage_healed":0.0,"max_hp_gain":0.0,"max_hp_loss":0.0,"gold_gain":0.0,"event_name":"Designer","player_choice":"Upgrade and Remove","floor":36.0,"gold_loss":90.0,"damage_taken":0.0,"cards_upgraded":["ats:Shell Defense"]},{"damage_healed":0.0,"max_hp_gain":0.0,"max_hp_loss":4.0,"gold_gain":0.0,"event_name":"Winding Halls","player_choice":"Max HP","floor":41.0,"gold_loss":0.0,"damage_taken":0.0},{"damage_healed":0.0,"max_hp_gain":0.0,"max_hp_loss":0.0,"gold_gain":0.0,"event_name":"MindBloom","player_choice":"Fight","floor":47.0,"gold_loss":0.0,"damage_taken":0.0}],"is_beta":false,"boss_relics":[{"not_picked":["Astrolabe","Cursed Key"],"picked":"Velvet Choker"},{"not_picked":["Snecko Eye","Coffee Dripper"],"picked":"SacredBark"}],"items_purged_floors":[22,38,46],"is_endless":false,"potions_floor_spawned":[8,10,11,13,16,18,30,31,39,40,42],"ascension_level":0}}