{"host":"z9grmtg2w0nmz8n1","time":1608874150,"event":{"mods":["Aspiration","Bard","BaseMod","Beaked The Cultist","Better Altar","Better Match","Better Note","Better Sensory Stone","Better Skull","Better Third Choice","BetterRewards","CCEM","Colored Map","Conspire","Downfall","GifTheSpireLib","Googly Eyes","Halation","Hermit","Highlight Path","Hubris","Hunter ??","Jedi Mod","Jorbs\u0027s Wanderer Trilogy","Mad Scientist","Marisa????????","Minty Spire (QoL Compilation)","Permanent Neow","Replay The Spire","Shade Mod","Shop Mod","Spicy Shops","StSLib","Stuff the Spire","The Bug Knight","The Construct","The Necromancer","The Runesmith","The Witch"],"gold_per_floor":[117,117,133,153,10,10,37,52,77,111,111,11,21,46,46,148,148,168,168,183,196,207,232,232,232,281,6,23,23,56,73,73,169,169,180,195,245,245,257,257,291,291,291,322,151,61,78,94,94,94,94],"floor_reached":50,"playtime":2340,"items_purged":["Strike_B","Strike_B","Strike_B","Strike_B"],"score":561,"play_id":"a5926071-3e3f-4de1-8501-f266491a2018","local_time":"20201225032910","is_ascension_mode":true,"campfire_choices":[{"floor":6,"key":"RECALL"},{"data":"StuffTheSpire:Synthwave","floor":11,"key":"SMITH"},{"floor":15,"key":"REST"},{"data":"FIFO Queue","floor":25,"key":"SMITH"},{"data":"Auto Shields","floor":29,"key":"SMITH"},{"floor":32,"key":"REST"},{"data":"Zap","floor":40,"key":"SMITH"},{"floor":49,"key":"REST"}],"circlet_count":0,"master_deck":["Defend_B","Defend_B","Defend_B","Defend_B","Zap+1","Ball Lightning","Ball Lightning+1","StuffTheSpire:Synthwave+1","BootSequence","Ball Lightning","Sweeping Beam","FIFO Queue+1","jedi:BurstFrost+1","Leap","Auto Shields+1","BootSequence","Hello World+1","Defragment","ReplayTheSpireMod:Calculation Training","Parasite"],"relics":["Cracked Core","Onion Ring","Bag of Preparation","DataDisk","Nuclear Battery","Runesmith:AutoHammer","StuffTheSpire:ForceGauntlet","jedi:crownofsimplicity","hubris:Potato","ChewingGum","conspire:IceCreamScoop","Oddly Smooth Stone","MawBank"],"acts_visited":["Exordium","TheCity","TheBeyond"],"potions_floor_usage":[7,7,10,23,28,37],"damage_taken":[{"damage":0,"enemies":"Cultist","floor":1,"turns":3},{"damage":1,"enemies":"Jaw Worm","floor":3,"turns":3},{"damage":0,"enemies":"2 Louse","floor":4,"turns":1},{"damage":12,"enemies":"Lagavulin","floor":7,"turns":6},{"damage":0,"enemies":"2 Fungi Beasts","floor":8,"turns":3},{"damage":11,"enemies":"3 Sentries","floor":10,"turns":6},{"damage":1,"enemies":"Large Slime","floor":13,"turns":3},{"damage":21,"enemies":"Lagavulin","floor":14,"turns":6},{"damage":25,"enemies":"The Guardian","floor":16,"turns":8},{"damage":17,"enemies":"Spheric Guardian","floor":18,"turns":4},{"damage":5,"enemies":"Shell Parasite","floor":20,"turns":3},{"damage":0,"enemies":"Cultist and Chosen","floor":21,"turns":4},{"damage":4,"enemies":"Shelled Parasite and Fungi","floor":22,"turns":4},{"damage":6,"enemies":"Book of Stabbing","floor":23,"turns":5},{"damage":0,"enemies":"Snake Plant","floor":28,"turns":2},{"damage":10,"enemies":"Slavers","floor":30,"turns":4},{"damage":0,"enemies":"3 Cultists","floor":31,"turns":4},{"damage":20,"enemies":"Champ","floor":33,"turns":9},{"damage":0,"enemies":"Orb Walker","floor":35,"turns":3},{"damage":0,"enemies":"3 Shapes","floor":36,"turns":3},{"damage":32,"enemies":"Mind Bloom Boss Battle","floor":37,"turns":5},{"damage":0,"enemies":"Transient","floor":39,"turns":5},{"damage":15,"enemies":"Nemesis","floor":41,"turns":4},{"damage":0,"enemies":"4 Shapes","floor":44,"turns":3},{"damage":0,"enemies":"Writhing Mass","floor":47,"turns":4},{"damage":0,"enemies":"Spire Growth","floor":48,"turns":4},{"damage":61,"enemies":"Donu and Deca","floor":50,"turns":8}],"seed_played":"145762683460925348","potions_obtained":[{"floor":1,"key":"Toxic Potion"},{"floor":4,"key":"ColorlessPotion"},{"floor":7,"key":"jedi:coolantleak"},{"floor":8,"key":"BlessingOfTheForge"},{"floor":13,"key":"Flashbang"},{"floor":20,"key":"Milkshake"},{"floor":33,"key":"jedi:mysterypotion"},{"floor":36,"key":"jedi:wingpotion"},{"floor":41,"key":"sneckomod:MuddlingPotion"},{"floor":47,"key":"Weak Potion"}],"is_trial":false,"path_per_floor":["M","?","M","M","$","R","E","M","T","E","R","$","M","E","R","B",null,"M","?","M","M","M","E","T","R","T","$","M","R","E","M","R","B",null,"M","M","?","?","M","R","E","?","T","M","$","?","M","M","R","B"],"character_chosen":"DEFECT","items_purchased":["StuffTheSpire:Synthwave","Defragment","ReplayTheSpireMod:Calculation Training"],"campfire_rested":3,"item_purchase_floors":[5,45,45],"current_hp_per_floor":[75,75,74,74,74,74,62,62,62,51,51,51,50,29,51,26,75,58,58,53,53,49,43,43,43,43,43,43,43,33,33,55,35,75,75,75,43,43,43,43,28,28,28,28,28,28,28,28,50,0,0],"gold":94,"neow_bonus":"THREE_CARDS","is_daily":false,"chose_seed":false,"campfire_upgraded":4,"win_rate":0.0,"timestamp":1608874150,"path_taken":["M","?","?","M","$","R","E","M","T","E","R","$","M","E","R","BOSS","M","?","?","M","?","E","?","R","T","$","M","R","E","M","R","BOSS","M","M","?","?","M","R","E","?","T","M","$","?","M","M","R","BOSS"],"items_purchased_type":["Card","Card","Card"],"build_version":"2020-12-22","purchased_purges":4,"victory":false,"max_hp_per_floor":[75,75,75,75,75,75,75,75,75,75,75,75,75,75,75,75,75,75,75,75,75,75,75,75,75,75,75,75,75,75,75,75,75,75,75,75,75,75,75,75,75,75,75,75,75,75,75,75,75,75,75],"card_choices":[{"not_picked":["Undo","BasicCrystalCard"],"picked":"Ball Lightning","floor":0},{"not_picked":["jedi:hex","jedi:blockon","Cold Snap"],"picked":"SKIP","floor":1},{"not_picked":["hubris:Ukulele","Lockon"],"picked":"Ball Lightning","floor":3},{"not_picked":["Redo","Cold Snap","Barrage"],"picked":"SKIP","floor":4},{"not_picked":["Doom and Gloom","ReplayTheSpireMod:Dual Polarity","Compile Driver"],"picked":"SKIP","floor":7},{"not_picked":["jedi:BurstDark","Doom and Gloom","Gash"],"picked":"SKIP","floor":8},{"not_picked":["jedi:darknesscall","Doom and Gloom"],"picked":"BootSequence","floor":10},{"not_picked":["Cold Snap","jedi:locknload"],"picked":"Ball Lightning","floor":13},{"not_picked":["StuffTheSpire:Plugnplay","FTL"],"picked":"Sweeping Beam","floor":14},{"not_picked":["jedi:readyaimfire","hubris:DoWhile"],"picked":"Creative AI","floor":16},{"not_picked":["Cold Snap","StuffTheSpire:LoadUp+1","jedi:BurstFrost"],"picked":"SKIP","floor":18},{"not_picked":["Go for the Eyes","Beam Cell"],"picked":"jedi:BurstFrost+1","floor":20},{"not_picked":["Beam Cell+1","Coolheaded+1"],"picked":"Leap","floor":21},{"not_picked":["ReplayTheSpireMod:Reroute Power","Streamline+1"],"picked":"Auto Shields","floor":22},{"not_picked":["Cold Snap","StuffTheSpire:LoadUp","Coolheaded+1"],"picked":"SKIP","floor":23},{"not_picked":["Reboot","Ball Lightning"],"picked":"BootSequence","floor":28},{"not_picked":["Rebound","Redo","All For One"],"picked":"SKIP","floor":30},{"not_picked":["Rebound","BasicCrystalCard","jedi:hex"],"picked":"SKIP","floor":31},{"not_picked":["Hologram","Stack+1","ReplaySort+1"],"picked":"SKIP","floor":35},{"not_picked":["Panic Button+1","Ball Lightning","Beam Cell"],"picked":"SKIP","floor":36},{"not_picked":["StuffTheSpire:Plugnplay","StuffTheSpire:SnapShoot+1","Mirror Shield"],"picked":"SKIP","floor":39},{"not_picked":["Rip and Tear+1","Stack+1"],"picked":"Hello World+1","floor":41},{"not_picked":["Doom and Gloom+1","Stack","Hologram"],"picked":"SKIP","floor":44},{"not_picked":["jedi:BurstFrost","Reboot","Barrage+1"],"picked":"SKIP","floor":47},{"not_picked":["ReplayGash","Ball Lightning+1","Beam Cell"],"picked":"SKIP","floor":48}],"player_experience":706953,"relics_obtained":[{"floor":7,"key":"Onion Ring"},{"floor":10,"key":"Bag of Preparation"},{"floor":14,"key":"DataDisk"},{"floor":23,"key":"Runesmith:AutoHammer"},{"floor":24,"key":"StuffTheSpire:ForceGauntlet"},{"floor":26,"key":"jedi:crownofsimplicity"},{"floor":30,"key":"hubris:Potato"},{"floor":37,"key":"conspire:IceCreamScoop"},{"floor":41,"key":"Oddly Smooth Stone"},{"floor":43,"key":"MawBank"}],"event_choices":[{"damage_healed":0,"gold_gain":0,"player_choice":"Bought 0 Potions","damage_taken":0,"max_hp_gain":0,"max_hp_loss":0,"event_name":"The Woman in Blue","floor":2,"gold_loss":0},{"damage_healed":0,"gold_gain":0,"cards_transformed":["Creative AI"],"player_choice":"Transformed","damage_taken":0,"max_hp_gain":0,"max_hp_loss":0,"event_name":"Transmorgrifier","floor":19,"gold_loss":0,"cards_obtained":["FIFO Queue"]},{"damage_healed":0,"gold_gain":0,"player_choice":"Fight","damage_taken":0,"max_hp_gain":0,"max_hp_loss":0,"event_name":"MindBloom","floor":37,"gold_loss":0},{"damage_healed":0,"gold_gain":0,"player_choice":"Leave","damage_taken":0,"max_hp_gain":0,"max_hp_loss":0,"event_name":"conspire:Investor","floor":38,"gold_loss":0},{"cards_removed":["Dualcast"],"damage_healed":0,"gold_gain":0,"player_choice":"Upgrade and Remove","damage_taken":0,"max_hp_gain":0,"max_hp_loss":0,"event_name":"Designer","floor":46,"gold_loss":90,"cards_upgraded":["Ball Lightning"]}],"is_beta":false,"boss_relics":[{"not_picked":["ReplayTheSpireMod:DimensionalGlitch","hubris:BlackHole"],"picked":"Nuclear Battery"},{"not_picked":["aspiration:PoetsPen_weak","hubris:CrackedHourglass"],"picked":"ChewingGum"}],"items_purged_floors":[5,12,27,27],"is_endless":false,"potions_floor_spawned":[1,4,7,8,13,20,21,22,33,36,41,47],"killed_by":"Donu and Deca","ascension_level":1}}