{"host":"Jedit","time":1608931637,"event":{"mods":["BaseMod","Minty Spire (QoL Compilation)","Relic Stats","StSLib"],"gold_per_floor":[114,128,23,23,23,59,59,84,84,84,159,202,202,227,227,323,323,348,25,25,25,25,25,45,45,45],"floor_reached":25,"playtime":6368,"items_purged":["Defend_G","Strike_G"],"score":464,"play_id":"0298dd7c-4519-46fe-ae9d-723ce4cd6538","local_time":"20201225212717","is_ascension_mode":true,"campfire_choices":[{"data":"Sucker Punch","floor":7,"key":"SMITH"},{"floor":13,"key":"REST"},{"data":"Blade Dance","floor":15,"key":"SMITH"},{"data":"Catalyst","floor":23,"key":"SMITH"}],"circlet_count":0,"master_deck":["AscendersBane","Strike_G","Strike_G","Strike_G","Strike_G","Defend_G","Defend_G","Defend_G","Defend_G","Survivor","Neutralize","Sucker Punch","Catalyst+1","Sucker Punch+1","Heel Hook","All Out Attack","Noxious Fumes","Crippling Poison","Blade Dance+1","Corpse Explosion","Bouncing Flask","Backflip","Quick Slash+1"],"relics":["Ring of the Snake","NeowsBlessing","Golden Idol","Sundial","Eternal Feather","Shuriken","Dream Catcher","HoveringKite","ClockworkSouvenir","Enchiridion"],"acts_visited":["Exordium","TheCity"],"potions_floor_usage":[16,24,25],"damage_taken":[{"damage":0,"enemies":"Cultist","floor":1,"turns":1},{"damage":0,"enemies":"Small Slimes","floor":2,"turns":1},{"damage":0,"enemies":"Gremlin Nob","floor":6,"turns":1},{"damage":0,"enemies":"Jaw Worm","floor":8,"turns":4},{"damage":26,"enemies":"Lagavulin","floor":12,"turns":8},{"damage":4,"enemies":"Large Slime","floor":14,"turns":5},{"damage":13,"enemies":"The Guardian","floor":16,"turns":9},{"damage":10,"enemies":"Spheric Guardian","floor":18,"turns":4},{"damage":14,"enemies":"2 Thieves","floor":24,"turns":3},{"damage":13,"enemies":"Book of Stabbing","floor":25,"turns":3}],"seed_played":"9039561173781521013","potions_obtained":[{"floor":2,"key":"Weak Potion"},{"floor":14,"key":"ColorlessPotion"},{"floor":16,"key":"Energy Potion"},{"floor":24,"key":"Strength Potion"}],"is_trial":false,"path_per_floor":["M","M","$","?","$","E","R","M","T","?","?","E","R","M","R","B",null,"M","$","?","?","$","R","M","E"],"character_chosen":"THE_SILENT","items_purchased":["Sucker Punch","ClockworkSouvenir","Backflip"],"campfire_rested":1,"item_purchase_floors":[3,19,19],"current_hp_per_floor":[59,59,59,59,59,59,59,59,59,41,30,4,31,27,39,26,52,42,42,42,21,21,33,19,6,6],"gold":45,"neow_bonus":"THREE_ENEMY_KILL","is_daily":false,"chose_seed":false,"campfire_upgraded":3,"win_rate":0.0,"timestamp":1608931637,"path_taken":["M","M","$","?","$","E","R","M","T","?","?","E","R","M","R","BOSS","M","$","?","?","?","R","M","E"],"items_purchased_type":["Card","Relic","Card"],"build_version":"2020-12-18","purchased_purges":2,"victory":false,"max_hp_per_floor":[66,66,66,60,60,60,60,60,60,60,60,60,60,60,60,60,60,60,60,60,60,60,60,60,60,60],"relic_stats":{"Dream Catcher":1,"counters":[10,39],"Golden Idol":54,"Sundial":[4],"Shuriken":[16],"HoveringKite":[3],"Eternal Feather":33,"obtain_stats":[{"Dream Catcher":12,"NeowsBlessing":0,"Golden Idol":4,"Sundial":6,"Shuriken":10,"HoveringKite":17,"Enchiridion":21,"Eternal Feather":9,"Ring of the Snake":0,"ClockworkSouvenir":19},{"Dream Catcher":5,"NeowsBlessing":0,"Golden Idol":2,"Sundial":3,"Shuriken":4,"HoveringKite":7,"Enchiridion":8,"Eternal Feather":4,"Ring of the Snake":0,"ClockworkSouvenir":8},{"Dream Catcher":15,"NeowsBlessing":0,"Golden Idol":2,"Sundial":3,"Shuriken":7,"HoveringKite":29,"Enchiridion":33,"Eternal Feather":7,"Ring of the Snake":0,"ClockworkSouvenir":33}],"Ring of the Snake":[20]},"card_choices":[{"not_picked":["Backflip","PiercingWail"],"picked":"Sucker Punch","floor":1},{"not_picked":["Heel Hook","Infinite Blades"],"picked":"Catalyst","floor":2},{"not_picked":["Slice","Backflip"],"picked":"Heel Hook","floor":6},{"not_picked":["Riddle With Holes","Dagger Throw"],"picked":"All Out Attack","floor":8},{"not_picked":["Eviscerate","Dagger Throw"],"picked":"Noxious Fumes","floor":12},{"not_picked":["Dagger Spray","Escape Plan"],"picked":"Crippling Poison","floor":13},{"not_picked":["Heel Hook","Backflip"],"picked":"Blade Dance","floor":14},{"not_picked":["Adrenaline","After Image"],"picked":"Corpse Explosion","floor":16},{"not_picked":["Dagger Throw","Backflip"],"picked":"Bouncing Flask","floor":18},{"not_picked":["Bane","Sucker Punch"],"picked":"Quick Slash+1","floor":24}],"player_experience":3403598,"relics_obtained":[{"floor":6,"key":"Sundial"},{"floor":9,"key":"Eternal Feather"},{"floor":12,"key":"Dream Catcher"},{"floor":21,"key":"Enchiridion"}],"event_choices":[{"damage_healed":0,"gold_gain":0,"player_choice":"Lose Max HP","damage_taken":0,"relics_obtained":["Golden Idol"],"max_hp_gain":0,"max_hp_loss":6,"event_name":"Golden Idol","floor":4,"gold_loss":0},{"damage_healed":0,"gold_gain":0,"player_choice":"Success","damage_taken":18,"relics_obtained":["Shuriken"],"max_hp_gain":0,"max_hp_loss":0,"event_name":"Scrap Ooze","floor":10,"gold_loss":0},{"damage_healed":0,"gold_gain":75,"player_choice":"Gather Gold","damage_taken":11,"max_hp_gain":0,"max_hp_loss":0,"event_name":"World of Goop","floor":11,"gold_loss":0},{"damage_healed":0,"gold_gain":0,"player_choice":"Ignored","damage_taken":0,"max_hp_gain":0,"max_hp_loss":0,"event_name":"Vampires","floor":20,"gold_loss":0},{"damage_healed":0,"gold_gain":0,"player_choice":"Obtained Book","damage_taken":21,"max_hp_gain":0,"max_hp_loss":0,"event_name":"Cursed Tome","floor":21,"gold_loss":0}],"is_beta":true,"boss_relics":[{"not_picked":["Philosopher\u0027s Stone","SlaversCollar"],"picked":"HoveringKite"}],"items_purged_floors":[3,19],"is_endless":false,"potions_floor_spawned":[2,14,16,24],"killed_by":"Book of Stabbing","ascension_level":20}}