{"host":"zsm7nv3crm3m4x5c","time":1608938383,"event":{"mods":["AchievementEnabler","BaseMod","Colored Map","Colored Powertips","Minty Spire (QoL Compilation)","Shop Mod"],"gold_per_floor":[12,12,25,25,43,43,79,100,153,167,167,192,206,40,40,138,138,161,161,175,190,190,190],"floor_reached":22,"playtime":2980,"items_purged":[],"score":367,"play_id":"32eca4fb-130a-43dd-84d7-5190818b64a8","local_time":"20201225181943","is_ascension_mode":true,"campfire_choices":[{"data":"Twin Strike","floor":6.0,"key":"SMITH"},{"floor":11.0,"key":"REST"},{"data":"Thinking Ahead","floor":15.0,"key":"SMITH"}],"circlet_count":0,"master_deck":["AscendersBane","Defend_R","Defend_R","Defend_R","Defend_R","Bash","Thinking Ahead+1","Twin Strike+1","Blood for Blood+1","Blood for Blood","Battle Trance","Bite","Bite","Bite","Bite","Bite"],"relics":["Burning Blood","Golden Idol","Pantograph","Omamori","Lee\u0027s Waffle","Busted Crown"],"acts_visited":["Exordium","TheCity"],"potions_floor_usage":[16,16,21],"damage_taken":[{"damage":1.0,"enemies":"Cultist","floor":1.0,"turns":4.0},{"damage":6.0,"enemies":"2 Louse","floor":3.0,"turns":3.0},{"damage":0.0,"enemies":"Small Slimes","floor":5.0,"turns":3.0},{"damage":30.0,"enemies":"Lagavulin","floor":7.0,"turns":5.0},{"damage":18.0,"enemies":"Gremlin Gang","floor":8.0,"turns":4.0},{"damage":8.0,"enemies":"3 Louse","floor":10.0,"turns":4.0},{"damage":14.0,"enemies":"Red Slaver","floor":12.0,"turns":2.0},{"damage":7.0,"enemies":"Looter","floor":13.0,"turns":3.0},{"damage":73,"enemies":"Slime Boss","floor":16,"turns":11},{"damage":28,"enemies":"Shell Parasite","floor":18,"turns":5},{"damage":22,"enemies":"Spheric Guardian","floor":20,"turns":4},{"damage":47,"enemies":"Centurion and Healer","floor":21,"turns":4},{"damage":16,"enemies":"Snake Plant","floor":22,"turns":2}],"seed_played":"2573443763487817867","potions_obtained":[{"floor":1.0,"key":"ColorlessPotion"},{"floor":8.0,"key":"ElixirPotion"},{"floor":10.0,"key":"SneckoOil"},{"floor":13.0,"key":"LiquidBronze"},{"floor":20,"key":"DuplicationPotion"}],"is_trial":false,"path_per_floor":["M","?","M","?","M","R","E","M","T","M","R","M","M","$","R","B",null,"M","?","M","M","M"],"character_chosen":"IRONCLAD","items_purchased":["Lee\u0027s Waffle"],"campfire_rested":1,"item_purchase_floors":[14],"current_hp_per_floor":[73,68,68,68,68,68,44,32,32,30,50,42,41,75,75,8,58,36,36,36,7,0,0],"gold":190,"neow_bonus":"RANDOM_COLORLESS_2","is_daily":false,"chose_seed":false,"campfire_upgraded":2,"win_rate":0.0,"timestamp":1608938383,"path_taken":["M","?","M","?","M","R","E","M","T","M","R","?","M","?","R","BOSS","M","?","M","M","M"],"items_purchased_type":["Relic"],"build_version":"2020-12-22","purchased_purges":0,"victory":false,"max_hp_per_floor":[75,68,68,68,68,68,68,68,68,68,68,68,68,75,75,75,75,75,52,52,52,52,52],"card_choices":[{"not_picked":["HandOfGreed","Magnetism"],"picked":"Thinking Ahead","floor":0.0},{"not_picked":["True Grit","Warcry"],"picked":"Twin Strike","floor":1.0},{"not_picked":["Shockwave","Perfected Strike"],"picked":"Blood for Blood","floor":3.0},{"not_picked":["Twin Strike","Entrench","Warcry"],"picked":"SKIP","floor":5.0},{"not_picked":["Twin Strike","Entrench","Warcry"],"picked":"SKIP","floor":5.0},{"not_picked":["Twin Strike","Entrench","Warcry"],"picked":"SKIP","floor":5.0},{"not_picked":["Carnage","True Grit"],"picked":"Blood for Blood","floor":7.0},{"not_picked":["Shockwave","Twin Strike","Headbutt"],"picked":"SKIP","floor":8.0},{"not_picked":["Reckless Charge","Clash","Carnage"],"picked":"SKIP","floor":10.0},{"not_picked":["Brutality","Metallicize","Sword Boomerang"],"picked":"SKIP","floor":12.0},{"not_picked":["Anger","Metallicize","Thunderclap"],"picked":"SKIP","floor":13.0},{"not_picked":[],"picked":"Battle Trance","floor":18},{"not_picked":["Flame Barrier"],"picked":"SKIP","floor":20},{"not_picked":["Heavy Blade"],"picked":"SKIP","floor":21}],"player_experience":517134,"relics_obtained":[{"floor":7.0,"key":"Pantograph"},{"floor":9.0,"key":"Omamori"}],"event_choices":[{"damage_healed":0.0,"max_hp_gain":0.0,"max_hp_loss":7.0,"gold_gain":0.0,"event_name":"Golden Idol","player_choice":"Lose Max HP","floor":2.0,"gold_loss":0.0,"damage_taken":0.0,"relics_obtained":["Golden Idol"]},{"damage_healed":0.0,"max_hp_gain":0.0,"max_hp_loss":0.0,"gold_gain":0.0,"event_name":"Upgrade Shrine","player_choice":"Upgraded","floor":4.0,"gold_loss":0.0,"damage_taken":0.0,"cards_upgraded":["Blood for Blood"]},{"damage_healed":0,"gold_gain":0,"player_choice":"Became a vampire","damage_taken":0,"max_hp_gain":0,"max_hp_loss":23,"event_name":"Vampires","floor":19,"gold_loss":0,"cards_obtained":["Bite","Bite","Bite","Bite","Bite"]}],"is_beta":false,"boss_relics":[{"not_picked":["Empty Cage","Black Star"],"picked":"Busted Crown"}],"items_purged_floors":[],"is_endless":false,"potions_floor_spawned":[1,8,10,13,20],"killed_by":"Snake Plant","ascension_level":16}}