{"host":"f5gffvlv6a66yqkd","time":1608910913,"event":{"mods":["2.2 Compatiblity","BaseMod","Colored Map","DeckTracker","Keyboard Shortcuts","Minty Spire (QoL Compilation)","Permanent Neow","Quick Restart","Relic Stats","StSLib","SuperFastMode"],"gold_per_floor":[115,131,131,56,56,56,87,87,110,151,171,96,110,34,34,124,124,149,149,199,213,227,227,227],"floor_reached":23,"playtime":657,"items_purged":["Strike_P"],"score":548,"play_id":"68a3e6b2-9f77-413e-b304-d35a1a9ce416","local_time":"20201226004153","is_ascension_mode":true,"campfire_choices":[{"data":"Eruption","floor":6.0,"key":"SMITH"},{"data":"InnerPeace","floor":8.0,"key":"SMITH"},{"data":"WheelKick","floor":15.0,"key":"SMITH"}],"circlet_count":0,"master_deck":["AscendersBane","Eruption+1","Vigilance","InnerPeace+1","FearNoEvil","EmptyBody","FlurryOfBlows","MentalFortress","WheelKick+1","Vault","BattleHymn","Nirvana","Study","Brilliance","TalkToTheHand","Adaptation"],"relics":["PureWater","NeowsBlessing","Bloody Idol","Mummified Hand","Centennial Puzzle","Pandora\u0027s Box"],"acts_visited":["Exordium","TheCity"],"potions_floor_usage":[23],"damage_taken":[{"damage":0.0,"enemies":"Cultist","floor":1.0,"turns":1.0},{"damage":0.0,"enemies":"2 Louse","floor":2.0,"turns":1.0},{"damage":0.0,"enemies":"3 Sentries","floor":7.0,"turns":1.0},{"damage":8.0,"enemies":"Lagavulin","floor":10.0,"turns":4.0},{"damage":0.0,"enemies":"Jaw Worm","floor":11.0,"turns":3.0},{"damage":9.0,"enemies":"Red Slaver","floor":13.0,"turns":2.0},{"damage":0.0,"enemies":"Slime Boss","floor":16.0,"turns":6.0},{"damage":19.0,"enemies":"3 Byrds","floor":18.0,"turns":5.0},{"damage":0.0,"enemies":"Spheric Guardian","floor":21.0,"turns":3.0},{"damage":23.0,"enemies":"Shelled Parasite and Fungi","floor":22.0,"turns":3.0},{"damage":32,"enemies":"Slavers","floor":23,"turns":3}],"seed_played":"-1487907177537995907","potions_obtained":[{"floor":2.0,"key":"BottledMiracle"},{"floor":7.0,"key":"EssenceOfSteel"},{"floor":10.0,"key":"SpeedPotion"},{"floor":13.0,"key":"DistilledChaos"},{"floor":18.0,"key":"ColorlessPotion"}],"is_trial":false,"path_per_floor":["M","M","?","?","?","R","E","R","T","E","M","$","M","$","R","B",null,"M","?","?","M","M","E"],"character_chosen":"WATCHER","items_purchased":["WheelKick"],"campfire_rested":0,"item_purchase_floors":[14],"current_hp_per_floor":[61,61,61,61,38,38,38,38,38,30,30,30,21,21,21,21,56,37,37,42,47,29,0,0],"gold":227,"neow_bonus":"THREE_ENEMY_KILL","is_daily":false,"chose_seed":false,"campfire_upgraded":3,"win_rate":0.0,"timestamp":1608910913,"path_taken":["M","?","?","?","?","R","E","R","T","E","M","?","M","$","R","BOSS","M","?","?","?","M","E"],"items_purchased_type":["Card"],"build_version":"2020-12-22","purchased_purges":1,"victory":false,"max_hp_per_floor":[68,68,68,68,68,68,68,68,68,68,68,68,68,68,68,68,68,68,68,68,68,68,68,68],"relic_stats":{"Centennial Puzzle":[12],"counters":[11,32],"Mummified Hand":[26],"Bloody Idol":15,"Pandora\u0027s Box":["BattleHymn","Nirvana","Study","Brilliance","TalkToTheHand"],"obtain_stats":[{"Centennial Puzzle":10,"NeowsBlessing":0,"Golden Idol":5,"Mummified Hand":7,"Bloody Idol":19,"Pandora\u0027s Box":17,"PureWater":0},{"Centennial Puzzle":4,"NeowsBlessing":0,"Golden Idol":2,"Mummified Hand":3,"Bloody Idol":8,"Pandora\u0027s Box":7,"PureWater":0},{"Centennial Puzzle":7,"NeowsBlessing":0,"Golden Idol":2,"Mummified Hand":3,"Bloody Idol":23,"Pandora\u0027s Box":18,"PureWater":0}]},"card_choices":[{"not_picked":["Halt","Consecrate"],"picked":"InnerPeace","floor":1.0},{"not_picked":["ThirdEye","Evaluate"],"picked":"FearNoEvil","floor":2.0},{"not_picked":["FlyingSleeves","FollowUp","Evaluate"],"picked":"SKIP","floor":7.0},{"not_picked":["Prostrate","MasterReality"],"picked":"EmptyBody","floor":10.0},{"not_picked":["ThirdEye","Protect"],"picked":"FlurryOfBlows","floor":11.0},{"not_picked":["ClearTheMind","TalkToTheHand"],"picked":"MentalFortress","floor":13.0},{"not_picked":["Wish","ConjureBlade"],"picked":"Vault","floor":16.0},{"not_picked":["BowlingBash","EmptyFist","PathToVictory"],"picked":"SKIP","floor":18.0},{"not_picked":["Sanctity","CrushJoints"],"picked":"Adaptation","floor":21.0},{"not_picked":["JustLucky","Collect","EmptyBody"],"picked":"SKIP","floor":22.0}],"player_experience":1487080,"relics_obtained":[{"floor":7.0,"key":"Mummified Hand"},{"floor":10.0,"key":"Centennial Puzzle"}],"event_choices":[{"damage_healed":0.0,"max_hp_gain":0.0,"max_hp_loss":0.0,"gold_gain":0.0,"cards_transformed":["Defend_P"],"event_name":"Living Wall","player_choice":"Change","floor":3.0,"gold_loss":0.0,"damage_taken":0.0,"cards_obtained":["Devotion"]},{"cards_removed":["Defend_P"],"damage_healed":0.0,"max_hp_gain":0.0,"max_hp_loss":0.0,"gold_gain":0.0,"event_name":"The Cleric","player_choice":"Card Removal","floor":4.0,"gold_loss":75.0,"damage_taken":0.0},{"damage_healed":0.0,"max_hp_gain":0.0,"max_hp_loss":0.0,"gold_gain":0.0,"event_name":"Golden Idol","player_choice":"Take Damage","floor":5.0,"gold_loss":0.0,"damage_taken":23.0,"relics_obtained":["Golden Idol"]},{"damage_healed":0.0,"max_hp_gain":0.0,"max_hp_loss":0.0,"gold_gain":0.0,"event_name":"Forgotten Altar","player_choice":"Gave Idol","floor":19.0,"relics_lost":["Golden Idol"],"gold_loss":0.0,"damage_taken":0.0,"relics_obtained":["Bloody Idol"]},{"damage_healed":0.0,"max_hp_gain":0.0,"max_hp_loss":0.0,"gold_gain":100.0,"event_name":"The Joust","player_choice":"Bet on Murderer","floor":20.0,"gold_loss":50.0,"damage_taken":0.0}],"is_beta":false,"boss_relics":[{"not_picked":["SlaversCollar","Fusion Hammer"],"picked":"Pandora\u0027s Box"}],"items_purged_floors":[12],"is_endless":false,"potions_floor_spawned":[2,7,10,13,18],"killed_by":"Slavers","ascension_level":20}}