{"host":"od099uxc49ip1k8b","time":1608905813,"event":{"mods":["Act Like it!","BaseMod","Downfall","Gensokyo","Hermit","Highlight Path","Koishi","Marisa????????","Minty Spire (QoL Compilation)","Rare Cards Sparkle","Remilia??????","StSLib","Td1madao Mod","The Administrix","The Animator","The Cursed","The Gatherer","The Servant 0.9.4","The Wild Card","Waifu the Spire","WarShipGirlsR/????R mod","Yuyuko"],"gold_per_floor":[111,81,81,100,114,114,125,156,180,191,191,211,273,223,223,327,327,343,283,132,132,151,151,151],"floor_reached":23,"playtime":2924,"items_purged":["Koishi:FadingMemory+1"],"score":191,"play_id":"a81d8930-4ff2-4171-a75f-cf9f94db9056","local_time":"20201225091653","is_ascension_mode":false,"campfire_choices":[{"data":"Koishi:Provoke","floor":6,"key":"SMITH"},{"data":"Koishi:UnconsciousUrges","floor":11,"key":"SMITH"},{"data":"Koishi:ImGoingToCallYouNow","floor":15,"key":"SMITH"}],"circlet_count":0,"master_deck":["Koishi:BasicStrike","Koishi:BasicStrike","Koishi:BasicDefend","Koishi:BasicDefend","Koishi:BasicDefend","Koishi:BasicDefend","Koishi:Provoke+1","Koishi:HauntingSlash","Koishi:Whimsy","Koishi:UnconsciousUrges+1","Koishi:TremblingHands","Koishi:FleetingPhantom","Koishi:SubconsciousSweep","Koishi:ParalyzingFear","Koishi:PhantomStrike","Koishi:DreadfulBlow","Koishi:DanmakuParanoia","Koishi:ImGoingToCallYouNow+1","Koishi:MindStellarRelief","Koishi:Heartbroken+1","Koishi:PhantomBarrier","Koishi:TremblingHands","Koishi:LastRemote","Koishi:Catatonia+1"],"relics":["Koishi:ImaginaryFriend","FossilizedHelix","Bird Faced Urn","MealTicket","Astrolabe"],"acts_visited":["Exordium","TheCity"],"potions_floor_usage":[16,16,16],"damage_taken":[{"damage":0,"enemies":"2 Louse","floor":1,"turns":3},{"damage":0,"enemies":"Jaw Worm","floor":4,"turns":5},{"damage":0,"enemies":"Cultist","floor":5,"turns":3},{"damage":0,"enemies":"Exordium Thugs","floor":7,"turns":5},{"damage":4,"enemies":"Lagavulin","floor":8,"turns":8},{"damage":0,"enemies":"2 Fungi Beasts","floor":10,"turns":3},{"damage":0,"enemies":"Large Slime","floor":12,"turns":4},{"damage":14,"enemies":"Lagavulin Event","floor":13,"turns":9},{"damage":51,"enemies":"Hexaghost","floor":16,"turns":15},{"damage":0,"enemies":"3 Byrds","floor":18,"turns":8},{"damage":20,"enemies":"2 Thieves","floor":19,"turns":4},{"damage":27,"enemies":"Shelled Parasite and Fungi","floor":22,"turns":7},{"damage":80,"enemies":"Slavers","floor":23,"turns":4}],"seed_played":"9059600251871799957","potions_obtained":[{"floor":1,"key":"CultistPotion"},{"floor":5,"key":"Fire Potion"},{"floor":12,"key":"Fire Potion"},{"floor":16,"key":"DistilledChaos"}],"is_trial":false,"path_per_floor":["M","?","T","M","M","R","M","E","T","M","R","M","?","?","R","B",null,"M","M","$","?","M","E"],"character_chosen":"KOISHI","items_purchased":["Koishi:LastRemote"],"campfire_rested":0,"item_purchase_floors":[20],"current_hp_per_floor":[66,66,66,66,66,66,66,64,64,66,66,66,56,56,56,26,66,66,46,61,66,59,0,0],"gold":151,"neow_bonus":"TEN_PERCENT_HP_BONUS","is_daily":false,"chose_seed":false,"campfire_upgraded":3,"win_rate":0.0,"timestamp":1608905813,"path_taken":["M","?","?","M","?","R","M","E","T","M","R","M","?","?","R","BOSS","M","M","$","?","M","E"],"items_purchased_type":["Card"],"build_version":"2020-12-22","purchased_purges":1,"victory":false,"max_hp_per_floor":[66,66,66,66,66,66,66,66,66,66,66,66,66,66,66,66,66,66,66,66,66,66,66,66],"card_choices":[{"not_picked":["Koishi:SubterraneanRose","Koishi:JumpScare"],"picked":"Koishi:Whimsy","floor":1},{"not_picked":[],"picked":"Koishi:UnconsciousUrges","floor":2},{"not_picked":[],"picked":"Koishi:TremblingHands","floor":2},{"not_picked":[],"picked":"Koishi:FleetingPhantom","floor":2},{"not_picked":[],"picked":"Koishi:SuperEgo","floor":2},{"not_picked":["Koishi:Jaunt","Koishi:SpiritedAway"],"picked":"Koishi:SubconsciousSweep","floor":4},{"not_picked":["Koishi:HeartfeltFancy","Koishi:JumpScare"],"picked":"Koishi:ParalyzingFear","floor":5},{"not_picked":["Koishi:Possession","Koishi:StrangeCloudFist"],"picked":"Koishi:PhantomStrike","floor":7},{"not_picked":["Koishi:FidgetySnatcher","Koishi:StrangeCloudFist"],"picked":"Koishi:DreadfulBlow","floor":8},{"not_picked":["Koishi:VengefulSpirit","Koishi:EmbryosDream"],"picked":"Koishi:DanmakuParanoia","floor":10},{"not_picked":["Koishi:ParalyzingFear","Koishi:Prune"],"picked":"Koishi:UnansweredLove","floor":12},{"not_picked":["Koishi:MindNumbingTerror","Koishi:SpiritedAway"],"picked":"Koishi:ImGoingToCallYouNow","floor":13},{"not_picked":["Koishi:ConfinedInnocent","Koishi:SuperEgo"],"picked":"Koishi:MindStellarRelief","floor":16},{"not_picked":["Koishi:JumpScare","Koishi:Jaunt"],"picked":"Koishi:PhantomBarrier","floor":18},{"not_picked":["Koishi:Vanish+1","Koishi:Jaunt"],"picked":"Koishi:TremblingHands","floor":19},{"not_picked":["Koishi:UnansweredLove","Koishi:JumpScare"],"picked":"Koishi:Catatonia+1","floor":22}],"player_experience":79220,"relics_obtained":[{"floor":3,"key":"FossilizedHelix"},{"floor":8,"key":"Bird Faced Urn"},{"floor":9,"key":"MealTicket"}],"event_choices":[{"damage_healed":0,"gold_gain":0,"player_choice":"Searched \u00271\u0027 times","damage_taken":0,"max_hp_gain":0,"max_hp_loss":0,"event_name":"Dead Adventurer","floor":13,"gold_loss":0},{"cards_removed":["Koishi:UnansweredLove"],"damage_healed":0,"gold_gain":0,"player_choice":"Card Removal","damage_taken":0,"max_hp_gain":0,"max_hp_loss":0,"event_name":"The Cleric","floor":14,"gold_loss":50},{"cards_removed":["Koishi:FleetingPhantom"],"damage_healed":5,"gold_gain":0,"player_choice":"Offered Common","damage_taken":0,"max_hp_gain":0,"max_hp_loss":0,"event_name":"Bonfire Elementals","floor":21,"gold_loss":0},{"cards_removed":["Koishi:FleetingPhantom"],"damage_healed":5,"gold_gain":0,"player_choice":"Offered Special","damage_taken":0,"max_hp_gain":0,"max_hp_loss":0,"event_name":"Bonfire Elementals","floor":21,"gold_loss":0}],"is_beta":false,"boss_relics":[{"not_picked":["Ectoplasm","Busted Crown"],"picked":"Astrolabe"}],"items_purged_floors":[20],"is_endless":false,"potions_floor_spawned":[1,5,12,16,18],"killed_by":"Slavers","ascension_level":0}}