{"host":"5bdt6s51dmpd4l3v","time":1608893132,"event":{"mods":["AchievementEnabler","BaseMod","Colored Map","Colored Powertips","Highlight Path","Minty Spire (QoL Compilation)","Quick Restart","Rare Cards Sparkle","StSLib"],"gold_per_floor":[113,133,133,54,54,84,84,139,218,235,235,249,249,264,264,336,336,356,21,36,86,98,128,128,128],"floor_reached":24,"playtime":866,"items_purged":[],"score":524,"play_id":"8cd81a7f-e4a3-45d5-9b16-f8e1a4f08224","local_time":"20201225184532","is_ascension_mode":true,"campfire_choices":[{"data":"Flex","floor":7.0,"key":"SMITH"},{"data":"Pommel Strike","floor":11.0,"key":"SMITH"},{"data":"Seeing Red","floor":13.0,"key":"SMITH"},{"data":"Burning Pact","floor":15.0,"key":"SMITH"}],"circlet_count":0,"master_deck":["AscendersBane","Strike_R","Strike_R","Strike_R","Strike_R","Strike_R","Defend_R","Defend_R","Defend_R","Defend_R","Bash","Cleave+1","Sword Boomerang","Seeing Red+1","Flex+1","Pommel Strike+1","Bloodletting","Burning Pact+1","Reaper","Offering","Rage"],"relics":["Burning Blood","NeowsBlessing","PreservedInsect","Lantern","Mercury Hourglass","Mark of Pain","Orichalcum","Shovel"],"acts_visited":["Exordium","TheCity"],"potions_floor_usage":[24],"damage_taken":[{"damage":0.0,"enemies":"2 Louse","floor":1.0,"turns":1.0},{"damage":0.0,"enemies":"Jaw Worm","floor":2.0,"turns":1.0},{"damage":0.0,"enemies":"3 Sentries","floor":6.0,"turns":2.0},{"damage":1.0,"enemies":"Cultist","floor":10.0,"turns":3.0},{"damage":11.0,"enemies":"Large Slime","floor":12.0,"turns":4.0},{"damage":8.0,"enemies":"3 Louse","floor":14.0,"turns":2.0},{"damage":0.0,"enemies":"Slime Boss","floor":16.0,"turns":6.0},{"damage":14.0,"enemies":"Chosen","floor":18.0,"turns":4.0},{"damage":21.0,"enemies":"2 Thieves","floor":20.0,"turns":3.0},{"damage":45.0,"enemies":"Snecko","floor":22.0,"turns":6.0},{"damage":24.0,"enemies":"Slavers","floor":23.0,"turns":4.0},{"damage":36,"enemies":"Snake Plant","floor":24,"turns":3}],"seed_played":"1337452049777476854","potions_obtained":[{"floor":2.0,"key":"Dexterity Potion"},{"floor":12.0,"key":"Regen Potion"},{"floor":16.0,"key":"DuplicationPotion"},{"floor":22.0,"key":"CultistPotion"}],"is_trial":false,"path_per_floor":["M","M","?","$","?","E","R","?","T","M","R","M","R","M","R","B",null,"M","$","M","?","M","E","M"],"character_chosen":"IRONCLAD","items_purchased":["Seeing Red","Orichalcum","Offering"],"campfire_rested":0,"item_purchase_floors":[4,19,19],"current_hp_per_floor":[74,75,75,75,57,63,63,63,63,68,68,63,63,61,61,67,73,65,65,66,66,45,35,0,0],"gold":128,"neow_bonus":"THREE_ENEMY_KILL","is_daily":false,"chose_seed":false,"campfire_upgraded":4,"win_rate":0.0,"timestamp":1608893132,"path_taken":["M","M","?","$","?","E","R","?","T","M","R","?","R","M","R","BOSS","M","$","M","?","M","E","M"],"items_purchased_type":["Card","Relic","Card"],"build_version":"2020-12-22","purchased_purges":0,"victory":false,"max_hp_per_floor":[75,75,75,75,75,75,75,75,75,75,75,75,75,75,75,75,75,75,75,75,75,75,75,75,75],"card_choices":[{"not_picked":["Anger","Uppercut"],"picked":"Cleave","floor":1.0},{"not_picked":["Anger","Pommel Strike"],"picked":"Sword Boomerang","floor":2.0},{"not_picked":["Clothesline","Perfected Strike"],"picked":"Flex","floor":6.0},{"not_picked":["Heavy Blade","Clothesline"],"picked":"Pommel Strike","floor":10.0},{"not_picked":["Metallicize","Pommel Strike"],"picked":"Bloodletting","floor":12.0},{"not_picked":["Seeing Red","Clash"],"picked":"Burning Pact","floor":14.0},{"not_picked":["Berserk","Immolate"],"picked":"Reaper","floor":16.0},{"not_picked":["Havoc+1","Pommel Strike","Shrug It Off"],"picked":"SKIP","floor":18.0},{"not_picked":["Pommel Strike","Body Slam","Havoc"],"picked":"SKIP","floor":20.0},{"not_picked":["Blood for Blood+1","Feel No Pain"],"picked":"Rage","floor":22.0},{"not_picked":["Anger","Brutality","Clothesline"],"picked":"SKIP","floor":23.0}],"player_experience":232624,"relics_obtained":[{"floor":6.0,"key":"Lantern"},{"floor":9.0,"key":"Mercury Hourglass"},{"floor":23.0,"key":"Shovel"}],"event_choices":[{"damage_healed":0.0,"max_hp_gain":0.0,"max_hp_loss":0.0,"gold_gain":0.0,"event_name":"Living Wall","player_choice":"Grow","floor":3.0,"gold_loss":0.0,"damage_taken":0.0,"cards_upgraded":["Cleave"]},{"damage_healed":0.0,"max_hp_gain":0.0,"max_hp_loss":0.0,"gold_gain":0.0,"event_name":"Scrap Ooze","player_choice":"Success","floor":5.0,"gold_loss":0.0,"damage_taken":18.0,"relics_obtained":["PreservedInsect"]},{"damage_healed":0.0,"max_hp_gain":0.0,"max_hp_loss":0.0,"gold_gain":55.0,"event_name":"Golden Wing","player_choice":"Gained Gold","floor":8.0,"gold_loss":0.0,"damage_taken":0.0},{"damage_healed":0.0,"max_hp_gain":0.0,"max_hp_loss":0.0,"gold_gain":50.0,"event_name":"Nest","player_choice":"Stole From Cult","floor":21.0,"gold_loss":0.0,"damage_taken":0.0}],"is_beta":false,"boss_relics":[{"not_picked":["Empty Cage","Runic Cube"],"picked":"Mark of Pain"}],"items_purged_floors":[],"is_endless":false,"potions_floor_spawned":[2,12,16,22],"killed_by":"Snake Plant","ascension_level":16}}