{"host":"i09pxcjttd31eh4q","time":1608858786,"event":{"mods":["AchievementEnabler","BaseMod","Colored Map","Keyboard Shortcuts","Minty Spire (QoL Compilation)","StSLib","SuperFastMode"],"gold_per_floor":[114,14,24,124,139,168,168,193,243,256,256,256,9,20,20,20,20],"floor_reached":16,"playtime":391,"items_purged":["Strike_G","Strike_G"],"score":220,"play_id":"c827bae3-afae-48c9-a036-9348494135a2","local_time":"20201225101306","is_ascension_mode":true,"campfire_choices":[{"data":"Bouncing Flask","floor":7.0,"key":"SMITH"},{"data":"Prepared","floor":12.0,"key":"SMITH"},{"data":"Tactician","floor":15.0,"key":"SMITH"}],"circlet_count":0,"master_deck":["AscendersBane","Strike_G","Strike_G","Strike_G","Defend_G","Defend_G","Defend_G","Defend_G","Defend_G","Survivor","Neutralize","Tactician+1","Dagger Throw","Bouncing Flask+1","Backflip","Prepared+1","Setup+1","Catalyst","Finesse","Reflex"],"relics":["Ring of the Snake","NeowsBlessing","Question Card","Akabeko","Strawberry"],"acts_visited":["Exordium"],"potions_floor_usage":[16],"damage_taken":[{"damage":0.0,"enemies":"2 Louse","floor":1.0,"turns":1.0},{"damage":0.0,"enemies":"Cultist","floor":3.0,"turns":1.0},{"damage":0.0,"enemies":"Small Slimes","floor":5.0,"turns":1.0},{"damage":22.0,"enemies":"3 Sentries","floor":6.0,"turns":9.0},{"damage":14.0,"enemies":"Gremlin Nob","floor":8.0,"turns":3.0},{"damage":1.0,"enemies":"Exordium Thugs","floor":10.0,"turns":4.0},{"damage":9.0,"enemies":"Lots of Slimes","floor":14.0,"turns":5.0},{"damage":17,"enemies":"Slime Boss","floor":16,"turns":8}],"seed_played":"5818121868770363569","potions_obtained":[{"floor":1.0,"key":"SteroidPotion"},{"floor":3.0,"key":"SpeedPotion"},{"floor":5.0,"key":"LiquidMemories"},{"floor":10.0,"key":"GhostInAJar"}],"is_trial":false,"path_per_floor":["M","$","M","?","M","E","R","E","T","M","?","R","$","M","R","B"],"character_chosen":"THE_SILENT","items_purchased":["Dagger Throw","Finesse","Block Potion"],"campfire_rested":0,"item_purchase_floors":[2,13,13],"current_hp_per_floor":[59,59,59,59,59,37,37,23,30,29,29,29,29,20,20,3,3],"gold":20,"neow_bonus":"THREE_ENEMY_KILL","is_daily":false,"chose_seed":false,"campfire_upgraded":3,"win_rate":0.0,"timestamp":1608858786,"path_taken":["M","$","M","?","?","E","R","E","T","M","?","R","?","?","R","BOSS"],"items_purchased_type":["Card","Card","Potion"],"build_version":"2020-12-22","purchased_purges":2,"victory":false,"max_hp_per_floor":[66,66,66,66,66,66,66,66,73,73,73,73,73,73,73,73,73],"card_choices":[{"not_picked":["Dash","Cloak And Dagger"],"picked":"Tactician","floor":1.0},{"not_picked":["Dagger Throw","Blade Dance"],"picked":"Bouncing Flask","floor":3.0},{"not_picked":["Slice","Backstab"],"picked":"Backflip","floor":5.0},{"not_picked":["Phantasmal Killer","Sucker Punch"],"picked":"Prepared","floor":6.0},{"not_picked":["Quick Slash","Masterful Stab","Flying Knee"],"picked":"Setup","floor":8.0},{"not_picked":["Finisher","Flechettes","Outmaneuver"],"picked":"Catalyst","floor":10.0},{"not_picked":["Outmaneuver","Blade Dance","Poisoned Stab"],"picked":"Reflex","floor":14.0}],"player_experience":770207,"relics_obtained":[{"floor":6.0,"key":"Question Card"},{"floor":8.0,"key":"Akabeko"},{"floor":9.0,"key":"Strawberry"}],"event_choices":[{"damage_healed":0.0,"max_hp_gain":0.0,"max_hp_loss":0.0,"gold_gain":100.0,"event_name":"Wheel of Change","player_choice":"Gold","floor":4.0,"gold_loss":0.0,"damage_taken":0.0},{"damage_healed":0.0,"max_hp_gain":0.0,"max_hp_loss":0.0,"gold_gain":0.0,"event_name":"Upgrade Shrine","player_choice":"Upgraded","floor":11.0,"gold_loss":0.0,"damage_taken":0.0,"cards_upgraded":["Setup"]}],"is_beta":false,"boss_relics":[],"items_purged_floors":[2,13],"is_endless":false,"potions_floor_spawned":[1,3,5,10],"killed_by":"Slime Boss","ascension_level":20}}