{"host":"y6zg4wwu39otf01a","time":1608922812,"event":{"mods":["Act Like it!","Aspiration","BaseMod","Better Altar","Better Match","Better Note","Better Sensory Stone","Better Skull","Better Third Choice","Colored Map","Colored Powertips","Conspire","GifTheSpireLib","Glutton Mod","Halation","Hermit","Highlight Path","Hubris","Infinite Spire","Mimic Mod","Minty Spire (QoL Compilation)","Quick Restart","Random Character Button","Rare Cards Sparkle","Replay The Spire","Retaliation","Shade Mod","Spicy Shops","StSLib","Stuff the Spire","The Blue Laboratory","The Jungle","TheArtist","thorton","vexMod"],"gold_per_floor":[116,116,116,116,141,141,172,190,269,303,321,321,336,336,336,465,465,485,485,503,503,503,544,544,454,454,454,454,490,490,531,531,656,656,671,691,290,303,326,326,326,350,393,393,393,343,343,379,379,379],"floor_reached":51,"playtime":3653,"items_purged":[],"score":878,"play_id":"e8334d53-ac26-499f-91db-44e7cc0e2253","local_time":"20201225140012","is_ascension_mode":true,"campfire_choices":[{"data":"Pot Of Greed","floor":6.0,"key":"SMITH"},{"data":"hermit:CalledShot","floor":12.0,"key":"SMITH"},{"data":"Pot Of Greed","floor":15.0,"key":"SMITH"},{"data":"infinitespire:TheBestDefense","floor":24.0,"key":"SMITH"},{"data":"hermit:PistolWhip","floor":24.0,"key":"SMITH"},{"data":"hermit:Glare","floor":27.0,"key":"SMITH"},{"data":"hermit:DeadMansHand","floor":27.0,"key":"SMITH"},{"data":"hermit:RoundhouseKick","floor":30.0,"key":"SMITH"},{"data":"hermit:Snipe","floor":30.0,"key":"SMITH"},{"floor":32.0,"key":"DIG"},{"data":"Brutality","floor":40,"key":"SMITH"},{"data":"hermit:PistolWhip","floor":40,"key":"SMITH"},{"data":"hermit:Grudge","floor":44,"key":"SMITH"},{"data":"hermit:Enervate","floor":44,"key":"SMITH"},{"data":"Ghostly","floor":49,"key":"SMITH"},{"data":"hermit:Quickdraw","floor":49,"key":"SMITH"}],"circlet_count":0,"master_deck":["hermit:Strike_Hermit+1","hermit:Strike_Hermit+1","hermit:Strike_Hermit+1","hermit:Strike_Hermit+1","hermit:Defend_Hermit+1","hermit:Defend_Hermit+1","hermit:Defend_Hermit+1","hermit:Defend_Hermit+1","hermit:Snapshot+1","hermit:Covet+1","hermit:PistolWhip+1","hermit:Grudge+1","Pot Of Greed+1","Pot Of Greed+1","hermit:Misfire","hermit:DeadMansHand+1","hermit:Showdown+1","hermit:CalledShot+1","hermit:Glare+1","Injury","hermit:RoundhouseKick+1","hermit:FlashPowder+1","infinitespire:TheBestDefense+1","hermit:Quickdraw+1","hermit:Snipe+1","hermit:PistolWhip+1","Pot Of Greed+1","hermit:Enervate+1","hermit:Snipe+1","Brutality+1","hermit:Glare+1","AscendersBane","Ghostly+1"],"relics":["StuffTheSpire:OccultApparatus","NeowsBlessing","StuffTheSpire:PointBlank","Grinning Jar","infinitespire:PuzzleCube","Mirror","infinitespire:CheckeredPen","conspire:GlowingRock","Golden Idol","Replay:Cursed D8","hubris:HollowSoul","Replay:Arrowhead","infinitespire:ShieldingShard","theJungle:ParSnip","Eternal Feather","Replay:Bottled Eggs","Mercury Hourglass","StuffTheSpire:ForceGauntlet","aspiration:Nostalgia","m_IronSupplements","Vajra","conspire:GiftBox","Replay:Kaleidoscope","Durian"],"acts_visited":["Exordium","Exordium","TheBeyond"],"potions_floor_usage":[39,48,50,50],"damage_taken":[{"damage":0.0,"enemies":"conspire:RoseBush","floor":1.0,"turns":1.0},{"damage":0.0,"enemies":"Gremlin Nob","floor":7.0,"turns":1.0},{"damage":0.0,"enemies":"2 Louse","floor":8.0,"turns":1.0},{"damage":30.0,"enemies":"3 Sentries","floor":10.0,"turns":5.0},{"damage":0.0,"enemies":"Cultist","floor":11.0,"turns":2.0},{"damage":12.0,"enemies":"Large Slime","floor":13.0,"turns":3.0},{"damage":23.0,"enemies":"Hexaghost","floor":16.0,"turns":8.0},{"damage":0.0,"enemies":"theJungle:GiantWrat","floor":18.0,"turns":2.0},{"damage":5.0,"enemies":"theJungle:MUSHROOMGANG","floor":20.0,"turns":2.0},{"damage":17.0,"enemies":"theJungle:MamaSnecko","floor":23.0,"turns":4.0},{"damage":0.0,"enemies":"theJungle:2_Phrogs","floor":29.0,"turns":5.0},{"damage":0.0,"enemies":"theJungle:MamaSnecko","floor":31.0,"turns":3.0},{"damage":0.0,"enemies":"theJungle:QueenSpyder","floor":33.0,"turns":5.0},{"damage":0,"enemies":"Orb Walker","floor":35,"turns":1},{"damage":0,"enemies":"3 Shapes","floor":36,"turns":2},{"damage":0,"enemies":"3 Darklings","floor":38,"turns":3},{"damage":7,"enemies":"Writhing Mass","floor":39,"turns":2},{"damage":0,"enemies":"Maw","floor":42,"turns":4},{"damage":2,"enemies":"4 Shapes","floor":43,"turns":3},{"damage":2,"enemies":"R_Hoarder","floor":48,"turns":3},{"damage":10,"enemies":"conspire:OrnateMirror","floor":50,"turns":7}],"seed_played":"7571482528718980187","potions_obtained":[{"floor":1.0,"key":"blueLaboratory:PhilterOfMotion"},{"floor":8.0,"key":"SpeedPotion"},{"floor":13.0,"key":"Milkshake"},{"floor":16.0,"key":"blueLaboratory:BottledHope"},{"floor":18.0,"key":"DuplicationPotion"},{"floor":35,"key":"Block Potion"},{"floor":39,"key":"blueLaboratory:HummingbirdPotion"},{"floor":48,"key":"blueLaboratory:PyrophylliteBrew"}],"is_trial":false,"path_per_floor":["M","?","?","?","T","R","E","M","T","E","M","R","M","?","R","B",null,"M","?","M","AVR","?","E","R","?","T","R","?","E","R","E","R_BF","B",null,"M","M","$","M","M","R","?","M","MIM","R","?","$","?","E","R","B",null],"character_chosen":"HERMIT","items_purchased":["aspiration:Nostalgia","Vajra","conspire:GiftBox","blueLaboratory:FruitPunch"],"campfire_rested":0,"item_purchase_floors":[37,37,37,46],"current_hp_per_floor":[75,75,75,75,75,75,75,75,75,45,45,45,33,33,33,10,75,75,75,70,70,70,53,53,53,53,65,65,65,75,75,75,75,75,75,75,75,75,74,75,75,75,75,75,75,75,55,66,82,47],"gold":379,"neow_bonus":"THREE_ENEMY_KILL","is_daily":false,"chose_seed":false,"campfire_upgraded":15,"win_rate":0.0,"timestamp":1608922812,"path_taken":["M","?","?","?","?","R","E","?","T","E","M","R","M","?","R","BOSS","M","?","?","AVR","?","E","R","?","T","R","?","E","R","E","R_BF","BOSS","BOSS","M","M","$","M","M","R","?","?","MIM","R","?","?","?","E","R","BOSS"],"items_purchased_type":["Relic","Relic","Relic","Potion"],"build_version":"2020-12-22","purchased_purges":0,"victory":true,"max_hp_per_floor":[75,75,75,75,75,75,75,75,75,75,75,75,75,75,75,75,75,75,75,75,75,75,75,75,75,75,75,75,75,75,75,75,75,75,75,75,75,75,75,75,75,75,75,75,75,75,75,82,82,82],"card_choices":[{"not_picked":["hermit:Roulette","hermit:Manifest"],"picked":"hermit:PistolWhip","floor":1.0},{"not_picked":["hermit:HoleUp","hermit:Desperado"],"picked":"hermit:Misfire","floor":7.0},{"not_picked":["hermit:SprayPray","hermit:Ricochet"],"picked":"hermit:DeadMansHand","floor":8.0},{"not_picked":["hermit:Coalescence","hermit:FullyLoaded"],"picked":"hermit:Showdown","floor":10.0},{"not_picked":["hermit:BodyArmor","hermit:CalledShot","hermit:Virtue"],"picked":"SKIP","floor":11.0},{"not_picked":["hermit:BodyArmor","hermit:Virtue"],"picked":"hermit:CalledShot","floor":11.0},{"not_picked":["hermit:Misfire","hermit:Headshot"],"picked":"hermit:Glare","floor":13.0},{"not_picked":["hermit:EternalForm","hermit:HighNoon"],"picked":"hermit:RoundhouseKick","floor":16.0},{"not_picked":["hermit:CalledShot","hermit:BodyArmor"],"picked":"hermit:FlashPowder+1","floor":18.0},{"not_picked":["hermit:Headshot","hermit:Roulette","hermit:Shortfuse+1"],"picked":"SKIP","floor":20.0},{"not_picked":["hermit:NoHoldsBarred","hermit:TakeAim"],"picked":"hermit:Quickdraw","floor":23.0},{"not_picked":["hermit:Feint","hermit:Misfire"],"picked":"hermit:Snipe","floor":29.0},{"not_picked":["hermit:Desperado","hermit:Glare"],"picked":"hermit:PistolWhip","floor":31.0},{"not_picked":["hermit:Shortfuse+1","hermit:Manifest"],"picked":"hermit:Enervate","floor":35},{"not_picked":["hermit:ItchyTrigger+1","hermit:HoleUp+1"],"picked":"hermit:Snipe+1","floor":36},{"not_picked":["hermit:HighNoon","hermit:BlackWind"],"picked":"Brutality","floor":37},{"not_picked":["hermit:WideOpen+1","hermit:Dive","hermit:Feint+1"],"picked":"SKIP","floor":38},{"not_picked":["hermit:Ricochet+1","hermit:Brawl+1"],"picked":"hermit:Glare+1","floor":39},{"not_picked":["hermit:Enervate+1","hermit:Desperado+1","hermit:TrackingShot"],"picked":"SKIP","floor":42},{"not_picked":["hermit:Headshot+1","hermit:Feint","hermit:EternalForm"],"picked":"SKIP","floor":48}],"player_experience":664812,"relics_obtained":[{"floor":4.0,"key":"Grinning Jar"},{"floor":5.0,"key":"infinitespire:PuzzleCube"},{"floor":7.0,"key":"Mirror"},{"floor":9.0,"key":"infinitespire:CheckeredPen"},{"floor":10.0,"key":"conspire:GlowingRock"},{"floor":23.0,"key":"infinitespire:ShieldingShard"},{"floor":26.0,"key":"Eternal Feather"},{"floor":29.0,"key":"Replay:Bottled Eggs"},{"floor":31.0,"key":"Mercury Hourglass"},{"floor":32.0,"key":"StuffTheSpire:ForceGauntlet"},{"floor":43,"key":"Replay:Kaleidoscope"},{"floor":48,"key":"Durian"}],"event_choices":[{"damage_healed":0.0,"max_hp_gain":0.0,"max_hp_loss":0.0,"gold_gain":0.0,"event_name":"Golden Idol","player_choice":"Take Wound","floor":14.0,"gold_loss":0.0,"damage_taken":0.0,"relics_obtained":["Golden Idol"],"cards_obtained":["Injury"]},{"damage_healed":0.0,"max_hp_gain":0.0,"max_hp_loss":0.0,"gold_gain":0.0,"event_name":"Upgrade Shrine","player_choice":"Upgraded","floor":19.0,"gold_loss":0.0,"damage_taken":0.0,"cards_upgraded":["hermit:Showdown"]},{"damage_healed":0,"gold_gain":0,"player_choice":"Ignored","damage_taken":0,"max_hp_gain":0,"max_hp_loss":0,"event_name":"Purifier","floor":41,"gold_loss":0},{"damage_healed":0,"gold_gain":3,"player_choice":"3","damage_taken":0,"max_hp_gain":0,"max_hp_loss":0,"event_name":"betterStone:BetterStone","floor":45,"gold_loss":0,"cards_obtained":["Ghostly"]}],"is_beta":false,"boss_relics":[{"not_picked":["vexMod:TanglingVine","vexMod:EndlessSickness"],"picked":"Replay:Cursed D8"},{"not_picked":["StuffTheSpire:RunicConfusion","Sozu","StuffTheSpire:RunicHypercube"]}],"items_purged_floors":[],"is_endless":false,"potions_floor_spawned":[1,8,13,16,18,35,39,48],"ascension_level":1}}