{"host":"g7xvyycavwkoojg3","time":1608858759,"event":{"mods":["Astrologer","BaseMod","Challenge The Spire","Exacting","GifTheSpireLib","HexUI Lib","Marisa????????","Minty Spire (QoL Compilation)","Replay The Spire","Shop Mod","StSLib","The Animator","The Bug Knight","The Hierophant","The Necromancer","The Runesmith"],"gold_per_floor":[114,145,145,95,95,95,128,143,197,197,221,260,20,94,94,222,285,304,317,317,317],"floor_reached":20,"playtime":1174,"items_purged":[],"score":200,"play_id":"65a30f74-724a-4547-95fd-b5031f695e84","local_time":"20201224201239","is_ascension_mode":true,"campfire_choices":[{"floor":6,"key":"REST"},{"floor":10,"key":"REST"},{"floor":15,"key":"REST"}],"circlet_count":0,"master_deck":["Strike_R+1","Strike_R","Strike_R+1","Strike_R","Defend_R","Defend_R","Defend_R","Defend_R","Impervious","Hemokinesis+1","Reckless Charge","Ghostly Armor","Headbutt","Replay:Many Hands","Anger","Warcry","Juggernaut","Fire Breathing","Flex","Hemogenesis"],"relics":["Burning Blood","Quantum Egg","Golden Idol","ReplayFunnel","Gremlin Food","Shuriken","Garlic","Pen Nib","Tiny House"],"acts_visited":["Exordium","TheCity"],"potions_floor_usage":[7,12,16,19],"damage_taken":[{"damage":18,"enemies":"Cultist","floor":1,"turns":4},{"damage":5,"enemies":"2 Louse","floor":2,"turns":2},{"damage":39,"enemies":"3 Sentries","floor":7,"turns":10},{"damage":2,"enemies":"Small Slimes","floor":8,"turns":3},{"damage":3,"enemies":"Exordium Thugs","floor":11,"turns":4},{"damage":21,"enemies":"Gremlin Nob","floor":12,"turns":4},{"damage":2,"enemies":"Gremlin Nob","floor":14,"turns":4},{"damage":36,"enemies":"Slime Boss","floor":16,"turns":11},{"damage":57,"enemies":"3 Byrds","floor":18,"turns":7},{"damage":15,"enemies":"Chosen","floor":19,"turns":4},{"damage":25,"enemies":"Masked Bandits","floor":20,"turns":3}],"seed_played":"-5611766525349210842","potions_obtained":[{"floor":1,"key":"Cursed Concoction"},{"floor":8,"key":"PowerPotion"},{"floor":12,"key":"Explosive Potion"},{"floor":17,"key":"LiquidBronze"},{"floor":18,"key":"Strength Potion"}],"is_trial":false,"path_per_floor":["M","M","T","?","?","R","E","M","T","R","M","E","$","?","R","B",null,"M","M","?"],"character_chosen":"IRONCLAD","items_purchased":["Garlic"],"campfire_rested":3,"item_purchase_floors":[13],"current_hp_per_floor":[68,69,69,69,49,73,40,44,44,68,71,56,56,60,80,50,85,34,25,0,0],"gold":317,"neow_bonus":"RANDOM_EVENT","is_daily":false,"chose_seed":false,"campfire_upgraded":0,"win_rate":0.0,"timestamp":1608858759,"path_taken":["M","M","?","?","?","R","E","?","T","R","M","E","$","?","R","BOSS","M","M","?"],"items_purchased_type":["Relic"],"build_version":"2020-12-22","purchased_purges":0,"victory":false,"max_hp_per_floor":[80,80,80,80,80,80,80,80,80,80,80,80,80,80,80,80,85,85,85,85,85],"card_choices":[{"not_picked":["Sword Boomerang","True Grit"],"picked":"Hemokinesis","floor":1},{"not_picked":["Warcry","Armaments"],"picked":"Reckless Charge","floor":2},{"not_picked":["Dark Embrace","Burning Pact"],"picked":"Ghostly Armor","floor":7},{"not_picked":["Carnage","Cleave"],"picked":"Headbutt","floor":8},{"not_picked":["Evolve","Sword Boomerang"],"picked":"Replay:Many Hands","floor":11},{"not_picked":["Body Slam","Limit Break"],"picked":"Anger","floor":12},{"not_picked":["Flex","Heavy Blade"],"picked":"Warcry","floor":14},{"not_picked":["Double Tap","Berserk"],"picked":"Juggernaut","floor":16},{"not_picked":["Sentinel","Cleave"],"picked":"Fire Breathing","floor":17},{"not_picked":["Disarm","Thunderclap"],"picked":"Flex","floor":18},{"not_picked":["Clothesline","Flex+1"],"picked":"Hemogenesis","floor":19}],"player_experience":80697,"relics_obtained":[{"floor":3,"key":"Quantum Egg"},{"floor":7,"key":"ReplayFunnel"},{"floor":9,"key":"Gremlin Food"},{"floor":12,"key":"Shuriken"}],"event_choices":[{"damage_healed":0,"gold_gain":0,"cards_transformed":["Bash"],"player_choice":"Change","damage_taken":0,"max_hp_gain":0,"max_hp_loss":0,"event_name":"Living Wall","floor":0,"gold_loss":0,"cards_obtained":["Impervious"]},{"cards_removed":["Strike_R"],"damage_healed":0,"gold_gain":0,"player_choice":"Card Removal","damage_taken":0,"max_hp_gain":0,"max_hp_loss":0,"event_name":"The Cleric","floor":4,"gold_loss":50},{"damage_healed":0,"gold_gain":0,"player_choice":"Take Damage","damage_taken":20,"relics_obtained":["Golden Idol"],"max_hp_gain":0,"max_hp_loss":0,"event_name":"Golden Idol","floor":5,"gold_loss":0},{"damage_healed":0,"gold_gain":0,"player_choice":"Searched \u00272\u0027 times","damage_taken":0,"relics_obtained":["Pen Nib"],"max_hp_gain":0,"max_hp_loss":0,"event_name":"Dead Adventurer","floor":14,"gold_loss":0},{"damage_healed":0,"gold_gain":0,"player_choice":"Fought Bandits","damage_taken":0,"max_hp_gain":0,"max_hp_loss":0,"event_name":"Masked Bandits","floor":20,"gold_loss":0}],"is_beta":false,"boss_relics":[{"not_picked":["Electric Blood","Sozu"],"picked":"Tiny House"}],"items_purged_floors":[],"is_endless":false,"potions_floor_spawned":[1,8,12,18],"killed_by":"Masked Bandits","ascension_level":2}}