{"host":"2461dio7vetlq1z3","time":1608910024,"event":{"mods":["2.2 Compatiblity","AchievementEnabler","Aspiration","BaseMod","Better Third Choice","Hermit","Minty Spire (QoL Compilation)","Relic Stats","Spicy Shops","StSLib","The Runesmith","Waifu the Spire"],"gold_per_floor":[119,119,129,129,149,176,176,176,176],"floor_reached":8,"playtime":199,"items_purged":[],"score":112,"play_id":"7d5d08a2-859e-4f64-8b32-a4194d765ccb","local_time":"20201225162704","is_ascension_mode":true,"campfire_choices":[],"circlet_count":0,"master_deck":["AscendersBane","Strike_R","Strike_R","Strike_R","Defend_R+1","Defend_R","Defend_R","Bash","True Grit+1","Skewer","Slice","Bullet Time","Rampage","BootSequence","Clothesline","Uppercut"],"relics":["aspiration:FutureDiary","War Paint","TungstenRod"],"acts_visited":["Exordium"],"potions_floor_usage":[6],"damage_taken":[{"damage":7,"enemies":"Small Slimes","floor":1,"turns":4},{"damage":5,"enemies":"Jaw Worm","floor":3,"turns":3},{"damage":3,"enemies":"2 Louse","floor":5,"turns":3},{"damage":22,"enemies":"Gremlin Nob","floor":6,"turns":4},{"damage":14,"enemies":"Lagavulin","floor":8,"turns":2}],"seed_played":"-3452144504109233620","potions_obtained":[{"floor":5,"key":"ColorlessPotion"}],"is_trial":false,"path_per_floor":["M","?","M","?","M","E","?","E"],"character_chosen":"IRONCLAD","items_purchased":[],"campfire_rested":0,"item_purchase_floors":[],"current_hp_per_floor":[61,61,56,31,28,6,6,0,0],"gold":176,"neow_bonus":"BOSS_RELIC","is_daily":false,"chose_seed":false,"campfire_upgraded":0,"win_rate":0.0,"timestamp":1608910024,"path_taken":["M","?","M","?","M","E","?","E"],"items_purchased_type":[],"build_version":"2020-12-22","purchased_purges":0,"victory":false,"max_hp_per_floor":[75,75,75,75,75,75,75,75,75],"relic_stats":{"counters":[5,16],"War Paint":["Defend_R","True Grit"],"obtain_stats":[{"aspiration:FutureDiary":0,"War Paint":4,"Burning Blood":0,"TungstenRod":6},{"aspiration:FutureDiary":0,"War Paint":2,"Burning Blood":0,"TungstenRod":4},{"aspiration:FutureDiary":0,"War Paint":7,"Burning Blood":0,"TungstenRod":14}],"TungstenRod":1},"card_choices":[{"not_picked":["Flex","Seeing Red"],"picked":"True Grit","floor":1},{"not_picked":["Thunderclap","Flex"],"picked":"Rampage","floor":3},{"not_picked":["Rupture","Exhume"],"picked":"Clothesline","floor":5},{"not_picked":["Wild Strike","Searing Blow"],"picked":"Uppercut","floor":6}],"player_experience":940081,"relics_obtained":[{"floor":6,"key":"TungstenRod"}],"event_choices":[{"damage_healed":0,"gold_gain":0,"player_choice":"Searched \u00270\u0027 times","damage_taken":0,"max_hp_gain":0,"max_hp_loss":0,"event_name":"Dead Adventurer","floor":7,"gold_loss":0}],"is_beta":false,"boss_relics":[],"items_purged_floors":[],"is_endless":false,"potions_floor_spawned":[5],"killed_by":"Lagavulin","ascension_level":20}}