{"host":"8fjsnt81u6xsmhji","time":1608867883,"event":{"mods":["BaseMod","Colored Powertips","Downfall","Glutton Mod","Hermit","Minty Spire (QoL Compilation)","Quick Restart","Somnambulant","StSLib","The Blackbeard","The Bladedancer","The Bug Knight","The Construct","The Forsaken","The Hierophant","The Mystic","The Servant 0.9.4"],"gold_per_floor":[117,131,131,131,131,131,161,180,205,205,225,236,262,262,262,366,366,382,382,382,342,96,131,150,177,177,177,196,227,246,262,262,358,358,368,378,378,428,443,443,443,443,489,504,531,546,546,571,571,571,571],"floor_reached":50,"playtime":2852,"items_purged":["blademaster:Defend"],"score":701,"play_id":"a70e0550-9e4f-48aa-af6e-0a00e05758e6","local_time":"20201224214443","is_ascension_mode":true,"campfire_choices":[{"floor":6.0,"key":"REST"},{"floor":15.0,"key":"REST"},{"floor":27.0,"key":"REST"},{"floor":32.0,"key":"REST"},{"floor":40.0,"key":"REST"},{"floor":47.0,"key":"REST"},{"floor":49,"key":"REST"}],"circlet_count":0,"master_deck":["blademaster:Strike","blademaster:Strike","blademaster:Defend","blademaster:Defend","blademaster:Defend","blademaster:RagingBlow","blademaster:HighVoltage","blademaster:AspectOfLightning","blademaster:ThunderSlash","blademaster:Vortex+1","blademaster:AwakeningDefend","blademaster:RollingTyphoon+1","blademaster:ParryingStrike+1","J.A.X.","blademaster:CullingStrike+1","blademaster:Safeguard","blademaster:DeadlyDance","blademaster:ParryingStrike+1","blademaster:Vortex","blademaster:Overcharge","blademaster:Rupture+1","blademaster:ThunderSlash","blademaster:FlockOfBlades","blademaster:DaggerAndCloak+1","blademaster:AwakeningStrike+1","expansioncontent:Chronoboost","blademaster:EyeOfTheStorm","blademaster:ThunderingOpener+1","blademaster:CombatPrep+1","blademaster:Safeguard+1","blademaster:Bloodbath+1","blademaster:LeechingStrike+1"],"relics":["SlaversCollar","Orichalcum","Bag of Marbles","theForsaken:Gavel","Philosopher\u0027s Stone","Sling","Whetstone","Smiling Mask","Pear","StoneCalendar","Black Star","Turnip","Boot","Lantern","Ornamental Fan","Gambling Chip","Meat on the Bone"],"acts_visited":["Exordium","TheCity","TheBeyond"],"potions_floor_usage":[48,50,50],"damage_taken":[{"damage":7.0,"enemies":"Cultist","floor":1.0,"turns":6.0},{"damage":0.0,"enemies":"Jaw Worm","floor":2.0,"turns":2.0},{"damage":16.0,"enemies":"Gremlin Nob","floor":7.0,"turns":4.0},{"damage":0.0,"enemies":"Small Slimes","floor":8.0,"turns":3.0},{"damage":0.0,"enemies":"Blue Slaver","floor":11.0,"turns":3.0},{"damage":1.0,"enemies":"Looter","floor":12.0,"turns":2.0},{"damage":9.0,"enemies":"Lagavulin","floor":13.0,"turns":6.0},{"damage":25.0,"enemies":"Slime Boss","floor":16.0,"turns":10.0},{"damage":0.0,"enemies":"Chosen","floor":18.0,"turns":4.0},{"damage":28.0,"enemies":"Slavers","floor":23.0,"turns":4.0},{"damage":0.0,"enemies":"Shell Parasite","floor":24.0,"turns":2.0},{"damage":9.0,"enemies":"Book of Stabbing","floor":25.0,"turns":3.0},{"damage":25.0,"enemies":"Cultist and Chosen","floor":28.0,"turns":7.0},{"damage":3.0,"enemies":"HollowMod:Nosk","floor":29.0,"turns":4.0},{"damage":6.0,"enemies":"3 Cultists","floor":30.0,"turns":5.0},{"damage":16.0,"enemies":"Shelled Parasite and Fungi","floor":31.0,"turns":4.0},{"damage":24.0,"enemies":"Champ","floor":33.0,"turns":7.0},{"damage":20.0,"enemies":"Orb Walker","floor":35.0,"turns":4.0},{"damage":0.0,"enemies":"3 Shapes","floor":36.0,"turns":4.0},{"damage":43.0,"enemies":"Mind Bloom Boss Battle","floor":38.0,"turns":6.0},{"damage":34.0,"enemies":"Maw","floor":39.0,"turns":7.0},{"damage":9.0,"enemies":"4 Shapes","floor":44.0,"turns":6.0},{"damage":6.0,"enemies":"HollowMod:StalkingDevout","floor":45.0,"turns":4.0},{"damage":5.0,"enemies":"3 Darklings","floor":46.0,"turns":6.0},{"damage":39,"enemies":"Reptomancer","floor":48,"turns":6},{"damage":95,"enemies":"Donu and Deca","floor":50,"turns":7}],"seed_played":"-7142381732660540800","potions_obtained":[{"floor":2.0,"key":"construct:ShiftPotion"},{"floor":7.0,"key":"AttackPotion"},{"floor":12.0,"key":"construct:ShiftPotion"},{"floor":16.0,"key":"FearPotion"},{"floor":25.0,"key":"Block Potion"},{"floor":30.0,"key":"Guardian:BlockOnCardUsePotion"},{"floor":33.0,"key":"Dexterity Potion"},{"floor":39.0,"key":"FairyPotion"},{"floor":44.0,"key":"construct:ShiftPotion"},{"floor":45.0,"key":"Dexterity Potion"},{"floor":48,"key":"champ:CounterPotion"}],"is_trial":false,"path_per_floor":["M","M","?","?","T","R","E","M","T","?","M","M","E","?","R","B",null,"M","?","?","?","$","E","M","E","T","R","M","E","M","M","R","B",null,"M","M","?","?","M","R","?","?","T","M","E","M","R","E","R","B"],"character_chosen":"THE_BLADEMASTER","items_purchased":["blademaster:Safeguard","Sling"],"campfire_rested":7,"item_purchase_floors":[22,22],"current_hp_per_floor":[68,68,73,66,66,80,64,64,64,64,64,63,54,54,78,59,80,80,80,80,80,80,58,64,61,71,90,71,74,74,64,90,72,90,76,82,82,45,17,44,44,44,44,41,41,42,69,36,63,0,0],"gold":571,"neow_bonus":"BOSS_RELIC","is_daily":false,"chose_seed":false,"campfire_upgraded":0,"win_rate":0.0,"timestamp":1608867883,"path_taken":["M","?","?","?","?","R","E","M","T","?","?","M","E","?","R","BOSS","M","?","?","?","$","E","M","E","T","R","M","E","M","M","R","BOSS","M","M","?","?","?","R","?","?","T","M","E","M","R","E","R","BOSS"],"items_purchased_type":["Card","Relic"],"build_version":"2020-12-22","purchased_purges":1,"victory":false,"max_hp_per_floor":[75,75,80,80,80,80,80,80,80,80,80,80,80,80,80,80,80,80,80,80,80,80,80,80,80,90,90,90,90,90,90,90,90,90,90,90,90,90,90,90,90,90,90,90,90,90,90,90,90,90,90],"card_choices":[{"not_picked":["blademaster:AwakeningDefend","blademaster:Thrust"],"picked":"blademaster:AspectOfLightning","floor":1.0},{"not_picked":["blademaster:ChargingUp","blademaster:LeechingStrike"],"picked":"blademaster:ThunderSlash","floor":2.0},{"not_picked":["blademaster:ThunderingOpener","blademaster:Cut"],"picked":"blademaster:Vortex","floor":7.0},{"not_picked":["blademaster:FuriousStrike","blademaster:CombatPrep"],"picked":"blademaster:AwakeningDefend","floor":8.0},{"not_picked":["blademaster:BloodyBlow","blademaster:Sunder","blademaster:EyeOfTheTornado"],"picked":"SKIP","floor":11.0},{"not_picked":["blademaster:ThreePointStrike","blademaster:Gust","blademaster:Quickness"],"picked":"SKIP","floor":12.0},{"not_picked":["blademaster:ChargingUp","blademaster:Frenzy","blademaster:AirSlash"],"picked":"SKIP","floor":13.0},{"not_picked":["blademaster:UnrelentingWind","blademaster:ThreePointStrike"],"picked":"blademaster:RollingTyphoon","floor":16.0},{"not_picked":["blademaster:Momentum+1","blademaster:CombatPrep"],"picked":"blademaster:ParryingStrike","floor":18.0},{"not_picked":["blademaster:Flash","blademaster:KiBarrier"],"picked":"blademaster:DeadlyDance","floor":23.0},{"not_picked":["blademaster:TraverseCut","blademaster:Flurry+1"],"picked":"blademaster:ParryingStrike+1","floor":24.0},{"not_picked":["blademaster:HighVoltage","blademaster:Sunder","blademaster:UnrelentingWind"],"picked":"SKIP","floor":25.0},{"not_picked":["blademaster:BladeCross+1","blademaster:Blockade+1"],"picked":"blademaster:Vortex","floor":28.0},{"not_picked":["blademaster:Quickness","blademaster:ThreePointStrike"],"picked":"blademaster:Overcharge","floor":29.0},{"not_picked":["blademaster:KiBarrier","blademaster:SharpBlades+1"],"picked":"blademaster:Rupture+1","floor":30.0},{"not_picked":["blademaster:Hailwind","blademaster:CombatPrep"],"picked":"blademaster:ThunderSlash","floor":31.0},{"not_picked":["blademaster:RollingTyphoon","blademaster:BladeDance"],"picked":"blademaster:FlockOfBlades","floor":33.0},{"not_picked":["blademaster:EyeOfTheTornado","blademaster:Frontflip"],"picked":"blademaster:DaggerAndCloak+1","floor":35.0},{"not_picked":["blademaster:Flurry+1","blademaster:ChargingUp+1"],"picked":"blademaster:AwakeningStrike+1","floor":36.0},{"not_picked":["Swift Strike","Blind"],"picked":"expansioncontent:Chronoboost","floor":37.0},{"not_picked":["blademaster:CombatPrep+1","blademaster:DragonStrike"],"picked":"blademaster:EyeOfTheStorm","floor":38.0},{"not_picked":["blademaster:KiBarrier","blademaster:BloodyBlow"],"picked":"blademaster:ThunderingOpener+1","floor":39.0},{"not_picked":["blademaster:IcyWind+1","blademaster:DaggerAndCloak"],"picked":"blademaster:CombatPrep+1","floor":44.0},{"not_picked":["blademaster:Blockade+1","blademaster:ThunderSlash+1"],"picked":"blademaster:Safeguard+1","floor":45.0},{"not_picked":["blademaster:BladeCross","blademaster:BloodyBlow"],"picked":"blademaster:Bloodbath+1","floor":46.0},{"not_picked":["blademaster:CullingStrike+1","blademaster:Cut+1"],"picked":"blademaster:LeechingStrike+1","floor":48}],"player_experience":724812,"relics_obtained":[{"floor":7.0,"key":"Orichalcum"},{"floor":7.0,"key":"blademaster:DextrousPerk"},{"floor":9.0,"key":"Bag of Marbles"},{"floor":13.0,"key":"theForsaken:Gavel"},{"floor":13.0,"key":"blademaster:StanceHealPerk"},{"floor":23.0,"key":"Whetstone"},{"floor":23.0,"key":"blademaster:FuryEveryTurnPerk"},{"floor":25.0,"key":"Smiling Mask"},{"floor":25.0,"key":"blademaster:BleedingMoreDamagePerk"},{"floor":26.0,"key":"Pear"},{"floor":29.0,"key":"StoneCalendar"},{"floor":29.0,"key":"blademaster:BonusComboPerk"},{"floor":38.0,"key":"Turnip"},{"floor":38.0,"key":"blademaster:ComboEveryTurnPerk"},{"floor":43.0,"key":"Boot"},{"floor":45.0,"key":"Lantern"},{"floor":45.0,"key":"blademaster:FinisherDrawCardPerk"},{"floor":45.0,"key":"Ornamental Fan"},{"floor":48,"key":"Gambling Chip"},{"floor":48,"key":"blademaster:BleedingLaceratePerk"},{"floor":48,"key":"Meat on the Bone"}],"event_choices":[{"damage_healed":0.0,"max_hp_gain":5.0,"max_hp_loss":0.0,"gold_gain":0.0,"event_name":"Big Fish","player_choice":"Donut","floor":3.0,"gold_loss":0.0,"damage_taken":0.0},{"cards_removed":["blademaster:Strike"],"damage_healed":0.0,"max_hp_gain":0.0,"max_hp_loss":0.0,"gold_gain":0.0,"event_name":"Golden Wing","player_choice":"Card Removal","floor":4.0,"gold_loss":0.0,"damage_taken":7.0},{"damage_healed":0.0,"max_hp_gain":0.0,"max_hp_loss":0.0,"gold_gain":0.0,"event_name":"Shining Light","player_choice":"Ignored","floor":14.0,"gold_loss":0.0,"damage_taken":0.0},{"damage_healed":0.0,"max_hp_gain":0.0,"max_hp_loss":0.0,"gold_gain":0.0,"event_name":"Drug Dealer","player_choice":"Obtain J.A.X.","floor":19.0,"gold_loss":0.0,"damage_taken":0.0,"cards_obtained":["J.A.X."]},{"damage_healed":0.0,"max_hp_gain":0.0,"max_hp_loss":0.0,"gold_gain":0.0,"event_name":"The Library","player_choice":"Read","floor":20.0,"gold_loss":0.0,"damage_taken":0.0,"cards_obtained":["blademaster:CullingStrike"]},{"damage_healed":0.0,"max_hp_gain":0.0,"max_hp_loss":0.0,"gold_gain":0.0,"event_name":"Designer","player_choice":"Upgraded Two","floor":21.0,"gold_loss":40.0,"damage_taken":0.0,"cards_upgraded":["blademaster:RollingTyphoon","blademaster:CullingStrike"]},{"damage_healed":0.0,"max_hp_gain":0.0,"max_hp_loss":0.0,"gold_gain":0.0,"event_name":"SensoryStone","player_choice":"Memory 1","floor":37.0,"gold_loss":0.0,"damage_taken":0.0},{"damage_healed":0.0,"max_hp_gain":0.0,"max_hp_loss":0.0,"gold_gain":0.0,"event_name":"MindBloom","player_choice":"Fight","floor":38.0,"gold_loss":0.0,"damage_taken":0.0},{"damage_healed":0.0,"max_hp_gain":0.0,"max_hp_loss":0.0,"gold_gain":0.0,"event_name":"Tomb of Lord Red Mask","player_choice":"Ignored","floor":41.0,"gold_loss":0.0,"damage_taken":0.0},{"cards_removed":["blademaster:Strike"],"damage_healed":0.0,"max_hp_gain":0.0,"max_hp_loss":0.0,"gold_gain":0.0,"event_name":"Falling","player_choice":"Removed Attack","floor":42.0,"gold_loss":0.0,"damage_taken":0.0}],"is_beta":false,"boss_relics":[{"not_picked":["SacredBark","Velvet Choker"],"picked":"Philosopher\u0027s Stone"},{"not_picked":["Astrolabe","Pandora\u0027s Box"],"picked":"Black Star"}],"items_purged_floors":[22],"is_endless":false,"potions_floor_spawned":[2,7,12,16,25,29,30,33,39,44,45,46,48],"killed_by":"Donu and Deca","ascension_level":1}}