{"host":"3i0tc1zs9k2bo7un","time":1608872230,"event":{"mods":["Act Like it!","Aspiration","BaseMod","Better Synergies","Communication Mod","Gensokyo","Minty Spire (QoL Compilation)","MostiFishMod","Quick Restart","Replay The Spire","StSLib","TestMod","[IsaacMod]ÒÔÈö¼âËþ","¡¾ÒÅÎï¿¨ÅÆ¡¿REMEMod"],"gold_per_floor":[132,192,249,285,342,432,519,597,597,690,171,273,273,273],"floor_reached":13,"playtime":1026,"items_purged":[],"score":500,"play_id":"15fd3f95-d253-4309-9f6e-a80526080b35","local_time":"20201225125710","daily_mods":["SealedDeck","Vintage","Heirloom","Flight","DeadlyEvents","Elite Swarm","Midas"],"is_ascension_mode":true,"campfire_choices":[],"circlet_count":0,"master_deck":["AscendersBane","REME_DataAnalysis+1","Skim+1","Cold Snap+1","BootSequence+1","Sweeping Beam+1","Defragment+1","Reboot","Glacier+1","REME_SelfUpgrade+1","Loop+1","MostiFishMod:LinkProtocol+1","MostiFishMod:ReadyAimFire+1","Creative AI","Seek+1","MostiFishMod:ActiveDefenseSystem","Gensokyo:Shovel","Gensokyo:RustyChest","Coolheaded+1","Defragment+1","REME_ForAll+1"],"relics":["Cracked Core","DaveBox","testmod-TestBox","HushsDoor","REME_ComplimentaryCards","TheBean","testmod-AscensionHeart","DSteel32","Leech","testmod-TurbochargingSystem","SynthV:TestCard","DeathBook","DataDisk","Oddly Smooth Stone","Toxic Egg 2","Symbiotic Virus","Dead Branch","TuHaoJin","Pen Nib","ReplayTheSpireMod:TigerMarble","SteamSale","Replay:Frozen Program","Orrery","Mirror","Prayer Wheel","Prayer Wheel"],"acts_visited":["Gensokyo:Gensokyo"],"potions_floor_usage":[],"damage_taken":[{"damage":0,"enemies":"Gensokyo:3_Fairies","floor":1,"turns":3},{"damage":2,"enemies":"Gensokyo:2_Kodama","floor":2,"turns":3},{"damage":0,"enemies":"Gensokyo:Python","floor":3,"turns":3},{"damage":1,"enemies":"Gensokyo:Kitsune","floor":4,"turns":2},{"damage":5,"enemies":"Gensokyo:CorruptedTreant","floor":5,"turns":3},{"damage":0,"enemies":"Gensokyo:Aya","floor":6,"turns":5},{"damage":0,"enemies":"Gensokyo:Mamizou","floor":7,"turns":4},{"damage":0,"enemies":"Gensokyo:Aya","floor":8,"turns":1},{"damage":0,"enemies":"Gensokyo:Mamizou","floor":10,"turns":2},{"damage":14,"enemies":"Gensokyo:Aya","floor":12,"turns":3},{"damage":17,"enemies":"Gensokyo:Cirno","floor":13,"turns":10}],"seed_played":"-1985004177514650631","potions_obtained":[{"floor":1,"key":"Explosive Potion"},{"floor":4,"key":"BlessingOfTheForge"}],"is_trial":true,"path_per_floor":["M","M","M","M","M","E","E","E","T","E","COS","E","E"],"character_chosen":"DEFECT","items_purchased":[],"campfire_rested":0,"item_purchase_floors":[],"current_hp_per_floor":[67,68,71,71,67,72,73,74,74,75,75,62,52,52],"gold":273,"neow_bonus":"","is_daily":false,"chose_seed":false,"campfire_upgraded":0,"win_rate":0.0,"timestamp":1608872230,"path_taken":["M","M","M","M","M","E","E","E","T","E","COS","E","E"],"items_purchased_type":[],"build_version":"2020-12-22","purchased_purges":0,"victory":false,"max_hp_per_floor":[71,71,71,71,71,72,73,74,74,75,75,76,76,76],"card_choices":[{"not_picked":["MostiFishMod:Prepare","ElectricPowerLearning","MostiFishMod:Overload+1","MostiFishMod:StarOceanB+1","Hyperbeam","MostiFishMod:Hijack+1"],"picked":"MostiFishMod:ReadyAimFire+1","floor":6},{"not_picked":["Fission+1","MostiFishMod:IntelligentEquipment","MostiFishMod:Distribution+1","Thunder Strike","MostiFishMod:Tomorrow+1","MostiFishMod:StarOceanB+1"],"picked":"Creative AI","floor":7},{"not_picked":["Machine Learning","Buffer","MostiFishMod:Prepare","MostiFishMod:ReadyAimFire+1"],"picked":"Seek+1","floor":8},{"not_picked":["REME_ForAll","MostiFishMod:IceShield+1","REME_Shoggoth","MostiFishMod:StarOceanB+1"],"picked":"MostiFishMod:ActiveDefenseSystem","floor":10},{"not_picked":["REME_Compress+1","Beam Cell","Reprogram+1","Streamline"],"picked":"Coolheaded+1","floor":11},{"not_picked":["Leap+1","Coolheaded+1","BasicCrystalCard+1","Steam+1"],"picked":"Defragment","floor":11},{"not_picked":["Electrodynamics","MostiFishMod:InterfaceCompatibility","REME_Shoggoth","Amplify+1","Fission+1","Creative AI"],"picked":"ReplayTheSpireMod:Fabricate Wheel+1","floor":12}],"player_experience":651224,"relics_obtained":[{"floor":1,"key":"testmod-TurbochargingSystem"},{"floor":1,"key":"SynthV:TestCard"},{"floor":2,"key":"DeathBook"},{"floor":3,"key":"DataDisk"},{"floor":4,"key":"Oddly Smooth Stone"},{"floor":5,"key":"Toxic Egg 2"},{"floor":6,"key":"Symbiotic Virus"},{"floor":7,"key":"Dead Branch"},{"floor":8,"key":"TuHaoJin"},{"floor":9,"key":"Pen Nib"},{"floor":10,"key":"ReplayTheSpireMod:TigerMarble"},{"floor":12,"key":"Mirror"}],"event_choices":[],"is_beta":false,"boss_relics":[],"items_purged_floors":[],"is_endless":true,"potions_floor_spawned":[1,4,6,12],"killed_by":"Gensokyo:Cirno","ascension_level":20}}