{"host":"3yynf0dn84873kbr","time":1608919447,"event":{"mods":["Act Like it!","BaseMod","CapriCore","Minty Spire (QoL Compilation)","Pale of the Ancients","StSLib","The Alterego","The Gatherer","Yakumo Yukari mod","[IsaacMod]ÒÔÈö¼âËþ"],"gold_per_floor":[112,129,129,129,154,154,154,217,272,272,272,272],"floor_reached":10,"playtime":424,"items_purged":[],"score":56,"play_id":"08b76169-0703-4211-b3d2-7b87428452a5","local_time":"20201226020407","is_ascension_mode":false,"metric_token":661,"campfire_choices":[{"data":"Gatherer:TreeGrowth","floor":6.0,"key":"SMITH"}],"circlet_count":0,"master_deck":["Gatherer:Strike_Gatherer","Gatherer:Strike_Gatherer","Gatherer:Strike_Gatherer","Gatherer:Strike_Gatherer","Gatherer:Strike_Gatherer","Gatherer:Defend_Gatherer","Gatherer:Defend_Gatherer","Gatherer:Defend_Gatherer","Gatherer:Defend_Gatherer","Gatherer:Defend_Gatherer","Gatherer:Centralize","Gatherer:FlowerWhip","Dramatic Entrance+1","Gatherer:FruitForce","Gatherer:TreeGrowth+1","Gatherer:FruitForce","Gatherer:WoolGloves","Gatherer:FlowerShield","Gatherer:Uplift","Gatherer:Enchant","Gatherer:SaveValuables","Gatherer:EnergyBasket"],"relics":["Gatherer:AlchemyBag","HushsDoor","KeepersGift","Golden Idol","Blue Candle","Gatherer:MistGenerator","Boot"],"acts_visited":["Exordium"],"potions_floor_usage":[],"damage_taken":[{"damage":0.0,"enemies":"Cultist","floor":1.0,"turns":3.0},{"damage":0.0,"enemies":"Jaw Worm","floor":2.0,"turns":3.0},{"damage":0.0,"enemies":"2 Louse","floor":5.0,"turns":1.0},{"damage":42.0,"enemies":"Hiden Room Battle","floor":8.0,"turns":5.0},{"damage":5,"enemies":"Lagavulin","floor":10,"turns":2}],"seed_played":"8071432722788039077","potions_obtained":[{"floor":1.0,"key":"BottledMiracle"},{"floor":5.0,"key":"Ancient Potion"}],"is_trial":false,"path_per_floor":["M","M","?","?","M","R","?","?","T","E"],"character_chosen":"THE_GATHERER","items_purchased":[],"campfire_rested":0,"item_purchase_floors":[],"current_hp_per_floor":[76,76,76,57,61,61,61,4,4,0,0,0],"gold":272,"neow_bonus":"RANDOM_COLORLESS","is_daily":false,"chose_seed":false,"campfire_upgraded":1,"win_rate":0.0,"timestamp":1608919447,"path_taken":["M","?","?","?","M","R","?","?","T","E"],"items_purchased_type":[],"build_version":"2020-12-22","purchased_purges":0,"victory":false,"max_hp_per_floor":[76,76,76,76,80,80,80,80,80,80,80,80],"card_choices":[{"not_picked":[],"picked":"ChaosCard","floor":0.0},{"not_picked":["Jack Of All Trades","Bandage Up"],"picked":"Dramatic Entrance","floor":0.0},{"not_picked":["Gatherer:Transmute","Gatherer:Pollute"],"picked":"Gatherer:FruitForce","floor":1.0},{"not_picked":["Gatherer:GatherMaterial","Gatherer:RecipeChange"],"picked":"Gatherer:TreeGrowth","floor":2.0},{"not_picked":["Gatherer:PotentialSlash","Gatherer:DrugPower"],"picked":"Gatherer:FruitForce","floor":5.0},{"not_picked":["Gatherer:Herbalism","Gatherer:Convert"],"picked":"Gatherer:EnergyBasket","floor":8.0}],"player_experience":112551,"relics_obtained":[{"floor":8.0,"key":"Blue Candle"},{"floor":8.0,"key":"Gatherer:MistGenerator"},{"floor":9.0,"key":"Boot"}],"event_choices":[{"damage_healed":0.0,"max_hp_gain":0.0,"max_hp_loss":0.0,"gold_gain":0.0,"event_name":"Living Wall","player_choice":"Grow","floor":3.0,"gold_loss":0.0,"damage_taken":0.0,"cards_upgraded":["Dramatic Entrance"]},{"damage_healed":0.0,"max_hp_gain":0.0,"max_hp_loss":0.0,"gold_gain":0.0,"event_name":"Golden Idol","player_choice":"Take Damage","floor":4.0,"gold_loss":0.0,"damage_taken":19.0,"relics_obtained":["Golden Idol"]},{"damage_healed":0.0,"max_hp_gain":0.0,"max_hp_loss":0.0,"gold_gain":0.0,"event_name":"HidenRoomEvent","player_choice":"Fight","floor":8.0,"gold_loss":0.0,"damage_taken":0.0}],"is_beta":false,"boss_relics":[],"items_purged_floors":[],"is_endless":false,"potions_floor_spawned":[1,5],"killed_by":"Lagavulin","ascension_level":0}}