{"host":"51f0ad793vly1w6u","time":1608865560,"event":{"mods":["BaseMod","Colored Map","DeckTracker","Minty Spire (QoL Compilation)","StSLib","SuperFastMode"],"gold_per_floor":[115,190,190,215,365,365,408,408,408,408,77,92,92,105,105,198,261,279,304,304,304],"floor_reached":20,"playtime":336,"items_purged":["Doubt"],"score":394,"play_id":"b6740ddd-7454-4163-a224-bb67ce03cc92","local_time":"20201225120600","is_ascension_mode":true,"campfire_choices":[{"data":"Cloak And Dagger","floor":6.0,"key":"SMITH"},{"data":"Prepared","floor":8.0,"key":"SMITH"},{"data":"Neutralize","floor":10.0,"key":"SMITH"},{"data":"Eviscerate","floor":13.0,"key":"SMITH"},{"data":"Envenom","floor":15.0,"key":"SMITH"}],"circlet_count":0,"master_deck":["AscendersBane","Strike_G","Strike_G","Strike_G","Strike_G","Strike_G","Defend_G","Defend_G","Defend_G","Defend_G","Defend_G","Survivor","Neutralize+1","Underhanded Strike","Cloak And Dagger+1","Prepared+1","Eviscerate+1","Dagger Throw+1","Envenom+1","Tools of the Trade","Well Laid Plans","Blade Dance"],"relics":["Ring of the Snake","NeowsBlessing","Golden Idol","Ancient Tea Set","Bottled Flame","Oddly Smooth Stone","Tiny House"],"acts_visited":["Exordium","TheCity"],"potions_floor_usage":[20],"damage_taken":[{"damage":0.0,"enemies":"Small Slimes","floor":1.0,"turns":1.0},{"damage":0.0,"enemies":"2 Louse","floor":4.0,"turns":1.0},{"damage":0.0,"enemies":"3 Sentries","floor":7.0,"turns":1.0},{"damage":0.0,"enemies":"Jaw Worm","floor":12.0,"turns":1.0},{"damage":5.0,"enemies":"Gremlin Gang","floor":14.0,"turns":4.0},{"damage":34.0,"enemies":"Hexaghost","floor":16.0,"turns":12.0},{"damage":11.0,"enemies":"2 Thieves","floor":18.0,"turns":4.0},{"damage":20.0,"enemies":"3 Byrds","floor":19.0,"turns":7.0},{"damage":25,"enemies":"Snecko","floor":20,"turns":3}],"seed_played":"-2253570865397372834","potions_obtained":[{"floor":12.0,"key":"Ancient Potion"},{"floor":16.0,"key":"GamblersBrew"},{"floor":18.0,"key":"CunningPotion"}],"is_trial":false,"path_per_floor":["M","?","?","M","?","R","E","R","T","R","$","M","R","M","R","B",null,"M","M","M"],"character_chosen":"THE_SILENT","items_purchased":["Eviscerate","Oddly Smooth Stone"],"campfire_rested":0,"item_purchase_floors":[11,11],"current_hp_per_floor":[59,48,48,48,48,48,48,48,48,48,48,48,48,43,43,9,52,41,21,0,0],"gold":304,"neow_bonus":"THREE_ENEMY_KILL","is_daily":false,"chose_seed":false,"campfire_upgraded":5,"win_rate":0.0,"timestamp":1608865560,"path_taken":["M","?","?","M","?","R","E","R","T","R","?","M","R","M","R","BOSS","M","?","M"],"items_purchased_type":["Card","Relic"],"build_version":"2020-12-22","purchased_purges":1,"victory":false,"max_hp_per_floor":[66,66,60,60,60,60,60,60,60,60,60,60,60,60,60,60,65,65,65,65,65],"card_choices":[{"not_picked":["Bane","Acrobatics"],"picked":"Underhanded Strike","floor":1.0},{"not_picked":["Outmaneuver","Concentrate"],"picked":"Cloak And Dagger","floor":4.0},{"not_picked":["Choke","Outmaneuver"],"picked":"Prepared","floor":7.0},{"not_picked":["Crippling Poison","Prepared"],"picked":"Dagger Throw","floor":12.0},{"not_picked":["Riddle With Holes","Underhanded Strike"],"picked":"Envenom","floor":14.0},{"not_picked":["Grand Finale","Corpse Explosion"],"picked":"Tools of the Trade","floor":16.0},{"not_picked":["Choke","Dagger Spray"],"picked":"Well Laid Plans","floor":17.0},{"not_picked":["Prepared","Setup","Caltrops"],"picked":"SKIP","floor":18.0},{"not_picked":["Dash","Heel Hook"],"picked":"Blade Dance","floor":19.0}],"player_experience":1376510,"relics_obtained":[{"floor":7.0,"key":"Ancient Tea Set"},{"floor":9.0,"key":"Bottled Flame"}],"event_choices":[{"damage_healed":0.0,"max_hp_gain":0.0,"max_hp_loss":0.0,"gold_gain":75.0,"event_name":"World of Goop","player_choice":"Gather Gold","floor":2.0,"gold_loss":0.0,"damage_taken":11.0},{"damage_healed":0.0,"max_hp_gain":0.0,"max_hp_loss":6.0,"gold_gain":0.0,"event_name":"Golden Idol","player_choice":"Lose Max HP","floor":3.0,"gold_loss":0.0,"damage_taken":0.0,"relics_obtained":["Golden Idol"]},{"damage_healed":0.0,"max_hp_gain":0.0,"max_hp_loss":0.0,"gold_gain":150.0,"event_name":"Liars Game","player_choice":"AGREE","floor":5.0,"gold_loss":0.0,"damage_taken":0.0,"cards_obtained":["Doubt"]}],"is_beta":false,"boss_relics":[{"not_picked":["SacredBark","Runic Dome"],"picked":"Tiny House"}],"items_purged_floors":[11],"is_endless":false,"potions_floor_spawned":[12,16,18],"killed_by":"Snecko","ascension_level":20}}