{"host":"ssbj2e5691x5ub3h","time":1608900392,"event":{"mods":["BaseMod","Duelist Mod","Minty Spire (QoL Compilation)","StSLib"],"gold_per_floor":[143,161,176,195,120,120,120,120,143,43,278,278,309,329,329,429,429,441,441,183,183,201,234,234,266,266,285,298,315,326,18,18,114,114,133,152,162,176,196,196,196],"floor_reached":40,"playtime":2147,"items_purged":["theDuelist:PowerMetronome","Regret"],"score":784,"play_id":"f962a50e-d039-4e4b-b810-1c66dea4e908","local_time":"20201225104632","is_ascension_mode":true,"campfire_choices":[{"data":"theDuelist:OrbMetronome","floor":6.0,"key":"SMITH"},{"data":"theDuelist:OrbMetronome","floor":8.0,"key":"SMITH"},{"data":"theDuelist:RareMonsterMetronome","floor":12.0,"key":"SMITH"},{"floor":15.0,"key":"REST"},{"floor":24.0,"key":"REST"},{"floor":32.0,"key":"REST"}],"circlet_count":0,"master_deck":["theDuelist:BlockMetronome","theDuelist:SkillMetronome","theDuelist:AttackMetronome+1","theDuelist:AttackMetronome","theDuelist:UncommonAttackMetronome","theDuelist:DragonMetronome","theDuelist:DragonMetronome","theDuelist:RareSkillMetronome","theDuelist:SkillMetronome","theDuelist:MagnetMetronome","theDuelist:ShiranuiMetronome","theDuelist:AttackMetronome+1","theDuelist:CombatMetronome","theDuelist:BlockMetronome","theDuelist:RareAttackMetronome","theDuelist:RareMonsterMetronome+1","theDuelist:BlockMetronome","theDuelist:RareBlockMetronome","theDuelist:Metronome+1","theDuelist:UndeadMetronome","theDuelist:AttackMetronome","theDuelist:MachineMonsterMetronome+1","theDuelist:RockMetronome","theDuelist:OrbMetronome+1","theDuelist:TrapMetronome","theDuelist:Metronome","theDuelist:BlockMetronome+1","theDuelist:OrbMetronome+1","theDuelist:Metronome","theDuelist:AttackTrapMetronome+1","theDuelist:ArcaneMetronome","theDuelist:MagnetMetronome+1","theDuelist:AttackMetronome+1","theDuelist:ArcaneSpellMetronome","theDuelist:RareSpireMetronome+1","theDuelist:RareAttackMetronome"],"relics":["theDuelist:MillenniumPuzzle","theDuelist:CardPoolRelic","theDuelist:CardPoolBasicRelic","theDuelist:BoosterPackPoolRelic","theDuelist:CardPoolAddRelic","theDuelist:CardPoolMinusRelic","theDuelist:CardPoolSaveRelic","theDuelist:CardPoolOptionsRelic","Potion Belt","theDuelist:MillenniumRod","theDuelist:MillenniumCoin","Whetstone","Fusion Hammer","Pantograph","theDuelist:MetronomeRelicD","War Paint","Bronze Scales","Bag of Preparation","Happy Flower","theDuelist:MerchantPendant","theDuelist:GamblerChip"],"acts_visited":["Exordium","TheCity","TheBeyond"],"potions_floor_usage":[],"damage_taken":[{"damage":1.0,"enemies":"Cultist","floor":1.0,"turns":3.0},{"damage":0.0,"enemies":"2 Louse","floor":2.0,"turns":2.0},{"damage":6.0,"enemies":"Jaw Worm","floor":3.0,"turns":5.0},{"damage":6.0,"enemies":"Exordium Thugs","floor":4.0,"turns":4.0},{"damage":0.0,"enemies":"3 Sentries","floor":11.0,"turns":2.0},{"damage":9.0,"enemies":"Gremlin Nob","floor":13.0,"turns":3.0},{"damage":6.0,"enemies":"Exordium Wildlife","floor":14.0,"turns":3.0},{"damage":0.0,"enemies":"The Guardian","floor":16.0,"turns":8.0},{"damage":0.0,"enemies":"Spheric Guardian","floor":18.0,"turns":3.0},{"damage":0.0,"enemies":"Shell Parasite","floor":22.0,"turns":4.0},{"damage":4.0,"enemies":"Book of Stabbing","floor":23.0,"turns":4.0},{"damage":22.0,"enemies":"Slavers","floor":25.0,"turns":4.0},{"damage":1.0,"enemies":"Chosen and Byrds","floor":27.0,"turns":3.0},{"damage":0.0,"enemies":"Cultist and Chosen","floor":28.0,"turns":4.0},{"damage":12.0,"enemies":"Shelled Parasite and Fungi","floor":29.0,"turns":3.0},{"damage":0.0,"enemies":"Snecko","floor":30.0,"turns":4.0},{"damage":0.0,"enemies":"Champ","floor":33.0,"turns":9.0},{"damage":0.0,"enemies":"3 Shapes","floor":35.0,"turns":2.0},{"damage":0.0,"enemies":"Orb Walker","floor":36.0,"turns":3.0},{"damage":16.0,"enemies":"3 Darklings","floor":37.0,"turns":4.0},{"damage":49.0,"enemies":"Writhing Mass","floor":38.0,"turns":3.0},{"damage":0.0,"enemies":"Sphere and 2 Shapes","floor":39.0,"turns":3.0},{"damage":27,"enemies":"Reptomancer","floor":40,"turns":2}],"seed_played":"-8709562190444290647","potions_obtained":[{"floor":1.0,"key":"theDuelist:WaterBottle"},{"floor":4.0,"key":"Ancient Potion"},{"floor":13.0,"key":"theDuelist:BurningPotionB"},{"floor":18.0,"key":"theDuelist:BottledKuriboh"},{"floor":23.0,"key":"Dexterity Potion"},{"floor":29.0,"key":"ColorlessPotion"},{"floor":39.0,"key":"PowerPotion"}],"is_trial":false,"path_per_floor":["M","M","M","M","$","R","?","R","T","$","E","R","E","M","R","B",null,"M","?","$","?","M","E","R","E","T","M","M","M","M","$","R","B",null,"M","M","M","M","M","E"],"character_chosen":"THE_DUELIST","items_purchased":["Pantograph","Bag of Preparation","Happy Flower","theDuelist:MerchantPendant"],"campfire_rested":3,"item_purchase_floors":[20,31,31,31],"current_hp_per_floor":[79,79,73,67,67,67,67,67,67,67,67,67,58,52,76,76,79,79,80,80,80,80,76,80,58,58,57,57,45,45,45,69,80,80,80,80,64,15,15,0,0],"gold":196,"neow_bonus":"ONE_RANDOM_RARE_CARD","is_daily":false,"chose_seed":false,"campfire_upgraded":3,"win_rate":0.0,"timestamp":1608900392,"path_taken":["M","M","M","?","$","R","?","R","T","$","E","R","E","M","R","BOSS","M","?","$","?","?","E","R","E","T","M","M","M","M","$","R","BOSS","M","M","M","M","M","E"],"items_purchased_type":["Relic","Relic","Relic","Relic"],"build_version":"2020-12-22","purchased_purges":2,"victory":false,"max_hp_per_floor":[80,80,80,80,80,80,80,80,80,80,80,80,80,80,80,80,80,80,80,80,80,80,80,80,80,80,80,80,80,80,80,80,80,80,80,80,80,80,80,80,80],"card_choices":[{"not_picked":["theDuelist:StartingDeckMetronome","theDuelist:PredaplantMetronome","theDuelist:CommonSpireMetronome","theDuelist:OjamaMetronome"],"picked":"theDuelist:OrbMetronome","floor":1.0},{"not_picked":["theDuelist:UncommonMetronome","theDuelist:StampedingMetronome","theDuelist:RareMetronome","theDuelist:MachineMetronome"],"picked":"theDuelist:OrbMetronome","floor":2.0},{"not_picked":["theDuelist:UncommonMonsterMetronome","theDuelist:RoseMetronome","theDuelist:RecklessMetronome","theDuelist:AttackTrapMetronome"],"picked":"theDuelist:RareSkillMetronome","floor":3.0},{"not_picked":["theDuelist:WyrmMetronome","theDuelist:StartingDeckMetronome","theDuelist:NaturiaMetronome","theDuelist:InsectMetronome"],"picked":"theDuelist:MagnetMetronome","floor":4.0},{"not_picked":["theDuelist:RareSkillMetronome","theDuelist:MetalRaidersMetronome","theDuelist:MachineMonsterMetronome","theDuelist:BugMetronome"],"picked":"theDuelist:UndeadMetronome","floor":11.0},{"not_picked":["theDuelist:WyrmMetronome","theDuelist:NaturiaMetronome","theDuelist:DinosaurMetronome","theDuelist:DeskbotMetronome"],"picked":"theDuelist:DragonMetronome","floor":13.0},{"not_picked":["theDuelist:UndeadMetronome","theDuelist:TidalMetronome","theDuelist:FieldMetronome","theDuelist:AncientMetronome"],"picked":"theDuelist:RareAttackMetronome","floor":14.0},{"not_picked":["theDuelist:RockMetronome","theDuelist:PlantMetronome","theDuelist:PelagicMetronome","theDuelist:MaliciousMetronome"],"picked":"theDuelist:CombatMetronome","floor":16.0},{"not_picked":["theDuelist:MetalRaidersMetronome","theDuelist:MachineMetronome","theDuelist:AttackTrapMetronome","theDuelist:AncientMetronome"],"picked":"theDuelist:MachineMonsterMetronome+1","floor":18.0},{"not_picked":["theDuelist:UndeadMetronome+1","theDuelist:UncommonMonsterMetronome","theDuelist:SpellcasterMetronome","theDuelist:AquaMetronome"],"picked":"theDuelist:DragonMetronome","floor":22.0},{"not_picked":["theDuelist:RoseMetronome","theDuelist:MaliciousMetronome","theDuelist:MachineMetronome","theDuelist:CyberMetronome"],"picked":"theDuelist:RockMetronome","floor":23.0},{"not_picked":["theDuelist:UndeadMetronome","theDuelist:DinosaurMetronome","theDuelist:ArcaneSpellMetronome","theDuelist:AncientMetronome"],"picked":"theDuelist:ShiranuiMetronome","floor":25.0},{"not_picked":["theDuelist:TidalMetronome","theDuelist:ThalassicMetronome","theDuelist:SpellMetronome","theDuelist:AquaMetronome+1"],"picked":"theDuelist:RareBlockMetronome","floor":27.0},{"not_picked":["theDuelist:RareMonsterMetronome","theDuelist:NaturiaMetronome","theDuelist:LegendBlueEyesMetronome","theDuelist:FiendMetronome"],"picked":"theDuelist:Metronome","floor":28.0},{"not_picked":["theDuelist:SpellMetronome","theDuelist:RoseMetronome","theDuelist:PelagicMetronome","theDuelist:InsectMetronome"],"picked":"theDuelist:AttackTrapMetronome+1","floor":29.0},{"not_picked":["theDuelist:UncommonMetronome","theDuelist:RareNatureMetronome+1","theDuelist:PredaplantMetronome","theDuelist:BlockSpellMetronome"],"picked":"theDuelist:ArcaneMetronome","floor":30.0},{"not_picked":["theDuelist:UncommonMetronome","theDuelist:TokenMetronome","theDuelist:OverflowMetronome","theDuelist:AttackMetronome"],"picked":"theDuelist:MagnetMetronome+1","floor":33.0},{"not_picked":["theDuelist:SpireMetronome","theDuelist:PotMetronome+1","theDuelist:MaliciousMetronome+1","theDuelist:LegendBlueEyesMetronome"],"picked":"theDuelist:MegatypeMetronome","floor":35.0},{"not_picked":["theDuelist:WarriorMetronome","theDuelist:PlantMetronome","theDuelist:PelagicMetronome+1","theDuelist:OjamaMetronome"],"picked":"theDuelist:AttackMetronome+1","floor":36.0},{"not_picked":["theDuelist:TidalMetronome","theDuelist:ShiranuiMetronome+1","theDuelist:RarePowerMetronome","theDuelist:CombatMetronome+1"],"picked":"theDuelist:ArcaneSpellMetronome","floor":37.0},{"not_picked":["theDuelist:RoseMetronome+1","theDuelist:MetalRaidersMetronome","theDuelist:MayakashiMetronome+1","theDuelist:AncientMetronome"],"picked":"theDuelist:RareSpireMetronome+1","floor":38.0},{"not_picked":["theDuelist:VampireMetronome+1","theDuelist:TrapMetronome+1","theDuelist:RarePowerMetronome+1","theDuelist:FieldMetronome"],"picked":"theDuelist:RareAttackMetronome","floor":39.0}],"player_experience":212603,"relics_obtained":[{"floor":9.0,"key":"theDuelist:MillenniumRod"},{"floor":11.0,"key":"theDuelist:MillenniumCoin"},{"floor":13.0,"key":"Whetstone"},{"floor":23.0,"key":"theDuelist:MetronomeRelicD"},{"floor":25.0,"key":"War Paint"},{"floor":26.0,"key":"Bronze Scales"}],"event_choices":[{"damage_healed":0.0,"max_hp_gain":0.0,"max_hp_loss":0.0,"gold_gain":0.0,"event_name":"Big Fish","player_choice":"Box","floor":7.0,"gold_loss":0.0,"damage_taken":0.0,"relics_obtained":["Potion Belt"],"cards_obtained":["Regret"]},{"damage_healed":1.0,"max_hp_gain":0.0,"max_hp_loss":0.0,"gold_gain":0.0,"event_name":"Wheel of Change","player_choice":"Full Heal","floor":19.0,"gold_loss":0.0,"damage_taken":0.0},{"damage_healed":0.0,"max_hp_gain":0.0,"max_hp_loss":0.0,"gold_gain":0.0,"event_name":"Beggar","player_choice":"Ignored","floor":21.0,"gold_loss":0.0,"damage_taken":0.0}],"is_beta":false,"boss_relics":[{"not_picked":["Runic Cube","Tiny House"],"picked":"Fusion Hammer"},{"not_picked":["Runic Pyramid","theDuelist:HauntedRelic"],"picked":"theDuelist:GamblerChip"}],"items_purged_floors":[5,10],"is_endless":false,"potions_floor_spawned":[1,4,13,18,23,29,39],"killed_by":"Reptomancer","ascension_level":5}}