{"host":"3q8x5nua6nulvkr6","time":1608862830,"event":{"mods":["Aspiration","BaseMod","Better Note","BetterRewards","Colored Map","Colored Powertips","Conspire","GifTheSpireLib","Hubris","Infinite Spire","Minty Spire (QoL Compilation)","Rare Cards Sparkle","Replay The Spire","StSLib","Stuff the Spire","Wandering Minibosses"],"gold_per_floor":[115,115,134,59,76,76,102,2,51,51,51,80,91,110,110,213,213,227,227,72,72,72,98,112,112,112,147,147,57,57,90,90,191,191,206,206,206,219,56,84,84,113,113,113,132,132,164,164,164,164],"floor_reached":51,"playtime":1902,"items_purged":["Doom and Gloom","Beam Cell","StuffTheSpire:ShieldGenerator"],"score":880,"play_id":"e2a2eee6-8fb9-42eb-9292-534e7428f571","local_time":"20201224212030","daily_mods":["SealedDeck"],"is_ascension_mode":true,"campfire_choices":[{"data":"Leap","floor":6,"key":"SMITH"},{"data":"Beam Cell","floor":11,"key":"SMITH"},{"data":"ReplayTheSpireMod:Omega Cannon","floor":15,"key":"SMITH"},{"floor":28,"key":"REST"},{"data":"infinitespire:TheBestDefense","floor":30,"key":"SMITH"},{"data":"Hologram","floor":32,"key":"SMITH"},{"data":"Gash","floor":41,"key":"SMITH"},{"data":"All For One","floor":46,"key":"SMITH"},{"floor":49,"key":"REST"}],"circlet_count":0,"master_deck":["Beam Cell+1","Leap+1","Gash+1","Core Surge+1","conspire:DoublingDagger+1","Hologram+1","infinitespire:TheBestDefense+1","All For One+1"],"relics":["Cracked Core","hubris:SlimyHat","Bronze Scales","hubris:TerracottaHorce","Omamori","Juzu Bracelet","BargainBundle","Nuclear Battery","Toy Ornithopter","StuffTheSpire:HeavyRock","BranchBurnRelic","Kintsugi","Bag of Preparation","Strawberry","Ornamental Fan","hubris:Icosahedron","Smiling Mask","SlaversCollar"],"acts_visited":["Exordium","TheCity","TheBeyond"],"potions_floor_usage":[23,45],"damage_taken":[{"damage":0,"enemies":"Cultist","floor":1,"turns":2},{"damage":2,"enemies":"Jaw Worm","floor":3,"turns":2},{"damage":0,"enemies":"2 Louse","floor":5,"turns":2},{"damage":16,"enemies":"Lagavulin","floor":7,"turns":3},{"damage":0,"enemies":"Gremlin Nob","floor":12,"turns":3},{"damage":0,"enemies":"Looter","floor":13,"turns":1},{"damage":0,"enemies":"Blue Slaver","floor":14,"turns":2},{"damage":9,"enemies":"The Guardian","floor":16,"turns":5},{"damage":0,"enemies":"Spheric Guardian","floor":18,"turns":2},{"damage":25,"enemies":"Book of Stabbing","floor":23,"turns":4},{"damage":0,"enemies":"Chosen","floor":24,"turns":2},{"damage":0,"enemies":"Gremlin Leader","floor":27,"turns":2},{"damage":3,"enemies":"Book of Stabbing","floor":31,"turns":3},{"damage":22,"enemies":"conspire:MysteriousRune","floor":33,"turns":4},{"damage":0,"enemies":"3 Darklings","floor":35,"turns":3},{"damage":1,"enemies":"Orb Walker","floor":38,"turns":2},{"damage":0,"enemies":"R_Hoarder","floor":40,"turns":2},{"damage":0,"enemies":"Giant Head","floor":42,"turns":3},{"damage":0,"enemies":"Writhing Mass","floor":45,"turns":1},{"damage":3,"enemies":"R_Hoarder","floor":47,"turns":4},{"damage":1,"enemies":"Replay:Hell Engine","floor":50,"turns":2}],"seed_played":"6804314282435263833","potions_obtained":[{"floor":3,"key":"FearPotion"},{"floor":5,"key":"Energy Potion"},{"floor":12,"key":"SkillPotion"},{"floor":31,"key":"FearPotion"},{"floor":35,"key":"Swift Potion"},{"floor":42,"key":"Regen Potion"}],"is_trial":true,"path_per_floor":["M","?","M","$","M","R","E","$","T","?","R","E","M","M","R","B",null,"M","?","$","?","?","E","M","AVR","T","E","R","?","R","E","R","B",null,"M","?","$","M","$","E","R","E","T","?","M","R","E","AVR","R","B",null],"character_chosen":"DEFECT","items_purchased":["Omamori","All For One"],"campfire_rested":2,"item_purchase_floors":[20,39],"current_hp_per_floor":[75,75,73,73,73,73,57,57,57,72,72,72,72,72,72,63,72,72,72,72,72,72,47,47,47,47,47,69,69,69,66,66,56,70,70,70,70,69,69,69,69,82,82,82,82,82,82,82,82,81],"gold":164,"neow_bonus":"","is_daily":false,"chose_seed":false,"campfire_upgraded":7,"win_rate":0.0,"timestamp":1608862830,"path_taken":["M","?","M","$","?","R","E","$","T","?","R","E","M","M","R","BOSS","M","?","$","?","?","E","M","AVR","T","E","R","?","R","E","R","BOSS","M","?","$","M","?","E","R","E","T","?","M","R","E","AVR","R","BOSS"],"items_purchased_type":["Relic","Card"],"build_version":"2020-12-22","purchased_purges":3,"victory":true,"max_hp_per_floor":[75,75,75,75,75,75,75,75,75,75,75,75,75,75,75,75,75,75,75,75,75,75,75,75,75,75,75,75,75,75,75,75,75,75,75,75,75,75,75,75,75,82,82,82,82,82,82,82,82,82],"card_choices":[{"not_picked":["Barrage","Skim"],"picked":"Rip and Tear","floor":1},{"not_picked":["conspire:SharedLibrary","Streamline","StuffTheSpire:LoadUp"],"picked":"SKIP","floor":3},{"not_picked":["Stack","Chaos","Recycle"],"picked":"SKIP","floor":5},{"not_picked":["BasicCrystalCard","aspiration:Polymerization","StuffTheSpire:NuclearReactor"],"picked":"SKIP","floor":7},{"not_picked":["Barrage","Loop"],"picked":"ReplayTheSpireMod:Omega Cannon","floor":12},{"not_picked":["Stack","ReplayTheSpireMod:System Scan","Sweeping Beam"],"picked":"SKIP","floor":13},{"not_picked":["Gash","Ball Lightning","StuffTheSpire:Synthwave"],"picked":"SKIP","floor":14},{"not_picked":["Meteor Strike","Machine Learning"],"picked":"Core Surge","floor":16},{"not_picked":["Compile Driver","Leap","Conserve Battery"],"picked":"SKIP","floor":18},{"not_picked":["ReplayTheSpireMod:System Scan","Rebound+1","Stack+1"],"picked":"SKIP","floor":23},{"not_picked":["Ball Lightning","BasicCrystalCard"],"picked":"Hologram","floor":24},{"not_picked":["Time Bomb","Rebound"],"picked":"Hologram+1","floor":27},{"not_picked":["Barrage","Panic Button+1","Time Bomb+1"],"picked":"SKIP","floor":31},{"not_picked":["StuffTheSpire:Plugnplay","ReplayTheSpireMod:Dual Polarity+1","White Noise"],"picked":"SKIP","floor":35},{"not_picked":["Steam","Ball Lightning","Leap+1"],"picked":"SKIP","floor":38},{"not_picked":["Chaos+1","Blizzard+1","Leap+1"],"picked":"SKIP","floor":40},{"not_picked":["Beam Cell","Fission","Redo+1"],"picked":"SKIP","floor":42},{"not_picked":["Defragment+1","Go for the Eyes+1","Beam Cell"],"picked":"SKIP","floor":45},{"not_picked":["StuffTheSpire:CleanHardDrive","Redo+1","StuffTheSpire:Rend"],"picked":"SKIP","floor":47}],"player_experience":1022018,"relics_obtained":[{"floor":7,"key":"hubris:SlimyHat"},{"floor":9,"key":"Bronze Scales"},{"floor":23,"key":"Juzu Bracelet"},{"floor":26,"key":"Toy Ornithopter"},{"floor":27,"key":"StuffTheSpire:HeavyRock"},{"floor":31,"key":"Dead Branch"},{"floor":40,"key":"Bag of Preparation"},{"floor":42,"key":"Strawberry"},{"floor":43,"key":"Ornamental Fan"},{"floor":47,"key":"Smiling Mask"}],"event_choices":[{"cards_removed":["conspire:Rain"],"damage_healed":0,"gold_gain":0,"player_choice":"Purged","damage_taken":0,"max_hp_gain":0,"max_hp_loss":0,"event_name":"Purifier","floor":2,"gold_loss":0},{"cards_removed":["Steam"],"damage_healed":0,"gold_gain":0,"player_choice":"Purged","damage_taken":0,"max_hp_gain":0,"max_hp_loss":0,"event_name":"Purifier","floor":19,"gold_loss":0},{"damage_healed":0,"gold_gain":0,"player_choice":"2 cards matched","damage_taken":0,"max_hp_gain":0,"max_hp_loss":0,"event_name":"Match and Keep!","floor":21,"gold_loss":0,"cards_obtained":["Core Surge","StuffTheSpire:ShieldGenerator"]},{"cards_removed":["StuffTheSpire:ShieldGenerator"],"damage_healed":0,"gold_gain":0,"player_choice":"Take \u0026 Give","damage_taken":0,"max_hp_gain":0,"max_hp_loss":0,"event_name":"betterNote:BetterNote","floor":22,"gold_loss":0,"cards_obtained":["conspire:DoublingDagger"]},{"cards_removed":["Coolheaded"],"damage_healed":0,"gold_gain":0,"player_choice":"Upgrade and Remove","damage_taken":0,"max_hp_gain":0,"max_hp_loss":0,"event_name":"Designer","floor":29,"gold_loss":90,"cards_upgraded":["Core Surge"]},{"cards_removed":["Rebound"],"damage_healed":0,"gold_gain":0,"player_choice":"Purged","damage_taken":0,"max_hp_gain":0,"max_hp_loss":0,"event_name":"Purifier","floor":36,"gold_loss":0}],"is_beta":false,"boss_relics":[{"not_picked":["aspiration:SilentSkillbook","Honey Jar"],"picked":"hubris:TerracottaHorce"},{"not_picked":["Calling Bell","conspire:SeveredTorchhead"],"picked":"Kintsugi"}],"items_purged_floors":[4,8,25],"is_endless":false,"potions_floor_spawned":[3,5,12,31,33,35,42,45],"ascension_level":1}}