{"host":"ormi09wwzv7sq47a","time":1608874275,"event":{"mods":["2.2 Compatiblity","AchievementEnabler","Act Like it!","BaseMod","Better Note","Better Vampires","Colored Map","Colored Powertips","DeckTracker","Downfall","Hermit","Highlight Path","Jorbs\u0027s Wanderer Trilogy","Minty Spire (QoL Compilation)","Permanent Neow","Quick Restart","Rare Cards Sparkle","Relic Stats","Shop Mod","StSLib","The Cursed","The Hierophant","The Jungle","The Servant 0.9.4"],"gold_per_floor":[209,209,15,15,31,31,59,59,59,77,77,91,108,123,123,219,219,238,153,163,39,52,52,85,85,85,85,85,101,114,114,114,209,209,228,228,245,258,258,258,258],"floor_reached":39,"playtime":1997,"items_purged":["Slimebound:Strike_Slimebound","Slimebound:Strike_Slimebound"],"score":621,"play_id":"eeebbc96-50be-4b56-bde4-d031185b8b3a","local_time":"20201225023115","is_ascension_mode":true,"campfire_choices":[{"data":"Slimebound:Split","floor":6.0,"key":"SMITH"},{"data":"Slimebound:LeechEnergy","floor":8,"key":"SMITH"},{"data":"Slimebound:RainOfGoop","floor":11,"key":"SMITH"},{"data":"Slimebound:CorrosiveSpit","floor":15,"key":"SMITH"},{"data":"Slimebound:FormOfPuddle","floor":23,"key":"SMITH"},{"data":"Slimebound:SlimeSpikes","floor":28,"key":"SMITH"},{"data":"Slimebound:Dissolve","floor":32,"key":"SMITH"}],"circlet_count":0,"master_deck":["Slimebound:Defend_Slimebound+1","Slimebound:Defend_Slimebound+1","Slimebound:Split+1","Slimebound:CorrosiveSpit+1","Slimebound:GoopSpray+1","Slimebound:LeechLife","Slimebound:LeechEnergy+1","Slimebound:RainOfGoop+1","Slimebound:Dissolve+1","Slimebound:DuplicatedForm+1","Slimebound:Equalize","Slimebound:LeadByExample+1","Slimebound:AcidTongue+1","Slimebound:FormOfPuddle+1","Slimebound:SlimeSpikes+1","Slimebound:GrowthPunch+1","Slimebound:Gluttony+1","Slimebound:Recycling+1","Slimebound:FirmFortitude+1","Slimebound:LeechingTouch+1","Slimebound:HauntingLick+1"],"relics":["Slimebound:AbsorbEndCombat","Membership Card","Guardian:PocketSentry","Frozen Egg 2","Empty Cage","War Paint","Strawberry","Molten Egg 2","Potion Belt","SacredBark"],"acts_visited":["Exordium","TheCity","TheBeyond"],"potions_floor_usage":[16,18,24,24,24,33,35,38],"damage_taken":[{"damage":17.0,"enemies":"Jaw Worm","floor":1.0,"turns":5.0},{"damage":4.0,"enemies":"Small Slimes","floor":5.0,"turns":4.0},{"damage":32,"enemies":"Lagavulin","floor":7,"turns":7},{"damage":9,"enemies":"2 Louse","floor":10,"turns":3},{"damage":8,"enemies":"Large Slime","floor":12,"turns":4},{"damage":17,"enemies":"2 Fungi Beasts","floor":13,"turns":2},{"damage":3,"enemies":"Looter","floor":14,"turns":2},{"damage":9,"enemies":"Slime Boss","floor":16,"turns":8},{"damage":33,"enemies":"2 Thieves","floor":18,"turns":3},{"damage":8,"enemies":"Chosen","floor":20,"turns":3},{"damage":33,"enemies":"Centurion and Healer","floor":22,"turns":5},{"damage":70,"enemies":"Slavers","floor":24,"turns":6},{"damage":35,"enemies":"Snake Plant","floor":29,"turns":3},{"damage":23,"enemies":"Sentry and Sphere","floor":30,"turns":5},{"damage":39,"enemies":"Collector","floor":33,"turns":8},{"damage":50,"enemies":"3 Darklings","floor":35,"turns":6},{"damage":27,"enemies":"3 Shapes","floor":37,"turns":4},{"damage":41,"enemies":"Spire Growth","floor":38,"turns":5},{"damage":77,"enemies":"2 Orb Walkers","floor":39,"turns":5}],"seed_played":"-6226450835435222943","potions_obtained":[{"floor":5.0,"key":"LiquidBronze"},{"floor":7,"key":"sneckomod:MuddlingPotion"},{"floor":10,"key":"DistilledChaos"},{"floor":12,"key":"Regen Potion"},{"floor":20,"key":"Ancient Potion"},{"floor":30,"key":"Explosive Potion"},{"floor":33,"key":"SkillPotion"},{"floor":37,"key":"Weak Potion"}],"is_trial":false,"path_per_floor":["M","?","$","?","M","R","E","R","T","M","R","M","M","M","R","B",null,"M","?","M","$","M","R","E","?","T","?","R","M","M","T","R","B",null,"M","?","M","M","?"],"character_chosen":"SLIMEBOUND","items_purchased":["Membership Card","Slimebound:AcidTongue+1","Regen Potion"],"campfire_rested":0,"item_purchase_floors":[3,21,21],"current_hp_per_floor":[45,38,38,26,28,28,42,42,42,57,57,60,60,60,60,60,60,44,44,60,60,56,56,23,23,23,45,45,41,36,36,36,58,65,67,67,67,67,0,0,0],"gold":258,"neow_bonus":"HUNDRED_GOLD","is_daily":false,"chose_seed":false,"campfire_upgraded":7,"win_rate":0.0,"timestamp":1608874275,"path_taken":["M","?","$","?","M","R","E","R","T","M","R","M","M","M","R","BOSS","M","?","M","$","M","R","E","?","T","?","R","M","M","?","R","BOSS","M","?","M","M","?"],"items_purchased_type":["Relic","Card","Potion"],"build_version":"2020-12-22","purchased_purges":2,"victory":false,"max_hp_per_floor":[60,60,60,60,60,60,60,60,60,60,60,60,60,60,60,60,60,60,60,60,60,60,60,67,67,67,67,67,67,67,67,67,67,67,67,67,67,67,67,67,67],"relic_stats":{"counters":[19,85],"War Paint":["Slimebound:Defend_Slimebound","Slimebound:GoopSpray"],"obtain_stats":[{"Potion Belt":31,"Strawberry":24,"SacredBark":34,"Molten Egg 2":26,"Slimebound:AbsorbEndCombat":0,"Guardian:PocketSentry":7,"Membership Card":3,"Frozen Egg 2":9,"War Paint":19,"Empty Cage":17},{"Potion Belt":14,"Strawberry":12,"SacredBark":15,"Molten Egg 2":12,"Slimebound:AbsorbEndCombat":0,"Guardian:PocketSentry":3,"Membership Card":1,"Frozen Egg 2":3,"War Paint":9,"Empty Cage":8},{"Potion Belt":57,"Strawberry":49,"SacredBark":65,"Molten Egg 2":49,"Slimebound:AbsorbEndCombat":0,"Guardian:PocketSentry":15,"Membership Card":5,"Frozen Egg 2":15,"War Paint":36,"Empty Cage":33}]},"card_choices":[{"not_picked":["Slimebound:FinishingTackle","Slimebound:SplitLeeching"],"picked":"Slimebound:GoopSpray","floor":1.0},{"not_picked":["Slimebound:HungryTackle","Slimebound:ViciousTackle"],"picked":"Slimebound:LeechLife","floor":5.0},{"not_picked":["Slimebound:AcidTongue","Slimebound:ViciousTackle"],"picked":"Slimebound:LeechEnergy","floor":7},{"not_picked":["Slimebound:FinishingTackle","Slimebound:ItLooksTasty"],"picked":"Slimebound:RainOfGoop","floor":10},{"not_picked":["Slimebound:SplitBruiser","Slimebound:SplitLeeching","Slimebound:Schlurp"],"picked":"SKIP","floor":12},{"not_picked":["Slimebound:PressTheAttack","Slimebound:SplitAcid","Slimebound:ViciousTackle"],"picked":"SKIP","floor":13},{"not_picked":["Slimebound:SamplingLick","Slimebound:RollThrough"],"picked":"Slimebound:Dissolve","floor":14},{"not_picked":["Slimebound:SlimeSlap","Slimebound:Recycling+1"],"picked":"Slimebound:DuplicatedForm+1","floor":16},{"not_picked":["Slimebound:ComboTackle","Slimebound:SamplingLick"],"picked":"Slimebound:Equalize","floor":18},{"not_picked":["Slimebound:Schlurp","Slimebound:SamplingLick"],"picked":"Slimebound:LeadByExample+1","floor":20},{"not_picked":["Slimebound:Equalize+1","Slimebound:GoopSpray"],"picked":"Slimebound:FormOfPuddle","floor":22},{"not_picked":["Slimebound:MinionMaster+1","Slimebound:ViciousTackle"],"picked":"Slimebound:SlimeSpikes","floor":24},{"not_picked":["Slimebound:RollThrough+1","Slimebound:Prepare"],"picked":"Slimebound:GrowthPunch+1","floor":29},{"not_picked":["Slimebound:ComboTackle+1","Slimebound:SplitLeeching"],"picked":"Slimebound:Gluttony+1","floor":30},{"not_picked":["Slimebound:DuplicatedForm+1","Slimebound:OneTwoCombo+1"],"picked":"Slimebound:Recycling+1","floor":33},{"not_picked":["Slimebound:Chomp+1","Slimebound:FinishingTackle+1"],"picked":"Slimebound:FirmFortitude+1","floor":35},{"not_picked":["Slimebound:SplitBruiser","Slimebound:SplitAcid+1"],"picked":"Slimebound:LeechingTouch+1","floor":37},{"not_picked":["Slimebound:ItLooksTasty+1","Slimebound:DisruptingSlam+1"],"picked":"Slimebound:HauntingLick+1","floor":38}],"player_experience":793299,"relics_obtained":[{"floor":7,"key":"Guardian:PocketSentry"},{"floor":9,"key":"Frozen Egg 2"},{"floor":24,"key":"Strawberry"},{"floor":26,"key":"Molten Egg 2"},{"floor":31,"key":"Potion Belt"}],"event_choices":[{"cards_removed":["Slimebound:Tackle"],"damage_healed":0.0,"max_hp_gain":0.0,"max_hp_loss":0.0,"gold_gain":0.0,"event_name":"Golden Wing","player_choice":"Card Removal","floor":2.0,"gold_loss":0.0,"damage_taken":7.0},{"damage_healed":0.0,"max_hp_gain":0.0,"max_hp_loss":0.0,"gold_gain":0.0,"event_name":"Shining Light","player_choice":"Entered Light","floor":4.0,"gold_loss":0.0,"damage_taken":12.0,"cards_upgraded":["Slimebound:Defend_Slimebound","Slimebound:Defend_Slimebound"]},{"damage_healed":0,"gold_gain":0,"player_choice":"Obtained Relic","damage_taken":0,"relics_obtained":["War Paint"],"max_hp_gain":0,"max_hp_loss":0,"event_name":"Addict","floor":19,"gold_loss":85},{"cards_removed":["Slimebound:Defend_Slimebound"],"damage_healed":0,"gold_gain":0,"player_choice":"Elegance","damage_taken":0,"max_hp_gain":0,"max_hp_loss":0,"event_name":"Back to Basics","floor":25,"gold_loss":0},{"damage_healed":22,"gold_gain":0,"player_choice":"Heal","damage_taken":0,"max_hp_gain":0,"max_hp_loss":0,"event_name":"The Library","floor":27,"gold_loss":0},{"damage_healed":0,"gold_gain":0,"player_choice":"Ignored","damage_taken":0,"max_hp_gain":0,"max_hp_loss":0,"event_name":"Tomb of Lord Red Mask","floor":36,"gold_loss":0},{"damage_healed":0,"gold_gain":0,"player_choice":"Fight","damage_taken":0,"max_hp_gain":0,"max_hp_loss":0,"event_name":"Mysterious Sphere","floor":39,"gold_loss":0}],"is_beta":false,"boss_relics":[{"not_picked":["Philosopher\u0027s Stone","Calling Bell"],"picked":"Empty Cage"},{"not_picked":["Black Star","Velvet Choker"],"picked":"SacredBark"}],"items_purged_floors":[3,21],"is_endless":false,"potions_floor_spawned":[5,7,10,12,20,22,30,33,37],"killed_by":"2 Orb Walkers","ascension_level":9}}