{"host":"h5acbxt0wmjo1kpm","time":1608898000,"event":{"mods":["2.2 Compatiblity","Act Like it!","AlwaysNeverKeys","Aspiration","Bartender","BaseMod","Better Third Choice","Colored Map","Elementarium","Gensokyo","GifTheSpireLib","Hallownest","Marisa????????","Minty Spire (QoL Compilation)","Permanent Neow","Potionbrewer","Relic Filter","Replay The Spire","Robot Space Explorer","RumiaBox-????????","Shade Mod","Spicy Shops","StSLib","Strawberry Spire","The Blackbeard","The Dragon Tamer","The Forsaken","The Gatherer","The Problem Sleuth","The Servant 0.9.4","Wandering Minibosses","vexMod"],"gold_per_floor":[117,117,117,42,40,40,66,81,160,160,188,204,204,211,211,304,304,314,314,314,314,324,348,348,348,372,406,406,406,40,69,69,161,161,168,168,168,6,6,6,41,41,111,144,144,144,942,960,960,960,960,960,251,286,286],"floor_reached":56,"playtime":3322,"items_purged":["RobotSpaceExplorer:Defend"],"score":1668,"play_id":"9d9aaee7-ad3f-49a3-99f2-b2d355fdf853","local_time":"20201225040640","is_ascension_mode":true,"campfire_choices":[{"data":"RobotSpaceExplorer:Accelerator","floor":6.0,"key":"SMITH"},{"data":"RobotSpaceExplorer:Comet","floor":10.0,"key":"SMITH"},{"data":"RobotSpaceExplorer:MiniLasers","floor":15.0,"key":"SMITH"},{"data":"RobotSpaceExplorer:ScrapShield","floor":24.0,"key":"SMITH"},{"data":"RobotSpaceExplorer:DualCore","floor":29,"key":"SMITH"},{"data":"RobotSpaceExplorer:MiniBoosters","floor":32,"key":"SMITH"},{"data":"RobotSpaceExplorer:Autoloader","floor":40,"key":"SMITH"},{"data":"Gensokyo:SlitMouthedWoman","floor":42,"key":"SMITH"},{"floor":49,"key":"RECALL"},{"data":"RobotSpaceExplorer:Autoloader","floor":52,"key":"SMITH"}],"circlet_count":0,"master_deck":["RobotSpaceExplorer:Defend","RobotSpaceExplorer:Defend","RobotSpaceExplorer:Scan","RobotSpaceExplorer:MiniLasers+1","RobotSpaceExplorer:Accelerator+1","RobotSpaceExplorer:ScrapToss+1","RobotSpaceExplorer:GearShield","RobotSpaceExplorer:Comet+1","RobotSpaceExplorer:SurgingStrike","RobotSpaceExplorer:Probe","RobotSpaceExplorer:FrostMissile+1","RobotSpaceExplorer:MiniDrones+1","RobotSpaceExplorer:LuckyStrike+1","Gensokyo:SlitMouthedWoman+1","RobotSpaceExplorer:ScrapShield+1","ReplayTheSpireMod:From All Sides+1","strawberrySpire:Lockstep","RobotSpaceExplorer:DualCore+1","RobotSpaceExplorer:MiniBoosters+1","RobotSpaceExplorer:Autoloader+1","RobotSpaceExplorer:Counterblock+1","RobotSpaceExplorer:MakeshiftVolley","RobotSpaceExplorer:MiniDrones","RobotSpaceExplorer:Accelerator+1","RobotSpaceExplorer:FreezeRay"],"relics":["RobotSpaceExplorer:RoboCore","PreservedInsect","strawberrySpire:TinySteamboat","RobotSpaceExplorer:RingOfTheNewt","Astrolabe","Gensokyo:MosesMiracle","strawberrySpire:ElefentMask","ReplayTheSpireMod:Lightbulb","Dead Branch","OrangePellets","potionbrewer:ToyAutogyro","EasyGame_NEW","Singing Bowl","Chemical X","Replay:Bottled Snecko","Counterbalance","wanderingMiniBosses:MasterThiefsPresence","DollysMirror","Whetstone","ClockworkSouvenir","Sundial"],"acts_visited":["Gensokyo:Gensokyo","Gensokyo:Gensokyoer","Gensokyo:Gensokyoest","TheEnding"],"potions_floor_usage":[31,44,50,55,55],"damage_taken":[{"damage":4.0,"enemies":"Gensokyo:3_Fairies","floor":1.0,"turns":4.0},{"damage":4.0,"enemies":"Gensokyo:Python","floor":5.0,"turns":7.0},{"damage":14.0,"enemies":"Gensokyo:Cirno","floor":7.0,"turns":6.0},{"damage":1.0,"enemies":"Gensokyo:Gryphon","floor":8.0,"turns":4.0},{"damage":0.0,"enemies":"Gensokyo:Mamizou","floor":11.0,"turns":3.0},{"damage":0.0,"enemies":"Gensokyo:LivingMonolith","floor":12.0,"turns":2.0},{"damage":0.0,"enemies":"Gensokyo:Python_and_Kodama","floor":14.0,"turns":3.0},{"damage":15.0,"enemies":"Gensokyo:Yukari","floor":16.0,"turns":7.0},{"damage":18.0,"enemies":"Gensokyo:3_Dogs","floor":18.0,"turns":5.0},{"damage":0.0,"enemies":"Gensokyo:AngelMirror","floor":22.0,"turns":2.0},{"damage":16.0,"enemies":"Gensokyo:Koishi","floor":23.0,"turns":4.0},{"damage":0.0,"enemies":"Gensokyo:Tenshi","floor":27.0,"turns":3.0},{"damage":0,"enemies":"Gensokyo:Koishi","floor":31,"turns":3},{"damage":4,"enemies":"Gensokyo:Kaguya","floor":33,"turns":6},{"damage":0,"enemies":"Gensokyo:AncientGuardian","floor":35,"turns":4},{"damage":0,"enemies":"Gensokyo:Doremy","floor":41,"turns":3},{"damage":4,"enemies":"Gensokyo:Marisa","floor":44,"turns":3},{"damage":2,"enemies":"Gensokyo:3_Boulders","floor":47,"turns":5},{"damage":0,"enemies":"Gensokyo:Dusk_and_Dawn","floor":48,"turns":2},{"damage":12,"enemies":"Gensokyo:Shinki","floor":50,"turns":5},{"damage":0,"enemies":"Shield and Spear","floor":54,"turns":2},{"damage":11,"enemies":"The Heart","floor":55,"turns":7}],"seed_played":"4383955938032407844","potions_obtained":[{"floor":1.0,"key":"potionbrewer:CleansingPotion"},{"floor":5.0,"key":"FearPotion"},{"floor":12.0,"key":"potionbrewer:MidasPotion"},{"floor":13.0,"key":"Reflective Coating"},{"floor":18.0,"key":"AttackPotion"},{"floor":22.0,"key":"Regen Potion"},{"floor":44,"key":"FearPotion"},{"floor":47,"key":"CultistPotion"}],"is_trial":false,"path_per_floor":["M","$","?","$","M","R","E","M","T","R","E","M","?","M","R","B",null,"M","?","?","?","M","E","R","?","T","E","?","R","$","E","R","B",null,"M","?","?","COS","?","R","E","R","T","E","$","?","M","M","R","B",null,"R","$","E","B",null],"character_chosen":"RobotSpaceExplorer","items_purchased":["RobotSpaceExplorer:ScrapToss","OrangePellets","RobotSpaceExplorer:MiniBoosters","RobotSpaceExplorer:MiniDrones","DollysMirror","Whetstone","ClockworkSouvenir","Elixir"],"campfire_rested":0,"item_purchase_floors":[4,30,30,53,53,53,53,53],"current_hp_per_floor":[64,64,64,64,60,60,46,45,45,45,45,45,45,45,45,30,64,46,46,46,46,46,30,30,30,30,30,30,30,30,30,30,26,58,58,58,45,45,45,45,45,45,45,48,48,38,36,36,36,24,59,59,59,59,48],"gold":286,"neow_bonus":"ONE_RANDOM_RARE_CARD","is_daily":false,"chose_seed":false,"campfire_upgraded":9,"win_rate":0.0,"timestamp":1608898000,"path_taken":["M","$","?","?","M","R","E","?","T","R","E","M","?","M","R","BOSS","M","?","?","?","M","E","R","?","T","E","?","R","$","E","R","BOSS","M","?","?","COS","?","R","E","R","T","E","?","?","M","?","R","BOSS","R","$","E","BOSS"],"items_purchased_type":["Card","Relic","Card","Card","Relic","Relic","Relic","Potion"],"build_version":"2020-12-22","purchased_purges":1,"victory":true,"max_hp_per_floor":[75,75,75,75,75,75,75,75,75,75,75,75,75,75,75,75,75,75,75,68,68,68,68,68,68,68,68,68,68,68,68,68,68,68,68,68,68,68,68,68,68,68,68,70,70,70,70,70,70,70,70,70,70,70,70],"card_choices":[{"not_picked":["RobotSpaceExplorer:FrostMissile","RobotSpaceExplorer:Pulsar"],"picked":"RobotSpaceExplorer:GearShield","floor":5.0},{"not_picked":["RobotSpaceExplorer:StunGrenade","RobotSpaceExplorer:Scanner"],"picked":"RobotSpaceExplorer:Comet","floor":7.0},{"not_picked":["RobotSpaceExplorer:Counterblock","RobotSpaceExplorer:SwiftStep","RobotSpaceExplorer:GlueSpray"],"picked":"SKIP","floor":8.0},{"not_picked":["RobotSpaceExplorer:FrostMissile","RobotSpaceExplorer:IronShell"],"picked":"RobotSpaceExplorer:SurgingStrike","floor":11.0},{"not_picked":["RobotSpaceExplorer:PowerCollector","RobotSpaceExplorer:DualCore"],"picked":"RobotSpaceExplorer:Probe","floor":12.0},{"not_picked":["RobotSpaceExplorer:PowerCollector","RobotSpaceExplorer:SurgingStrike","RobotSpaceExplorer:GlueShot"],"picked":"SKIP","floor":14.0},{"not_picked":["RobotSpaceExplorer:HighVoltage","RobotSpaceExplorer:Explosion"],"picked":"RobotSpaceExplorer:TrailblazerForm","floor":16.0},{"not_picked":["RobotSpaceExplorer:SurgingStrike","RobotSpaceExplorer:ImprovisedAttack","RobotSpaceExplorer:Probe"],"picked":"SKIP","floor":18.0},{"not_picked":["Gensokyo:MonkeysPaw","Gensokyo:Doppelganger"],"picked":"Gensokyo:SlitMouthedWoman","floor":20.0},{"not_picked":["RobotSpaceExplorer:ShovelStrike+1","RobotSpaceExplorer:LuckyStrike"],"picked":"RobotSpaceExplorer:ScrapShield","floor":22.0},{"not_picked":["RobotSpaceExplorer:GlueSpray+1","RobotSpaceExplorer:ShockKick","RobotSpaceExplorer:SlimeMissile+1"],"picked":"SKIP","floor":23.0},{"not_picked":["RobotSpaceExplorer:MiniDrones","RobotSpaceExplorer:Discharger"],"picked":"RobotSpaceExplorer:DualCore","floor":27.0},{"not_picked":["RobotSpaceExplorer:StunGrenade","RobotSpaceExplorer:DoubleFind+1","RobotSpaceExplorer:Reload+1"],"picked":"SKIP","floor":31},{"not_picked":["RobotSpaceExplorer:HighVoltage","RobotSpaceExplorer:Explosion"],"picked":"RobotSpaceExplorer:Autoloader","floor":33},{"not_picked":["RobotSpaceExplorer:GlueSpray+1","RobotSpaceExplorer:JunkDive+1","RobotSpaceExplorer:Ammunition"],"picked":"SKIP","floor":35},{"not_picked":["RobotSpaceExplorer:Electroshield","RobotSpaceExplorer:Counterblock+1"],"picked":"RobotSpaceExplorer:Autoloader","floor":41},{"not_picked":["RobotSpaceExplorer:ImprovisedAttack","RobotSpaceExplorer:ShovelStrike+1","RobotSpaceExplorer:ExhaustFan+1"],"picked":"Singing Bowl","floor":44},{"not_picked":["RobotSpaceExplorer:MetalStrike","RobotSpaceExplorer:FranticSearch"],"picked":"RobotSpaceExplorer:Counterblock+1","floor":47},{"not_picked":["RobotSpaceExplorer:MiniDrones+1","RobotSpaceExplorer:SurgingStrike"],"picked":"RobotSpaceExplorer:MakeshiftVolley","floor":48},{"not_picked":["RobotSpaceExplorer:SwiftStep+1","RobotSpaceExplorer:Pulsar+1"],"picked":"RobotSpaceExplorer:FreezeRay","floor":54}],"player_experience":1936037,"relics_obtained":[{"floor":7.0,"key":"PreservedInsect"},{"floor":9.0,"key":"strawberrySpire:TinySteamboat"},{"floor":11.0,"key":"RobotSpaceExplorer:RingOfTheNewt"},{"floor":23.0,"key":"strawberrySpire:ElefentMask"},{"floor":26.0,"key":"ReplayTheSpireMod:Lightbulb"},{"floor":27.0,"key":"Gensokyo:MosesMiracle"},{"floor":27.0,"key":"Dead Branch"},{"floor":31,"key":"potionbrewer:ToyAutogyro"},{"floor":41,"key":"Replay:Bottled Snecko"},{"floor":44,"key":"Counterbalance"},{"floor":47,"key":"wanderingMiniBosses:MasterThiefsPresence"},{"floor":54,"key":"Sundial"}],"event_choices":[],"is_beta":false,"boss_relics":[{"not_picked":["aspiration:WatcherSkillbook","strawberrySpire:JuiceKeg"],"picked":"Astrolabe"},{"not_picked":["Replay:Wanted Poster","aspiration:PoetsPen"],"picked":"EasyGame_NEW"}],"items_purged_floors":[53],"is_endless":false,"potions_floor_spawned":[1,5,12,18,22,44,47],"ascension_level":6}}