{"host":"fbnmuibw0uyiaf00","time":1608910349,"event":{"mods":["BaseMod","Colored Powertips","Lobotomy","LobotomyExtend","Marisa£®ÏF”Í°°ƒß¿Ì…≥£©","Minty Spire (QoL Compilation)","Remilia£®¿Ÿ√◊¿Ú—«£©","UnlockEverythingMod","Youmu£®ªÍ∆«—˝√Œ£©","[IsaacMod]“‘»ˆº‚À˛"],"gold_per_floor":[109,109,124,138,19,48,67,126,126,187,199,229,243,263,263,368,368,388,403,47,67,67,99,119,119,119,132,132,132,132,132,132],"floor_reached":31,"playtime":1181,"items_purged":["Strike_G"],"score":319,"play_id":"5f57a003-995d-4d50-95a8-4413981ebf44","local_time":"20201225233229","is_ascension_mode":false,"campfire_choices":[{"floor":15,"key":"REST"},{"floor":25,"key":"RECALL"}],"circlet_count":0,"master_deck":["Strike_G","Strike_G","Strike_G","Defend_G","Defend_G","Defend_G","Defend_G","Survivor","Neutralize","BettingIsNotGood","Caltrops","Dagger Throw","Riddle With Holes","All Out Attack","Backflip","Poisoned Stab","Underhanded Strike","Quick Slash","Bullet Time","PiercingWail","Dash","Masterful Stab","Sucker Punch","Die Die Die","Calculated Gamble","Dagger Throw+1","Blur","Blade Dance","Sloth_TH","Slice","Cloak And Dagger","All Out Attack"],"relics":["Ring of the Serpent","HushsDoor","Leech","LetterFromLob","Darkstone Periapt","Unceasing Top","GuppysCollar","GuppysPaw","Gremlin Horn","DeathBook","Akabeko","ScarletDevilRocket"],"acts_visited":["Exordium","TheCity"],"potions_floor_usage":[12,16,16,16,23],"damage_taken":[{"damage":10,"enemies":"Jaw Worm","floor":1,"turns":7},{"damage":0,"enemies":"Cultist","floor":3,"turns":3},{"damage":3,"enemies":"2 Louse","floor":4,"turns":2},{"damage":16,"enemies":"Gremlin Nob","floor":6,"turns":4},{"damage":4,"enemies":"Exordium Wildlife","floor":7,"turns":2},{"damage":0,"enemies":"Gremlin Nob","floor":10,"turns":2},{"damage":3,"enemies":"Blue Slaver","floor":11,"turns":3},{"damage":26,"enemies":"Lagavulin","floor":12,"turns":6},{"damage":0,"enemies":"Exordium Thugs","floor":13,"turns":3},{"damage":0,"enemies":"Gremlin Gang","floor":14,"turns":3},{"damage":6,"enemies":"Slime Boss","floor":16,"turns":8},{"damage":13,"enemies":"Shell Parasite","floor":18,"turns":5},{"damage":2,"enemies":"Spheric Guardian","floor":19,"turns":3},{"damage":5,"enemies":"Snecko","floor":21,"turns":4},{"damage":36,"enemies":"Book of Stabbing","floor":23,"turns":6},{"damage":0,"enemies":"Cultist and Chosen","floor":24,"turns":3},{"damage":21,"enemies":"Snake Plant","floor":27,"turns":6},{"damage":18,"enemies":"Collector","floor":31,"turns":2}],"seed_played":"-4241704102292253292","potions_obtained":[{"floor":4,"key":"SkillPotion"},{"floor":7,"key":"BlessingOfTheForge"},{"floor":11,"key":"Dexterity Potion"},{"floor":12,"key":"EssenceOfSteel"},{"floor":22,"key":"LazyBrew"},{"floor":22,"key":"LazyBrew"},{"floor":22,"key":"LazyBrew"},{"floor":23,"key":"AttackPotion"}],"is_trial":false,"path_per_floor":["M","?","M","M","$","E","M","?","T","?","M","E","M","M","R","B",null,"M","M","$","M","?","E","M","R","T","M","?","?","$","B"],"character_chosen":"THE_SILENT","items_purchased":["Backflip","Poisoned Stab","Underhanded Strike","GuppysCollar","GuppysPaw","Gremlin Horn","Blur"],"campfire_rested":1,"item_purchase_floors":[5,5,5,17,17,20,20],"current_hp_per_floor":[62,62,64,62,62,49,46,46,46,47,46,30,32,34,55,55,47,37,38,38,37,43,18,20,20,20,4,4,4,4,0,0],"gold":132,"neow_bonus":"TRANSFORM_CARD","is_daily":false,"chose_seed":false,"campfire_upgraded":0,"win_rate":0.0,"timestamp":1608910349,"path_taken":["M","?","M","M","$","E","M","?","T","?","M","E","?","M","R","BOSS","M","M","$","M","?","E","M","R","T","?","?","?","$","BOSS"],"items_purchased_type":["Card","Card","Card","Relic","Relic","Relic","Card"],"build_version":"2020-12-22","purchased_purges":1,"victory":false,"max_hp_per_floor":[70,70,70,70,70,70,70,70,70,70,70,70,70,70,70,70,47,47,44,44,44,50,50,50,50,50,32,32,32,32,8,8],"card_choices":[{"not_picked":[],"picked":"BettingIsNotGood","floor":0},{"not_picked":["Deadly Poison","Skewer"],"picked":"Dagger Throw","floor":1},{"not_picked":["Noxious Fumes","Deadly Poison"],"picked":"Riddle With Holes","floor":3},{"not_picked":["Acrobatics","Flying Knee"],"picked":"All Out Attack","floor":4},{"not_picked":["Dodge and Roll","Riddle With Holes"],"picked":"Quick Slash","floor":6},{"not_picked":["Quick Slash","Dodge and Roll"],"picked":"Bomb","floor":7},{"not_picked":["Poisoned Stab","Deadly Poison"],"picked":"Bullet Time","floor":10},{"not_picked":["Escape Plan","Endless Agony"],"picked":"PiercingWail","floor":11},{"not_picked":["Sucker Punch","Dodge and Roll"],"picked":"Dash","floor":12},{"not_picked":["Acrobatics","Eviscerate"],"picked":"Masterful Stab","floor":13},{"not_picked":["Setup","Backflip"],"picked":"Sucker Punch","floor":14},{"not_picked":["Tools of the Trade","Malaise"],"picked":"Die Die Die","floor":16},{"not_picked":["Heel Hook","Prepared"],"picked":"Calculated Gamble","floor":18},{"not_picked":["Underhanded Strike","Bane"],"picked":"Dagger Throw+1","floor":19},{"not_picked":["All Out Attack","Deadly Poison"],"picked":"Blade Dance","floor":21},{"not_picked":["Skewer","Deadly Poison"],"picked":"Slice","floor":23},{"not_picked":["Tactician","Bouncing Flask"],"picked":"Cloak And Dagger","floor":24},{"not_picked":["Predator","Catalyst"],"picked":"All Out Attack","floor":27}],"player_experience":9256,"relics_obtained":[{"floor":1,"key":"LetterFromLob"},{"floor":6,"key":"Darkstone Periapt"},{"floor":12,"key":"Unceasing Top"},{"floor":23,"key":"DeathBook"},{"floor":26,"key":"Akabeko"}],"event_choices":[{"cards_removed":["Defend_G"],"damage_healed":0,"gold_gain":0,"player_choice":"Purged","damage_taken":0,"max_hp_gain":0,"max_hp_loss":0,"event_name":"Purifier","floor":2,"gold_loss":0},{"damage_healed":0,"gold_gain":59,"player_choice":"Gained Gold","damage_taken":0,"max_hp_gain":0,"max_hp_loss":0,"event_name":"Golden Wing","floor":8,"gold_loss":0},{"damage_healed":0,"gold_gain":0,"player_choice":"Searched \u00272\u0027 times","damage_taken":0,"max_hp_gain":0,"max_hp_loss":0,"event_name":"Dead Adventurer","floor":10,"gold_loss":0},{"damage_healed":0,"gold_gain":0,"player_choice":"Opened","damage_taken":0,"relics_obtained":["ScarletDevilRocket"],"max_hp_gain":0,"max_hp_loss":0,"event_name":"The Mausoleum","floor":29,"gold_loss":0}],"is_beta":false,"boss_relics":[{"not_picked":["Busted Crown","Pandora\u0027s Box"],"picked":"Ring of the Serpent"},{"not_picked":[]}],"items_purged_floors":[20],"is_endless":false,"potions_floor_spawned":[4,7,11,12,13,14,23,24,27],"killed_by":"Collector","ascension_level":0}}