{"host":"an6uhul3yec8m0jh","time":1608918642,"event":{"mods":["ATMod(阿瑾Mod)","Act Like it!","BaseMod","Colored Map","Colored Powertips","Highlight Path","Minty Spire (QoL Compilation)","MostiFishMod","Pale of the Ancients","Quick Restart","StSLib","TestMod","UnlockEverythingMod","Waifu the Spire","noobMod"],"gold_per_floor":[215,230,247,265,24,24,24,56,56,456,482,496,17,49,49,124,124,135,146,162,177,189,216,216,228,228,228,263,263,281,291,291,365,365,380,180,190,215,233,260,260,260,260,291,291,319,333,333,333,333,333,352,365,365,41,41,59,59,137,137,137],"floor_reached":62,"playtime":4193,"items_purged":["Strike_R","Strike_R"],"score":3715,"play_id":"43a7bf06-2c74-443f-a300-592bb6f21701","local_time":"20201226015042","is_ascension_mode":true,"campfire_choices":[{"data":"AT_DrawKnifeCut","floor":6.0,"key":"SMITH"},{"data":"AT_BodySlamDance","floor":15.0,"key":"SMITH"},{"data":"AT_BodySlamDance","floor":24.0,"key":"SMITH"},{"data":"AT_GerminateFire","floor":32,"key":"SMITH"},{"data":"testmod-BackupPower","floor":42,"key":"SMITH"},{"data":"Feel No Pain","floor":45,"key":"SMITH"},{"floor":49,"key":"RECALL"},{"data":"MostiFishMod:DarkDeal","floor":56,"key":"SMITH"},{"data":"MostiFishMod:DarkDeal","floor":58,"key":"SMITH"}],"circlet_count":0,"master_deck":["AscendersBane","AT_CaressingTears","Dark Embrace+1","testmod-BackupPower+1","AT_BodySlamDance+1","MostiFishMod:DarkDeal+1","AT_BodySlamDance+1","AT_GerminateFire+1","Second Wind","Ghostly","Ghostly","Ghostly","AT_GerminateFire+1","MostiFishMod:DarkDeal+1","Feel No Pain+1","Feel No Pain+1","Dark Embrace+1"],"relics":["Burning Blood","ice","AT_ATBox","EGODaCapo","testmod-ChristmasGift","SynthV:TestCard","Technique","Sundial","ImprovedEquipment","SynthV:C4","testmod-Hope","AT_SunfireAegis","Runic Dome","DianDianMeat","AT_ForceNature","testmod-KeyOfTheVoid","ChiLing","Chi","Ling","StoneCalendar","AT_RedTearstoneRing","Molten Egg 2","Lantern","Blue Candle","DaveBox","EGODaCapo","paleoftheancients:Timepiece","paleoftheancients:KeyRelic","Anchor","Gremlin Horn","paleoftheancients:SoulOfTheWatcher","AT_BellowingDragoncrestRing","Bottled Lightning"],"acts_visited":["Exordium","TheCity","TheBeyond","paleoftheancients:PaleOfTheAncients"],"potions_floor_usage":[61,61,61],"damage_taken":[{"damage":2.0,"enemies":"Jaw Worm","floor":1.0,"turns":3.0},{"damage":0.0,"enemies":"2 Louse","floor":2.0,"turns":2.0},{"damage":0.0,"enemies":"Small Slimes","floor":3.0,"turns":3.0},{"damage":9.0,"enemies":"Exordium Thugs","floor":4.0,"turns":5.0},{"damage":9.0,"enemies":"Gremlin Nob","floor":8.0,"turns":4.0},{"damage":2.0,"enemies":"3 Sentries","floor":11.0,"turns":3.0},{"damage":13.0,"enemies":"3 Louse","floor":12.0,"turns":3.0},{"damage":4.0,"enemies":"Lagavulin","floor":14.0,"turns":6.0},{"damage":0.0,"enemies":"Hexaghost","floor":16.0,"turns":4.0},{"damage":0.0,"enemies":"Shell Parasite","floor":18.0,"turns":2.0},{"damage":0.0,"enemies":"Chosen","floor":19.0,"turns":2.0},{"damage":0.0,"enemies":"Centurion and Healer","floor":20.0,"turns":2.0},{"damage":4.0,"enemies":"Shelled Parasite and Fungi","floor":21.0,"turns":2.0},{"damage":0.0,"enemies":"Cultist and Chosen","floor":22.0,"turns":2.0},{"damage":0.0,"enemies":"Slavers","floor":23.0,"turns":3.0},{"damage":0.0,"enemies":"Snecko","floor":25.0,"turns":1.0},{"damage":0.0,"enemies":"Book of Stabbing","floor":28.0,"turns":1.0},{"damage":0.0,"enemies":"Centurion and Healer","floor":30.0,"turns":2.0},{"damage":0.0,"enemies":"Snake Plant","floor":31.0,"turns":2.0},{"damage":4,"enemies":"Champ","floor":33,"turns":4},{"damage":0,"enemies":"3 Shapes","floor":35,"turns":3},{"damage":0,"enemies":"Orb Walker","floor":37,"turns":2},{"damage":0,"enemies":"Mind Bloom Boss Battle","floor":38,"turns":1},{"damage":0,"enemies":"Transient","floor":39,"turns":6},{"damage":0,"enemies":"Nemesis","floor":40,"turns":3},{"damage":0,"enemies":"Reptomancer","floor":44,"turns":2},{"damage":0,"enemies":"Nemesis","floor":46,"turns":1},{"damage":0,"enemies":"Jaw Worm Horde","floor":47,"turns":1},{"damage":0,"enemies":"Donu and Deca","floor":50,"turns":1},{"damage":0,"enemies":"Time Eater","floor":51,"turns":1},{"damage":2,"enemies":"Time Eater","floor":52,"turns":3},{"damage":0,"enemies":"Time Eater","floor":53,"turns":1},{"damage":0,"enemies":"Time Eater","floor":57,"turns":1},{"damage":0,"enemies":"paleoftheancients:N","floor":61,"turns":2}],"seed_played":"-3764339688400000259","potions_obtained":[{"floor":12.0,"key":"LiquidBronze"},{"floor":14.0,"key":"testmod-EscapePotion"},{"floor":23.0,"key":"BlessingOfTheForge"},{"floor":38,"key":"Ancient Potion"}],"is_trial":false,"path_per_floor":["M","M","M","M","$","R","?","E","T","?","E","M","$","E","R","B",null,"M","M","M","M","M","E","R","M","T","?","E","?","M","M","R","B",null,"M","$","M","?","M","E","?","R","T","E","R","E","M","?","R","B","B","M","M","?","$","R","M","R","T","?","B",null],"character_chosen":"IRONCLAD","items_purchased":["Technique","testmod-Hope","testmod-BackupPower","Battle Trance","ChiLing","AT_BellowingDragoncrestRing","Flame Barrier"],"campfire_rested":0,"item_purchase_floors":[5,13,13,36,36,55,55],"current_hp_per_floor":[74,75,75,72,72,72,72,72,72,72,75,69,69,75,75,75,75,75,75,75,75,75,76,76,76,76,47,47,47,52,58,58,65,65,73,82,92,103,115,128,128,128,128,142,142,157,173,173,173,173,173,190,208,208,227,227,247,247,247,247,247],"gold":137,"neow_bonus":"HUNDRED_GOLD","is_daily":false,"chose_seed":false,"campfire_upgraded":8,"win_rate":0.0,"timestamp":1608918642,"path_taken":["M","M","M","M","$","R","?","E","T","?","E","M","?","E","R","BOSS","M","M","M","M","M","E","R","M","T","?","E","?","?","M","R","BOSS","M","$","M","?","M","E","?","R","T","E","R","E","?","?","R","BOSS","BOSS","M","M","?","$","R","M","R","T","?","BOSS"],"items_purchased_type":["Relic","Relic","Card","Card","Relic","Relic","Card"],"build_version":"2020-12-22","purchased_purges":2,"victory":true,"max_hp_per_floor":[75,75,75,75,75,75,75,75,75,75,75,75,75,75,75,75,75,75,75,75,75,75,76,76,76,76,47,47,47,52,58,58,65,65,73,82,92,103,115,128,128,128,128,142,142,157,173,173,173,173,173,190,208,208,227,227,247,247,247,247,247],"card_choices":[{"not_picked":["Sever Soul","Intimidate"],"picked":"Armaments","floor":1.0},{"not_picked":["Shrug It Off","Perfected Strike","AT_IchimonjiDouble","Seeing Red"],"picked":"AT_CaressingTears","floor":2.0},{"not_picked":["Flame Barrier","Iron Wave","Searing Blow","AT_DrawKnifeCut"],"picked":"Dark Embrace","floor":3.0},{"not_picked":["Iron Wave","Anger","Shockwave","Searing Blow"],"picked":"Shrug It Off","floor":4.0},{"not_picked":["Havoc","Intimidate","Armaments","Pommel Strike"],"picked":"Reaper","floor":8.0},{"not_picked":["Heavy Blade","AT_ManFootWork","Dropkick","Fire Breathing"],"picked":"Body Slam","floor":11.0},{"not_picked":["Metallicize","Flex","Combust","Headbutt","Fire Breathing"],"picked":"SKIP","floor":12.0},{"not_picked":["Anger","Havoc","Armaments","Thunderclap"],"picked":"AT_BodySlamDance","floor":14.0},{"not_picked":["Feed","MostiFishMod:WingOfPhoenix","Fiend Fire","MostiFishMod:TemporaryOutbreak"],"picked":"MostiFishMod:DarkDeal","floor":16.0},{"not_picked":["AT_IchimonjiDouble","Thunderclap","Anger+1","Twin Strike"],"picked":"AT_BodySlamDance","floor":18.0},{"not_picked":["Perfected Strike","AT_DrawKnifeCut","Entrench","Heavy Blade"],"picked":"AT_GerminateFire+1","floor":19.0},{"not_picked":["Perfected Strike+1","Thunderclap+1","Cleave","Clash","Fire Breathing+1"],"picked":"SKIP","floor":20.0},{"not_picked":["Pommel Strike","Havoc","Perfected Strike","Anger","Demon Form"],"picked":"SKIP","floor":21.0},{"not_picked":["Headbutt","Body Slam","Armaments","Rupture","Infernal Blade"],"picked":"SKIP","floor":22.0},{"not_picked":["Combust","True Grit","Inflame","Metallicize+1"],"picked":"Second Wind","floor":23.0},{"not_picked":["Anger","Sword Boomerang","Armaments","Havoc","Pummel"],"picked":"SKIP","floor":25.0},{"not_picked":["Hemokinesis+1","True Grit","AT_BodySlamDance","Bloodletting","Blood for Blood"],"picked":"SKIP","floor":28.0},{"not_picked":["Pummel","Twin Strike","Rampage","Rage"],"picked":"Burning Pact","floor":30.0},{"not_picked":["Sword Boomerang","Wild Strike","Blood for Blood","Inflame"],"picked":"AT_GerminateFire","floor":31.0},{"not_picked":["Reaper","Berserk","Bludgeon","MostiFishMod:RainCloud"],"picked":"MostiFishMod:DarkDeal","floor":33},{"not_picked":["Heavy Blade+1","Flex","Warcry","Armaments"],"picked":"AT_IchimonjiDouble+1","floor":35},{"not_picked":["Clothesline","Thunderclap","Demon Form","Burning Pact"],"picked":"AT_DiedThrough","floor":37},{"not_picked":["Warcry","Twin Strike+1","Clash+1","Searing Blow"],"picked":"Battle Trance","floor":38},{"not_picked":["Headbutt","Twin Strike","Sword Boomerang+1","Pummel"],"picked":"True Grit+1","floor":39},{"not_picked":["Searing Blow","True Grit","Carnage+1","Thunderclap"],"picked":"Feel No Pain+1","floor":40},{"not_picked":["Rampage+1","Sword Boomerang+1","Body Slam+1","Fire Breathing"],"picked":"Feel No Pain","floor":44},{"not_picked":["Rage","AT_DrawKnifeCut+1","Sword Boomerang+1","Armaments"],"picked":"Demon Form","floor":46},{"not_picked":["Cleave+1","Clash+1","Warcry","Shrug It Off"],"picked":"Battle Trance","floor":47},{"not_picked":["Pummel+1","Perfected Strike+1","Dual Wield","Flex"],"picked":"AT_ShrugMaster","floor":52},{"not_picked":["Combust","Cleave+1","Iron Wave+1","Berserk"],"picked":"AT_IchimonjiDouble+1","floor":53},{"not_picked":["Anger+1","Rage","Hemokinesis+1","Clothesline+1"],"picked":"Dark Embrace+1","floor":57}],"player_experience":171140,"relics_obtained":[{"floor":1.0,"key":"SynthV:TestCard"},{"floor":8.0,"key":"Sundial"},{"floor":9.0,"key":"ImprovedEquipment"},{"floor":11.0,"key":"SynthV:C4"},{"floor":14.0,"key":"AT_SunfireAegis"},{"floor":23.0,"key":"DianDianMeat"},{"floor":28.0,"key":"AT_ForceNature"},{"floor":38,"key":"StoneCalendar"},{"floor":40,"key":"AT_RedTearstoneRing"},{"floor":43,"key":"Molten Egg 2"},{"floor":44,"key":"Lantern"},{"floor":46,"key":"Blue Candle"},{"floor":53,"key":"paleoftheancients:SoulOfTheWatcher"},{"floor":57,"key":"paleoftheancients:SoulOfTheBandit"},{"floor":59,"key":"Bottled Lightning"}],"event_choices":[{"damage_healed":0.0,"max_hp_gain":0.0,"max_hp_loss":0.0,"gold_gain":0.0,"event_name":"Liars Game","player_choice":"Ignored","floor":7.0,"gold_loss":0.0,"damage_taken":0.0},{"damage_healed":0.0,"max_hp_gain":0.0,"max_hp_loss":0.0,"gold_gain":400.0,"event_name":"恩洛斯的盘子","player_choice":"Sell","floor":10.0,"relics_lost":["testmod-TestBox"],"gold_loss":0.0,"damage_taken":0.0},{"damage_healed":0.0,"max_hp_gain":0.0,"max_hp_loss":38.0,"gold_gain":0.0,"event_name":"Ghosts","player_choice":"Became a Ghost","floor":27.0,"gold_loss":0.0,"damage_taken":0.0,"cards_obtained":["Ghostly","Ghostly","Ghostly"]},{"cards_removed":["Strike_R"],"damage_healed":0.0,"max_hp_gain":0.0,"max_hp_loss":0.0,"gold_gain":0.0,"event_name":"Back to Basics","player_choice":"Elegance","floor":29.0,"gold_loss":0.0,"damage_taken":0.0},{"damage_healed":0,"gold_gain":0,"player_choice":"Fight","damage_taken":0,"max_hp_gain":0,"max_hp_loss":0,"event_name":"MindBloom","floor":38,"gold_loss":0},{"cards_removed":["Body Slam"],"damage_healed":5,"gold_gain":0,"player_choice":"Offered Common","damage_taken":0,"max_hp_gain":0,"max_hp_loss":0,"event_name":"Bonfire Elementals","floor":41,"gold_loss":0},{"cards_removed":["Body Slam"],"damage_healed":5,"gold_gain":0,"player_choice":"Offered Special","damage_taken":0,"max_hp_gain":0,"max_hp_loss":0,"event_name":"Bonfire Elementals","floor":41,"gold_loss":0},{"damage_healed":0,"gold_gain":0,"player_choice":"Swap Relic","damage_taken":0,"relics_obtained":["DaveBox"],"max_hp_gain":0,"max_hp_loss":0,"event_name":"给自己的盒子","floor":48,"relics_lost":["DaveBox"],"gold_loss":0},{"damage_healed":0,"gold_gain":0,"player_choice":"Ignored","damage_taken":0,"max_hp_gain":0,"max_hp_loss":0,"event_name":"Purifier","floor":54,"gold_loss":0}],"is_beta":false,"boss_relics":[{"not_picked":["testmod-DreamHouse","ChiXiaoBlade"],"picked":"Runic Dome"},{"not_picked":["testmod-IncinerationGenerator","Runic Pyramid"],"picked":"testmod-KeyOfTheVoid"}],"items_purged_floors":[5,13],"is_endless":false,"potions_floor_spawned":[2,3,12,14,23,25,28,30,33,35,38,52,53],"ascension_level":20}}