{"host":"artsn6osczjqlp5e","time":1608876354,"event":{"mods":["Act Like it!","BaseMod","CapriCore","Colored Map","Downfall","Gensokyo","Hallownest","Hermit","HololiveMod","Koishi","Marisa£®ÏF”Í°°ƒß¿Ì…≥£©","Marked Mod","Minty Spire (QoL Compilation)","MostiFishMod","Quarter Circle Forward PUNCH!","Quick Restart","Relic Stats","Replay The Spire","SIMod","Shop Mod","Spicy Shops","Spire Birthday Party","StSLib","The Administrix","The Animator","The Bug Knight","The Construct","The Cursed","The Gatherer","The Immortal","The Poker Player","WarShipGirlsR/’ΩΩ¢…Ÿ≈ÆR mod","Youmu£®ªÍ∆«—˝√Œ£©","Yuri Mod","Yuyuko","vexMod"],"gold_per_floor":[99,116,116,127,137,137,160,260,271,271,271,271],"floor_reached":10,"playtime":416,"items_purged":[],"score":58,"play_id":"97281e95-62ca-4c57-b3bc-d0073836a906","local_time":"20201225140554","is_ascension_mode":false,"campfire_choices":[{"data":"champ:Execute","floor":1,"key":"SMITH"},{"floor":6,"key":"RECALL"}],"circlet_count":0,"master_deck":["champ:Strike","champ:Strike","champ:Strike","champ:Strike","champ:Defend","champ:Defend","champ:Defend","champ:Defend","champ:Execute+1","champ:Taunt","champ:EnGarde+1","champ:FlashCut","champ:StanceDance","champ:GladiatorStyle","champ:GladiatorsShout"],"relics":["champ:ChampionCrown","DaveBox","GuanYuAspect","Gremlin Food","Potion Belt"],"acts_visited":["Exordium"],"potions_floor_usage":[8],"damage_taken":[{"damage":13,"enemies":"Small Slimes","floor":2,"turns":4},{"damage":4,"enemies":"Cultist","floor":4,"turns":4},{"damage":3,"enemies":"2 Louse","floor":5,"turns":2},{"damage":91,"enemies":"downfall:LadyInBlue","floor":8,"turns":9},{"damage":3,"enemies":"Red Slaver","floor":9,"turns":4},{"damage":24,"enemies":"HollowMod:MossKnight","floor":10,"turns":2}],"seed_played":"1810592862846486621","potions_obtained":[{"floor":4,"key":"champ:TechniquePotion"},{"floor":8,"key":"Swift Potion"},{"floor":8,"key":"SpeedPotion"},{"floor":8,"key":"Swift Potion"},{"floor":9,"key":"LiquidMemories"}],"is_trial":false,"path_per_floor":["R","M","?","M","M","R","T","?","M","E"],"character_chosen":"THE_CHAMP","items_purchased":[],"campfire_rested":0,"item_purchase_floors":[],"current_hp_per_floor":[50,48,48,51,54,54,54,13,16,0,0,0],"gold":271,"neow_bonus":"TEN_PERCENT_HP_BONUS","is_daily":false,"chose_seed":false,"campfire_upgraded":1,"win_rate":0.0,"timestamp":1608876354,"path_taken":["R","M","?","?","M","R","T","?","M","E"],"items_purchased_type":[],"build_version":"2020-12-22","purchased_purges":0,"victory":false,"max_hp_per_floor":[54,54,54,54,54,54,54,54,54,54,54,54],"relic_stats":{"counters":[6,25],"obtain_stats":[{"Gremlin Food":7,"Potion Belt":8,"DaveBox":0,"GuanYuAspect":0,"champ:ChampionCrown":0},{"Gremlin Food":3,"Potion Belt":4,"DaveBox":0,"GuanYuAspect":0,"champ:ChampionCrown":0},{"Gremlin Food":10,"Potion Belt":19,"DaveBox":0,"GuanYuAspect":0,"champ:ChampionCrown":0}]},"card_choices":[{"not_picked":["champ:HeartStrike","champ:RapidStrikes"],"picked":"champ:EnGarde","floor":2},{"not_picked":["champ:FanOfKnives","champ:EndlessRage"],"picked":"champ:FlashCut","floor":4},{"not_picked":["champ:FlashCut","champ:HeartStrike"],"picked":"champ:StanceDance","floor":5},{"not_picked":["champ:Haymaker","champ:AdrenalArmor"],"picked":"champ:GladiatorStyle","floor":8},{"not_picked":["champ:AdrenalArmor","champ:TornadoPunch"],"picked":"champ:GladiatorsShout","floor":9}],"player_experience":184600,"relics_obtained":[{"floor":7,"key":"Gremlin Food"},{"floor":8,"key":"Potion Belt"}],"event_choices":[{"damage_healed":0,"gold_gain":0,"player_choice":"Forge","damage_taken":0,"max_hp_gain":0,"max_hp_loss":0,"event_name":"Accursed Blacksmith","floor":3,"gold_loss":0,"cards_upgraded":["champ:EnGarde"]}],"is_beta":false,"boss_relics":[],"items_purged_floors":[],"is_endless":false,"potions_floor_spawned":[4,9],"killed_by":"HollowMod:MossKnight","ascension_level":0}}