{"host":"mytek2nu1hrzdnew","time":1608858615,"event":{"mods":["Aspiration","BaseMod","Conspire","GifTheSpireLib","Gold Saver","Hubris","Melee Mod","Minty Spire (QoL Compilation)","Replay The Spire","StSLib","Stuff the Spire"],"gold_per_floor":[921,921,944,617,632,632,667,688,688,727,727,742,786,216,216,339,339,360,380,393,412,43,43,673,673,673,673,691,691,709,748,748,872,872,891,891,916,1249,1249,1294,1294,673,673,673,728,728,268,303,303,353],"floor_reached":51,"playtime":2060,"items_purged":["Burning Pact","Twin Strike","True Grit"],"score":1005,"play_id":"8cc300f7-df02-4212-8c4c-ce9e357f0a16","local_time":"20201224201015","daily_mods":["SealedDeck","Vintage","Heirloom","Binary"],"is_ascension_mode":false,"campfire_choices":[{"data":"Replay:Undeath\u0027s Touch","floor":11,"key":"SMITH"},{"data":"Poisoned Strike","floor":15,"key":"SMITH"},{"data":"Fire Breathing","floor":23,"key":"SMITH"},{"data":"StuffTheSpire:Slingshot","floor":25,"key":"SMITH"},{"data":"Anger","floor":27,"key":"SMITH"},{"data":"Shrug It Off","floor":32,"key":"PURGE"},{"data":"Twin Strike","floor":41,"key":"PURGE"},{"data":"Inflame","floor":44,"key":"SMITH"}],"circlet_count":0,"master_deck":["Replay:Undeath\u0027s Touch+1","Anger+1","StuffTheSpire:Slingshot+1","Anger+1","Fire Breathing+1","Poisoned Strike+1","Inflame+1","StuffTheSpire:Resist"],"relics":["Unceasing Top","Busted Crown","Incense Burner","StuffTheSpire:GrapeVine","Snack Pack","ClockworkSouvenir","Art of War","CeramicFish","hubris:MysteriousPyramids","Eternal Feather","Red Skull","StuffTheSpire:OldFever","conspire:DecoderRing","Brimstone","hubris:TenFootPole","Bag of Preparation","Quantum Egg","conspire:Dentures","hubris:DisguiseKit","hubris:CrystalStatue","Smiling Mask","hubris:Reverence","PrismaticShard","Peace Pipe","Potion Belt","conspire:RoyalGoblet","StuffTheSpire:ForceGauntlet","Replay:Bandana","White Beast Statue","aspiration:ChemicalBlood","Sling","hubris:DeckOfHolding","Toxic Egg 2","hubris:ToyBattleship","Vajra","Replay:Ringing Soul","StuffTheSpire:HeavyRock"],"acts_visited":["Exordium","TheCity","TheBeyond"],"potions_floor_usage":[4,6,7,7,7,20,28,50,50,50],"damage_taken":[{"damage":0,"enemies":"Jaw Worm","floor":1,"turns":1},{"damage":0,"enemies":"Small Slimes","floor":3,"turns":2},{"damage":0,"enemies":"Cultist","floor":5,"turns":1},{"damage":0,"enemies":"3 Sentries","floor":7,"turns":4},{"damage":0,"enemies":"Looter","floor":8,"turns":1},{"damage":0,"enemies":"Gremlin Nob","floor":10,"turns":1},{"damage":0,"enemies":"2 Fungi Beasts","floor":12,"turns":2},{"damage":0,"enemies":"conspire:MimicChest","floor":13,"turns":2},{"damage":0,"enemies":"Fading Forest","floor":16,"turns":3},{"damage":0,"enemies":"Chosen","floor":18,"turns":1},{"damage":0,"enemies":"Shell Parasite","floor":19,"turns":1},{"damage":0,"enemies":"Centurion and Healer","floor":20,"turns":1},{"damage":1,"enemies":"Snake Plant","floor":21,"turns":2},{"damage":0,"enemies":"Shelled Parasite and Fungi","floor":28,"turns":1},{"damage":0,"enemies":"Sentry and Sphere","floor":30,"turns":1},{"damage":0,"enemies":"Gremlin Leader","floor":31,"turns":1},{"damage":0,"enemies":"Automaton","floor":33,"turns":1},{"damage":0,"enemies":"3 Darklings","floor":35,"turns":1},{"damage":30,"enemies":"3 Shapes","floor":37,"turns":1},{"damage":0,"enemies":"Spire Growth","floor":40,"turns":1},{"damage":2,"enemies":"R_Hoarder","floor":45,"turns":2},{"damage":19,"enemies":"4 Shapes","floor":48,"turns":2},{"damage":34,"enemies":"Donu and Deca","floor":50,"turns":3}],"seed_played":"8161117841123813042","potions_obtained":[{"floor":1,"key":"LifebloodPotion"},{"floor":6,"key":"Fruit Juice"},{"floor":6,"key":"EntropicBrew"},{"floor":6,"key":"BloodPotion"},{"floor":7,"key":"Regen Potion"},{"floor":16,"key":"SpeedPotion"},{"floor":19,"key":"BlessingOfTheForge"},{"floor":20,"key":"SteroidPotion"},{"floor":30,"key":"AttackPotion"},{"floor":31,"key":"Reflective Coating"},{"floor":48,"key":"Languid Potion"}],"is_trial":true,"path_per_floor":["M","?","M","$","M","?","E","M","T","E","R","M","?","$","R","B",null,"M","M","M","M","$","R","?","R","T","R","M","?","M","E","R","B",null,"M","?","M","?","?","M","R","$","T","R","E","?","$","M","R","B",null],"character_chosen":"IRONCLAD","items_purchased":["ClockworkSouvenir","Fruit Juice","Brimstone","hubris:TenFootPole","Poisoned Strike","hubris:CrystalStatue","Inflame","aspiration:ChemicalBlood","Sling","hubris:DeckOfHolding","Vajra","StuffTheSpire:Resist","Replay:Ringing Soul"],"campfire_rested":0,"item_purchase_floors":[4,4,14,14,14,22,42,42,42,42,47,47,47],"current_hp_per_floor":[80,74,74,79,79,84,84,84,84,84,84,84,84,84,84,84,84,84,84,84,83,83,84,51,54,54,57,79,75,83,84,84,84,84,84,80,58,58,58,66,69,69,69,72,76,76,76,61,80,56],"gold":353,"neow_bonus":"","is_daily":false,"chose_seed":false,"campfire_upgraded":6,"win_rate":0.0,"timestamp":1608858615,"path_taken":["M","?","M","$","M","?","E","M","T","E","R","?","?","$","R","BOSS","M","M","?","M","$","R","?","R","T","R","?","?","M","E","R","BOSS","M","?","M","?","?","?","R","$","T","R","E","?","$","M","R","BOSS"],"items_purchased_type":["Relic","Potion","Relic","Relic","Card","Relic","Card","Relic","Relic","Relic","Relic","Card","Relic"],"build_version":"2020-12-22","purchased_purges":3,"victory":true,"max_hp_per_floor":[80,74,74,79,79,84,84,84,84,84,84,84,84,84,84,84,84,84,84,84,84,84,84,84,84,84,84,84,84,84,84,84,84,84,84,80,80,80,80,80,80,80,80,80,80,80,80,80,80,80],"card_choices":[{"not_picked":["StuffTheSpire:ClusterCrunch"],"picked":"SKIP","floor":31},{"not_picked":["hubris:Counter"],"picked":"SKIP","floor":45}],"player_experience":932938,"relics_obtained":[{"floor":1,"key":"StuffTheSpire:GrapeVine"},{"floor":3,"key":"Snack Pack"},{"floor":5,"key":"Art of War"},{"floor":7,"key":"CeramicFish"},{"floor":8,"key":"hubris:MysteriousPyramids"},{"floor":9,"key":"Eternal Feather"},{"floor":10,"key":"Red Skull"},{"floor":12,"key":"StuffTheSpire:OldFever"},{"floor":13,"key":"conspire:DecoderRing"},{"floor":18,"key":"Bag of Preparation"},{"floor":19,"key":"Quantum Egg"},{"floor":20,"key":"conspire:Dentures"},{"floor":21,"key":"hubris:DisguiseKit"},{"floor":26,"key":"Smiling Mask"},{"floor":28,"key":"hubris:Reverence"},{"floor":29,"key":"PrismaticShard"},{"floor":30,"key":"Peace Pipe"},{"floor":31,"key":"Potion Belt"},{"floor":35,"key":"StuffTheSpire:ForceGauntlet"},{"floor":37,"key":"Replay:Bandana"},{"floor":40,"key":"White Beast Statue"},{"floor":43,"key":"Toxic Egg 2"},{"floor":45,"key":"hubris:ToyBattleship"},{"floor":48,"key":"StuffTheSpire:HeavyRock"}],"event_choices":[{"damage_healed":0,"gold_gain":0,"player_choice":"Lose Max HP","damage_taken":0,"relics_obtained":["Golden Idol"],"max_hp_gain":0,"max_hp_loss":6,"event_name":"Golden Idol","floor":2,"gold_loss":0},{"damage_healed":0,"gold_gain":0,"player_choice":"Got Potions","damage_taken":0,"max_hp_gain":0,"max_hp_loss":0,"event_name":"Lab","floor":6,"gold_loss":0},{"damage_healed":0,"gold_gain":630,"player_choice":"GOLD GOLD GOLD GOLD GOLD GOLD GOLD ","damage_taken":69,"max_hp_gain":0,"max_hp_loss":0,"event_name":"Knowing Skull","floor":24,"potions_obtained":[],"gold_loss":0,"cards_obtained":[]},{"damage_healed":0,"gold_gain":0,"player_choice":"Max HP","damage_taken":0,"max_hp_gain":0,"max_hp_loss":4,"event_name":"Winding Halls","floor":36,"gold_loss":0},{"damage_healed":0,"gold_gain":333,"player_choice":"Gave Idol","damage_taken":0,"max_hp_gain":0,"max_hp_loss":0,"event_name":"The Moai Head","floor":38,"relics_lost":["Golden Idol"],"gold_loss":0},{"damage_healed":0,"gold_gain":0,"player_choice":"Ignored","damage_taken":0,"max_hp_gain":0,"max_hp_loss":0,"event_name":"Tomb of Lord Red Mask","floor":39,"gold_loss":0},{"damage_healed":0,"gold_gain":0,"player_choice":"Memory 1","damage_taken":0,"max_hp_gain":0,"max_hp_loss":0,"event_name":"SensoryStone","floor":46,"gold_loss":0}],"is_beta":false,"boss_relics":[{"not_picked":["Replay:Drink Me","StuffTheSpire:ModemDavis","Electric Blood"]},{"not_picked":["Coffee Dripper","Ooze Armor"],"picked":"conspire:RoyalGoblet"}],"items_purged_floors":[4,14,22],"is_endless":false,"potions_floor_spawned":[1,7,16,19,20,30,31,40,45,48],"ascension_level":0}}