{"host":"wna8kqr6yweggo4i","time":1608872995,"event":{"mods":["BaseMod","Colored Powertips","Hermit","Hubris","Marisa????????","Minty Spire (QoL Compilation)","StSLib"],"gold_per_floor":[117,42,54,129,82,82,101,128,197,215,215,215,293,305,305,404,454,468,478,478,488,310,310,310],"floor_reached":23,"playtime":767,"items_purged":["Injury"],"score":191,"play_id":"0ce04c05-0dc5-4ef9-8bd6-acd801676201","local_time":"20201224230955","is_ascension_mode":false,"campfire_choices":[{"floor":6,"key":"REST"},{"data":"UltimateShortwave","floor":11,"key":"SMITH"},{"data":"DeepEcoloBomb","floor":15,"key":"SMITH"}],"circlet_count":0,"master_deck":["Strike_MRS","Strike_MRS","Strike_MRS","Strike_MRS","Defend_MRS","Defend_MRS","Defend_MRS","Defend_MRS","MasterSpark","UpSweep","SprinkleStarSeal","6A","DC+1","DeepEcoloBomb+1","MysteriousBeam","UltimateShortwave+1","GasGiant","TreasureHunter","DeepEcoloBomb","UnstableBomb+1","EnergyFlow","DoubleSpark","EnergyRecoil"],"relics":["MiniHakkero","SproutingBranch","Juzu Bracelet","HandmadeGrimoire","Pen Nib","BreadOfAWashokuLover","Tiny House","Nunchaku"],"acts_visited":["Exordium","TheCity"],"potions_floor_usage":[10],"damage_taken":[{"damage":1,"enemies":"Cultist","floor":1,"turns":3},{"damage":5,"enemies":"2 Louse","floor":3,"turns":3},{"damage":11,"enemies":"Jaw Worm","floor":7,"turns":4},{"damage":12,"enemies":"Gremlin Nob","floor":8,"turns":4},{"damage":11,"enemies":"Looter","floor":10,"turns":3},{"damage":7,"enemies":"Blue Slaver","floor":14,"turns":3},{"damage":15,"enemies":"Hexaghost","floor":16,"turns":9},{"damage":19,"enemies":"Spheric Guardian","floor":18,"turns":4},{"damage":17,"enemies":"3 Byrds","floor":19,"turns":5},{"damage":25,"enemies":"3 Cultists","floor":21,"turns":5},{"damage":71,"enemies":"Gremlin Leader","floor":23,"turns":5}],"seed_played":"6286649166426380533","potions_obtained":[{"floor":10,"key":"Fruit Juice"},{"floor":14,"key":"AttackPotion"},{"floor":17,"key":"SneckoOil"},{"floor":18,"key":"Dexterity Potion"},{"floor":19,"key":"SpeedPotion"}],"is_trial":false,"path_per_floor":["M","$","M","?","$","R","M","E","T","M","R","?","T","M","R","B",null,"M","M","?","M","$","E"],"character_chosen":"MARISA","items_purchased":["DC","Nunchaku","EnergyRecoil"],"campfire_rested":1,"item_purchase_floors":[5,22,22],"current_hp_per_floor":[74,74,70,59,59,75,71,66,66,69,69,66,66,68,68,68,85,69,66,66,55,55,0,0],"gold":310,"neow_bonus":"ONE_RARE_RELIC","is_daily":false,"chose_seed":false,"campfire_upgraded":2,"win_rate":0.0,"timestamp":1608872995,"path_taken":["M","?","M","?","$","R","M","E","T","M","R","?","?","M","R","BOSS","M","M","?","M","$","E"],"items_purchased_type":["Card","Relic","Card"],"build_version":"2020-12-22","purchased_purges":1,"victory":false,"max_hp_per_floor":[75,75,75,75,75,75,75,75,75,80,80,80,80,80,80,80,85,85,85,85,85,85,85,85],"card_choices":[{"not_picked":["ShootingEcho","UnstableBomb"],"picked":"SprinkleStarSeal","floor":1},{"not_picked":["Occultation","MilkyWay"],"picked":"6A","floor":3},{"not_picked":["SporeBomb","AsteroidBelt"],"picked":"DeepEcoloBomb","floor":7},{"not_picked":["MilkyWay","Occultation"],"picked":"MysteriousBeam","floor":8},{"not_picked":["NonDirectionalLaser","DarkSpark"],"picked":"UltimateShortwave","floor":10},{"not_picked":["DarkSpark","StarBarrage"],"picked":"GasGiant","floor":14},{"not_picked":["ManaRampage","BlazingStar"],"picked":"TreasureHunter","floor":16},{"not_picked":["LuminesStrike","IllusionStar"],"picked":"DeepEcoloBomb","floor":17},{"not_picked":["RefractionSpark","Acceleration"],"picked":"UnstableBomb+1","floor":18},{"not_picked":["ShootTheMoon+1","ShootingEcho+1"],"picked":"AsteroidBelt","floor":19},{"not_picked":["Acceleration","GasGiant"],"picked":"DoubleSpark","floor":21}],"player_experience":377046,"relics_obtained":[{"floor":8,"key":"Juzu Bracelet"},{"floor":9,"key":"HandmadeGrimoire"},{"floor":13,"key":"BreadOfAWashokuLover"}],"event_choices":[{"damage_healed":0,"gold_gain":75,"player_choice":"Gather Gold","damage_taken":11,"max_hp_gain":0,"max_hp_loss":0,"event_name":"World of Goop","floor":4,"gold_loss":0},{"damage_healed":0,"gold_gain":0,"player_choice":"Success","damage_taken":3,"relics_obtained":["Pen Nib"],"max_hp_gain":0,"max_hp_loss":0,"event_name":"Scrap Ooze","floor":12,"gold_loss":0},{"damage_healed":0,"gold_gain":0,"cards_transformed":["AsteroidBelt"],"player_choice":"Transformed","damage_taken":0,"max_hp_gain":0,"max_hp_loss":0,"event_name":"Transmorgrifier","floor":20,"gold_loss":0,"cards_obtained":["EnergyFlow"]}],"is_beta":false,"boss_relics":[{"not_picked":["hubris:BlackHole","Velvet Choker"],"picked":"Tiny House"}],"items_purged_floors":[2],"is_endless":false,"potions_floor_spawned":[10,14,18,19],"killed_by":"Gremlin Leader","ascension_level":0}}