{"host":"uy3vg6glkp8m6iit","time":1608907618,"event":{"mods":["AchievementEnabler","BaseMod","Colored Map","DeckTracker","Highlight Path","Keyboard Shortcuts","Minty Spire (QoL Compilation)","Quick Restart","Random Character Button","Rare Cards Sparkle","Relic Stats","StSLib","everything is the same but u backflip on backflip"],"gold_per_floor":[118,118,118,129,129,129,143,143,143,156,173,200,255,3,3,104,104,123,123,140,140,159,159,194,41,111,140,40,40,54,79,79,184,184,197,52,71,71,82,109,109,140,209,242,254,285,90,120,120,120,120,120,120,146,146],"floor_reached":56,"playtime":2421,"items_purged":["Heel Hook","Strike_G","Flechettes"],"score":1863,"play_id":"e89c0e2a-fb1b-4f4c-ba19-9dce6bdbc69f","local_time":"20201225234658","is_ascension_mode":true,"campfire_choices":[{"data":"Dagger Spray","floor":6.0,"key":"SMITH"},{"data":"Apotheosis","floor":15.0,"key":"SMITH"},{"data":"Calculated Gamble","floor":23.0,"key":"SMITH"},{"floor":29.0,"key":"REST"},{"data":"Noxious Fumes","floor":32.0,"key":"SMITH"},{"floor":41,"key":"RECALL"},{"data":"Footwork","floor":49,"key":"SMITH"},{"data":"Well Laid Plans","floor":52,"key":"SMITH"}],"circlet_count":0,"master_deck":["Defend_G+1","Defend_G","Survivor","Neutralize","Noxious Fumes+1","Dagger Spray+1","Backstab","Bouncing Flask","Escape Plan+1","Caltrops","Apotheosis+1","Wraith Form v2+1","Slice+1","A Thousand Cuts+1","Calculated Gamble+1","Leg Sweep","Tactician","Well Laid Plans+1","Crippling Poison+1","Backflip","Footwork+1","Tools of the Trade"],"relics":["Ring of the Snake","Ninja Scroll","Orichalcum","War Paint","Astrolabe","Mango","Kunai","WingedGreaves","Red Mask","Coffee Dripper","PreservedInsect","HornCleat","Pen Nib","Mercury Hourglass","Bottled Tornado","Letter Opener","Ornamental Fan"],"acts_visited":["Exordium","TheCity","TheBeyond","TheEnding"],"potions_floor_usage":[42,48,54,54,55,55,55,55,55,55,55],"damage_taken":[{"damage":5.0,"enemies":"Cultist","floor":1.0,"turns":5.0},{"damage":0.0,"enemies":"2 Louse","floor":4.0,"turns":2.0},{"damage":2.0,"enemies":"Jaw Worm","floor":7.0,"turns":3.0},{"damage":0.0,"enemies":"Large Slime","floor":10.0,"turns":3.0},{"damage":5.0,"enemies":"Red Slaver","floor":11.0,"turns":2.0},{"damage":10.0,"enemies":"3 Sentries","floor":12.0,"turns":5.0},{"damage":20.0,"enemies":"Hexaghost","floor":16.0,"turns":8.0},{"damage":6.0,"enemies":"Shell Parasite","floor":18.0,"turns":5.0},{"damage":0.0,"enemies":"Chosen","floor":20.0,"turns":4.0},{"damage":0.0,"enemies":"3 Cultists","floor":22.0,"turns":4.0},{"damage":0.0,"enemies":"Gremlin Leader","floor":24.0,"turns":5.0},{"damage":18.0,"enemies":"Slavers","floor":27.0,"turns":4.0},{"damage":22.0,"enemies":"Sentry and Sphere","floor":30.0,"turns":7.0},{"damage":7.0,"enemies":"Masked Bandits","floor":31.0,"turns":3.0},{"damage":19.0,"enemies":"Automaton","floor":33.0,"turns":9.0},{"damage":0,"enemies":"3 Darklings","floor":35,"turns":4},{"damage":3,"enemies":"Orb Walker","floor":37,"turns":3},{"damage":0,"enemies":"Maw","floor":39,"turns":7},{"damage":0,"enemies":"Giant Head","floor":40,"turns":7},{"damage":5,"enemies":"Reptomancer","floor":42,"turns":5},{"damage":3,"enemies":"Nemesis","floor":44,"turns":7},{"damage":0,"enemies":"3 Darklings","floor":45,"turns":2},{"damage":0,"enemies":"Giant Head","floor":46,"turns":6},{"damage":0,"enemies":"Nemesis","floor":48,"turns":5},{"damage":13,"enemies":"Awakened One","floor":50,"turns":12},{"damage":22,"enemies":"Shield and Spear","floor":54,"turns":4},{"damage":49,"enemies":"The Heart","floor":55,"turns":12}],"seed_played":"468118014137761635","potions_obtained":[{"floor":7.0,"key":"Block Potion"},{"floor":12.0,"key":"Fire Potion"},{"floor":16.0,"key":"Explosive Potion"},{"floor":20.0,"key":"CunningPotion"},{"floor":24.0,"key":"GhostInAJar"},{"floor":30.0,"key":"EntropicBrew"},{"floor":39,"key":"EntropicBrew"},{"floor":42,"key":"SneckoOil"},{"floor":46,"key":"Fruit Juice"},{"floor":48,"key":"LiquidMemories"}],"is_trial":false,"path_per_floor":["M","?","?","M","?","R","M","?","T","M","M","E","T","$","R","B",null,"M","?","M","?","M","R","E","$","T","E","$","R","M","?","R","B",null,"M","$","M","?","M","E","R","E","T","E","M","E","$","E","R","B",null,"R","$","E","B",null],"character_chosen":"THE_SILENT","items_purchased":["Caltrops","Apotheosis","Well Laid Plans","PreservedInsect","Footwork"],"campfire_rested":1,"item_purchase_floors":[14,14,25,36,47],"current_hp_per_floor":[58,58,58,58,63,63,61,61,61,61,56,46,46,46,46,26,58,52,40,40,40,40,40,54,54,54,36,36,62,40,33,33,14,69,69,69,66,66,66,66,66,61,61,58,58,58,58,63,63,50,82,82,82,60,26],"gold":146,"neow_bonus":"TRANSFORM_TWO_CARDS","is_daily":false,"chose_seed":false,"campfire_upgraded":6,"win_rate":0.0,"timestamp":1608907618,"path_taken":["M","?","?","M","?","R","?","?","T","?","M","E","?","$","R","BOSS","M","?","M","?","M","R","E","?","T","E","$","R","M","?","R","BOSS","M","$","M","?","M","E","R","E","T","E","?","E","$","E","R","BOSS","R","$","E","BOSS"],"items_purchased_type":["Card","Card","Card","Relic","Card"],"build_version":"2020-12-22","purchased_purges":3,"victory":true,"max_hp_per_floor":[63,63,63,63,68,68,68,68,68,68,68,68,68,68,68,68,68,68,73,73,73,73,73,87,87,87,87,87,87,87,87,87,87,87,87,87,87,87,87,87,87,87,87,87,87,87,87,92,92,92,92,92,92,92,92],"relic_stats":{"counters":[27,143],"Ornamental Fan":[4],"Astrolabe":["Slice","Prepared","A Thousand Cuts"],"PreservedInsect":470,"Pen Nib":[7],"Kunai":[25],"Letter Opener":[107],"Orichalcum":[204],"War Paint":["Defend_G","Escape Plan"],"obtain_stats":[{"Astrolabe":17,"Mango":24,"PreservedInsect":36,"Pen Nib":42,"Letter Opener":48,"Orichalcum":12,"War Paint":13,"Bottled Tornado":46,"Mercury Hourglass":44,"HornCleat":40,"Ninja Scroll":9,"Ornamental Fan":54,"WingedGreaves":27,"Red Mask":31,"Coffee Dripper":34,"Kunai":26,"Ring of the Snake":0},{"Astrolabe":7,"Mango":11,"PreservedInsect":16,"Pen Nib":20,"Letter Opener":24,"Orichalcum":6,"War Paint":6,"Bottled Tornado":23,"Mercury Hourglass":21,"HornCleat":19,"Ninja Scroll":3,"Ornamental Fan":26,"WingedGreaves":12,"Red Mask":14,"Coffee Dripper":15,"Kunai":11,"Ring of the Snake":0},{"Astrolabe":28,"Mango":46,"PreservedInsect":73,"Pen Nib":95,"Letter Opener":115,"Orichalcum":20,"War Paint":20,"Bottled Tornado":110,"Mercury Hourglass":102,"HornCleat":90,"Ninja Scroll":10,"Ornamental Fan":131,"WingedGreaves":50,"Red Mask":60,"Coffee Dripper":69,"Kunai":46,"Ring of the Snake":0}],"Ring of the Snake":[54],"Mercury Hourglass":[146]},"card_choices":[{"not_picked":["Slice","Backflip"],"picked":"Dagger Spray","floor":1.0},{"not_picked":["Flechettes","Bane","Blade Dance"],"picked":"SKIP","floor":4.0},{"not_picked":["Dodge and Roll","Reflex"],"picked":"Bouncing Flask","floor":7.0},{"not_picked":["Bane","Heel Hook","Sucker Punch"],"picked":"SKIP","floor":10.0},{"not_picked":["Bouncing Flask","Underhanded Strike","Dagger Throw"],"picked":"SKIP","floor":11.0},{"not_picked":["Die Die Die","Underhanded Strike"],"picked":"Escape Plan","floor":12.0},{"not_picked":["Tools of the Trade","Envenom"],"picked":"Wraith Form v2","floor":16.0},{"not_picked":["Dagger Throw","Sucker Punch"],"picked":"Calculated Gamble","floor":18.0},{"not_picked":["Predator","Deflect"],"picked":"Leg Sweep","floor":20.0},{"not_picked":["Prepared","Acrobatics"],"picked":"Tactician","floor":22.0},{"not_picked":["Outmaneuver","Flying Knee","Deflect"],"picked":"SKIP","floor":24.0},{"not_picked":["Quick Slash+1","Outmaneuver","Finisher+1"],"picked":"SKIP","floor":27.0},{"not_picked":["Footwork","Burst"],"picked":"Crippling Poison+1","floor":30.0},{"not_picked":["Concentrate","Sucker Punch+1"],"picked":"Backflip","floor":31.0},{"not_picked":["Underhanded Strike","Backflip","Outmaneuver"],"picked":"SKIP","floor":35},{"not_picked":["Poisoned Stab","Deflect","Bouncing Flask+1"],"picked":"SKIP","floor":37},{"not_picked":["Endless Agony","Eviscerate","Dagger Throw+1"],"picked":"SKIP","floor":39},{"not_picked":["All Out Attack+1","Underhanded Strike+1","Doppelganger"],"picked":"SKIP","floor":40},{"not_picked":["Cloak And Dagger","Prepared+1","Riddle With Holes+1"],"picked":"SKIP","floor":42},{"not_picked":["Choke","Endless Agony+1","Blade Dance"],"picked":"SKIP","floor":44},{"not_picked":["Bane+1","Cloak And Dagger+1","Outmaneuver"],"picked":"SKIP","floor":45},{"not_picked":["Cloak And Dagger+1","Dash","Choke"],"picked":"SKIP","floor":46},{"not_picked":["Dodge and Roll+1","Flechettes+1","Poisoned Stab+1"],"picked":"SKIP","floor":48},{"not_picked":["Slice+1","Outmaneuver"],"picked":"Tools of the Trade","floor":54}],"player_experience":1439745,"relics_obtained":[{"floor":9.0,"key":"Ninja Scroll"},{"floor":12.0,"key":"Orichalcum"},{"floor":13.0,"key":"War Paint"},{"floor":24.0,"key":"Mango"},{"floor":26.0,"key":"Kunai"},{"floor":27.0,"key":"WingedGreaves"},{"floor":31.0,"key":"Red Mask"},{"floor":40,"key":"HornCleat"},{"floor":42,"key":"Pen Nib"},{"floor":44,"key":"Mercury Hourglass"},{"floor":46,"key":"Bottled Tornado"},{"floor":48,"key":"Letter Opener"},{"floor":54,"key":"Ornamental Fan"}],"event_choices":[{"damage_healed":0.0,"max_hp_gain":0.0,"max_hp_loss":0.0,"gold_gain":0.0,"event_name":"Liars Game","player_choice":"Ignored","floor":2.0,"gold_loss":0.0,"damage_taken":0.0},{"damage_healed":0.0,"max_hp_gain":0.0,"max_hp_loss":0.0,"gold_gain":0.0,"cards_transformed":["Noxious Fumes"],"event_name":"Living Wall","player_choice":"Change","floor":3.0,"gold_loss":0.0,"damage_taken":0.0,"cards_obtained":["Backstab"]},{"damage_healed":0.0,"max_hp_gain":5.0,"max_hp_loss":0.0,"gold_gain":0.0,"event_name":"Big Fish","player_choice":"Donut","floor":5.0,"gold_loss":0.0,"damage_taken":0.0},{"cards_removed":["Strike_G"],"damage_healed":0.0,"max_hp_gain":0.0,"max_hp_loss":0.0,"gold_gain":0.0,"event_name":"Purifier","player_choice":"Purged","floor":8.0,"gold_loss":0.0,"damage_taken":0.0},{"damage_healed":0.0,"max_hp_gain":5.0,"max_hp_loss":0.0,"gold_gain":0.0,"event_name":"Forgotten Altar","player_choice":"Shed Blood","floor":19.0,"gold_loss":0.0,"damage_taken":17.0},{"damage_healed":0.0,"max_hp_gain":0.0,"max_hp_loss":0.0,"gold_gain":0.0,"cards_transformed":["Strike_G","Prepared"],"event_name":"Drug Dealer","player_choice":"Became Test Subject","floor":21.0,"gold_loss":0.0,"damage_taken":0.0,"cards_obtained":["Flechettes","Heel Hook"]},{"damage_healed":0.0,"max_hp_gain":0.0,"max_hp_loss":0.0,"gold_gain":0.0,"event_name":"Masked Bandits","player_choice":"Fought Bandits","floor":31.0,"gold_loss":0.0,"damage_taken":0.0},{"damage_healed":0,"gold_gain":0,"player_choice":"Forge","damage_taken":0,"max_hp_gain":0,"max_hp_loss":0,"event_name":"Accursed Blacksmith","floor":38,"gold_loss":0,"cards_upgraded":["Wraith Form v2"]}],"is_beta":false,"boss_relics":[{"not_picked":["WristBlade","Calling Bell"],"picked":"Astrolabe"},{"not_picked":["Tiny House","Runic Dome"],"picked":"Coffee Dripper"}],"items_purged_floors":[25,28,47],"is_endless":false,"potions_floor_spawned":[7,12,16,20,22,24,30,39,42,46,48,54],"ascension_level":6}}