{"host":"ormi09wwzv7sq47a","time":1608872222,"event":{"mods":["2.2 Compatiblity","AchievementEnabler","Act Like it!","BaseMod","Better Note","Better Vampires","Colored Map","Colored Powertips","DeckTracker","Downfall","Hermit","Highlight Path","Jorbs\u0027s Wanderer Trilogy","Minty Spire (QoL Compilation)","Permanent Neow","Quick Restart","Rare Cards Sparkle","Relic Stats","Shop Mod","StSLib","The Cursed","The Hierophant","The Jungle","The Servant 0.9.4"],"gold_per_floor":[10,10,10,185,135,135,155,189,271,271,271,271,271],"floor_reached":11,"playtime":262,"items_purged":[],"score":100,"play_id":"772ef38c-6ba5-49d7-972e-7d08211d99d6","local_time":"20201225015702","is_ascension_mode":true,"campfire_choices":[{"data":"Slimebound:Split","floor":6,"key":"SMITH"},{"data":"Slimebound:CorrosiveSpit","floor":10,"key":"SMITH"}],"circlet_count":0,"master_deck":["Slimebound:Strike_Slimebound","Slimebound:Strike_Slimebound","Slimebound:Strike_Slimebound","Slimebound:Tackle","Slimebound:Defend_Slimebound","Slimebound:Defend_Slimebound","Slimebound:Defend_Slimebound","Slimebound:Defend_Slimebound","Slimebound:Split+1","Slimebound:CorrosiveSpit+1","Slimebound:ItLooksTasty","Slimebound:LeadByExample","Slimebound:SpikyOuterGoop"],"relics":["Slimebound:AbsorbEndCombat","Golden Idol","Shovel","Meat on the Bone"],"acts_visited":["Exordium"],"potions_floor_usage":[11],"damage_taken":[{"damage":6,"enemies":"2 Louse","floor":1,"turns":3},{"damage":18,"enemies":"Small Slimes","floor":7,"turns":3},{"damage":46,"enemies":"Lagavulin","floor":8,"turns":6},{"damage":33,"enemies":"Gremlin Nob","floor":11,"turns":3}],"seed_played":"8030799980505586366","potions_obtained":[{"floor":8,"key":"BlessingOfTheForge"}],"is_trial":false,"path_per_floor":["M","$","?","?","?","R","M","E","T","R","E"],"character_chosen":"SLIMEBOUND","items_purchased":[],"campfire_rested":0,"item_purchase_floors":[],"current_hp_per_floor":[66,66,48,48,48,48,44,20,20,20,0,0,0],"gold":271,"neow_bonus":"TWENTY_PERCENT_HP_BONUS","is_daily":false,"chose_seed":false,"campfire_upgraded":2,"win_rate":0.0,"timestamp":1608872222,"path_taken":["M","$","?","?","?","R","M","E","T","R","E"],"items_purchased_type":[],"build_version":"2020-12-22","purchased_purges":0,"victory":false,"max_hp_per_floor":[72,72,72,72,72,72,72,72,72,72,72,72,72],"relic_stats":{"Shovel":0,"counters":[4,14],"Golden Idol":11,"obtain_stats":[{"Shovel":8,"Golden Idol":3,"Slimebound:AbsorbEndCombat":0,"Meat on the Bone":9},{"Shovel":3,"Golden Idol":1,"Slimebound:AbsorbEndCombat":0,"Meat on the Bone":3},{"Shovel":11,"Golden Idol":2,"Slimebound:AbsorbEndCombat":0,"Meat on the Bone":11}],"Meat on the Bone":0},"card_choices":[{"not_picked":["Slimebound:PressTheAttack","Slimebound:FinishingTackle"],"picked":"Slimebound:ItLooksTasty","floor":1},{"not_picked":["Slimebound:FinishingTackle","Slimebound:RollThrough"],"picked":"Slimebound:LeadByExample","floor":7},{"not_picked":["Slimebound:SlimeSpikes","Slimebound:SelfFormingGoo"],"picked":"Slimebound:SpikyOuterGoop","floor":8}],"player_experience":793299,"relics_obtained":[{"floor":8,"key":"Shovel"},{"floor":9,"key":"Meat on the Bone"}],"event_choices":[{"damage_healed":0,"gold_gain":0,"player_choice":"Take Damage","damage_taken":18,"relics_obtained":["Golden Idol"],"max_hp_gain":0,"max_hp_loss":0,"event_name":"Golden Idol","floor":3,"gold_loss":0},{"damage_healed":0,"gold_gain":175,"player_choice":"AGREE","damage_taken":0,"max_hp_gain":0,"max_hp_loss":0,"event_name":"Liars Game","floor":4,"gold_loss":0,"cards_obtained":["Doubt"]},{"cards_removed":["Doubt"],"damage_healed":0,"gold_gain":0,"player_choice":"Card Removal","damage_taken":0,"max_hp_gain":0,"max_hp_loss":0,"event_name":"The Cleric","floor":5,"gold_loss":50}],"is_beta":false,"boss_relics":[],"items_purged_floors":[],"is_endless":false,"potions_floor_spawned":[8],"killed_by":"Gremlin Nob","ascension_level":9}}