{"host":"cwp0xoxch9uxtnfk","time":1608924712,"event":{"mods":["AchievementEnabler","BaseMod","Bestiary","Colored Map","Colored Powertips","Highlight Path","Minty Spire (QoL Compilation)","Rare Cards Sparkle","Relic Stats"],"gold_per_floor":[119,219,93,111,72,105,105,116,116,130,130,149,162,179,179,283,283,303,402,416,432,432,432,351,369,369,116,133,143,18,18,18,119,119,137,137,137,137,27,27,38,52,52,64,64,80,80,80,80,80,80,80,6,6,6],"floor_reached":54,"playtime":4748,"items_purged":["Strike_R","Strike_R","Strike_R"],"score":641,"play_id":"a341e5ec-40d3-42d7-9905-4de97031aa3b","local_time":"20201225193152","is_ascension_mode":false,"campfire_choices":[{"floor":7.0,"key":"RECALL"},{"data":"Pommel Strike","floor":11.0,"key":"SMITH"},{"floor":15.0,"key":"REST"},{"floor":23.0,"key":"REST"},{"floor":32.0,"key":"REST"},{"data":"Warcry","floor":40,"key":"SMITH"},{"floor":45,"key":"REST"},{"floor":47,"key":"REST"},{"floor":49,"key":"REST"},{"floor":52,"key":"REST"}],"circlet_count":0,"master_deck":["Strike_R+1","Defend_R+1","Defend_R+1","Defend_R+1","Defend_R+1","Bash+1","Warcry+1","Clothesline+1","Clash+1","Rampage+1","Pommel Strike+1","Cleave+1","Dropkick+1","Twin Strike+1","Bludgeon+1","Iron Wave+1","Impervious+1","Uppercut+1","Rampage+1","Twin Strike+1","J.A.X.+1","Metallicize+1","Battle Trance+1","Impervious+1","Reaper+1","Flame Barrier+1","Good Instincts+1","Warcry+1","Parasite","Shrug It Off+1","Uppercut+1","Armaments+1","Battle Trance+1","Iron Wave+1"],"relics":["Black Blood","White Beast Statue","Molten Egg 2","Dream Catcher","Brimstone","Philosopher\u0027s Stone","Meat on the Bone","Mark of the Bloom"],"acts_visited":["Exordium","TheCity","TheBeyond","TheEnding"],"potions_floor_usage":[41,50,50,50],"damage_taken":[{"damage":2.0,"enemies":"2 Louse","floor":1.0,"turns":4.0},{"damage":4.0,"enemies":"Cultist","floor":4.0,"turns":5.0},{"damage":24.0,"enemies":"Gremlin Nob","floor":6.0,"turns":4.0},{"damage":1.0,"enemies":"Jaw Worm","floor":8.0,"turns":3.0},{"damage":3.0,"enemies":"2 Fungi Beasts","floor":10.0,"turns":3.0},{"damage":6.0,"enemies":"Large Slime","floor":12.0,"turns":3.0},{"damage":22.0,"enemies":"Exordium Thugs","floor":13.0,"turns":4.0},{"damage":5.0,"enemies":"Exordium Wildlife","floor":14.0,"turns":3.0},{"damage":33.0,"enemies":"The Guardian","floor":16.0,"turns":11.0},{"damage":27.0,"enemies":"Shell Parasite","floor":18.0,"turns":8.0},{"damage":28.0,"enemies":"2 Thieves","floor":20.0,"turns":4.0},{"damage":21.0,"enemies":"Centurion and Healer","floor":21.0,"turns":5.0},{"damage":15.0,"enemies":"Cultist and Chosen","floor":25.0,"turns":4.0},{"damage":3.0,"enemies":"Chosen and Byrds","floor":28.0,"turns":4.0},{"damage":49.0,"enemies":"Shelled Parasite and Fungi","floor":29.0,"turns":6.0},{"damage":61.0,"enemies":"Collector","floor":33.0,"turns":10.0},{"damage":2,"enemies":"Orb Walker","floor":35,"turns":3},{"damage":41,"enemies":"3 Darklings","floor":41,"turns":6},{"damage":15,"enemies":"Spire Growth","floor":42,"turns":4},{"damage":49,"enemies":"Writhing Mass","floor":44,"turns":4},{"damage":41,"enemies":"3 Darklings","floor":46,"turns":4},{"damage":56,"enemies":"Awakened One","floor":50,"turns":11},{"damage":29,"enemies":"Shield and Spear","floor":54,"turns":2}],"seed_played":"6830326847419958941","potions_obtained":[{"floor":1.0,"key":"EssenceOfSteel"},{"floor":4.0,"key":"LiquidMemories"},{"floor":10.0,"key":"SpeedPotion"},{"floor":16.0,"key":"SpeedPotion"},{"floor":18.0,"key":"Regen Potion"},{"floor":20.0,"key":"Fire Potion"},{"floor":21.0,"key":"SteroidPotion"},{"floor":25.0,"key":"Explosive Potion"},{"floor":28.0,"key":"Strength Potion"},{"floor":29.0,"key":"SpeedPotion"},{"floor":33.0,"key":"Regen Potion"},{"floor":35,"key":"Energy Potion"},{"floor":41,"key":"FearPotion"},{"floor":42,"key":"Strength Potion"},{"floor":44,"key":"HeartOfIron"},{"floor":46,"key":"Strength Potion"}],"is_trial":false,"path_per_floor":["M","?","$","M","$","E","R","M","T","M","R","M","M","M","R","B",null,"M","?","M","M","?","R","?","M","T","$","M","M","$","?","R","B",null,"M","?","?","?","$","R","M","M","T","M","R","M","R","?","R","B",null,"R","$","E"],"character_chosen":"IRONCLAD","items_purchased":["Dexterity Potion","Rampage","Brimstone","Good Instincts","Warcry","Ancient Potion"],"campfire_rested":7,"item_purchase_floors":[3,5,27,39,39,53],"current_hp_per_floor":[80,80,80,80,80,62,62,67,67,70,70,70,54,55,79,52,80,65,65,61,52,52,76,76,73,73,73,80,43,43,43,67,18,80,80,80,80,80,80,80,78,75,75,50,74,56,80,80,80,24,24,24,24,0,0],"gold":6,"neow_bonus":"THREE_CARDS","is_daily":false,"chose_seed":false,"campfire_upgraded":2,"win_rate":0.0,"timestamp":1608924712,"path_taken":["M","?","$","M","?","E","R","M","T","?","R","M","M","M","R","BOSS","M","?","M","M","?","R","?","?","T","$","M","M","$","?","R","BOSS","M","?","?","?","?","R","?","M","T","M","R","M","R","?","R","BOSS","R","$","E"],"items_purchased_type":["Potion","Card","Relic","Card","Card","Potion"],"build_version":"2020-12-22","purchased_purges":3,"victory":false,"max_hp_per_floor":[80,80,80,80,80,80,80,80,80,80,80,80,80,80,80,80,80,80,80,80,80,80,80,80,80,80,80,80,80,80,80,80,80,80,80,80,80,80,80,80,80,80,80,80,80,80,80,80,80,80,80,80,80,80,80],"relic_stats":{"Dream Catcher":5,"Mark of the Bloom":180,"counters":[23,115],"Black Blood":180,"obtain_stats":[{"Dream Catcher":24,"Mark of the Bloom":48,"Brimstone":27,"Black Blood":17,"Molten Egg 2":9,"Philosopher\u0027s Stone":34,"Burning Blood":0,"White Beast Statue":6,"Meat on the Bone":43},{"Dream Catcher":12,"Mark of the Bloom":21,"Brimstone":13,"Black Blood":9,"Molten Egg 2":4,"Philosopher\u0027s Stone":16,"Burning Blood":0,"White Beast Statue":3,"Meat on the Bone":19},{"Dream Catcher":57,"Mark of the Bloom":102,"Brimstone":61,"Black Blood":40,"Molten Egg 2":16,"Philosopher\u0027s Stone":81,"Burning Blood":0,"White Beast Statue":13,"Meat on the Bone":94}],"Meat on the Bone":12},"card_choices":[{"not_picked":["Clothesline","True Grit"],"picked":"Warcry","floor":0.0},{"not_picked":["Evolve","Wild Strike"],"picked":"Clothesline","floor":1.0},{"not_picked":["Heavy Blade","Clothesline"],"picked":"Clash","floor":4.0},{"not_picked":["Heavy Blade","Dark Embrace"],"picked":"Pommel Strike","floor":6.0},{"not_picked":["Spot Weakness","Pommel Strike"],"picked":"Cleave","floor":8.0},{"not_picked":["Havoc","Sever Soul+1"],"picked":"Dropkick+1","floor":10.0},{"not_picked":["Wild Strike+1","Blood for Blood+1"],"picked":"Twin Strike+1","floor":12.0},{"not_picked":["Shockwave","Blood for Blood+1"],"picked":"Bludgeon+1","floor":13.0},{"not_picked":["Twin Strike+1","Metallicize"],"picked":"Iron Wave+1","floor":14.0},{"not_picked":["Offering","Limit Break"],"picked":"Impervious","floor":16.0},{"not_picked":["Armaments","Sword Boomerang+1"],"picked":"Uppercut+1","floor":18.0},{"not_picked":["Anger+1","Fire Breathing"],"picked":"Rampage+1","floor":20.0},{"not_picked":["Perfected Strike+1","Wild Strike+1"],"picked":"Twin Strike+1","floor":21.0},{"not_picked":["True Grit","Dropkick+1"],"picked":"Metallicize","floor":25.0},{"not_picked":["Havoc","Heavy Blade+1"],"picked":"Rupture","floor":28.0},{"not_picked":["Sword Boomerang+1","Pommel Strike+1"],"picked":"Battle Trance","floor":29.0},{"not_picked":["Warcry","Heavy Blade+1"],"picked":"Impervious","floor":32.0},{"not_picked":["Bludgeon+1","Fiend Fire+1"],"picked":"Reaper+1","floor":33.0},{"not_picked":["Blood for Blood+1","Havoc"],"picked":"Flame Barrier","floor":35},{"not_picked":["Cleave+1","Havoc","Anger+1"],"picked":"SKIP","floor":41},{"not_picked":["Flex","Twin Strike+1","Thunderclap+1"],"picked":"SKIP","floor":42},{"not_picked":["Warcry","Flame Barrier"],"picked":"Shrug It Off+1","floor":44},{"not_picked":["Clothesline+1","Corruption"],"picked":"Uppercut+1","floor":45},{"not_picked":["Heavy Blade+1","Anger+1","Iron Wave+1"],"picked":"SKIP","floor":46},{"not_picked":["Evolve+1","Heavy Blade+1"],"picked":"Armaments+1","floor":47},{"not_picked":["Whirlwind+1","Reckless Charge+1"],"picked":"Battle Trance+1","floor":49},{"not_picked":["Reckless Charge+1","Cleave+1"],"picked":"Iron Wave+1","floor":52}],"player_experience":102312,"relics_obtained":[{"floor":6.0,"key":"White Beast Statue"},{"floor":9.0,"key":"Molten Egg 2"},{"floor":43,"key":"Meat on the Bone"}],"event_choices":[{"damage_healed":0.0,"max_hp_gain":0.0,"max_hp_loss":0.0,"gold_gain":100.0,"event_name":"Golden Shrine","player_choice":"Pray","floor":2.0,"gold_loss":0.0,"damage_taken":0.0},{"damage_healed":0.0,"max_hp_gain":0.0,"max_hp_loss":0.0,"gold_gain":99.0,"event_name":"Nest","player_choice":"Stole From Cult","floor":19.0,"gold_loss":0.0,"damage_taken":0.0},{"damage_healed":0.0,"max_hp_gain":0.0,"max_hp_loss":0.0,"gold_gain":0.0,"event_name":"Drug Dealer","player_choice":"Obtain J.A.X.","floor":22.0,"gold_loss":0.0,"damage_taken":0.0,"cards_obtained":["J.A.X."]},{"damage_healed":0.0,"max_hp_gain":0.0,"max_hp_loss":0.0,"gold_gain":0.0,"event_name":"WeMeetAgain","player_choice":"Paid Gold","floor":24.0,"gold_loss":81.0,"damage_taken":0.0,"relics_obtained":["Dream Catcher"]},{"cards_removed":["Strike_R"],"damage_healed":0.0,"max_hp_gain":0.0,"max_hp_loss":0.0,"gold_gain":0.0,"event_name":"Back to Basics","player_choice":"Elegance","floor":31.0,"gold_loss":0.0,"damage_taken":0.0},{"cards_removed":["Rupture"],"damage_healed":0,"gold_gain":0,"player_choice":"Removed Power","damage_taken":0,"max_hp_gain":0,"max_hp_loss":0,"event_name":"Falling","floor":36,"gold_loss":0},{"damage_healed":0,"gold_gain":0,"player_choice":"Ignored","damage_taken":0,"max_hp_gain":0,"max_hp_loss":0,"event_name":"Tomb of Lord Red Mask","floor":37,"gold_loss":0},{"damage_healed":0,"gold_gain":0,"player_choice":"Ignored","damage_taken":0,"max_hp_gain":0,"max_hp_loss":0,"event_name":"Mysterious Sphere","floor":38,"gold_loss":0},{"damage_healed":0,"gold_gain":0,"player_choice":"Upgrade","damage_taken":0,"relics_obtained":["Mark of the Bloom"],"max_hp_gain":0,"max_hp_loss":0,"event_name":"MindBloom","floor":48,"gold_loss":0,"cards_upgraded":["Strike_R","Defend_R","Defend_R","Defend_R","Defend_R","Bash","Clothesline","Clash","Rampage","Cleave","Impervious","J.A.X.","Metallicize","Battle Trance","Impervious","Flame Barrier","Good Instincts","Warcry"]}],"is_beta":false,"boss_relics":[{"not_picked":["Empty Cage","Black Star"],"picked":"Black Blood"},{"not_picked":["Runic Cube","Snecko Eye"],"picked":"Philosopher\u0027s Stone"}],"items_purged_floors":[3,27,30],"is_endless":false,"potions_floor_spawned":[1,4,8,10,12,13,14,16,18,20,21,25,28,29,33,35,41,42,44,46],"killed_by":"Shield and Spear","ascension_level":0}}