{"host":"sabve5zmqufxyc5o","time":1608909102,"event":{"mods":["2.2 Compatiblity","AchievementEnabler","Act Like it!","Arknights The Spire","BaseMod","Block Reminder","Colored Map","Colored Powertips","DeckTracker","KOR Keyword Fix","Keyboard Shortcuts","Minty Spire (QoL Compilation)","Quick Restart","Rare Cards Sparkle","Relic Stats","StSLib","SuperFastMode"],"gold_per_floor":[112,130,230,247,322,322,352,366,447,447,257,284,284,313,313,413,413,423,207,217,217,217,217,251,251,251,282,292,391,391,301,301,404,404,424,437,70,80,93,93,107,142,169,169,189,207,207,85,85,85],"floor_reached":51,"playtime":1530,"items_purged":["ats:Strike C","ats:Strike V"],"score":826,"play_id":"bbf55fb5-12ee-49a5-981e-c4ed458e6222","local_time":"20201226001142","is_ascension_mode":true,"campfire_choices":[{"data":"ats:Blood Oath","floor":6,"key":"SMITH"},{"data":"ats:Rapid Magazine","floor":10,"key":"SMITH"},{"floor":15,"key":"REST"},{"floor":23,"key":"REST"},{"floor":25,"key":"REST"},{"floor":30,"key":"REST"},{"floor":32,"key":"REST"},{"data":"ats:Dogmatic Field","floor":40,"key":"SMITH"},{"data":"ats:Assault Order","floor":44,"key":"SMITH"},{"data":"ats:Ambush","floor":49,"key":"SMITH"}],"circlet_count":0,"master_deck":["ats:Strike S","ats:Armor Crushing Shot","ats:Defend","ats:Defend","ats:Defend","ats:Defend","ats:Emotion Absorption+1","ats:Hammer On","ats:Explosion Area Strengthen","ats:Blood Oath+1","ats:Rapid Magazine+1","ats:Shell Defense","Panacea+1","ats:Ambush+1","ats:Wolf Pack+1","ats:Poison Spread","ats:Rapid Magazine","ats:Support Order","ats:Ambush","ats:Flexible Camouflage","ats:Dogmatic Field+1","ats:Composite Medical Shells+1","ats:Assault Order+1","ats:Shadow Raid","ats:Childhood Dance+1","ats:Shell Defense+1"],"relics":["ats:Sanity","ats:Originium","Thread and Needle","Shuriken","ats:Originium","Bronze Scales","StrikeDummy","ats:Originium","Blue Candle","Runic Pyramid","Matryoshka","ats:Spiritual Recovery","The Courier","White Beast Statue","ats:Omniscience","Anchor","Turnip","Bottled Lightning","Pen Nib","Omamori","ats:Berate","ats:Defend"],"acts_visited":["Exordium","TheCity","TheBeyond"],"potions_floor_usage":[7,14,14,24,24,42,50],"damage_taken":[{"damage":5,"enemies":"Small Slimes","floor":1,"turns":3},{"damage":1,"enemies":"Cultist","floor":2,"turns":3},{"damage":4,"enemies":"2 Louse","floor":4,"turns":2},{"damage":15,"enemies":"Gremlin Nob","floor":7,"turns":4},{"damage":0,"enemies":"Looter","floor":8,"turns":4},{"damage":18,"enemies":"3 Sentries","floor":12,"turns":9},{"damage":14,"enemies":"Lagavulin","floor":14,"turns":5},{"damage":62,"enemies":"Slime Boss","floor":16,"turns":11},{"damage":7,"enemies":"Chosen","floor":18,"turns":5},{"damage":22,"enemies":"2 Thieves","floor":20,"turns":5},{"damage":53,"enemies":"Slavers","floor":24,"turns":7},{"damage":77,"enemies":"Book of Stabbing","floor":27,"turns":8},{"damage":26,"enemies":"Snake Plant","floor":28,"turns":5},{"damage":58,"enemies":"Automaton","floor":33,"turns":12},{"damage":37,"enemies":"3 Shapes","floor":35,"turns":7},{"damage":20,"enemies":"Orb Walker","floor":36,"turns":6},{"damage":144,"enemies":"Writhing Mass","floor":38,"turns":10},{"damage":9,"enemies":"4 Shapes","floor":39,"turns":9},{"damage":30,"enemies":"Sphere and 2 Shapes","floor":41,"turns":5},{"damage":40,"enemies":"Reptomancer","floor":42,"turns":8},{"damage":36,"enemies":"Jaw Worm Horde","floor":45,"turns":5},{"damage":50,"enemies":"Transient","floor":46,"turns":5},{"damage":140,"enemies":"Donu and Deca","floor":50,"turns":11}],"seed_played":"-1985038453987315558","potions_obtained":[{"floor":1,"key":"FearPotion"},{"floor":2,"key":"LiquidMemories"},{"floor":12,"key":"Fire Potion"},{"floor":14,"key":"SmokeBomb"},{"floor":16,"key":"FairyPotion"},{"floor":18,"key":"Swift Potion"},{"floor":20,"key":"PowerPotion"},{"floor":28,"key":"Ancient Potion"},{"floor":33,"key":"SpeedPotion"},{"floor":35,"key":"AttackPotion"},{"floor":36,"key":"AttackPotion"},{"floor":38,"key":"LiquidMemories"},{"floor":39,"key":"GamblersBrew"},{"floor":42,"key":"Ancient Potion"},{"floor":45,"key":"Strength Potion"},{"floor":46,"key":"Swift Potion"}],"is_trial":false,"path_per_floor":["M","M","?","M","?","R","E","M","T","R","$","E","?","E","R","B",null,"M","$","M","?","?","R","E","R","T","E","M","?","R","?","R","B",null,"M","M","$","M","M","R","M","E","T","R","M","M","?","$","R","B",null],"character_chosen":"DOCTOR_CLASS","items_purchased":["ats:Shell Defense","Panacea","ats:Rapid Magazine","ats:Support Order","Anchor","Turnip","ats:Defend"],"campfire_rested":5,"item_purchase_floors":[11,11,19,19,37,37,48],"current_hp_per_floor":[67,66,66,62,51,51,46,51,51,51,51,49,31,25,46,8,72,66,66,49,49,49,70,40,61,61,21,2,2,23,23,44,18,72,72,60,60,24,59,59,72,55,55,55,53,54,54,54,54,72],"gold":85,"neow_bonus":"UPGRADE_CARD","is_daily":false,"chose_seed":false,"campfire_upgraded":5,"win_rate":0.0,"timestamp":1608909102,"path_taken":["M","M","?","?","?","R","E","M","T","R","$","E","?","E","R","BOSS","M","$","M","?","?","R","E","R","T","E","?","?","R","?","R","BOSS","M","M","$","M","M","R","M","E","T","R","M","M","?","$","R","BOSS"],"items_purchased_type":["Card","Card","Card","Card","Relic","Relic","Card"],"build_version":"2020-12-22","purchased_purges":2,"victory":true,"max_hp_per_floor":[72,72,72,72,72,72,72,72,72,72,72,72,72,72,72,72,72,72,72,72,72,72,72,72,72,72,72,72,72,72,72,72,72,72,72,72,72,72,72,72,72,72,72,72,72,72,72,72,72,72],"relic_stats":{"counters":[23,149],"Shuriken":[30],"Bronze Scales":[355],"Blue Candle":[0],"Turnip":[5],"Pen Nib":[2],"obtain_stats":[{"ats:Spiritual Recovery":26,"Blue Candle":14,"Thread and Needle":7,"The Courier":26,"Pen Nib":43,"Omamori":43,"White Beast Statue":27,"Anchor":37,"Matryoshka":24,"ats:Originium":7,"Shuriken":9,"Bronze Scales":12,"ats:Berate":47,"Turnip":37,"ats:Sanity":0,"Bottled Lightning":42,"ats:Omniscience":34,"StrikeDummy":13,"Runic Pyramid":17,"ats:Defend":48},{"ats:Spiritual Recovery":11,"Blue Candle":7,"Thread and Needle":4,"The Courier":11,"Pen Nib":20,"Omamori":20,"White Beast Statue":12,"Anchor":16,"Matryoshka":11,"ats:Originium":4,"Shuriken":5,"Bronze Scales":6,"ats:Berate":22,"Turnip":16,"ats:Sanity":0,"Bottled Lightning":20,"ats:Omniscience":14,"StrikeDummy":6,"Runic Pyramid":8,"ats:Defend":22},{"ats:Spiritual Recovery":58,"Blue Candle":30,"Thread and Needle":12,"The Courier":58,"Pen Nib":128,"Omamori":128,"White Beast Statue":66,"Anchor":96,"Matryoshka":58,"ats:Originium":12,"Shuriken":16,"Bronze Scales":25,"ats:Berate":138,"Turnip":96,"ats:Sanity":0,"Bottled Lightning":128,"ats:Omniscience":83,"StrikeDummy":25,"Runic Pyramid":41,"ats:Defend":138}]},"card_choices":[{"not_picked":["ats:Consecutive Shot Auto","ats:Spore Proliferation"],"picked":"ats:Hammer On","floor":1},{"not_picked":["ats:Leaping Hammer","ats:Flexible Camouflage"],"picked":"ats:Explosion Area Strengthen","floor":2},{"not_picked":["ats:Healing Strengthening","ats:Collapsing Strike"],"picked":"ats:Blood Oath","floor":4},{"not_picked":["ats:Healing Drone","ats:Apocalypse","ats:LN2 Cannon"],"picked":"SKIP","floor":7},{"not_picked":["ats:Consecutive Shot Auto","ats:Neurotoxin"],"picked":"ats:Rapid Magazine","floor":8},{"not_picked":["ats:Collapsing Strike","ats:Hammer On","ats:Defend Order"],"picked":"SKIP","floor":12},{"not_picked":["ats:Neurotoxin","ats:Burning Ground"],"picked":"ats:Ambush","floor":14},{"not_picked":["ats:Shadow Assault","ats:Fractured Body"],"picked":"ats:Wolf Pack","floor":16},{"not_picked":["ats:Hammer On","ats:Closed Bolt Burst Fire"],"picked":"ats:Poison Spread","floor":18},{"not_picked":["ats:Soul Absorption","ats:Leaping Hammer","ats:Hammer On"],"picked":"SKIP","floor":20},{"not_picked":["ats:Powerful Strike","ats:Ambush","ats:Apocalypse+1"],"picked":"SKIP","floor":24},{"not_picked":["ats:Powerful Strike","ats:Apocalypse+1"],"picked":"ats:Ambush","floor":24},{"not_picked":["ats:Revitalization","ats:Shell Defense+1"],"picked":"ats:Flexible Camouflage","floor":27},{"not_picked":["ats:Consecutive Shot Auto+1","ats:Mental Burst+1","ats:Blood Oath"],"picked":"SKIP","floor":28},{"not_picked":["ats:Soul Rend","ats:Volcano"],"picked":"ats:Dogmatic Field","floor":33},{"not_picked":["ats:Guardian Obelisk+1","ats:Consecutive Shot Auto","ats:Shell Defense"],"picked":"SKIP","floor":35},{"not_picked":["ats:Explosion Area Strengthen+1","ats:Flame Of Heaven+1"],"picked":"ats:Composite Medical Shells+1","floor":36},{"not_picked":["ats:Apocalypse+1","ats:Curse Doll"],"picked":"ats:Assault Order","floor":38},{"not_picked":["ats:Soul Rend","ats:Leaping Hammer+1"],"picked":"ats:Shadow Raid","floor":39},{"not_picked":["ats:Healing Drone","ats:Burning Ground"],"picked":"ats:Childhood Dance+1","floor":41},{"not_picked":["ats:Chain Hook","ats:Flexible Camouflage"],"picked":"ats:Shell Defense+1","floor":42},{"not_picked":["ats:Healing Drone+1","ats:Rapid Magazine+1","ats:Hammer On"],"picked":"SKIP","floor":45},{"not_picked":["ats:Flame Of Heaven","ats:Very Hot Blade","ats:Cat Scratch+1"],"picked":"SKIP","floor":46}],"player_experience":813749,"relics_obtained":[{"floor":7,"key":"ats:Originium"},{"floor":7,"key":"Thread and Needle"},{"floor":9,"key":"Shuriken"},{"floor":12,"key":"ats:Originium"},{"floor":12,"key":"Bronze Scales"},{"floor":14,"key":"ats:Originium"},{"floor":14,"key":"Blue Candle"},{"floor":24,"key":"Matryoshka"},{"floor":26,"key":"ats:Spiritual Recovery"},{"floor":26,"key":"The Courier"},{"floor":27,"key":"White Beast Statue"},{"floor":42,"key":"Bottled Lightning"},{"floor":43,"key":"Pen Nib"},{"floor":43,"key":"Omamori"}],"event_choices":[{"damage_healed":0,"gold_gain":100,"player_choice":"Pray","damage_taken":0,"max_hp_gain":0,"max_hp_loss":0,"event_name":"Golden Shrine","floor":3,"gold_loss":0},{"damage_healed":0,"gold_gain":75,"player_choice":"Gather Gold","damage_taken":11,"max_hp_gain":0,"max_hp_loss":0,"event_name":"World of Goop","floor":5,"gold_loss":0},{"damage_healed":0,"gold_gain":0,"player_choice":"Success","damage_taken":18,"relics_obtained":["StrikeDummy"],"max_hp_gain":0,"max_hp_loss":0,"event_name":"Scrap Ooze","floor":13,"gold_loss":0},{"damage_healed":0,"gold_gain":0,"player_choice":"Ignored","damage_taken":0,"max_hp_gain":0,"max_hp_loss":0,"event_name":"Ghosts","floor":21,"gold_loss":0},{"damage_healed":0,"gold_gain":0,"player_choice":"Upgraded","damage_taken":0,"max_hp_gain":0,"max_hp_loss":0,"event_name":"Upgrade Shrine","floor":22,"gold_loss":0,"cards_upgraded":["Panacea"]},{"damage_healed":0,"gold_gain":99,"player_choice":"Stole From Cult","damage_taken":0,"max_hp_gain":0,"max_hp_loss":0,"event_name":"Nest","floor":29,"gold_loss":0},{"cards_removed":["ats:Strike G"],"damage_healed":0,"gold_gain":0,"player_choice":"Upgrade and Remove","damage_taken":0,"max_hp_gain":0,"max_hp_loss":0,"event_name":"Designer","floor":31,"gold_loss":90,"cards_upgraded":["ats:Wolf Pack"]},{"damage_healed":0,"gold_gain":0,"player_choice":"Gave Potion","damage_taken":0,"relics_obtained":["ats:Berate"],"max_hp_gain":0,"max_hp_loss":0,"event_name":"WeMeetAgain","floor":47,"gold_loss":0}],"is_beta":false,"boss_relics":[{"not_picked":["Sozu","ats:Sanity Plus"],"picked":"Runic Pyramid"},{"not_picked":["Astrolabe","Empty Cage"],"picked":"ats:Omniscience"}],"items_purged_floors":[11,19],"is_endless":false,"potions_floor_spawned":[1,2,12,14,16,18,20,28,33,35,36,38,39,41,42,45,46],"ascension_level":2}}