{"host":"l84l8xigz5v5foa2","time":1608892572,"event":{"mods":["2.2 Compatiblity","AchievementEnabler","BaseMod","Better Note","Better Vampires","Card Filter","Colored Map","DeckTracker","Downfall","Gremlin Skip","Highlight Path","Keyboard Shortcuts","Minty Spire (QoL Compilation)","Permanent Neow","Quick Restart","Relic Filter","Relic Stats","StSLib","SuperFastMode","Transform Curses","Unknown Chances"],"gold_per_floor":[99,111,211,224,134,134,157,185,205,130,147,160,179,237,251,354,354,354,365,380,380,390,404,478,478,489,506,535,144,144,177,192,292,292,292,308,324,324,115,115,115,100,110,110,110,142,157,102,117,117],"floor_reached":51,"playtime":4710,"items_purged":["champ:Defend"],"score":848,"play_id":"65d8779c-2c03-4d35-8140-d7ccb3073d2c","local_time":"20201225193612","is_ascension_mode":false,"campfire_choices":[{"data":"champ:Taunt","floor":1.0,"key":"SMITH"},{"data":"champ:Balance","floor":6.0,"key":"SMITH"},{"data":"champ:HoldFirm","floor":10.0,"key":"SMITH"},{"data":"champ:FalseCounter","floor":18.0,"key":"SMITH"},{"data":"champ:HoldFirm","floor":25.0,"key":"SMITH"},{"data":"champ:Lariat","floor":30.0,"key":"SMITH"},{"data":"champ:IgnorePain","floor":35.0,"key":"SMITH"},{"data":"champ:FocusedDefense","floor":40.0,"key":"SMITH"},{"data":"champ:EnGarde","floor":44.0,"key":"SMITH"}],"circlet_count":0,"master_deck":["champ:Strike","champ:Strike","champ:Strike","champ:Defend+1","champ:Defend+1","champ:Execute","champ:Taunt+1","champ:ShieldWall","champ:EnGarde+1","champ:Balance+1","champ:Lariat+1","champ:HoldFirm+1","champ:FocusedDefense+1","champ:DefensiveStyle","champ:DefensiveStyle","champ:FalseCounter+1","champ:HoldFirm+1","champ:StanceDance+1","champ:SwordSigil+1","champ:ShieldThrow","champ:DefensiveStyle","champ:Circumvent","champ:IgnorePain+1","champ:FlashCut+1","champ:TornadoPunch+1","champ:Lariat+1","champ:ShieldSigil+1","champ:ShieldThrow","champ:DefensiveShout+1","champ:Lariat+1","champ:SkillfulDodge+1","champ:FocusedGladiator+1"],"relics":["champ:ChampionCrownUpgraded","CloakClasp","War Paint","downfall:HeartBlessingBlue","The Courier","Meat on the Bone","Turnip","Singing Bowl","Potion Belt","Bag of Preparation","sneckomod:SneckoTalon","Toxic Egg 2","Bottled Flame","Art of War","Guardian:BottledAnomaly"],"acts_visited":["TheCity","TheBeyond"],"potions_floor_usage":[],"damage_taken":[{"damage":10.0,"enemies":"Cultist","floor":2.0,"turns":5.0},{"damage":43.0,"enemies":"Cultist","floor":3.0,"turns":9.0},{"damage":0.0,"enemies":"Jaw Worm","floor":4.0,"turns":2.0},{"damage":5.0,"enemies":"downfall:FleeingMerchant","floor":5.0,"turns":4.0},{"damage":8.0,"enemies":"Lagavulin","floor":8.0,"turns":7.0},{"damage":0.0,"enemies":"Small Slimes","floor":9.0,"turns":2.0},{"damage":0.0,"enemies":"Gremlin Gang","floor":11.0,"turns":3.0},{"damage":0.0,"enemies":"Exordium Thugs","floor":12.0,"turns":5.0},{"damage":0.0,"enemies":"Red Slaver","floor":13.0,"turns":4.0},{"damage":0.0,"enemies":"Lagavulin Event","floor":14.0,"turns":5.0},{"damage":10.0,"enemies":"Exordium Wildlife","floor":15.0,"turns":4.0},{"damage":15.0,"enemies":"downfall:Ironclad","floor":16.0,"turns":9.0},{"damage":22.0,"enemies":"Shell Parasite","floor":19.0,"turns":6.0},{"damage":10.0,"enemies":"Shelled Parasite and Fungi","floor":20.0,"turns":6.0},{"damage":14.0,"enemies":"Chosen and Byrds","floor":22.0,"turns":7.0},{"damage":18.0,"enemies":"Snake Plant","floor":23.0,"turns":5.0},{"damage":12.0,"enemies":"Shelled Parasite and Fungi","floor":26.0,"turns":4.0},{"damage":19.0,"enemies":"Centurion and Healer","floor":27.0,"turns":9.0},{"damage":27.0,"enemies":"Book of Stabbing","floor":28.0,"turns":7.0},{"damage":18.0,"enemies":"downfall:FleeingMerchant","floor":29.0,"turns":4.0},{"damage":6.0,"enemies":"Slavers","floor":31.0,"turns":5.0},{"damage":24.0,"enemies":"Sentry and Sphere","floor":32.0,"turns":6.0},{"damage":32.0,"enemies":"downfall:Watcher","floor":33.0,"turns":8.0},{"damage":19.0,"enemies":"Orb Walker","floor":36.0,"turns":4.0},{"damage":3.0,"enemies":"3 Shapes","floor":37.0,"turns":5.0},{"damage":21.0,"enemies":"downfall:FleeingMerchant","floor":39.0,"turns":4.0},{"damage":35.0,"enemies":"downfall:FleeingMerchant","floor":42.0,"turns":4.0},{"damage":24.0,"enemies":"Sphere and 2 Shapes","floor":43.0,"turns":4.0},{"damage":36.0,"enemies":"Reptomancer","floor":46.0,"turns":6.0},{"damage":32.0,"enemies":"Spire Growth","floor":47.0,"turns":4.0},{"damage":9.0,"enemies":"downfall:FleeingMerchant","floor":48.0,"turns":2.0},{"damage":52.0,"enemies":"Transient","floor":49.0,"turns":5.0},{"damage":54.0,"enemies":"downfall:Silent","floor":50.0,"turns":7.0}],"seed_played":"5856374932473223652","potions_obtained":[{"floor":2.0,"key":"Explosive Potion"},{"floor":3.0,"key":"GamblersBrew"},{"floor":8.0,"key":"Explosive Potion"},{"floor":9.0,"key":"SkillPotion"},{"floor":11.0,"key":"SkillPotion"},{"floor":19.0,"key":"Explosive Potion"},{"floor":20.0,"key":"LiquidBronze"},{"floor":31.0,"key":"Explosive Potion"},{"floor":32.0,"key":"champ:TechniquePotion"},{"floor":43.0,"key":"FearPotion"},{"floor":46.0,"key":"Weak Potion"},{"floor":47.0,"key":"Weak Potion"}],"is_trial":false,"path_per_floor":["R","M","?","M","$","R","T","E","M","R","M","M","M","?","M","B",null,"R","M","M","?","M","M","T","R","M","M","E","$","R","E","M","B",null,"R","M","M","?","$","R","T","?","M","R","?","E","M","$","M","B",null],"character_chosen":"THE_CHAMP","items_purchased":["Singing Bowl","Potion Belt","champ:DefensiveStyle","Toxic Egg 2","CultistPotion","Guardian:BottledAnomaly","champ:Lariat+1","champ:SkillfulDodge+1","DuplicationPotion","champ:CounterPotion"],"campfire_rested":0,"item_purchase_floors":[29,29,29,39,48,48,48,48,48,48],"current_hp_per_floor":[63,58,38,38,38,38,38,35,35,45,45,45,45,45,45,43,100,100,100,99,99,99,92,92,92,91,86,86,86,86,83,83,88,105,105,97,97,97,97,97,97,99,99,99,99,99,101,101,96,102],"gold":117,"neow_bonus":"TRANSFORM_TWO_CARDS","is_daily":false,"chose_seed":false,"campfire_upgraded":9,"win_rate":0.0,"timestamp":1608892572,"path_taken":["R","M","?","M","$","R","T","E","M","R","M","M","M","?","M","BOSS","R","M","M","?","?","M","T","R","M","M","E","?","R","E","M","BOSS","R","M","M","?","$","R","T","?","?","R","?","E","M","$","M","BOSS"],"items_purchased_type":["Relic","Relic","Card","Relic","Potion","Relic","Card","Card","Potion","Potion"],"build_version":"2020-12-22","purchased_purges":1,"victory":true,"max_hp_per_floor":[90,90,90,90,90,90,90,90,90,100,100,100,100,100,100,100,100,100,100,100,100,100,100,100,100,100,100,100,100,100,100,100,105,105,105,105,105,105,105,105,105,107,107,107,107,107,109,109,109,109],"relic_stats":{"Singing Bowl":4,"counters":[33,171],"Turnip":[10],"CloakClasp":[455],"Bag of Preparation":[24],"Art of War":[7],"War Paint":["champ:Defend","champ:Defend"],"obtain_stats":[{"Potion Belt":29,"Singing Bowl":29,"champ:ChampionCrown":0,"The Courier":14,"champ:ChampionCrownUpgraded":17,"CloakClasp":3,"Bag of Preparation":31,"War Paint":8,"sneckomod:SneckoTalon":34,"Bottled Flame":41,"downfall:HeartBlessingBlue":10,"Turnip":28,"Art of War":46,"Toxic Egg 2":39,"Guardian:BottledAnomaly":48,"Meat on the Bone":24},{"Potion Belt":20,"Singing Bowl":20,"champ:ChampionCrown":0,"The Courier":10,"champ:ChampionCrownUpgraded":12,"CloakClasp":2,"Bag of Preparation":21,"War Paint":5,"sneckomod:SneckoTalon":23,"Bottled Flame":26,"downfall:HeartBlessingBlue":6,"Turnip":19,"Art of War":29,"Toxic Egg 2":26,"Guardian:BottledAnomaly":31,"Meat on the Bone":16},{"Potion Belt":107,"Singing Bowl":107,"champ:ChampionCrown":0,"The Courier":46,"champ:ChampionCrownUpgraded":59,"CloakClasp":14,"Bag of Preparation":112,"War Paint":27,"sneckomod:SneckoTalon":126,"Bottled Flame":139,"downfall:HeartBlessingBlue":29,"Turnip":103,"Art of War":153,"Toxic Egg 2":139,"Guardian:BottledAnomaly":159,"Meat on the Bone":83}],"Meat on the Bone":12},"card_choices":[{"not_picked":["champ:Shatter","champ:GutPunch"],"picked":"champ:Balance","floor":2.0},{"not_picked":["champ:BerserkersShout","champ:Haymaker"],"picked":"champ:FightOn","floor":4.0},{"not_picked":["champ:Haymaker","champ:BringItOn"],"picked":"champ:Lariat","floor":5.0},{"not_picked":["champ:Haymaker","champ:BringItOn"],"picked":"champ:HoldFirm","floor":8.0},{"not_picked":["champ:BringItOn","champ:AdrenalArmor"],"picked":"champ:FocusedDefense","floor":9.0},{"not_picked":["champ:ShieldSigil","champ:SkillfulDodge","champ:Backstep"],"picked":"SKIP","floor":11.0},{"not_picked":["champ:FanOfKnives","champ:ShieldWall"],"picked":"champ:DefensiveStyle","floor":12.0},{"not_picked":["champ:FocusedDefense","champ:ShieldWall"],"picked":"champ:DefensiveStyle","floor":13.0},{"not_picked":["champ:Riposte","champ:CrookedStrike"],"picked":"champ:FalseCounter","floor":14.0},{"not_picked":["champ:ShieldSigil","champ:Haymaker","champ:BringItOn"],"picked":"SKIP","floor":15.0},{"not_picked":["champ:ShieldSlam","champ:HeavySlash"],"picked":"champ:HoldFirm","floor":16.0},{"not_picked":["champ:FalseCounter","champ:BringItOn+1","champ:DefensiveStyle+1"],"picked":"SKIP","floor":19.0},{"not_picked":["champ:FightOn","champ:Control"],"picked":"champ:StanceDance+1","floor":20.0},{"not_picked":["champ:Backstep","champ:FocusedBerserking+1","champ:DeathBlow"],"picked":"SKIP","floor":22.0},{"not_picked":["champ:Haymaker","champ:Balance","champ:CrookedStrike"],"picked":"SKIP","floor":23.0},{"not_picked":["champ:PerfectedStrike","champ:Improvising","champ:ShieldSigil"],"picked":"SKIP","floor":26.0},{"not_picked":["champ:DefensiveShout","champ:GladiatorsShout"],"picked":"champ:SwordSigil+1","floor":27.0},{"not_picked":["champ:GladiatorsShout+1","champ:IronFortress","champ:SwordSigil"],"picked":"SKIP","floor":28.0},{"not_picked":["champ:Backstep","champ:FlashCut+1"],"picked":"champ:ShieldThrow","floor":29.0},{"not_picked":["champ:Backstep+1","champ:FocusedBerserking+1"],"picked":"champ:Circumvent","floor":31.0},{"not_picked":["champ:Haymaker+1","champ:BringItOn+1"],"picked":"champ:DefensiveStyle","floor":32.0},{"not_picked":["champ:LastStand","champ:DancingMaster"],"picked":"champ:IgnorePain","floor":33.0},{"not_picked":["champ:Shatter","champ:IronFortress"],"picked":"champ:FlashCut+1","floor":36.0},{"not_picked":["champ:PerfectedStrike+1","champ:DefensiveShout"],"picked":"champ:TornadoPunch+1","floor":37.0},{"not_picked":["champ:TornadoPunch","champ:GutPunch+1"],"picked":"champ:Lariat+1","floor":39.0},{"not_picked":["champ:FocusedBerserking+1","champ:Backstep+1","champ:TornadoPunch"],"picked":"Singing Bowl","floor":42.0},{"not_picked":["champ:ShieldSlam","champ:GutPunch"],"picked":"champ:ShieldSigil+1","floor":43.0},{"not_picked":["champ:DancingMaster","champ:GladiatorsShout+1"],"picked":"champ:ShieldThrow","floor":46.0},{"not_picked":["champ:BladeFlurry","champ:BringItOn+1","champ:BerserkersShout+1"],"picked":"Singing Bowl","floor":47.0},{"not_picked":["champ:BladeFlurry","champ:BerserkersShout+1"],"picked":"champ:DefensiveShout+1","floor":48.0},{"not_picked":["champ:Circumvent+1","champ:BerserkersShout+1"],"picked":"champ:FocusedGladiator+1","floor":49.0}],"player_experience":2697230,"relics_obtained":[{"floor":3.0,"key":"CloakClasp"},{"floor":8.0,"key":"War Paint"},{"floor":14.0,"key":"The Courier"},{"floor":24.0,"key":"Meat on the Bone"},{"floor":28.0,"key":"Turnip"},{"floor":31.0,"key":"Bag of Preparation"},{"floor":41.0,"key":"Bottled Flame"},{"floor":46.0,"key":"Art of War"}],"event_choices":[{"damage_healed":0.0,"max_hp_gain":0.0,"max_hp_loss":0.0,"gold_gain":0.0,"event_name":"betterNote:BetterNote","player_choice":"Ignored","floor":21.0,"gold_loss":0.0,"damage_taken":0.0,"cards_obtained":["Night Terror"]},{"cards_removed":["champ:DefensiveStyle"],"damage_healed":0.0,"max_hp_gain":0.0,"max_hp_loss":0.0,"gold_gain":0.0,"event_name":"Falling","player_choice":"Removed Power","floor":45.0,"gold_loss":0.0,"damage_taken":0.0}],"is_beta":false,"boss_relics":[{"not_picked":["Pandora\u0027s Box","Empty Cage"],"picked":"champ:ChampionCrownUpgraded"},{"not_picked":["Philosopher\u0027s Stone","Calling Bell"],"picked":"sneckomod:SneckoTalon"}],"items_purged_floors":[5],"is_endless":false,"potions_floor_spawned":[2,3,8,9,11,19,20,31,32,43,46,47,49],"ascension_level":0}}