{"host":"30t73aj4w3oq1hk8","time":1608916916,"event":{"mods":["BaseMod","Colored Map","Colored Powertips","Minty Spire (QoL Compilation)","Random Character Button","StSLib"],"gold_per_floor":[119,132,132,149,149,175,185,213,213,213,233,252,308,329,329,429,429,429,34,34,34,34,34,34,34,34,34,34,0,0,0,0,0,0,0,0,0,0,0,0],"floor_reached":39,"playtime":1725,"items_purged":[],"score":498,"play_id":"782dd220-b0be-4b9d-b59e-76f1b5efea4b","local_time":"20201225122156","is_ascension_mode":true,"campfire_choices":[{"floor":10,"key":"REST"},{"floor":15,"key":"REST"},{"floor":24,"key":"REST"},{"floor":28,"key":"REST"},{"floor":32,"key":"REST"}],"circlet_count":0,"master_deck":["Strike_P+1","Strike_P+1","Strike_P","Defend_P","Defend_P+1","Defend_P","Defend_P+1","Vigilance","FlurryOfBlows","Indignation","PathToVictory","ThirdEye","EmptyBody","LessonLearned","PathToVictory","ThirdEye","EmptyMind+1","PathToVictory","Mayhem","Decay","FollowUp+1","DevaForm","JustLucky+1","Pommel Strike","EmptyMind+1"],"relics":["PureWater","NeowsBlessing","Girya","Gremlin Horn","Matryoshka","CeramicFish","The Courier","Ectoplasm","Membership Card","Regal Pillow","Du-Vu Doll","InkBottle","Ancient Tea Set","WingedGreaves","Happy Flower","Philosopher\u0027s Stone"],"acts_visited":["Exordium","TheCity","TheBeyond"],"potions_floor_usage":[8,8,12,16,16,23,33,37],"damage_taken":[{"damage":0,"enemies":"2 Louse","floor":1,"turns":1},{"damage":0,"enemies":"Cultist","floor":2,"turns":1},{"damage":0,"enemies":"Jaw Worm","floor":4,"turns":1},{"damage":40,"enemies":"Lagavulin","floor":6,"turns":7},{"damage":3,"enemies":"Exordium Wildlife","floor":7,"turns":3},{"damage":11,"enemies":"3 Sentries","floor":8,"turns":9},{"damage":4,"enemies":"Looter","floor":11,"turns":3},{"damage":24,"enemies":"Large Slime","floor":12,"turns":5},{"damage":5,"enemies":"Gremlin Gang","floor":14,"turns":6},{"damage":2,"enemies":"The Guardian","floor":16,"turns":11},{"damage":9,"enemies":"Shell Parasite","floor":18,"turns":5},{"damage":29,"enemies":"Gremlin Leader","floor":23,"turns":6},{"damage":17,"enemies":"Spheric Guardian","floor":25,"turns":5},{"damage":16,"enemies":"Centurion and Healer","floor":27,"turns":5},{"damage":18,"enemies":"Snake Plant","floor":31,"turns":3},{"damage":82,"enemies":"Champ","floor":33,"turns":7},{"damage":31,"enemies":"Orb Walker","floor":35,"turns":3},{"damage":10,"enemies":"3 Shapes","floor":37,"turns":4},{"damage":39,"enemies":"Maw","floor":39,"turns":5}],"seed_played":"489115709316178547","potions_obtained":[{"floor":2,"key":"StancePotion"},{"floor":4,"key":"FairyPotion"},{"floor":6,"key":"DistilledChaos"},{"floor":11,"key":"Weak Potion"},{"floor":12,"key":"BlessingOfTheForge"},{"floor":14,"key":"Dexterity Potion"},{"floor":18,"key":"DuplicationPotion"},{"floor":27,"key":"CultistPotion"},{"floor":35,"key":"Swift Potion"}],"is_trial":false,"path_per_floor":["M","M","?","M","?","E","M","E","T","R","M","M","?","M","R","B",null,"M","$","?","?","?","E","R","M","T","M","R","?","T","M","R","B",null,"M","?","M","$","M"],"character_chosen":"WATCHER","items_purchased":["Membership Card","Regal Pillow","Du-Vu Doll","PathToVictory","Mayhem"],"campfire_rested":5,"item_purchase_floors":[19,19,19,19,19],"current_hp_per_floor":[72,72,72,72,72,32,29,18,18,39,35,11,11,6,27,25,72,63,63,63,63,51,22,58,41,41,25,61,61,61,43,72,21,72,41,41,31,31,0,0],"gold":0,"neow_bonus":"THREE_ENEMY_KILL","is_daily":false,"chose_seed":false,"campfire_upgraded":0,"win_rate":0.0,"timestamp":1608916916,"path_taken":["M","M","?","?","?","E","?","E","T","R","M","M","?","M","R","BOSS","M","$","?","?","?","E","R","M","T","?","R","?","?","M","R","BOSS","M","?","?","?","?"],"items_purchased_type":["Relic","Relic","Relic","Card","Card"],"build_version":"2020-12-22","purchased_purges":0,"victory":false,"max_hp_per_floor":[72,72,72,72,72,72,72,72,72,72,72,72,72,72,72,72,72,72,72,72,72,72,72,72,72,72,72,72,72,72,72,72,72,72,72,72,72,72,72,72],"card_choices":[{"not_picked":["CutThroughFate","FlyingSleeves"],"picked":"FlurryOfBlows","floor":1},{"not_picked":["Nirvana","PathToVictory"],"picked":"Indignation","floor":2},{"not_picked":["SandsOfTime","CutThroughFate"],"picked":"BattleHymn","floor":4},{"not_picked":["Worship","Omniscience"],"picked":"ThirdEye","floor":6},{"not_picked":["BattleHymn","ClearTheMind"],"picked":"EmptyBody","floor":7},{"not_picked":["SashWhip","SandsOfTime"],"picked":"LessonLearned","floor":8},{"not_picked":["EmptyFist","InnerPeace"],"picked":"PathToVictory","floor":11},{"not_picked":["FlyingSleeves","Adaptation","WreathOfFlame"],"picked":"SKIP","floor":12},{"not_picked":["TalkToTheHand","Weave"],"picked":"ThirdEye","floor":14},{"not_picked":["JustLucky","Collect"],"picked":"EmptyMind+1","floor":18},{"not_picked":["Consecrate","Crescendo","BattleHymn"],"picked":"SKIP","floor":23},{"not_picked":["Protect","SashWhip"],"picked":"FollowUp+1","floor":25},{"not_picked":["CrushJoints+1","EmptyFist+1","MasterReality"],"picked":"SKIP","floor":27},{"not_picked":["Pray","Crescendo","WreathOfFlame"],"picked":"SKIP","floor":31},{"not_picked":["Vault","SpiritShield"],"picked":"DevaForm","floor":33},{"not_picked":["EmptyFist+1","Meditate"],"picked":"JustLucky+1","floor":35},{"not_picked":["Weave","BowlingBash+1"],"picked":"EmptyMind+1","floor":37}],"player_experience":685966,"relics_obtained":[{"floor":6,"key":"Gremlin Horn"},{"floor":8,"key":"Matryoshka"},{"floor":9,"key":"CeramicFish"},{"floor":9,"key":"The Courier"},{"floor":23,"key":"InkBottle"},{"floor":26,"key":"Ancient Tea Set"},{"floor":26,"key":"WingedGreaves"},{"floor":30,"key":"Happy Flower"}],"event_choices":[{"damage_healed":0,"gold_gain":0,"cards_transformed":["Strike_P"],"player_choice":"Transformed","damage_taken":0,"max_hp_gain":0,"max_hp_loss":0,"event_name":"Transmorgrifier","floor":3,"gold_loss":0,"cards_obtained":["PathToVictory"]},{"cards_removed":["BattleHymn"],"damage_healed":0,"gold_gain":0,"player_choice":"Gave Card","damage_taken":0,"relics_obtained":["Girya"],"max_hp_gain":0,"max_hp_loss":0,"event_name":"WeMeetAgain","floor":5,"gold_loss":0},{"damage_healed":0,"gold_gain":56,"player_choice":"Gained Gold","damage_taken":0,"max_hp_gain":0,"max_hp_loss":0,"event_name":"Golden Wing","floor":13,"gold_loss":0},{"damage_healed":0,"gold_gain":0,"player_choice":"Smashed Altar","damage_taken":0,"max_hp_gain":0,"max_hp_loss":0,"event_name":"Forgotten Altar","floor":20,"gold_loss":0,"cards_obtained":["Decay"]},{"damage_healed":0,"gold_gain":0,"player_choice":"Ignored","damage_taken":0,"max_hp_gain":0,"max_hp_loss":0,"event_name":"Vampires","floor":21,"gold_loss":0},{"damage_healed":0,"gold_gain":0,"player_choice":"POTION ","damage_taken":12,"max_hp_gain":0,"max_hp_loss":0,"event_name":"Knowing Skull","floor":22,"potions_obtained":["LiquidBronze"],"gold_loss":0,"cards_obtained":[]},{"damage_healed":0,"gold_gain":0,"player_choice":"Paid Fearfully","damage_taken":0,"max_hp_gain":0,"max_hp_loss":0,"event_name":"Masked Bandits","floor":29,"gold_loss":34},{"cards_removed":["Eruption"],"damage_healed":0,"gold_gain":0,"player_choice":"Took Card","damage_taken":0,"max_hp_gain":0,"max_hp_loss":0,"event_name":"NoteForYourself","floor":36,"gold_loss":0,"cards_obtained":["Pommel Strike"]}],"is_beta":false,"boss_relics":[{"not_picked":["Calling Bell","Cursed Key"],"picked":"Ectoplasm"},{"not_picked":["Pandora\u0027s Box","VioletLotus"],"picked":"Philosopher\u0027s Stone"}],"items_purged_floors":[],"is_endless":false,"potions_floor_spawned":[2,4,6,11,12,14,18,27,35],"killed_by":"Maw","ascension_level":3}}