{"host":"bbcqjedmotowk2e9","time":1608921019,"event":{"mods":["A Magickal Journey","AchievementEnabler","Aspiration","BaseMod","BetterRewards","Colored Powertips","Conspire","Energized Spire","GifTheSpireLib","Halation","Hubris","Hyrulean Relics","Minty Spire (QoL Compilation)","Permanent Neow","Quick Restart","Relic Stats","Replay The Spire","Spires And Sneckos","StSLib","Stuff the Spire","Synergy Search","The Disciple","vexMod"],"gold_per_floor":[119,72,247,258,283,283,233,267,290,290,290],"floor_reached":10,"playtime":197,"items_purged":[],"score":107,"play_id":"4be6c260-af80-4c3f-8b14-5df2690e11c0","local_time":"20201225213019","is_ascension_mode":true,"campfire_choices":[{"data":"Replay:ManipulateFuture","floor":6,"key":"SMITH"}],"circlet_count":0,"master_deck":["Strike_P","Strike_P","Strike_P","Strike_P","Defend_P","Defend_P","Defend_P","Defend_P","Eruption","Vigilance","Replay:ManipulateFuture+1","Crescendo","LessonLearned"],"relics":["PureWater","NeowsBlessing","Replay:Wax Seal","halation:BottledLove","conspire:TopHat"],"acts_visited":["Exordium"],"potions_floor_usage":[10],"damage_taken":[{"damage":0,"enemies":"Jaw Worm","floor":1,"turns":1},{"damage":0,"enemies":"2 Louse","floor":4,"turns":2},{"damage":0,"enemies":"Lagavulin","floor":8,"turns":2},{"damage":0,"enemies":"Gremlin Nob","floor":10,"turns":2}],"seed_played":"-6241723032995132471","potions_obtained":[{"floor":1,"key":"FearPotion"}],"is_trial":false,"path_per_floor":["M","$","?","M","T","R","?","E","T","E"],"character_chosen":"WATCHER","items_purchased":["Replay:ManipulateFuture"],"campfire_rested":0,"item_purchase_floors":[2],"current_hp_per_floor":[72,72,72,72,72,72,72,72,72,72,72],"gold":290,"neow_bonus":"THREE_ENEMY_KILL","is_daily":false,"chose_seed":false,"campfire_upgraded":1,"win_rate":0.0,"timestamp":1608921019,"path_taken":["M","$","?","M","?","R","?","E","T","E"],"items_purchased_type":["Card"],"build_version":"2020-12-22","purchased_purges":0,"victory":false,"max_hp_per_floor":[72,72,72,72,72,72,72,72,72,72,72],"relic_stats":{"counters":[4,7],"obtain_stats":[{"NeowsBlessing":0,"halation:BottledLove":8,"PureWater":0,"Replay:Wax Seal":5,"conspire:TopHat":9},{"NeowsBlessing":0,"halation:BottledLove":3,"PureWater":0,"Replay:Wax Seal":2,"conspire:TopHat":3},{"NeowsBlessing":0,"halation:BottledLove":5,"PureWater":0,"Replay:Wax Seal":3,"conspire:TopHat":5}]},"card_choices":[{"not_picked":["InnerPeace","Meditate","Study"],"picked":"SKIP","floor":1},{"not_picked":["CrushJoints","Replay:Battleflow"],"picked":"Crescendo","floor":4},{"not_picked":["Pray","Blasphemy"],"picked":"LessonLearned","floor":8}],"player_experience":542597,"relics_obtained":[{"floor":5,"key":"Replay:Wax Seal"},{"floor":8,"key":"halation:BottledLove"},{"floor":9,"key":"conspire:TopHat"}],"event_choices":[{"damage_healed":0,"gold_gain":175,"player_choice":"AGREE","damage_taken":0,"max_hp_gain":0,"max_hp_loss":0,"event_name":"Liars Game","floor":3,"gold_loss":0,"cards_obtained":["Doubt"]},{"cards_removed":["Doubt"],"damage_healed":0,"gold_gain":0,"player_choice":"Card Removal","damage_taken":0,"max_hp_gain":0,"max_hp_loss":0,"event_name":"The Cleric","floor":7,"gold_loss":50}],"is_beta":false,"boss_relics":[],"items_purged_floors":[],"is_endless":false,"potions_floor_spawned":[1],"killed_by":"Gremlin Nob","ascension_level":4}}