{"host":"wbdldanbffix1hn8","time":1608881987,"event":{"mods":["Act Like it!","BaseMod","BetterRewards","Colored Map","Colored Powertips","Downfall","Hallownest","Hermit","Infinite Spire","Mad Scientist","Minty Spire (QoL Compilation)","Rare Cards Sparkle","Replay The Spire","Shop Mod","Somnambulant","StSLib","The Bug Knight","The Cursed","The Forsaken","The Hierophant","The Necromancer","The Poker Player","The Runesmith"],"gold_per_floor":[117,117,137,137,137,137,170,190,190,37,49,49,84,103,103,204,204,121,37,37,37,37],"floor_reached":21,"playtime":1090,"items_purged":["Clumsy"],"score":235,"play_id":"5773d9ea-f8d2-493e-bef8-31b0235b0fdf","local_time":"20201225023947","is_ascension_mode":true,"campfire_choices":[{"floor":15,"key":"REST"}],"circlet_count":0,"master_deck":["Strike_G","Strike_G","Strike_G","Strike_G","Strike_G","Defend_G","Defend_G","Defend_G","Defend_G","Defend_G","Survivor","Neutralize","Draining Mist","Dagger Throw","Catalyst","Atom Bomb","Noxious Fumes","Backstab","Footwork","Outmaneuver","Envenom","Pot Of Greed","Pot Of Greed","Clumsy","Pot Of Greed","Flying Knee","Dodge and Roll","Slice","Deadly Poison+1","Blind"],"relics":["Runesmith:BrokenRuby","NeowsBlessing","ReplayTheSpireMod:Ring of Addiction","Ring of Panic","Toy Ornithopter","White Beast Statue","infinitespire:Cubic Diamond","Chameleon Ring","Ninja Scroll","infinitespire:Beetle Shell","Boot","Regal Pillow","Replay:Ancient Bell","Grinning Jar","Replay:Bottled Steam","Prayer Wheel"],"acts_visited":["Exordium","TheCity"],"potions_floor_usage":[8,11,16,16,21,21],"damage_taken":[{"damage":0,"enemies":"Small Slimes","floor":1,"turns":1},{"damage":0,"enemies":"2 Louse","floor":3,"turns":1},{"damage":0,"enemies":"Lagavulin","floor":7,"turns":1},{"damage":0,"enemies":"Cultist","floor":8,"turns":2},{"damage":4,"enemies":"Gremlin Gang","floor":11,"turns":3},{"damage":3,"enemies":"Gremlin Nob","floor":13,"turns":3},{"damage":8,"enemies":"3 Louse","floor":14,"turns":4},{"damage":37,"enemies":"The Guardian","floor":16,"turns":8},{"damage":19,"enemies":"Shell Parasite","floor":18,"turns":4},{"damage":7,"enemies":"Chosen","floor":19,"turns":3},{"damage":41,"enemies":"Centurion and Healer","floor":21,"turns":11}],"seed_played":"1941192593559214267","potions_obtained":[{"floor":1,"key":"hexamod:EctoCoolerPotion"},{"floor":2,"key":"sneckomod:MuddlingPotion"},{"floor":2,"key":"Regen Potion"},{"floor":7,"key":"Poison Potion"},{"floor":8,"key":"Venom Potion"},{"floor":11,"key":"SteroidPotion"},{"floor":16,"key":"Block Potion"},{"floor":18,"key":"FearPotion"}],"is_trial":false,"path_per_floor":["M","?","M","?","?","R","E","M","T","$","M","T","E","M","R","B",null,"M","M","?","M"],"character_chosen":"THE_SILENT","items_purchased":["Noxious Fumes"],"campfire_rested":1,"item_purchase_floors":[10],"current_hp_per_floor":[70,70,70,70,58,58,58,68,68,68,64,64,61,53,66,39,66,47,40,28,0,0],"gold":37,"neow_bonus":"THREE_ENEMY_KILL","is_daily":false,"chose_seed":false,"campfire_upgraded":0,"win_rate":0.0,"timestamp":1608881987,"path_taken":["M","?","M","?","?","R","E","M","T","?","M","?","E","?","R","BOSS","M","?","?","M"],"items_purchased_type":["Card"],"build_version":"2020-12-22","purchased_purges":1,"victory":false,"max_hp_per_floor":[70,70,70,70,70,68,68,68,68,68,68,68,68,68,66,66,66,66,66,64,64,64],"card_choices":[{"not_picked":["Flying Knee","Dodge and Roll"],"picked":"Draining Mist","floor":1},{"not_picked":["Masterful Stab","PiercingWail"],"picked":"Dagger Throw","floor":3},{"not_picked":["Draining Mist","ReplayTheSpireMod:Shiv Toss"],"picked":"Catalyst","floor":7},{"not_picked":["Quick Slash","PiercingWail"],"picked":"Atom Bomb","floor":8},{"not_picked":["Blade Dance","Prepared"],"picked":"Backstab","floor":11},{"not_picked":["ReplayTheSpireMod:Tripwire","Heel Hook"],"picked":"Footwork","floor":13},{"not_picked":["Prepared","ReplayTheSpireMod:Speed Training"],"picked":"Outmaneuver","floor":14},{"not_picked":["Malaise","Phantasmal Killer"],"picked":"Envenom","floor":16},{"not_picked":["Injury","AbeCurse"],"picked":"Clumsy","floor":17},{"not_picked":["Voices","hermit:ImpendingDoom"],"picked":"ReplayTheSpireMod:IOU","floor":17},{"not_picked":["Guardian:Aged","Replay:Hysterical Blindness"],"picked":"ReplayTheSpireMod:IOU","floor":17},{"not_picked":["Endless Agony","Acrobatics"],"picked":"Flying Knee","floor":18},{"not_picked":["Blade Dance","Sucker Punch"],"picked":"Dodge and Roll","floor":18},{"not_picked":["Underhanded Strike","Hidden Blade"],"picked":"Slice","floor":19},{"not_picked":["Backflip","Heel Hook"],"picked":"Deadly Poison+1","floor":19}],"player_experience":144815,"relics_obtained":[{"floor":2,"key":"ReplayTheSpireMod:Ring of Addiction"},{"floor":2,"key":"Ring of Panic"},{"floor":2,"key":"Toy Ornithopter"},{"floor":2,"key":"White Beast Statue"},{"floor":7,"key":"Ninja Scroll"},{"floor":9,"key":"infinitespire:Beetle Shell"},{"floor":12,"key":"Boot"},{"floor":13,"key":"Regal Pillow"}],"event_choices":[{"damage_healed":0,"gold_gain":0,"player_choice":"Success","damage_taken":12,"relics_obtained":["Chameleon Ring"],"max_hp_gain":0,"max_hp_loss":0,"event_name":"Scrap Ooze","floor":5,"gold_loss":0},{"damage_healed":0,"gold_gain":0,"player_choice":"CARD ","damage_taken":12,"max_hp_gain":0,"max_hp_loss":0,"event_name":"Knowing Skull","floor":20,"potions_obtained":[],"gold_loss":0,"cards_obtained":["Blind"]}],"is_beta":false,"boss_relics":[{"not_picked":["ReplayTheSpireMod:DimensionalGlitch","ChewingGum"],"picked":"Replay:Ancient Bell"},{"not_picked":["War Paint","Bronze Scales"],"picked":"Grinning Jar"},{"not_picked":["HollowMod:StagPassRelic","Shuriken"],"picked":"Replay:Bottled Steam"},{"not_picked":["Shovel","TungstenRod"],"picked":"Prayer Wheel"}],"items_purged_floors":[10],"is_endless":false,"potions_floor_spawned":[1,3,7,8,11,13,14,16,18,19],"killed_by":"Centurion and Healer","ascension_level":2}}