{"host":"mytek2nu1hrzdnew","time":1608862438,"event":{"mods":["Aspiration","BaseMod","Conspire","GifTheSpireLib","Gold Saver","Hubris","Melee Mod","Minty Spire (QoL Compilation)","Replay The Spire","StSLib","Stuff the Spire"],"gold_per_floor":[1842,1842,2017,964,964,978,988,1018,1086,1113,1113,1113,188,205,205,301,301,312,325,325,64,64,89,89,114,114,114,114,124,158,171,171,274,274,289,299,299,299,41,72,72,82,82,82,101,121,79,129,129,129],"floor_reached":51,"playtime":3731,"items_purged":["Doubt","Wraith Form v2"],"score":771,"play_id":"9c41dabe-41a3-40a6-9686-6addf51b57d7","local_time":"20201224211358","daily_mods":["SealedDeck","Vintage","Diverse","Heirloom","Time Dilation","Binary"],"is_ascension_mode":false,"campfire_choices":[{"floor":11,"key":"REST"},{"floor":15,"key":"REST"},{"floor":32,"key":"REST"},{"floor":41,"key":"REST"},{"floor":44,"key":"REST"},{"floor":49,"key":"REST"}],"circlet_count":0,"master_deck":["Demon Form","Echo Form+1","DevaForm","hubris:SlightOfHand","Sentinel","Deadly Poison","Flex","Calculated Gamble","meleeMod_UnclePunch","Go for the Eyes","Double Energy+1","Anger","ReplayTheSpireMod:Scrap Shanks","ReplayTheSpireMod:Brewmster","Self Repair","Crow Ritual","Static Discharge","Mayhem","Static Discharge+1"],"relics":["Cracked Core","Busted Crown","Girya","Replay:Kaleidoscope","Prayer Wheel","Durian","HandDrill","Replay:Ringing Soul","Iron Hammer","Omamori","Letter Opener","Juzu Bracelet","aspiration:Nostalgia","Replay:M_SmolderingBlood","Ornamental Fan","StuffTheSpire:OldFever","StuffTheSpire:Experiment12","Black Star","hubris:SoftwareUpdate","Boot","Mummified Hand","Oddly Smooth Stone","aspiration:VileToxins","aspiration:FrozenJewel","hubris:Metronome","StuffTheSpire:EmeraldSignet","Sundial","Akabeko","Pen Nib","Ring of Chaos","Blue Doll","Blood Vial","conspire:GlowingRock","Replay:Wax Seal","Replay:Towering Pillar of Hats","Toxic Egg 2","aspiration:HiddenCompartment","Replay:Rubber Ducky","Ginger"],"acts_visited":["Exordium","TheCity","TheBeyond"],"potions_floor_usage":[7,8,8,10,10,10,14,16,16,19,23,25,25,25,29,30,30,31,31,33,33,35,36,40,40,42,45,45,45,45,46,46,48,48,50,50,50,50],"damage_taken":[{"damage":17,"enemies":"Small Slimes","floor":1,"turns":3},{"damage":10,"enemies":"2 Louse","floor":6,"turns":2},{"damage":0,"enemies":"Cultist","floor":7,"turns":3},{"damage":22,"enemies":"Lagavulin","floor":8,"turns":5},{"damage":25,"enemies":"3 Sentries","floor":10,"turns":5},{"damage":24,"enemies":"Exordium Thugs","floor":14,"turns":4},{"damage":25,"enemies":"Slime Boss","floor":16,"turns":6},{"damage":9,"enemies":"Chosen","floor":18,"turns":4},{"damage":24,"enemies":"Shell Parasite","floor":19,"turns":3},{"damage":10,"enemies":"Gremlin Leader","floor":23,"turns":5},{"damage":57,"enemies":"Book of Stabbing","floor":25,"turns":6},{"damage":8,"enemies":"Shelled Parasite and Fungi","floor":29,"turns":3},{"damage":8,"enemies":"conspire:MimicChest","floor":30,"turns":4},{"damage":8,"enemies":"Cultist and Chosen","floor":31,"turns":5},{"damage":11,"enemies":"Pondfish","floor":33,"turns":4},{"damage":4,"enemies":"3 Shapes","floor":35,"turns":4},{"damage":25,"enemies":"3 Darklings","floor":36,"turns":4},{"damage":51,"enemies":"Reptomancer","floor":40,"turns":4},{"damage":3,"enemies":"Jaw Worm Horde","floor":42,"turns":3},{"damage":7,"enemies":"Spire Growth","floor":45,"turns":3},{"damage":43,"enemies":"4 Shapes","floor":46,"turns":5},{"damage":0,"enemies":"Mind Bloom Boss Battle","floor":48,"turns":4},{"damage":7,"enemies":"Time Eater","floor":50,"turns":4}],"seed_played":"-3092062532941172989","potions_obtained":[{"floor":1,"key":"Reflective Coating"},{"floor":6,"key":"DistilledChaos"},{"floor":14,"key":"BlessingOfTheForge"},{"floor":16,"key":"Energy Potion"},{"floor":18,"key":"Fire Potion"},{"floor":33,"key":"EssenceOfSteel"},{"floor":45,"key":"Flashbang"},{"floor":46,"key":"AttackPotion"},{"floor":48,"key":"Dexterity Potion"}],"is_trial":true,"path_per_floor":["M","?","?","$","?","M","M","E","T","E","R","?","$","M","R","B",null,"M","M","?","$","?","E","?","E","T","$","?","M","?","M","R","B",null,"M","M","?","?","$","E","R","M","T","R","M","M","$","?","R","B",null],"character_chosen":"DEFECT","items_purchased":["ReplayTheSpireMod:Scrap Shanks","Prayer Wheel","Durian","HandDrill","ReplayTheSpireMod:Brewmster","Self Repair","aspiration:Nostalgia","Ornamental Fan","StuffTheSpire:OldFever","Crow Ritual","Mummified Hand","Static Discharge","Mayhem","Static Discharge+1"],"campfire_rested":6,"item_purchase_floors":[4,4,4,4,4,13,13,13,13,13,21,39,39,47],"current_hp_per_floor":[58,73,73,78,80,70,70,48,48,23,47,47,50,33,57,42,83,81,64,72,72,72,72,72,41,41,41,41,40,44,46,70,69,83,83,65,65,65,68,26,51,60,60,85,86,50,53,65,89,89],"gold":129,"neow_bonus":"","is_daily":false,"chose_seed":false,"campfire_upgraded":0,"win_rate":0.0,"timestamp":1608862438,"path_taken":["M","?","?","$","?","M","M","E","T","E","R","?","$","M","R","BOSS","M","M","?","$","?","E","?","E","T","$","?","M","?","M","R","BOSS","M","M","?","?","$","E","R","M","T","R","M","M","?","?","R","BOSS"],"items_purchased_type":["Card","Relic","Relic","Relic","Card","Card","Relic","Relic","Relic","Card","Relic","Card","Card","Card"],"build_version":"2020-12-22","purchased_purges":2,"victory":true,"max_hp_per_floor":[75,75,75,80,80,80,80,80,80,80,80,80,83,83,83,83,83,83,83,83,83,83,83,83,83,83,83,83,83,83,83,83,83,83,83,83,83,83,86,86,86,86,86,86,86,86,89,89,89,89],"card_choices":[],"player_experience":934998,"relics_obtained":[{"floor":1,"key":"Replay:Kaleidoscope"},{"floor":6,"key":"Replay:Ringing Soul"},{"floor":7,"key":"Iron Hammer"},{"floor":8,"key":"Omamori"},{"floor":9,"key":"Letter Opener"},{"floor":10,"key":"Juzu Bracelet"},{"floor":14,"key":"StuffTheSpire:Experiment12"},{"floor":18,"key":"hubris:SoftwareUpdate"},{"floor":19,"key":"Boot"},{"floor":23,"key":"Oddly Smooth Stone"},{"floor":23,"key":"aspiration:VileToxins"},{"floor":25,"key":"aspiration:FrozenJewel"},{"floor":25,"key":"hubris:Metronome"},{"floor":26,"key":"StuffTheSpire:EmeraldSignet"},{"floor":29,"key":"Sundial"},{"floor":30,"key":"Akabeko"},{"floor":31,"key":"Pen Nib"},{"floor":35,"key":"Blue Doll"},{"floor":36,"key":"Blood Vial"},{"floor":40,"key":"conspire:GlowingRock"},{"floor":40,"key":"Replay:Wax Seal"},{"floor":42,"key":"Replay:Towering Pillar of Hats"},{"floor":43,"key":"Toxic Egg 2"},{"floor":45,"key":"aspiration:HiddenCompartment"},{"floor":46,"key":"Replay:Rubber Ducky"},{"floor":48,"key":"Ginger"}],"event_choices":[{"damage_healed":0,"gold_gain":175,"player_choice":"AGREE","damage_taken":0,"max_hp_gain":0,"max_hp_loss":0,"event_name":"Liars Game","floor":3,"gold_loss":0,"cards_obtained":["Doubt"]},{"damage_healed":2,"gold_gain":0,"player_choice":"Full Heal","damage_taken":0,"max_hp_gain":0,"max_hp_loss":0,"event_name":"Wheel of Change","floor":5,"gold_loss":0},{"damage_healed":0,"gold_gain":0,"player_choice":"Upgraded","damage_taken":0,"max_hp_gain":0,"max_hp_loss":0,"event_name":"Upgrade Shrine","floor":12,"gold_loss":0,"cards_upgraded":["Echo Form"]},{"cards_removed":["ThirdEye"],"damage_healed":0,"gold_gain":0,"player_choice":"Purged","damage_taken":0,"max_hp_gain":0,"max_hp_loss":0,"event_name":"Purifier","floor":22,"gold_loss":0},{"damage_healed":0,"gold_gain":0,"player_choice":"Ignored","damage_taken":0,"max_hp_gain":0,"max_hp_loss":0,"event_name":"NoteForYourself","floor":28,"gold_loss":0},{"damage_healed":0,"gold_gain":0,"player_choice":"Memory 1","damage_taken":0,"max_hp_gain":0,"max_hp_loss":0,"event_name":"SensoryStone","floor":37,"gold_loss":0},{"damage_healed":0,"gold_gain":0,"player_choice":"Fight","damage_taken":0,"max_hp_gain":0,"max_hp_loss":0,"event_name":"MindBloom","floor":48,"gold_loss":0}],"is_beta":false,"boss_relics":[{"not_picked":["conspire:SpecialSausage","Runic Dome"],"picked":"Black Star"},{"not_picked":["ChewingGum","Astrolabe"],"picked":"Ring of Chaos"}],"items_purged_floors":[4,13],"is_endless":false,"potions_floor_spawned":[1,6,14,16,18,25,33,45,46,48],"ascension_level":0}}