{"host":"fhwr1fuluf6086fh","time":1608886955,"event":{"mods":["2.2 Compatiblity","Act Like it!","BaseMod","Elementarium","Hermit","Minty Spire (QoL Compilation)","Robot Space Explorer","StSLib","The Blue Laboratory","The Dragon Tamer","The Factory","The Hierophant","TheLocksmith"],"gold_per_floor":[118,134,154,167,194,194,181,181,233,218,218,218,218,108,108,176,176,209,20,52,54,85,130,142,124,124],"floor_reached":25,"playtime":15127,"items_purged":["Pain","Injury"],"score":322,"play_id":"9acb33df-b84d-4b9a-b86f-92c62c1c4e0d","local_time":"20201225040235","is_ascension_mode":true,"campfire_choices":[{"data":"hierophant:Defend_Hierophant","floor":6,"key":"SMITH"},{"data":"hierophant:DisplayOfPower","floor":8,"key":"SMITH"},{"floor":15,"key":"REST"},{"floor":24,"key":"REST"}],"circlet_count":0,"master_deck":["hierophant:Strike_Hierophant","hierophant:Strike_Hierophant+1","hierophant:Strike_Hierophant","hierophant:Strike_Hierophant+1","hierophant:Punish+1","hierophant:Defend_Hierophant+1","hierophant:Defend_Hierophant","hierophant:Defend_Hierophant","hierophant:Defend_Hierophant","hierophant:ChurchCoffers","hierophant:Embezzle","hierophant:MorningPrayer","hierophant:Doubloon+1","hierophant:CoinFling","hierophant:AuricBeam","hierophant:WrathOfGod+1","hierophant:DisplayOfPower+1","hierophant:Smite","hierophant:CursedGold","hierophant:Doubloon+1","hierophant:MintersHammer","hierophant:Endure+1","Flash of Steel","hierophant:HammerAndAnvil","hierophant:OrnateBuckler+1","hierophant:MorningPrayer+1","hierophant:PassingBell+1"],"relics":["hierophant:PropheticMaskRelic","Whetstone","Nunchaku","Matryoshka","Golden Idol","WarpedTongs","Fusion Hammer","MawBank"],"acts_visited":["Exordium","Elementarium:Elementarium"],"potions_floor_usage":[7,16,21,22],"damage_taken":[{"damage":1,"enemies":"Jaw Worm","floor":1,"turns":6},{"damage":1,"enemies":"2 Louse","floor":2,"turns":2},{"damage":0,"enemies":"Small Slimes","floor":3,"turns":3},{"damage":27,"enemies":"Exordium Thugs","floor":4,"turns":6},{"damage":5,"enemies":"Looter","floor":5,"turns":3},{"damage":0,"enemies":"3 Sentries","floor":7,"turns":1},{"damage":5,"enemies":"Gremlin Nob","floor":10,"turns":2},{"damage":34,"enemies":"The Guardian","floor":16,"turns":6},{"damage":0,"enemies":"Elementarium:VoidCorruption","floor":18,"turns":3},{"damage":0,"enemies":"Elementarium:2_ELEMENTALS","floor":20,"turns":1},{"damage":45,"enemies":"Elementarium:Hydrostalker","floor":21,"turns":3},{"damage":20,"enemies":"Elementarium:VOID_CORRUPTION_AND_TAR_GOLEM","floor":22,"turns":5},{"damage":0,"enemies":"Elementarium:FIRE_NOBILITY","floor":23,"turns":4}],"seed_played":"-742156686437038361","potions_obtained":[{"floor":1,"key":"DuplicationPotion"},{"floor":4,"key":"BlessingOfTheForge"},{"floor":10,"key":"blueLaboratory:HeartbeatPotion"},{"floor":16,"key":"blueLaboratory:BubblePotion"},{"floor":20,"key":"blueLaboratory:Moonshine"},{"floor":21,"key":"Fire Potion"},{"floor":23,"key":"blueLaboratory:HorrorPotion"}],"is_trial":false,"path_per_floor":["M","M","M","M","M","R","E","R","T","E","?","?","?","$","R","B",null,"M","$","M","M","M","E","R","E"],"character_chosen":"HIEROPHANT","items_purchased":["hierophant:CursedGold","Flash of Steel"],"campfire_rested":2,"item_purchase_floors":[14,19],"current_hp_per_floor":[81,80,80,53,48,48,48,48,48,43,27,27,27,27,51,17,82,82,82,82,37,17,17,41,0,0],"gold":124,"neow_bonus":"TEN_PERCENT_HP_BONUS","is_daily":false,"chose_seed":false,"campfire_upgraded":2,"win_rate":0.0,"timestamp":1608886955,"path_taken":["M","M","M","M","M","R","E","R","T","E","?","?","?","$","R","BOSS","M","?","M","M","M","E","R","E"],"items_purchased_type":["Card","Card"],"build_version":"2020-12-22","purchased_purges":2,"victory":false,"max_hp_per_floor":[82,82,82,82,82,82,82,82,82,82,82,82,82,82,82,82,82,82,82,82,82,82,82,82,82,82],"card_choices":[{"not_picked":["hierophant:DisplayOfPower","hierophant:Zeal"],"picked":"hierophant:Embezzle","floor":1},{"not_picked":["hierophant:Doubloon","hierophant:Shelter"],"picked":"hierophant:MorningPrayer","floor":2},{"not_picked":["hierophant:FlamingChariot","hierophant:Sermon"],"picked":"hierophant:CoinFling","floor":3},{"not_picked":["hierophant:Patience","hierophant:HolyVerse"],"picked":"hierophant:AuricBeam","floor":4},{"not_picked":["hierophant:Doubloon","hierophant:MirrorShield"],"picked":"hierophant:WrathOfGod","floor":5},{"not_picked":["hierophant:FieryStrike","hierophant:FlamingChariot"],"picked":"hierophant:DisplayOfPower","floor":7},{"not_picked":["hierophant:PristineSoul","hierophant:ArchangelShield"],"picked":"hierophant:Smite","floor":10},{"not_picked":["hierophant:Levitation","hierophant:BulkyChest"],"picked":"hierophant:MintersHammer","floor":16},{"not_picked":["hierophant:MorningPrayer","hierophant:RustyCrate"],"picked":"hierophant:Endure+1","floor":18},{"not_picked":["hierophant:DisplayOfPower","hierophant:AuricBeam+1"],"picked":"hierophant:HammerAndAnvil","floor":20},{"not_picked":["hierophant:WrathOfGod","hierophant:Shelter"],"picked":"hierophant:OrnateBuckler+1","floor":21},{"not_picked":["hierophant:CursedGold","hierophant:Community"],"picked":"hierophant:MorningPrayer+1","floor":22},{"not_picked":["hierophant:SolarFlare","hierophant:SecretStash"],"picked":"hierophant:PassingBell+1","floor":23}],"player_experience":805009,"relics_obtained":[{"floor":7,"key":"Whetstone"},{"floor":9,"key":"Nunchaku"},{"floor":10,"key":"Matryoshka"},{"floor":23,"key":"MawBank"}],"event_choices":[{"damage_healed":0,"gold_gain":0,"player_choice":"Entered Light","damage_taken":16,"max_hp_gain":0,"max_hp_loss":0,"event_name":"Shining Light","floor":11,"gold_loss":0,"cards_upgraded":["hierophant:Strike_Hierophant","hierophant:Strike_Hierophant"]},{"damage_healed":0,"gold_gain":0,"player_choice":"Take Wound","damage_taken":0,"relics_obtained":["Golden Idol"],"max_hp_gain":0,"max_hp_loss":0,"event_name":"Golden Idol","floor":12,"gold_loss":0,"cards_obtained":["Injury"]},{"damage_healed":0,"gold_gain":0,"player_choice":"Rummage","damage_taken":0,"relics_obtained":["WarpedTongs"],"max_hp_gain":0,"max_hp_loss":0,"event_name":"Accursed Blacksmith","floor":13,"gold_loss":0,"cards_obtained":["Pain"]}],"is_beta":false,"boss_relics":[{"not_picked":["SacredBark","Snecko Eye"],"picked":"Fusion Hammer"}],"items_purged_floors":[14,19],"is_endless":false,"potions_floor_spawned":[1,4,10,16,20,21,23],"killed_by":"Elementarium:WarGolem","ascension_level":1}}