{"host":"lck2g1j0kcwr02ez","time":1608894024,"event":{"mods":["Act Like it!","BaseMod","CapriCore","Hallownest","Hermit","Mari Mod (Legacy)","Mari\u0027s V1 Patch","Minty Spire (QoL Compilation)","Rare Cards Sparkle","StSLib","The Bug Knight","The Hierophant"],"gold_per_floor":[111,111,9154,9169,9169,9204,9231,9266,9266,9287,9287,9311,8690,8724,8724,8822,8822,8835,8835,8380,8398,8398,8398,8424,8424,8475,7924,7924,7944,7495,7509,7509,7616,7616,7632,7632,7647,7303,7303,7341,7360,6774,6774,6192,6212,5608,5608,5642,5642,5642,5642,5642,5256,5295,5295],"floor_reached":56,"playtime":12487,"items_purged":["Flame Barrier","Clothesline"],"score":1470,"play_id":"8de8c2b2-92ea-4926-8fbe-56e539553e7a","local_time":"20201225190024","daily_mods":["SealedDeck","Red Cards","Heirloom","Flight"],"is_ascension_mode":false,"campfire_choices":[{"data":"Apotheosis","floor":11,"key":"SMITH"},{"data":"hierophant:HammerAndAnvil","floor":15,"key":"SMITH"},{"data":"J.A.X.","floor":23,"key":"SMITH"},{"floor":28,"key":"RECALL"},{"data":"Juggernaut","floor":32,"key":"SMITH"},{"floor":47,"key":"REST"},{"floor":49,"key":"REST"},{"floor":52,"key":"REST"}],"circlet_count":0,"master_deck":["hierophant:Sermon+1","Shrug It Off","hierophant:RepressedViolence","Shrug It Off","Body Slam","hierophant:Community","hierophant:HammerAndAnvil+1","Apotheosis+1","hierophant:SealAway+1","Juggernaut+1","Body Slam","J.A.X.+1","Finesse+1","Barricade","Immolate","Shockwave","Uppercut","hierophant:Patience"],"relics":["hierophant:PropheticMaskRelic","Gambling Chip","Chemical X","StoneCalendar","Blood Vial","Whetstone","Kunai","Strawberry","Bronze Scales","Odd Mushroom","Bottled Tornado","Bag of Marbles","Orichalcum","Busted Crown","CultistMask","Omamori","Dream Catcher","DollysMirror","Lizard Tail","MealTicket","Medical Kit","Lantern","Pen Nib","HandDrill","Art of War","CeramicFish","Fusion Hammer","Anchor","War Paint","Du-Vu Doll","Boot","Thread and Needle","Lee\u0027s Waffle","Mercury Hourglass","Ancient Tea Set","Peace Pipe","Sling","Potion Belt","Happy Flower","Orrery","Vajra","HollowMod:PaleOreRelic","Pantograph"],"acts_visited":["Exordium","TheCity","TheBeyond","TheEnding"],"potions_floor_usage":[7,8,10,33,40,48,50,50,55,55,55],"damage_taken":[{"damage":4,"enemies":"2 Louse","floor":1,"turns":4},{"damage":0,"enemies":"Cultist","floor":4,"turns":3},{"damage":0,"enemies":"HollowMod:MossKnight","floor":6,"turns":3},{"damage":9,"enemies":"3 Sentries","floor":7,"turns":4},{"damage":0,"enemies":"Gremlin Nob","floor":8,"turns":3},{"damage":0,"enemies":"The Mushroom Lair","floor":10,"turns":3},{"damage":0,"enemies":"Lagavulin","floor":14,"turns":2},{"damage":0,"enemies":"Hexaghost","floor":16,"turns":3},{"damage":2,"enemies":"Shell Parasite","floor":18,"turns":3},{"damage":6,"enemies":"Shelled Parasite and Fungi","floor":21,"turns":3},{"damage":3,"enemies":"Gremlin Leader","floor":24,"turns":3},{"damage":0,"enemies":"Snake Plant","floor":29,"turns":1},{"damage":3,"enemies":"Cultist and Chosen","floor":31,"turns":2},{"damage":8,"enemies":"Collector","floor":33,"turns":4},{"damage":0,"enemies":"Orb Walker","floor":35,"turns":1},{"damage":3,"enemies":"3 Shapes","floor":37,"turns":3},{"damage":57,"enemies":"Reptomancer","floor":40,"turns":3},{"damage":0,"enemies":"Spire Growth","floor":41,"turns":2},{"damage":3,"enemies":"Transient","floor":45,"turns":5},{"damage":28,"enemies":"Nemesis","floor":48,"turns":3},{"damage":3,"enemies":"Time Eater","floor":50,"turns":5},{"damage":3,"enemies":"Shield and Spear","floor":54,"turns":4},{"damage":21,"enemies":"The Heart","floor":55,"turns":6}],"seed_played":"569300210810427661","potions_obtained":[{"floor":1,"key":"SneckoOil"},{"floor":7,"key":"CultistPotion"},{"floor":31,"key":"BlessingOfTheForge"},{"floor":41,"key":"LiquidMemories"},{"floor":48,"key":"Dexterity Potion"}],"is_trial":true,"path_per_floor":["M","?","$","M","?","E","E","E","T","?","R","T","$","E","R","B",null,"M","?","$","M","?","R","E","?","T","$","R","M","$","M","R","B",null,"M","?","M","$","?","E","M","$","T","$","M","$","R","E","R","B",null,"R","$","E","B",null],"character_chosen":"HIEROPHANT","items_purchased":["Energy Potion","Fire Potion","Chemical X","StoneCalendar","Blood Vial","hierophant:HammerAndAnvil","Apotheosis","Bottled Tornado","Bag of Marbles","GamblersBrew","SpeedPotion","Omamori","Dream Catcher","DollysMirror","Medical Kit","Lantern","Pen Nib","Finesse","HandDrill","Art of War","CeramicFish","Anchor","War Paint","AttackPotion","Boot","Thread and Needle","Lee\u0027s Waffle","Ancient Tea Set","Peace Pipe","Sling","Potion Belt","Happy Flower","Uppercut","Orrery","Strength Potion","GamblersBrew","HollowMod:PaleOreRelic","Pantograph"],"campfire_rested":3,"item_purchase_floors":[3,3,3,3,3,3,3,13,13,13,13,20,20,20,27,27,27,27,30,30,30,38,38,38,42,42,42,44,44,44,46,46,46,46,46,46,53,53],"current_hp_per_floor":[71,71,71,73,66,68,61,70,70,72,72,72,72,74,74,76,82,80,80,80,76,76,76,75,92,92,92,92,92,92,89,89,83,92,92,92,89,92,92,35,37,99,99,99,96,99,99,71,99,96,99,99,99,96,78],"gold":5295,"neow_bonus":"","is_daily":false,"chose_seed":false,"campfire_upgraded":4,"win_rate":0.0,"timestamp":1608894024,"path_taken":["M","?","$","?","?","E","E","E","T","?","R","?","$","E","R","BOSS","M","?","$","?","?","R","E","?","T","$","R","?","$","M","R","BOSS","M","?","?","?","?","E","?","$","T","$","M","$","R","E","R","BOSS","R","$","E","BOSS"],"items_purchased_type":["Potion","Potion","Relic","Relic","Relic","Card","Card","Relic","Relic","Potion","Potion","Relic","Relic","Relic","Relic","Relic","Relic","Card","Relic","Relic","Relic","Relic","Relic","Potion","Relic","Relic","Relic","Relic","Relic","Relic","Relic","Relic","Card","Relic","Potion","Potion","Relic","Relic"],"build_version":"2020-12-22","purchased_purges":2,"victory":true,"max_hp_per_floor":[75,75,75,75,75,75,75,82,82,82,82,82,82,82,82,82,82,82,82,82,82,82,82,82,92,92,92,92,92,92,92,92,92,92,92,92,92,92,92,92,92,99,99,99,99,99,99,99,99,99,99,99,99,99,99],"card_choices":[{"not_picked":["Wild Strike","Havoc","hierophant:OrnateBuckler"],"picked":"SKIP","floor":1},{"not_picked":["Twin Strike","hierophant:Smite"],"picked":"hierophant:SealAway","floor":4},{"not_picked":["hierophant:DivineIntervention","Shrug It Off","Fire Breathing"],"picked":"SKIP","floor":6},{"not_picked":["hierophant:Mercenaries","Iron Wave","hierophant:DivineIntervention"],"picked":"SKIP","floor":7},{"not_picked":["Sever Soul","hierophant:Sermon","hierophant:RepressedViolence"],"picked":"SKIP","floor":8},{"not_picked":["Inflame","Power Through","Pummel"],"picked":"SKIP","floor":14},{"not_picked":["Demon Form","hierophant:Cornucopia"],"picked":"Juggernaut","floor":16},{"not_picked":["Power Through+1"],"picked":"SKIP","floor":18},{"not_picked":["hierophant:Exaltation"],"picked":"SKIP","floor":21},{"not_picked":[],"picked":"hierophant:Batter","floor":24},{"not_picked":["Clash"],"picked":"SKIP","floor":29},{"not_picked":["hierophant:Remorse"],"picked":"SKIP","floor":31},{"not_picked":[],"picked":"Barricade","floor":33},{"not_picked":["hierophant:HammerAndAnvil+1"],"picked":"SKIP","floor":35},{"not_picked":["Ghostly Armor+1"],"picked":"SKIP","floor":37},{"not_picked":[],"picked":"Immolate","floor":40},{"not_picked":[],"picked":"Shockwave","floor":41},{"not_picked":["hierophant:Empathy+1"],"picked":"SKIP","floor":45},{"not_picked":["Pommel Strike+1"],"picked":"SKIP","floor":48},{"not_picked":[],"picked":"hierophant:Patience","floor":54}],"player_experience":295194,"relics_obtained":[{"floor":6,"key":"Whetstone"},{"floor":7,"key":"Kunai"},{"floor":8,"key":"Strawberry"},{"floor":9,"key":"Bronze Scales"},{"floor":10,"key":"Odd Mushroom"},{"floor":14,"key":"Orichalcum"},{"floor":24,"key":"Lizard Tail"},{"floor":26,"key":"MealTicket"},{"floor":40,"key":"Du-Vu Doll"},{"floor":43,"key":"Mercury Hourglass"},{"floor":48,"key":"Vajra"}],"event_choices":[{"damage_healed":0,"gold_gain":0,"player_choice":"Ignored","damage_taken":0,"max_hp_gain":0,"max_hp_loss":0,"event_name":"NoteForYourself","floor":2,"gold_loss":0},{"cards_removed":["hierophant:Zeal"],"damage_healed":0,"gold_gain":0,"player_choice":"Card Removal","damage_taken":7,"max_hp_gain":0,"max_hp_loss":0,"event_name":"Golden Wing","floor":5,"gold_loss":0},{"damage_healed":0,"gold_gain":0,"player_choice":"Fought Mushrooms","damage_taken":0,"max_hp_gain":0,"max_hp_loss":0,"event_name":"Mushrooms","floor":10,"gold_loss":0},{"damage_healed":0,"gold_gain":0,"player_choice":"Trade","damage_taken":0,"relics_obtained":["CultistMask"],"max_hp_gain":0,"max_hp_loss":0,"event_name":"FaceTrader","floor":19,"gold_loss":0},{"damage_healed":0,"gold_gain":0,"player_choice":"Obtain J.A.X.","damage_taken":0,"max_hp_gain":0,"max_hp_loss":0,"event_name":"Drug Dealer","floor":22,"gold_loss":0,"cards_obtained":["J.A.X."]},{"cards_removed":["hierophant:Batter"],"damage_healed":7,"gold_gain":0,"player_choice":"Offered Rare","damage_taken":0,"max_hp_gain":10,"max_hp_loss":0,"event_name":"Bonfire Elementals","floor":25,"gold_loss":0},{"damage_healed":0,"gold_gain":0,"player_choice":"0 cards matched","damage_taken":0,"max_hp_gain":0,"max_hp_loss":0,"event_name":"Match and Keep!","floor":36,"gold_loss":0,"cards_obtained":[]},{"cards_removed":["hierophant:Zeal"],"damage_healed":0,"gold_gain":0,"player_choice":"Removed Attack","damage_taken":0,"max_hp_gain":0,"max_hp_loss":0,"event_name":"Falling","floor":39,"gold_loss":0}],"is_beta":false,"boss_relics":[{"not_picked":["SacredBark","SlaversCollar"],"picked":"Busted Crown"},{"not_picked":["MariMod:MariFestivalBadge","Empty Cage"],"picked":"Fusion Hammer"}],"items_purged_floors":[3,13],"is_endless":false,"potions_floor_spawned":[1,7,16,21,31,41,48],"ascension_level":0}}