{"host":"6qohxdms6n72zb21","time":1608876666,"event":{"mods":["2.2 Compatiblity","Act Like it!","Ascension Reborn","Aspiration","BaseMod","Better Synergies","Better Third Choice","Conspire","Downfall","Energized Spire","Hubris","Infinite Spire","Marked Mod","Minty Spire (QoL Compilation)","Permanent Neow","Quick Restart","Replay The Spire","Spicy Shops","Spikes Relics","StSLib","The Blue Laboratory","The Saiyan"],"gold_per_floor":[196,196,196,211,222,222,222],"floor_reached":6,"playtime":417,"items_purged":[],"score":36,"play_id":"35333c48-580c-40ff-b53a-72e9072aa480","local_time":"20201225011106","is_ascension_mode":true,"campfire_choices":[],"circlet_count":0,"master_deck":["Saiyan:SAIYA_Strike","Saiyan:SAIYA_Strike","Saiyan:SAIYA_Strike","Saiyan:SAIYA_Strike","Saiyan:SAIYA_Defend","Saiyan:SAIYA_Defend","Saiyan:SAIYA_Defend","Saiyan:SAIYA_Defend","Saiyan:EnergyBlast","Saiyan:KaioKen","Saiyan:RuthlessBlow","Saiyan:SoulSpice+1","Saiyan:FingerParry","Saiyan:UltraInstinct"],"relics":["SaiyanSoul","SaiyanHeart"],"acts_visited":["Exordium"],"potions_floor_usage":[],"damage_taken":[{"damage":3,"enemies":"2 Louse","floor":1,"turns":3},{"damage":2,"enemies":"Cultist","floor":4,"turns":3},{"damage":1,"enemies":"Small Slimes","floor":5,"turns":4},{"damage":61,"enemies":"Lagavulin","floor":6,"turns":16}],"seed_played":"6771364291259756180","potions_obtained":[{"floor":4,"key":"blueLaboratory:ArtificerPotion"}],"is_trial":false,"path_per_floor":["M","?","?","M","M","E"],"character_chosen":"SAIYAJIN","items_purchased":[],"campfire_rested":0,"item_purchase_floors":[],"current_hp_per_floor":[59,59,59,58,61,2,2],"gold":222,"neow_bonus":"HUNDRED_GOLD","is_daily":false,"chose_seed":false,"campfire_upgraded":0,"win_rate":0.0,"timestamp":1608876666,"path_taken":["M","?","?","M","?","E"],"items_purchased_type":[],"build_version":"2020-12-22","purchased_purges":0,"victory":false,"max_hp_per_floor":[62,62,62,63,67,69,69],"card_choices":[{"not_picked":["Saiyan:ExpandingShockwave","Saiyan:PlotArmor"],"picked":"Saiyan:SoulSpice","floor":1},{"not_picked":["Saiyan:KiExplosion","Saiyan:RemoveWeights"],"picked":"Saiyan:FingerParry","floor":4},{"not_picked":["Saiyan:FingerParry","Saiyan:FinalFlash"],"picked":"Saiyan:UltraInstinct","floor":5}],"player_experience":194192,"relics_obtained":[],"event_choices":[{"damage_healed":0,"gold_gain":0,"player_choice":"Upgraded","damage_taken":0,"max_hp_gain":0,"max_hp_loss":0,"event_name":"Upgrade Shrine","floor":3,"gold_loss":0,"cards_upgraded":["Saiyan:SoulSpice"]}],"is_beta":false,"boss_relics":[],"items_purged_floors":[],"is_endless":false,"potions_floor_spawned":[4],"killed_by":"Lagavulin","ascension_level":0}}