{"host":"lreod2rejfd0az5i","time":1608926418,"event":{"mods":["AchievementEnabler","Aspiration","BaseMod","Colored Powertips","Conspire","Downfall","Highlight Path","Hubris","Infinite Spire","Mad Scientist","Minty Spire (QoL Compilation)","Rare Cards Sparkle","Relic Stats","Replay The Spire","StSLib","The Bug Knight","The Jungle"],"gold_per_floor":[20,20,20,20,34,34,51,16,16,16,45,55,88,114,114,189,189,207,133,133,133,147,147,147,175,175,186,186,111,138,138,155,165,165,242,242,254,204,223,52,67,102,102,102,102,102,122,141,173,185,185,203],"floor_reached":53,"playtime":3008,"items_purged":["Defend_P"],"score":1761,"play_id":"fb4934e9-65ec-497e-9069-bdf7629fb0d3","local_time":"20201225130018","is_ascension_mode":true,"campfire_choices":[{"data":"Unload","floor":6.0,"key":"SMITH"},{"data":"Eruption","floor":10.0,"key":"SMITH"},{"floor":15.0,"key":"DIG"},{"data":"SignatureMove","floor":31,"key":"SMITH"},{"data":"Skewer","floor":34,"key":"SMITH"},{"data":"Establishment","floor":44,"key":"SMITH"},{"floor":51,"key":"DIG"}],"circlet_count":0,"master_deck":["AscendersBane","Defend_P+1","Defend_P+1","Defend_P+1","Eruption+1","Vigilance","EmptyFist","Dagger Throw","Skewer+1","Unload+1","SignatureMove+1","Nirvana","Pot Of Greed","Pot Of Greed","infinitespire:NeuralNetwork+1","LikeWater+1","Establishment+1","BowlingBash+1","Replay:LoomingThreat+1","Wireheading+1","DeusExMachina","SignatureMove+1","MentalFortress+1","WindmillStrike"],"relics":["PureWater","hubris:CuriousFeather","Replay:Baseball","FossilizedHelix","aspiration:HummingbirdHeart","Ancient Tea Set","Gremlin Food","Mummified Hand","infinitespire:Cupcake","Grinning Jar","hubris:SphereOfDissonance","conspire:DeflatedDodgeball","conspire:TopHat","Painkiller Herb","Melange","Strawberry","Darkstone Periapt","conspire:DecoderRing","Replay:Mystery Machine","Replay:Bandana"],"acts_visited":["Exordium","TheCity","TheBeyond"],"potions_floor_usage":[16,25,35,41,42,52],"damage_taken":[{"damage":11.0,"enemies":"Small Slimes","floor":1.0,"turns":3.0},{"damage":0.0,"enemies":"conspire:RoseBush","floor":5.0,"turns":4.0},{"damage":1.0,"enemies":"2 Louse","floor":7.0,"turns":2.0},{"damage":7.0,"enemies":"3 Sentries","floor":11.0,"turns":7.0},{"damage":0.0,"enemies":"2 Fungi Beasts","floor":12.0,"turns":3.0},{"damage":0.0,"enemies":"Lagavulin","floor":13.0,"turns":3.0},{"damage":19.0,"enemies":"conspire:MimicChest","floor":14.0,"turns":7.0},{"damage":29,"enemies":"The Guardian","floor":16,"turns":10},{"damage":0,"enemies":"3 Byrds","floor":18,"turns":4},{"damage":0,"enemies":"2 Thieves","floor":22,"turns":3},{"damage":0,"enemies":"Replay:Snechameleon","floor":25,"turns":4},{"damage":0,"enemies":"conspire:HollyBat","floor":27,"turns":5},{"damage":0,"enemies":"HollowMod:Nosk","floor":30,"turns":2},{"damage":0,"enemies":"Snecko","floor":32,"turns":3},{"damage":0,"enemies":"Snake Plant","floor":33,"turns":1},{"damage":0,"enemies":"Collector","floor":35,"turns":7},{"damage":3,"enemies":"3 Shapes","floor":37,"turns":5},{"damage":0,"enemies":"3 Darklings","floor":39,"turns":2},{"damage":0,"enemies":"Sphere and 2 Shapes","floor":41,"turns":3},{"damage":0,"enemies":"Giant Head","floor":42,"turns":3},{"damage":0,"enemies":"Spire Growth","floor":47,"turns":2},{"damage":0,"enemies":"4 Shapes","floor":48,"turns":3},{"damage":0,"enemies":"Reptomancer","floor":49,"turns":2},{"damage":0,"enemies":"Transient","floor":50,"turns":6},{"damage":42,"enemies":"infinitespire:MassOfShapes","floor":52,"turns":5}],"seed_played":"8444369908521055755","potions_obtained":[{"floor":7.0,"key":"Regen Potion"},{"floor":12.0,"key":"Milkshake"},{"floor":14.0,"key":"sneckomod:MuddlingPotion"},{"floor":16,"key":"Elixir"},{"floor":18,"key":"Toxic Potion"},{"floor":25,"key":"PowerPotion"},{"floor":32,"key":"Adrenaline Potion"},{"floor":35,"key":"Ancient Potion"},{"floor":37,"key":"StancePotion"},{"floor":47,"key":"Energy Potion"},{"floor":48,"key":"EntropicBrew"}],"is_trial":false,"path_per_floor":["M","?","$","?","M","R","M","?","T","R","E","M","E","?","R","B",null,"M","$","PTL","PTL","M","AVR","?","E","?","M","T","?","E","R","M","M","R","B",null,"?","?","?","T","?","E","?","T","T","AVR","?","?","E","?","T","B",null],"character_chosen":"WATCHER","items_purchased":["Nirvana","Melange"],"campfire_rested":0,"item_purchase_floors":[19,40],"current_hp_per_floor":[50,50,50,50,50,50,49,66,66,66,59,59,59,40,40,26,58,58,58,58,58,58,58,58,58,58,58,58,58,58,58,58,58,58,58,66,63,63,63,63,63,70,70,70,70,70,70,70,70,70,70,28],"gold":203,"neow_bonus":"ONE_RARE_RELIC","is_daily":false,"chose_seed":false,"campfire_upgraded":5,"win_rate":0.0,"timestamp":1608926418,"path_taken":["M","?","$","?","M","R","M","?","T","R","E","M","E","?","R","BOSS","M","$","PTL","PTL","M","AVR","?","E","?","M","T","?","E","R","?","M","R","BOSS","?","?","?","?","?","E","?","T","T","AVR","?","?","E","?","T","BOSS"],"items_purchased_type":["Card","Relic"],"build_version":"2020-12-22","purchased_purges":1,"victory":true,"max_hp_per_floor":[68,68,68,68,68,68,68,68,68,68,68,68,68,68,68,68,68,68,68,68,68,68,68,68,68,68,68,68,68,68,68,68,68,68,68,68,68,68,68,68,68,75,75,75,75,75,75,75,75,75,75,75],"relic_stats":{"Darkstone Periapt":0,"counters":[25,99],"Mummified Hand":[72],"Melange":[18],"obtain_stats":[{"Gremlin Food":14,"Darkstone Periapt":45,"hubris:SphereOfDissonance":25,"Melange":40,"Painkiller Herb":36,"aspiration:HummingbirdHeart":11,"Replay:Mystery Machine":49,"Ancient Tea Set":13,"conspire:TopHat":30,"Replay:Baseball":2,"Replay:Bandana":51,"Mummified Hand":15,"Strawberry":42,"conspire:DecoderRing":46,"hubris:CuriousFeather":0,"PureWater":0,"Grinning Jar":23,"conspire:DeflatedDodgeball":28,"FossilizedHelix":9,"infinitespire:Cupcake":17},{"Gremlin Food":7,"Darkstone Periapt":20,"hubris:SphereOfDissonance":11,"Melange":18,"Painkiller Herb":16,"aspiration:HummingbirdHeart":4,"Replay:Mystery Machine":23,"Ancient Tea Set":6,"conspire:TopHat":13,"Replay:Baseball":1,"Replay:Bandana":24,"Mummified Hand":7,"Strawberry":20,"conspire:DecoderRing":20,"hubris:CuriousFeather":0,"PureWater":0,"Grinning Jar":10,"conspire:DeflatedDodgeball":12,"FossilizedHelix":3,"infinitespire:Cupcake":8},{"Gremlin Food":29,"Darkstone Periapt":81,"hubris:SphereOfDissonance":50,"Melange":75,"Painkiller Herb":68,"aspiration:HummingbirdHeart":16,"Replay:Mystery Machine":88,"Ancient Tea Set":22,"conspire:TopHat":57,"Replay:Baseball":3,"Replay:Bandana":94,"Mummified Hand":29,"Strawberry":81,"conspire:DecoderRing":81,"hubris:CuriousFeather":0,"PureWater":0,"Grinning Jar":46,"conspire:DeflatedDodgeball":55,"FossilizedHelix":9,"infinitespire:Cupcake":39}]},"card_choices":[{"not_picked":["Consecrate","Perseverance"],"picked":"EmptyFist","floor":1.0},{"not_picked":["Replay:ManipulateFuture","EmptyMind","Evaluate"],"picked":"SKIP","floor":5.0},{"not_picked":["Replay:ManipulateFuture","PathToVictory","BowlingBash"],"picked":"SKIP","floor":7.0},{"not_picked":["Replay:AtTheReady","Brilliance","CutThroughFate"],"picked":"SKIP","floor":11.0},{"not_picked":["Weave","FlyingSleeves","Pray"],"picked":"SKIP","floor":12.0},{"not_picked":["Evaluate","Brilliance","CutThroughFate"],"picked":"SKIP","floor":13.0},{"not_picked":["Replay:AtTheReady","Perseverance"],"picked":"SignatureMove","floor":14.0},{"not_picked":["CutThroughFate","EmptyFist","Replay:BluntJabs+1"],"picked":"SKIP","floor":18},{"not_picked":["FlurryOfBlows+1","Consecrate","FlyingSleeves"],"picked":"SKIP","floor":22},{"not_picked":["Replay:AtTheReady","FearNoEvil"],"picked":"LikeWater","floor":25},{"not_picked":["Replay:ManipulateFuture","Indignation","Meditate"],"picked":"SKIP","floor":27},{"not_picked":["ReachHeaven","CutThroughFate"],"picked":"Establishment","floor":30},{"not_picked":["Replay:ManipulateFuture","ClearTheMind+1","FearNoEvil"],"picked":"SKIP","floor":32},{"not_picked":["EmptyFist","Conclude"],"picked":"BowlingBash+1","floor":33},{"not_picked":["Establishment","Ragnarok"],"picked":"Replay:LoomingThreat","floor":35},{"not_picked":["CutThroughFate+1","Sanctity"],"picked":"Wireheading+1","floor":37},{"not_picked":["InnerPeace","Indignation+1","CrushJoints"],"picked":"SKIP","floor":39},{"not_picked":["ThirdEye","BowlingBash","Crescendo"],"picked":"SKIP","floor":41},{"not_picked":["Consecrate","WaveOfTheHand","PathToVictory"],"picked":"SKIP","floor":42},{"not_picked":["Replay:AtTheReady","Fasting2"],"picked":"DeusExMachina","floor":47},{"not_picked":["SashWhip","CutThroughFate+1"],"picked":"SignatureMove+1","floor":48},{"not_picked":["FollowUp","Evaluate"],"picked":"MentalFortress+1","floor":49},{"not_picked":["PathToVictory+1","ClearTheMind"],"picked":"WindmillStrike","floor":50}],"player_experience":866271,"relics_obtained":[{"floor":2.0,"key":"Replay:Baseball"},{"floor":9.0,"key":"FossilizedHelix"},{"floor":11.0,"key":"aspiration:HummingbirdHeart"},{"floor":13.0,"key":"Ancient Tea Set"},{"floor":14.0,"key":"Gremlin Food"},{"floor":15.0,"key":"Mummified Hand"},{"floor":25,"key":"hubris:SphereOfDissonance"},{"floor":28,"key":"conspire:DeflatedDodgeball"},{"floor":30,"key":"conspire:TopHat"},{"floor":42,"key":"Strawberry"},{"floor":45,"key":"Darkstone Periapt"},{"floor":49,"key":"Replay:Mystery Machine"},{"floor":51,"key":"Replay:Bandana"}],"event_choices":[{"damage_healed":17.0,"max_hp_gain":0.0,"max_hp_loss":0.0,"gold_gain":0.0,"event_name":"The Cleric","player_choice":"Healed","floor":8.0,"gold_loss":35.0,"damage_taken":0.0},{"damage_healed":0,"gold_gain":0,"player_choice":"Simplicity","damage_taken":0,"max_hp_gain":0,"max_hp_loss":0,"event_name":"Back to Basics","floor":24,"gold_loss":0,"cards_upgraded":["Strike_P","Defend_P","Defend_P","Defend_P"]},{"cards_removed":["Strike_P"],"damage_healed":0,"gold_gain":0,"player_choice":"Gave Gold","damage_taken":0,"max_hp_gain":0,"max_hp_loss":0,"event_name":"Beggar","floor":29,"gold_loss":75},{"damage_healed":0,"gold_gain":0,"player_choice":"Upgrade","damage_taken":0,"max_hp_gain":0,"max_hp_loss":0,"event_name":"Designer","floor":38,"gold_loss":50,"cards_upgraded":["Replay:LoomingThreat"]},{"damage_healed":0,"gold_gain":0,"player_choice":"Forge","damage_taken":0,"max_hp_gain":0,"max_hp_loss":0,"event_name":"Accursed Blacksmith","floor":43,"gold_loss":0,"cards_upgraded":["infinitespire:NeuralNetwork"]}],"is_beta":false,"boss_relics":[{"not_picked":["Runic Pyramid","hubris:RunicObelisk"],"picked":"infinitespire:Cupcake"},{"not_picked":["Astrolabe","hubris:BlackHole"],"picked":"Painkiller Herb"}],"items_purged_floors":[23],"is_endless":false,"potions_floor_spawned":[7,12,14,16,18,25,32,35,37,47,48],"ascension_level":19}}