{"host":"7cp3z5w0tcrrm8ys","time":1608897397,"event":{"mods":["AchievementEnabler","BaseMod","DeckTracker","Minty Spire (QoL Compilation)","StSLib","SuperFastMode"],"gold_per_floor":[113,113,38,54,19,44,54,54,54,54,54,66,66,100,100,100,100],"floor_reached":16,"playtime":326,"items_purged":["Strike_G"],"score":216,"play_id":"409553c5-acf3-4fee-8395-f386f610cac4","local_time":"20201225205637","is_ascension_mode":true,"campfire_choices":[{"floor":8,"key":"REST"},{"data":"Flechettes","floor":10,"key":"SMITH"},{"data":"Leg Sweep","floor":13,"key":"SMITH"},{"floor":15,"key":"REST"}],"circlet_count":0,"master_deck":["AscendersBane","Strike_G","Strike_G","Defend_G","Defend_G","Defend_G","Defend_G","Defend_G","Survivor","Neutralize","Flechettes+1","All Out Attack","PiercingWail","Backflip","Calculated Gamble","Leg Sweep+1","Storm of Steel"],"relics":["Ring of the Snake","Mercury Hourglass","Boot","Toy Ornithopter","Tough Bandages"],"acts_visited":["Exordium"],"potions_floor_usage":[4,14],"damage_taken":[{"damage":4,"enemies":"Small Slimes","floor":1,"turns":3},{"damage":0,"enemies":"Jaw Worm","floor":4,"turns":6},{"damage":44,"enemies":"Gremlin Nob","floor":6,"turns":5},{"damage":1,"enemies":"2 Louse","floor":7,"turns":2},{"damage":0,"enemies":"2 Fungi Beasts","floor":12,"turns":2},{"damage":33,"enemies":"Lagavulin","floor":14,"turns":8},{"damage":26,"enemies":"Hexaghost","floor":16,"turns":12}],"seed_played":"-5809045440385089202","potions_obtained":[{"floor":1,"key":"GamblersBrew"},{"floor":4,"key":"Energy Potion"}],"is_trial":false,"path_per_floor":["M","?","$","M","?","E","M","R","T","R","$","M","R","E","R","B"],"character_chosen":"THE_SILENT","items_purchased":[],"campfire_rested":2,"item_purchase_floors":[],"current_hp_per_floor":[55,50,50,50,60,16,15,33,33,33,33,33,33,5,23,0,0],"gold":100,"neow_bonus":"TRANSFORM_TWO_CARDS","is_daily":false,"chose_seed":false,"campfire_upgraded":2,"win_rate":0.0,"timestamp":1608897397,"path_taken":["M","?","$","M","?","E","M","R","T","R","$","M","R","E","R","BOSS"],"items_purchased_type":[],"build_version":"2020-12-22","purchased_purges":1,"victory":false,"max_hp_per_floor":[60,60,60,60,60,60,60,60,60,60,60,60,60,60,60,60,60],"card_choices":[{"not_picked":["Flying Knee","Skewer","Eviscerate"],"picked":"SKIP","floor":1},{"not_picked":["Sucker Punch","Slice"],"picked":"PiercingWail","floor":4},{"not_picked":["Slice","Skewer"],"picked":"Backflip","floor":6},{"not_picked":["Infinite Blades","Dodge and Roll"],"picked":"Calculated Gamble","floor":7},{"not_picked":["Blur","Dagger Throw"],"picked":"Leg Sweep","floor":12},{"not_picked":["Crippling Poison","Terror"],"picked":"Storm of Steel","floor":14}],"player_experience":790669,"relics_obtained":[{"floor":6,"key":"Boot"},{"floor":9,"key":"Toy Ornithopter"},{"floor":14,"key":"Tough Bandages"}],"event_choices":[{"damage_healed":0,"gold_gain":0,"player_choice":"Success","damage_taken":5,"relics_obtained":["Mercury Hourglass"],"max_hp_gain":0,"max_hp_loss":0,"event_name":"Scrap Ooze","floor":2,"gold_loss":0},{"damage_healed":15,"gold_gain":0,"player_choice":"Healed","damage_taken":0,"max_hp_gain":0,"max_hp_loss":0,"event_name":"The Cleric","floor":5,"gold_loss":35}],"is_beta":false,"boss_relics":[],"items_purged_floors":[3],"is_endless":false,"potions_floor_spawned":[1,4],"killed_by":"Hexaghost","ascension_level":20}}