{"host":"2lo6hma6kymb0g9i","time":1608867247,"event":{"mods":["BaseMod","Colored Map","DeckTracker","Minty Spire (QoL Compilation)"],"gold_per_floor":[111,111,36,36,36,62,62,90,90,90,107,123,123,182,182,182,182],"floor_reached":16,"playtime":735,"items_purged":[],"score":304,"play_id":"55c1b684-b28b-475d-8476-b90d67b73b97","local_time":"20201225123407","is_ascension_mode":true,"campfire_choices":[{"data":"Venomology","floor":10,"key":"SMITH"},{"data":"Neutralize","floor":15,"key":"SMITH"}],"circlet_count":0,"master_deck":["AscendersBane","Strike_G","Strike_G","Strike_G","Defend_G","Defend_G+1","Defend_G+1","Defend_G","Defend_G","Survivor","Neutralize+1","Flying Knee","Venomology+1","Night Terror","Pain","Predator","Dagger Throw","Dagger Throw"],"relics":["Ring of the Snake","NeowsBlessing","Akabeko","WarpedTongs","Blood Vial","Letter Opener","White Beast Statue"],"acts_visited":["Exordium"],"potions_floor_usage":[8,11,14,14,16,16],"damage_taken":[{"damage":0,"enemies":"Small Slimes","floor":1,"turns":2},{"damage":0,"enemies":"Gremlin Nob","floor":6,"turns":1},{"damage":2,"enemies":"3 Sentries","floor":8,"turns":2},{"damage":5,"enemies":"Jaw Worm","floor":11,"turns":4},{"damage":1,"enemies":"2 Louse","floor":12,"turns":2},{"damage":12,"enemies":"3 Sentries","floor":14,"turns":6},{"damage":27,"enemies":"Slime Boss","floor":16,"turns":5}],"seed_played":"7482497054181254253","potions_obtained":[{"floor":1,"key":"LiquidBronze"}],"is_trial":false,"path_per_floor":["M","?","?","$","?","E","?","E","T","R","M","M","?","?","R","B"],"character_chosen":"THE_SILENT","items_purchased":[],"campfire_rested":0,"item_purchase_floors":[],"current_hp_per_floor":[59,59,59,59,39,39,39,37,37,37,34,35,35,25,25,0,0],"gold":182,"neow_bonus":"THREE_ENEMY_KILL","is_daily":false,"chose_seed":false,"campfire_upgraded":2,"win_rate":0.0,"timestamp":1608867247,"path_taken":["M","?","?","$","?","E","?","E","T","R","?","M","?","?","R","BOSS"],"items_purchased_type":[],"build_version":"2020-12-22","purchased_purges":0,"victory":false,"max_hp_per_floor":[66,66,66,66,66,66,66,66,66,66,66,66,66,66,66,66,66],"card_choices":[{"not_picked":["Leg Sweep","Cloak And Dagger"],"picked":"Flying Knee","floor":1},{"not_picked":["Deadly Poison","Slice"],"picked":"Night Terror","floor":6},{"not_picked":["Prepared","Eviscerate"],"picked":"Predator","floor":8},{"not_picked":["Backstab","Sucker Punch"],"picked":"Dagger Throw","floor":11},{"not_picked":["Sucker Punch","Cloak And Dagger","Choke"],"picked":"SKIP","floor":12},{"not_picked":["Expertise","Heel Hook"],"picked":"Dagger Throw","floor":14}],"player_experience":878075,"relics_obtained":[{"floor":6,"key":"Akabeko"},{"floor":8,"key":"Blood Vial"},{"floor":9,"key":"Letter Opener"},{"floor":14,"key":"White Beast Statue"}],"event_choices":[{"damage_healed":0,"gold_gain":0,"cards_transformed":["Strike_G"],"player_choice":"Change","damage_taken":0,"max_hp_gain":0,"max_hp_loss":0,"event_name":"Living Wall","floor":2,"gold_loss":0,"cards_obtained":["Venomology"]},{"cards_removed":["Strike_G"],"damage_healed":0,"gold_gain":0,"player_choice":"Card Removal","damage_taken":0,"max_hp_gain":0,"max_hp_loss":0,"event_name":"The Cleric","floor":3,"gold_loss":75},{"damage_healed":0,"gold_gain":0,"player_choice":"Entered Light","damage_taken":20,"max_hp_gain":0,"max_hp_loss":0,"event_name":"Shining Light","floor":5,"gold_loss":0,"cards_upgraded":["Defend_G","Defend_G"]},{"damage_healed":0,"gold_gain":0,"player_choice":"Rummage","damage_taken":0,"relics_obtained":["WarpedTongs"],"max_hp_gain":0,"max_hp_loss":0,"event_name":"Accursed Blacksmith","floor":7,"gold_loss":0,"cards_obtained":["Pain"]},{"damage_healed":0,"gold_gain":0,"player_choice":"Ignored","damage_taken":0,"max_hp_gain":0,"max_hp_loss":0,"event_name":"Liars Game","floor":13,"gold_loss":0},{"damage_healed":0,"gold_gain":0,"player_choice":"Searched \u00271\u0027 times","damage_taken":0,"max_hp_gain":0,"max_hp_loss":0,"event_name":"Dead Adventurer","floor":14,"gold_loss":0}],"is_beta":false,"boss_relics":[],"items_purged_floors":[],"is_endless":false,"potions_floor_spawned":[1,12],"killed_by":"Slime Boss","ascension_level":19}}