{"host":"j06fkfseroga8i8e","time":1608858064,"event":{"mods":["BaseMod","Bestiary","Colored Map","Colored Powertips","Minty Spire (QoL Compilation)","Relic Stats","StSLib","everything is the same but u backflip on backflip"],"gold_per_floor":[112,112,112,112,36,76,76,76,76,91,130,130,173,194,194,320,320,343,359,86,104,104,142,165,165,165,209,7,7,43,43,43,167,167,182,515,515,515,465,491,491,46,46,46,77,126,151,101,101,101],"floor_reached":51,"playtime":1623,"items_purged":["Hyperbeam","Cold Snap","Auto Shields","Streamline"],"score":1535,"play_id":"3e658127-b660-4f76-9ddf-33fd683573f0","local_time":"20201224200104","is_ascension_mode":true,"campfire_choices":[{"data":"Dualcast","floor":8.0,"key":"SMITH"},{"floor":15.0,"key":"REST"},{"floor":25.0,"key":"REST"},{"floor":29.0,"key":"REST"},{"floor":32.0,"key":"REST"},{"floor":41.0,"key":"REST"},{"floor":44.0,"key":"REST"},{"floor":49,"key":"REST"}],"circlet_count":0,"master_deck":["AscendersBane","Zap+1","Dualcast+1","Cold Snap","Capacitor","Redo+1","Heatsinks+1","Amplify","Creative AI+1","Machine Learning+1","Leap","Consume","Skim","Force Field","Steam","Static Discharge+1","Static Discharge+1","Creative AI+1","White Noise","Core Surge"],"relics":["Cracked Core","NeowsBlessing","Mummified Hand","Question Card","Frozen Egg 2","Smiling Mask","Art of War","HornCleat","Pandora\u0027s Box","Lee\u0027s Waffle","StoneCalendar","Pantograph","Regal Pillow","ClockworkSouvenir","Turnip","Fusion Hammer","Lizard Tail","PreservedInsect","FossilizedHelix","Blood Vial","Potion Belt","Mercury Hourglass","Peace Pipe","Bottled Tornado"],"acts_visited":["Exordium","TheCity","TheBeyond"],"potions_floor_usage":[],"damage_taken":[{"damage":0.0,"enemies":"Small Slimes","floor":1.0,"turns":1.0},{"damage":0.0,"enemies":"Gremlin Nob","floor":6.0,"turns":1.0},{"damage":0.0,"enemies":"Jaw Worm","floor":10.0,"turns":1.0},{"damage":20.0,"enemies":"3 Sentries","floor":11.0,"turns":9.0},{"damage":37.0,"enemies":"Lagavulin","floor":13.0,"turns":6.0},{"damage":7.0,"enemies":"2 Louse","floor":14.0,"turns":3.0},{"damage":14.0,"enemies":"Hexaghost","floor":16.0,"turns":15.0},{"damage":21.0,"enemies":"3 Byrds","floor":18.0,"turns":4.0},{"damage":8.0,"enemies":"Chosen","floor":19.0,"turns":4.0},{"damage":10.0,"enemies":"Snecko","floor":21.0,"turns":6.0},{"damage":24.0,"enemies":"Book of Stabbing","floor":23.0,"turns":6.0},{"damage":8.0,"enemies":"Centurion and Healer","floor":24.0,"turns":6.0},{"damage":34.0,"enemies":"Slavers","floor":27.0,"turns":5.0},{"damage":4.0,"enemies":"Gremlin Leader","floor":30.0,"turns":5.0},{"damage":0.0,"enemies":"Champ","floor":33.0,"turns":7.0},{"damage":11.0,"enemies":"3 Shapes","floor":35.0,"turns":3.0},{"damage":48.0,"enemies":"Nemesis","floor":40.0,"turns":5.0},{"damage":0.0,"enemies":"Giant Head","floor":45.0,"turns":5.0},{"damage":41.0,"enemies":"2 Orb Walkers","floor":46.0,"turns":3.0},{"damage":15,"enemies":"Reptomancer","floor":47,"turns":4},{"damage":0,"enemies":"Donu and Deca","floor":50,"turns":7}],"seed_played":"-2445035388035371967","potions_obtained":[{"floor":14.0,"key":"Dexterity Potion"},{"floor":16.0,"key":"GamblersBrew"},{"floor":19.0,"key":"LiquidMemories"},{"floor":21.0,"key":"Block Potion"},{"floor":23.0,"key":"LiquidMemories"},{"floor":27.0,"key":"BlessingOfTheForge"}],"is_trial":false,"path_per_floor":["M","?","T","?","$","E","T","R","T","M","E","?","E","M","R","B",null,"M","M","$","M","?","E","M","R","T","E","$","R","E","?","R","B",null,"M","?","T","?","$","E","R","$","T","R","E","?","E","$","R","B",null],"character_chosen":"DEFECT","items_purchased":["Capacitor","Static Discharge+1","Lee\u0027s Waffle","ClockworkSouvenir","FossilizedHelix","Blood Vial"],"campfire_rested":7,"item_purchase_floors":[5,20,20,28,42,42],"current_hp_per_floor":[68,68,68,68,68,68,68,68,68,68,48,48,11,4,24,10,54,33,25,76,66,66,42,34,56,56,22,22,59,55,55,76,76,76,65,65,65,65,65,17,54,54,54,76,76,35,22,22,59,76],"gold":101,"neow_bonus":"THREE_ENEMY_KILL","is_daily":false,"chose_seed":false,"campfire_upgraded":1,"win_rate":0.0,"timestamp":1608858064,"path_taken":["M","?","?","?","?","E","?","R","T","?","E","?","E","M","R","BOSS","M","M","$","?","?","E","M","R","T","E","?","R","E","?","R","BOSS","M","?","?","?","$","E","R","?","T","R","E","?","E","$","R","BOSS"],"items_purchased_type":["Card","Card","Relic","Relic","Relic","Relic"],"build_version":"2020-12-22","purchased_purges":4,"victory":true,"max_hp_per_floor":[75,75,75,69,69,69,69,69,69,69,69,69,69,69,69,69,69,69,69,76,76,76,76,76,76,76,76,76,76,76,76,76,76,76,76,76,76,76,76,76,76,76,76,76,76,76,76,76,76,76],"relic_stats":{"Lee\u0027s Waffle":51,"Regal Pillow":45,"counters":[21,105],"StoneCalendar":[14],"PreservedInsect":192,"Question Card":19,"Smiling Mask":250,"Mercury Hourglass":[71],"Blood Vial":4,"Peace Pipe":0,"Lizard Tail":0,"Mummified Hand":[221],"Pantograph":15,"Pandora\u0027s Box":["Machine Learning","Auto Shields","Streamline","Leap","Rip and Tear","Consume","Hyperbeam","Skim"],"Turnip":[0],"Art of War":[15],"obtain_stats":[{"Regal Pillow":27,"StoneCalendar":23,"Bottled Tornado":47,"Smiling Mask":9,"ClockworkSouvenir":28,"Blood Vial":42,"Lizard Tail":37,"HornCleat":13,"Mummified Hand":3,"Pantograph":26,"Fusion Hammer":34,"Cracked Core":0,"Potion Belt":43,"Lee\u0027s Waffle":20,"NeowsBlessing":0,"Golden Idol":4,"PreservedInsect":40,"Frozen Egg 2":7,"Question Card":6,"Mercury Hourglass":45,"Peace Pipe":46,"Pandora\u0027s Box":17,"Turnip":30,"Art of War":11,"FossilizedHelix":42},{"Regal Pillow":13,"StoneCalendar":11,"Bottled Tornado":20,"Smiling Mask":2,"ClockworkSouvenir":13,"Blood Vial":17,"Lizard Tail":16,"HornCleat":5,"Mummified Hand":1,"Pantograph":12,"Fusion Hammer":15,"Cracked Core":0,"Potion Belt":17,"Lee\u0027s Waffle":9,"NeowsBlessing":0,"Golden Idol":1,"PreservedInsect":17,"Frozen Egg 2":2,"Question Card":2,"Mercury Hourglass":18,"Peace Pipe":19,"Pandora\u0027s Box":7,"Turnip":14,"Art of War":4,"FossilizedHelix":17},{"Regal Pillow":67,"StoneCalendar":56,"Bottled Tornado":98,"Smiling Mask":2,"ClockworkSouvenir":67,"Blood Vial":87,"Lizard Tail":82,"HornCleat":18,"Mummified Hand":1,"Pantograph":62,"Fusion Hammer":79,"Cracked Core":0,"Potion Belt":87,"Lee\u0027s Waffle":44,"NeowsBlessing":0,"Golden Idol":1,"PreservedInsect":87,"Frozen Egg 2":2,"Question Card":2,"Mercury Hourglass":92,"Peace Pipe":95,"Pandora\u0027s Box":36,"Turnip":72,"Art of War":12,"FossilizedHelix":87}]},"card_choices":[{"not_picked":["Redo","Sweeping Beam"],"picked":"Cold Snap","floor":1.0},{"not_picked":["Steam Power","Rebound","Fusion"],"picked":"SKIP","floor":6.0},{"not_picked":["Rebound","Beam Cell","Consume"],"picked":"Redo","floor":10.0},{"not_picked":["Go for the Eyes","Undo","Conserve Battery"],"picked":"Heatsinks+1","floor":11.0},{"not_picked":["Stack","Undo","Aggregate"],"picked":"Amplify","floor":13.0},{"not_picked":["Melter","Redo","Recycle"],"picked":"Cold Snap","floor":14.0},{"not_picked":["Fission","Reboot","Seek"],"picked":"Creative AI+1","floor":16.0},{"not_picked":["Streamline","Sunder","Steam Power+1"],"picked":"Force Field","floor":18.0},{"not_picked":["Darkness","Sunder","Hologram"],"picked":"Steam","floor":19.0},{"not_picked":["Gash","Tempest","Stack","FTL+1"],"picked":"SKIP","floor":21.0},{"not_picked":["Stack+1","Leap+1","Cold Snap+1"],"picked":"Static Discharge+1","floor":23.0},{"not_picked":["Barrage","Fusion+1","Sweeping Beam","Chaos"],"picked":"SKIP","floor":24.0},{"not_picked":["Stack","Heatsinks+1","Double Energy"],"picked":"Creative AI+1","floor":27.0},{"not_picked":["Rip and Tear","Gash+1","Ball Lightning","Rebound"],"picked":"SKIP","floor":30.0},{"not_picked":["Machine Learning+1","Meteor Strike","Amplify"],"picked":"Core Surge","floor":33.0},{"not_picked":["Lockon","Compile Driver+1","Hologram+1","Recycle"],"picked":"SKIP","floor":35.0},{"not_picked":["Cold Snap+1","Melter","Streamline","Conserve Battery"],"picked":"SKIP","floor":40.0},{"not_picked":["Creative AI+1","Hologram+1","Glacier","Rip and Tear"],"picked":"SKIP","floor":45.0},{"not_picked":["Coolheaded+1","Redo","FTL+1","Rebound+1"],"picked":"SKIP","floor":47}],"player_experience":561504,"relics_obtained":[{"floor":3.0,"key":"Mummified Hand"},{"floor":6.0,"key":"Question Card"},{"floor":7.0,"key":"Frozen Egg 2"},{"floor":9.0,"key":"Smiling Mask"},{"floor":11.0,"key":"Art of War"},{"floor":13.0,"key":"HornCleat"},{"floor":23.0,"key":"StoneCalendar"},{"floor":26.0,"key":"Pantograph"},{"floor":27.0,"key":"Regal Pillow"},{"floor":30.0,"key":"Turnip"},{"floor":37.0,"key":"Lizard Tail"},{"floor":40.0,"key":"PreservedInsect"},{"floor":43.0,"key":"Potion Belt"},{"floor":45.0,"key":"Mercury Hourglass"},{"floor":46,"key":"Peace Pipe"},{"floor":47,"key":"Bottled Tornado"}],"event_choices":[{"damage_healed":0.0,"max_hp_gain":0.0,"max_hp_loss":0.0,"gold_gain":0.0,"event_name":"Living Wall","player_choice":"Grow","floor":2.0,"gold_loss":0.0,"damage_taken":0.0,"cards_upgraded":["Zap"]},{"damage_healed":0.0,"max_hp_gain":0.0,"max_hp_loss":6.0,"gold_gain":0.0,"event_name":"Golden Idol","player_choice":"Lose Max HP","floor":4.0,"gold_loss":0.0,"damage_taken":0.0,"relics_obtained":["Golden Idol"]},{"damage_healed":0.0,"max_hp_gain":0.0,"max_hp_loss":0.0,"gold_gain":0.0,"event_name":"Upgrade Shrine","player_choice":"Upgraded","floor":12.0,"gold_loss":0.0,"damage_taken":0.0,"cards_upgraded":["Redo"]},{"damage_healed":0.0,"max_hp_gain":0.0,"max_hp_loss":0.0,"gold_gain":0.0,"event_name":"Ghosts","player_choice":"Ignored","floor":22.0,"gold_loss":0.0,"damage_taken":0.0},{"damage_healed":0.0,"max_hp_gain":0.0,"max_hp_loss":0.0,"gold_gain":0.0,"event_name":"The Library","player_choice":"Read","floor":31.0,"gold_loss":0.0,"damage_taken":0.0,"cards_obtained":["White Noise"]},{"damage_healed":0.0,"max_hp_gain":0.0,"max_hp_loss":0.0,"gold_gain":333.0,"event_name":"The Moai Head","player_choice":"Gave Idol","floor":36.0,"relics_lost":["Golden Idol"],"gold_loss":0.0,"damage_taken":0.0},{"cards_removed":["Rip and Tear"],"damage_healed":0.0,"max_hp_gain":0.0,"max_hp_loss":0.0,"gold_gain":0.0,"event_name":"Falling","player_choice":"Removed Attack","floor":38.0,"gold_loss":0.0,"damage_taken":0.0},{"damage_healed":0.0,"max_hp_gain":0.0,"max_hp_loss":0.0,"gold_gain":0.0,"event_name":"Mysterious Sphere","player_choice":"Fight","floor":46.0,"gold_loss":0.0,"damage_taken":0.0}],"is_beta":false,"boss_relics":[{"not_picked":["Runic Dome","Snecko Eye"],"picked":"Pandora\u0027s Box"},{"not_picked":["SlaversCollar","Sozu"],"picked":"Fusion Hammer"}],"items_purged_floors":[20,28,39,48],"is_endless":false,"potions_floor_spawned":[14,16,19,21,23,27,33,35],"ascension_level":11}}