{"host":"jm9833yuloeli2yd","time":1608868614,"event":{"mods":["AchievementEnabler","BaseMod","Better Altar","Better Match","Better Note","Better Sensory Stone","Better Skull","Better Third Choice","Better Vampires","BetterRewards","Colored Map","Colored Powertips","DeckTracker","Hubris","Marked Mod","Minty Spire (QoL Compilation)","Permanent Neow","Quick Restart","StSLib","SuperFastMode"],"gold_per_floor":[115,129,129,204,215,215,235,267,267,283,283,37,93,121,121,200,200,220,145,155,55,55,55,86,97,123,123,153,169,199,216,216,216,216],"floor_reached":33,"playtime":1297,"items_purged":["Strike_G","Strike_G"],"score":730,"play_id":"c3bed119-eac7-4263-a170-a06c27c305e0","local_time":"20201224225654","is_ascension_mode":true,"campfire_choices":[{"data":"Predator","floor":6,"key":"SMITH"},{"data":"Terror","floor":11,"key":"SMITH"},{"floor":15,"key":"REST"},{"data":"A Thousand Cuts","floor":23,"key":"SMITH"},{"data":"Noxious Fumes","floor":32,"key":"SMITH"}],"circlet_count":0,"master_deck":["AscendersBane","Strike_G","Strike_G","Defend_G","Defend_G","Defend_G","Defend_G","Defend_G","Survivor","Neutralize+1","Dagger Throw","Predator+1","Terror+1","All Out Attack","Backflip","Sucker Punch","A Thousand Cuts+1","PiercingWail","Wraith Form v2","Well Laid Plans","Writhe","Blade Dance","Noxious Fumes+1","Cloak And Dagger+1","Blur+1"],"relics":["Ring of the Snake","hubris:Towel","hubris:FunFungus","Paper Crane","MealTicket","hubris:AncientText","Coffee Dripper","hubris:ToyBattleship","hubris:Reverence","Ancient Tea Set","White Beast Statue","Toxic Egg 2"],"acts_visited":["Exordium","TheCity"],"potions_floor_usage":[8,16,16,24,28,30,31],"damage_taken":[{"damage":0,"enemies":"Small Slimes","floor":1,"turns":4},{"damage":6,"enemies":"2 Louse","floor":2,"turns":5},{"damage":0,"enemies":"Cultist","floor":5,"turns":4},{"damage":17,"enemies":"Gremlin Gang","floor":7,"turns":6},{"damage":12,"enemies":"Lagavulin","floor":8,"turns":5},{"damage":8,"enemies":"3 Louse","floor":10,"turns":28},{"damage":33,"enemies":"3 Sentries","floor":13,"turns":8},{"damage":23,"enemies":"Gremlin Nob","floor":14,"turns":4},{"damage":0,"enemies":"Slime Boss","floor":16,"turns":5},{"damage":0,"enemies":"Chosen","floor":18,"turns":3},{"damage":15,"enemies":"2 Thieves","floor":20,"turns":4},{"damage":29,"enemies":"Book of Stabbing","floor":24,"turns":7},{"damage":9,"enemies":"Snecko","floor":25,"turns":7},{"damage":28,"enemies":"Slavers","floor":28,"turns":5},{"damage":6,"enemies":"Centurion and Healer","floor":29,"turns":7},{"damage":14,"enemies":"Book of Stabbing","floor":30,"turns":6},{"damage":18,"enemies":"Snake Plant","floor":31,"turns":5},{"damage":4,"enemies":"Collector","floor":33,"turns":5}],"seed_played":"5104179350049599805","potions_obtained":[{"floor":2,"key":"BlessingOfTheForge"},{"floor":10,"key":"SteroidPotion"},{"floor":13,"key":"Strength Potion"},{"floor":16,"key":"SpeedPotion"},{"floor":18,"key":"Energy Potion"},{"floor":25,"key":"LiquidBronze"},{"floor":28,"key":"FearPotion"},{"floor":30,"key":"Block Potion"},{"floor":31,"key":"FearPotion"}],"is_trial":false,"path_per_floor":["M","M","?","?","M","R","M","E","T","M","R","$","?","E","R","B",null,"M","?","M","$","?","R","E","M","T","?","E","M","E","M","R","B"],"character_chosen":"THE_SILENT","items_purchased":["A Thousand Cuts"],"campfire_rested":1,"item_purchase_floors":[12],"current_hp_per_floor":[59,53,53,42,42,42,25,13,13,61,61,61,30,7,26,27,56,57,57,42,57,57,57,31,25,25,66,40,35,21,4,4,0,0],"gold":216,"neow_bonus":"UPGRADE_CARD","is_daily":false,"chose_seed":false,"campfire_upgraded":4,"win_rate":0.0,"timestamp":1608868614,"path_taken":["M","M","?","?","M","R","M","E","T","M","R","$","?","E","R","BOSS","M","?","M","$","?","R","E","M","T","?","E","?","E","?","R","BOSS"],"items_purchased_type":["Card"],"build_version":"2020-12-22","purchased_purges":2,"victory":false,"max_hp_per_floor":[66,66,66,66,66,66,66,66,66,66,66,66,66,66,66,66,66,66,66,66,66,66,66,66,66,66,66,66,66,66,66,66,66,66],"card_choices":[{"not_picked":["Deadly Poison","Sucker Punch"],"picked":"Dagger Throw","floor":1},{"not_picked":["Deadly Poison","Leg Sweep"],"picked":"Predator","floor":2},{"not_picked":["Deadly Poison","Flechettes"],"picked":"Terror","floor":5},{"not_picked":["Blade Dance","Tactician"],"picked":"All Out Attack","floor":7},{"not_picked":["Backstab","Dodge and Roll"],"picked":"Backflip","floor":8},{"not_picked":["Blade Dance","Acrobatics"],"picked":"Sucker Punch","floor":10},{"not_picked":["Riddle With Holes","Slice"],"picked":"Infinite Blades","floor":13},{"not_picked":["Acrobatics","Dagger Throw"],"picked":"PiercingWail","floor":14},{"not_picked":["Malaise","Doppelganger"],"picked":"Wraith Form v2","floor":16},{"not_picked":["hubris:Counter+1","Underhanded Strike"],"picked":"Well Laid Plans","floor":18},{"not_picked":["Outmaneuver","hubris:SlightOfHand","Dagger Throw"],"picked":"SKIP","floor":20},{"not_picked":["Flying Knee","Underhanded Strike","Bane"],"picked":"SKIP","floor":24},{"not_picked":["Quick Slash","Poisoned Stab","Dagger Spray+1"],"picked":"SKIP","floor":25},{"not_picked":["Masterful Stab","Slice"],"picked":"Blade Dance","floor":28},{"not_picked":["Choke","Deadly Poison"],"picked":"Noxious Fumes","floor":29},{"not_picked":["Bullet Time+1","Eviscerate"],"picked":"Cloak And Dagger+1","floor":30},{"not_picked":["Infinite Blades","Poisoned Stab"],"picked":"Blur+1","floor":31}],"player_experience":1158494,"relics_obtained":[{"floor":8,"key":"hubris:FunFungus"},{"floor":9,"key":"Paper Crane"},{"floor":13,"key":"MealTicket"},{"floor":14,"key":"hubris:AncientText"},{"floor":24,"key":"hubris:Reverence"},{"floor":26,"key":"Ancient Tea Set"},{"floor":28,"key":"White Beast Statue"},{"floor":30,"key":"Toxic Egg 2"}],"event_choices":[{"damage_healed":0,"gold_gain":75,"player_choice":"Gold","damage_taken":11,"max_hp_gain":0,"max_hp_loss":0,"event_name":"betterThird:BetterGoop","floor":4,"gold_loss":0},{"damage_healed":0,"gold_gain":0,"player_choice":"Searched \u00271\u0027 times","damage_taken":0,"max_hp_gain":0,"max_hp_loss":0,"event_name":"Dead Adventurer","floor":13,"gold_loss":0},{"cards_removed":["Strike_G"],"damage_healed":0,"gold_gain":0,"player_choice":"Gave Gold","damage_taken":0,"max_hp_gain":0,"max_hp_loss":0,"event_name":"Beggar","floor":19,"gold_loss":75},{"damage_healed":0,"gold_gain":0,"player_choice":"Opened","damage_taken":0,"relics_obtained":["hubris:ToyBattleship"],"max_hp_gain":0,"max_hp_loss":0,"event_name":"The Mausoleum","floor":22,"gold_loss":0,"cards_obtained":["Writhe"]},{"cards_removed":["Infinite Blades"],"damage_healed":41,"gold_gain":0,"player_choice":"Offered Uncommon","damage_taken":0,"max_hp_gain":0,"max_hp_loss":0,"event_name":"Bonfire Elementals","floor":27,"gold_loss":0}],"is_beta":false,"boss_relics":[{"not_picked":["hubris:RunicObelisk","Calling Bell"],"picked":"Coffee Dripper"}],"items_purged_floors":[12,21],"is_endless":false,"potions_floor_spawned":[2,10,13,16,18,25,28,29,30,31],"killed_by":"Collector","ascension_level":20}}