{"host":"bbld1ic1uj90ldt9","time":1608929828,"event":{"mods":["2.2 Compatiblity","AchievementEnabler","Act Like it!","BaseMod","Better Third Choice","Conspire","Downfall","Emptier Cage","Gensokyo","Hallownest","Hermit","Highlight Path","Hubris","Marisa????????","Minty Spire (QoL Compilation)","Random Character Button","Replay The Spire","StSLib","The Animator","The Bug Knight","The Cursed","The Disciple","The Hierophant","The Jungle","The Runesmith","The Servant 0.9.4"],"gold_per_floor":[99,49,49,49,49,49,49,49],"floor_reached":7,"playtime":419,"items_purged":[],"score":62,"play_id":"4b54508b-e377-4c56-81c6-9e902628c328","local_time":"20201225215708","is_ascension_mode":true,"campfire_choices":[{"data":"Armaments","floor":6,"key":"SMITH"}],"circlet_count":0,"master_deck":["AscendersBane","Eruption","Strike_R","Strike_R","Strike_R","Strike_R","Strike_R","Defend_R","Defend_R","Defend_R","Defend_R","Bash","Armaments+1","conspire:SpireCoStock","Flex"],"relics":["Ectoplasm"],"acts_visited":["Gensokyo:Gensokyo"],"potions_floor_usage":[7],"damage_taken":[{"damage":6,"enemies":"Gensokyo:Gryphon","floor":1,"turns":3},{"damage":11,"enemies":"Gensokyo:2_Kodama","floor":4,"turns":5},{"damage":0,"enemies":"Gensokyo:Python","floor":5,"turns":2},{"damage":64,"enemies":"Gensokyo:Cirno","floor":7,"turns":12}],"seed_played":"1321974200649792648","potions_obtained":[{"floor":1,"key":"ColorlessPotion"},{"floor":5,"key":"Strength Potion"}],"is_trial":false,"path_per_floor":["M","?","$","M","M","R","E"],"character_chosen":"IRONCLAD","items_purchased":[],"campfire_rested":0,"item_purchase_floors":[],"current_hp_per_floor":[66,66,66,55,55,55,0,0],"gold":49,"neow_bonus":"BOSS_RELIC","is_daily":false,"chose_seed":false,"campfire_upgraded":1,"win_rate":0.0,"timestamp":1608929828,"path_taken":["M","?","$","M","?","R","E"],"items_purchased_type":[],"build_version":"2020-12-22","purchased_purges":0,"victory":false,"max_hp_per_floor":[80,80,80,80,80,80,80,80],"card_choices":[{"not_picked":["Wild Strike","Cleave"],"picked":"Armaments","floor":1},{"not_picked":["Perfected Strike","Headbutt","ReplayTheSpireMod:Strike From Hell"],"picked":"SKIP","floor":4},{"not_picked":["Replay:Undeath\u0027s Touch","Sentinel"],"picked":"Flex","floor":5}],"player_experience":2161413,"relics_obtained":[],"event_choices":[{"damage_healed":0,"gold_gain":0,"player_choice":"Invest 1","damage_taken":0,"max_hp_gain":0,"max_hp_loss":0,"event_name":"conspire:Investor","floor":2,"gold_loss":0}],"is_beta":false,"boss_relics":[],"items_purged_floors":[],"is_endless":false,"potions_floor_spawned":[1,5],"killed_by":"Gensokyo:Cirno","ascension_level":10}}