{"host":"so437kwitdq4epbi","time":1608910348,"event":{"mods":["AchievementEnabler","BaseMod","Decade(王小明)","Friendly Minions","Gremlin Mod","KinomotoSakuraMod(木之本樱)","Koishi","KomeijiMod","Lobotomy","LobotomyExtend","Marisa（F雨　魔理沙）","Minty Spire (QoL Compilation)","Quick Restart","READ ME - Snecko Mod","Replay The Spire","StSLib","The Alterego","The Bladedancer","The Bug Knight","The Construct","The Hierophant","The Mystic","The Poker Player","The Runesmith","Yuyuko","[IsaacMod]以撒尖塔","vexMod"],"gold_per_floor":[112,112,131,131,142,171,171,187,213,213,226,237,312,326,326,421,421,439,377,392,32,50,50,70,70,70,99,29,43,43,56,56,161,161,180,198,216,232,242,161,181,181,181,192,192,158,130,165,165,165,165],"floor_reached":50,"playtime":4154,"items_purged":[],"score":666,"play_id":"2dcde941-e174-49bd-aafb-b072cbdb8e76","local_time":"20201225233228","is_ascension_mode":false,"campfire_choices":[{"floor":15.0,"key":"REST"},{"floor":25.0,"key":"REST"}],"circlet_count":0,"master_deck":["SpecialBullet","SpecialBullet","SpecialBullet","SpecialBullet","SpecialBullet","SpecialBullet","SpecialBullet","SpecialBullet","EpicFetus+1","ExtractionCode","ControlCode","TrainingCode","Beak","HereticApostle","ScreamingWedge","BeautyBeast","Spore","CENSORED_ego","GoldRush","InformationCode","Loneliness","OldLady","CUTE","CherryBlossom","QueenOfHatred","GoldRush","Laetitia_ego","ParadiseLost","SoundOfStar","Beak","Freischutz","Harvest+1","Beak","Horn+1","SingingMachine","Tough","Gaze","Horn","TT2Protocol","Horn","Noise","FeatherOfHonor+1","SomewhereSpear","Reverberation","InTheNameOfLoveAndHate","SomewhereSpear+1","RecordCode","WhiteNight","FeatherOfHonor+1","DisciplinaryCode","GoldRush","GalaxyChild","Adoration","Galaxy","RapturousDream+1","LifeForTheDareDevil+1","Woodsman","Heaven+1","InTheNameOfLoveAndHate+1","Reverberation","Spore","Beak+1","Amita+1","Justitia+1","CrimsonScar+1","MagicBullet+1","SolemnVow+1","Scorched","WelfareCode"],"relics":["CogitoBucket","HushsDoor","BloodDonationMachine","LetterFromLob","MagicBullet_r","Bronze Scales","Boot","TreeSap","Runic Dome","Bird Faced Urn","Eternal Feather","Omamori","HellTrain","AtMidnight","Abe\u0027s Treasure","Molten Egg 2","Vajra","Mirror","HowToJump"],"acts_visited":["Exordium","TheCity","TheBeyond"],"potions_floor_usage":[],"damage_taken":[{"damage":10.0,"enemies":"2 Louse","floor":1.0,"turns":3.0},{"damage":0.0,"enemies":"Jaw Worm","floor":3.0,"turns":1.0},{"damage":0.0,"enemies":"Small Slimes","floor":5.0,"turns":2.0},{"damage":0.0,"enemies":"3 Sentries","floor":6.0,"turns":2.0},{"damage":0.0,"enemies":"Blue Slaver","floor":8.0,"turns":2.0},{"damage":0.0,"enemies":"2 Fungi Beasts","floor":11.0,"turns":1.0},{"damage":21.0,"enemies":"3 Louse","floor":12.0,"turns":3.0},{"damage":0.0,"enemies":"Looter","floor":14.0,"turns":2.0},{"damage":59.0,"enemies":"The Guardian","floor":16.0,"turns":6.0},{"damage":12.0,"enemies":"Shell Parasite","floor":18.0,"turns":2.0},{"damage":6.0,"enemies":"2 Thieves","floor":19.0,"turns":4.0},{"damage":9.0,"enemies":"Snecko","floor":20.0,"turns":2.0},{"damage":36.0,"enemies":"Centurion and Healer","floor":22.0,"turns":3.0},{"damage":18.0,"enemies":"Shelled Parasite and Fungi","floor":24.0,"turns":2.0},{"damage":25.0,"enemies":"Slavers","floor":27.0,"turns":3.0},{"damage":66.0,"enemies":"Snake Plant","floor":28.0,"turns":17.0},{"damage":14.0,"enemies":"Cultist and Chosen","floor":29.0,"turns":2.0},{"damage":0.0,"enemies":"Snecko","floor":31.0,"turns":3.0},{"damage":83,"enemies":"Collector","floor":33,"turns":8},{"damage":0,"enemies":"3 Shapes","floor":35,"turns":3},{"damage":28,"enemies":"3 Darklings","floor":36,"turns":4},{"damage":11,"enemies":"Writhing Mass","floor":37,"turns":2},{"damage":14,"enemies":"Sphere and 2 Shapes","floor":38,"turns":3},{"damage":16,"enemies":"Spire Growth","floor":39,"turns":4},{"damage":90,"enemies":"Reptomancer","floor":40,"turns":4},{"damage":0,"enemies":"4 Shapes","floor":41,"turns":2},{"damage":33,"enemies":"Transient","floor":44,"turns":5},{"damage":63,"enemies":"Nemesis","floor":46,"turns":4},{"damage":7,"enemies":"Spire Growth","floor":47,"turns":2},{"damage":11,"enemies":"Giant Head","floor":48,"turns":5},{"damage":92,"enemies":"Donu and Deca","floor":50,"turns":2}],"seed_played":"8241787510529602536","potions_obtained":[{"floor":3.0,"key":"PowerPotion"},{"floor":18.0,"key":"Strength Potion"},{"floor":31.0,"key":"ColorlessPotion"},{"floor":37,"key":"FearPotion"},{"floor":39,"key":"ColorlessPotion"}],"is_trial":false,"path_per_floor":["M","?","M","?","M","E","R","M","T","M","M","M","?","M","R","B",null,"M","M","M","$","M","R","M","R","T","E","M","M","R","M","R","B",null,"M","M","M","M","M","E","M","R","T","M","R","E","M","E","R","B"],"character_chosen":"Angela","items_purchased":["Beak","Gaze","Bird Faced Urn"],"campfire_rested":2,"item_purchase_floors":[17,21,21],"current_hp_per_floor":[60,70,70,75,75,75,75,75,75,75,75,54,43,43,65,23,74,62,62,64,64,45,45,27,49,49,41,56,48,59,63,63,39,39,67,39,67,63,71,43,68,68,68,52,52,27,40,71,71,0,0],"gold":165,"neow_bonus":"RANDOM_EVENT","is_daily":false,"chose_seed":false,"campfire_upgraded":0,"win_rate":0.0,"timestamp":1608910348,"path_taken":["M","?","M","?","M","E","R","M","T","M","M","M","?","M","R","BOSS","M","M","M","$","?","R","M","R","T","E","M","?","R","M","R","BOSS","M","M","M","M","M","E","M","R","T","M","R","E","M","E","R","BOSS"],"items_purchased_type":["Card","Card","Relic"],"build_version":"2020-12-22","purchased_purges":0,"victory":false,"max_hp_per_floor":[70,70,70,75,75,75,75,75,75,75,75,75,75,75,75,75,74,74,74,74,74,74,74,74,74,74,74,59,59,59,63,63,67,67,67,67,71,71,71,71,71,71,71,71,71,71,71,75,75,75,75],"card_choices":[{"not_picked":[],"picked":"EpicFetus","floor":0.0},{"not_picked":["SomewhereSpear"],"picked":"Bomb","floor":1.0},{"not_picked":["Noise"],"picked":"Beak","floor":1.0},{"not_picked":["BeautyBeast","ShyLook"],"picked":"Scorched","floor":3.0},{"not_picked":["Tough"],"picked":"Bomb","floor":3.0},{"not_picked":["Spore"],"picked":"ScreamingWedge","floor":5.0},{"not_picked":["ShyLook","Mercenary"],"picked":"BeautyBeast","floor":5.0},{"not_picked":["TodaysExpression"],"picked":"Spore","floor":5.0},{"not_picked":["Bomb"],"picked":"CENSORED_ego","floor":6.0},{"not_picked":["Twilight"],"picked":"GoldRush","floor":6.0},{"not_picked":["RedEyes"],"picked":"Loneliness","floor":8.0},{"not_picked":["Wellcheers","Yin"],"picked":"OldLady","floor":8.0},{"not_picked":["WristCuter","Heaven"],"picked":"SKIP","floor":8.0},{"not_picked":["TodaysExpression"],"picked":"CUTE","floor":11.0},{"not_picked":["Loneliness"],"picked":"CherryBlossom","floor":11.0},{"not_picked":["FourthMatchFlame"],"picked":"Bomb","floor":12.0},{"not_picked":["Mercenary","HappyTeddy"],"picked":"QueenOfHatred","floor":12.0},{"not_picked":["Penitence"],"picked":"GoldRush","floor":12.0},{"not_picked":["WristCuter"],"picked":"Laetitia_ego","floor":14.0},{"not_picked":["Hypocrisy","Reverberation"],"picked":"SKIP","floor":14.0},{"not_picked":["DaCapo"],"picked":"ParadiseLost","floor":16.0},{"not_picked":["CENSORED_ego"],"picked":"SoundOfStar","floor":16.0},{"not_picked":["CherryBlossoms","VoidDream"],"picked":"Freischutz","floor":18.0},{"not_picked":["Loneliness"],"picked":"Harvest+1","floor":18.0},{"not_picked":["TodaysExpression"],"picked":"Beak","floor":19.0},{"not_picked":["Gaze"],"picked":"Horn+1","floor":19.0},{"not_picked":["BigBadWolf","RedShoes"],"picked":"SingingMachine","floor":20.0},{"not_picked":["Beak"],"picked":"Tough","floor":20.0},{"not_picked":["Beak"],"picked":"Horn","floor":22.0},{"not_picked":["Regret_ego"],"picked":"Horn","floor":22.0},{"not_picked":["RedEyes"],"picked":"Noise","floor":24.0},{"not_picked":["Regret_ego"],"picked":"FeatherOfHonor+1","floor":27.0},{"not_picked":["CUTE"],"picked":"SomewhereSpear","floor":28.0},{"not_picked":["Laetitia_ego+1"],"picked":"Reverberation","floor":28.0},{"not_picked":["CherryBlossom"],"picked":"InTheNameOfLoveAndHate","floor":29.0},{"not_picked":["DaCapo"],"picked":"SomewhereSpear+1","floor":29.0},{"not_picked":["LittlePrince","SnowQueen"],"picked":"WhiteNight","floor":31.0},{"not_picked":["WristCuter","FeatherOfHonor+1"],"picked":"SKIP","floor":31.0},{"not_picked":["WristCuter"],"picked":"FeatherOfHonor+1","floor":31.0},{"not_picked":["Pinks"],"picked":"GoldRush","floor":33},{"not_picked":["LittleHelper","Scarecrow"],"picked":"GalaxyChild","floor":33},{"not_picked":["SoundOfStar"],"picked":"Adoration","floor":33},{"not_picked":["Beak"],"picked":"Galaxy","floor":35},{"not_picked":["Wingbeat"],"picked":"RapturousDream+1","floor":35},{"not_picked":["Wingbeat+1"],"picked":"LifeForTheDareDevil+1","floor":36},{"not_picked":["RedEyes","Penitence"],"picked":"SKIP","floor":36},{"not_picked":["Murderer","DespairKnight"],"picked":"Woodsman","floor":37},{"not_picked":["Pleasure"],"picked":"Heaven+1","floor":37},{"not_picked":["FourthMatchFlame+1"],"picked":"InTheNameOfLoveAndHate+1","floor":38},{"not_picked":["CUTE","CherryBlossom+1"],"picked":"SKIP","floor":38},{"not_picked":["Wingbeat+1"],"picked":"Reverberation","floor":39},{"not_picked":["Loneliness+1"],"picked":"Spore","floor":40},{"not_picked":["Lantern+1"],"picked":"Beak+1","floor":40},{"not_picked":["CUTE"],"picked":"Amita+1","floor":41},{"not_picked":["WristCuter+1","Tough+1"],"picked":"SKIP","floor":41},{"not_picked":["Wingbeat"],"picked":"Justitia+1","floor":44},{"not_picked":["CENSORED_ego"],"picked":"CrimsonScar+1","floor":46},{"not_picked":["Hypocrisy+1"],"picked":"MagicBullet+1","floor":47},{"not_picked":["Tough+1"],"picked":"SolemnVow+1","floor":48},{"not_picked":["DespairKnight","SnowQueen"],"picked":"Scorched","floor":48},{"not_picked":["Twilight+1","Amita+1"],"picked":"SKIP","floor":48}],"player_experience":128738,"relics_obtained":[{"floor":1.0,"key":"LetterFromLob"},{"floor":6.0,"key":"Bronze Scales"},{"floor":9.0,"key":"Boot"},{"floor":26.0,"key":"Eternal Feather"},{"floor":27.0,"key":"Omamori"},{"floor":28.0,"key":"AtMidnight"},{"floor":40,"key":"Molten Egg 2"},{"floor":43,"key":"Vajra"},{"floor":46,"key":"Mirror"},{"floor":48,"key":"HowToJump"}],"event_choices":[{"damage_healed":0.0,"max_hp_gain":5.0,"max_hp_loss":0.0,"gold_gain":0.0,"event_name":"Big Fish","player_choice":"Donut","floor":4.0,"gold_loss":0.0,"damage_taken":0.0},{"damage_healed":0.0,"max_hp_gain":0.0,"max_hp_loss":0.0,"gold_gain":75.0,"event_name":"World of Goop","player_choice":"Gather Gold","floor":13.0,"gold_loss":0.0,"damage_taken":11.0}],"is_beta":false,"boss_relics":[{"not_picked":["Empty Cage","Velvet Choker"],"picked":"Runic Dome"},{"not_picked":[]},{"not_picked":["vexMod:MysteryBossChallenge","SlaversCollar"],"picked":"Abe\u0027s Treasure"},{"not_picked":[]}],"items_purged_floors":[],"is_endless":false,"potions_floor_spawned":[3,18,31,37,39,44,47],"killed_by":"Donu and Deca","ascension_level":0}}