{"host":"i3iesnh100m6i1gd","time":1608865134,"event":{"mods":["BaseMod","Colored Powertips","Downfall","Minty Spire (QoL Compilation)","Replay The Spire","StSLib"],"gold_per_floor":[15,33,49,49,49,49,65,91,91,104,104,124,158,170,170,170,170],"floor_reached":16,"playtime":1081,"items_purged":[],"score":120,"play_id":"97b9eb05-980a-4e5a-836b-474c784f1bc4","local_time":"20201224185854","is_ascension_mode":true,"campfire_choices":[{"data":"Zap","floor":6,"key":"SMITH"},{"floor":11,"key":"REST"},{"floor":15,"key":"REST"}],"circlet_count":0,"master_deck":["Strike_B","Strike_B","Strike_B","Strike_B","Defend_B","Defend_B","Defend_B","Defend_B","Zap+1","Dualcast","Lockon","Leap","Heatsinks","Pain","Storm","Conserve Battery"],"relics":["Cracked Core","TungstenRod","Cables","WarpedTongs","Replay:Accelerometer","Iron Hammer","ReplayTheSpireMod:TigerMarble"],"acts_visited":["Exordium"],"potions_floor_usage":[16],"damage_taken":[{"damage":0,"enemies":"Jaw Worm","floor":1,"turns":3},{"damage":0,"enemies":"Cultist","floor":2,"turns":3},{"damage":0,"enemies":"Small Slimes","floor":3,"turns":3},{"damage":7,"enemies":"Exordium Thugs","floor":7,"turns":5},{"damage":24,"enemies":"3 Sentries","floor":8,"turns":6},{"damage":8,"enemies":"2 Fungi Beasts","floor":10,"turns":3},{"damage":9,"enemies":"Looter","floor":12,"turns":2},{"damage":17,"enemies":"Lagavulin","floor":13,"turns":5},{"damage":0,"enemies":"Exordium Thugs","floor":14,"turns":4},{"damage":66,"enemies":"Fading Forest","floor":16,"turns":11}],"seed_played":"59379288757516852","potions_obtained":[{"floor":3,"key":"EssenceOfDarkness"},{"floor":7,"key":"Swift Potion"},{"floor":8,"key":"EssenceOfSteel"},{"floor":12,"key":"Adrenaline Potion"}],"is_trial":false,"path_per_floor":["M","M","M","?","?","R","M","E","T","M","R","M","E","M","R","B"],"character_chosen":"DEFECT","items_purchased":[],"campfire_rested":2,"item_purchase_floors":[],"current_hp_per_floor":[75,75,75,73,73,73,66,42,42,34,56,47,30,30,52,0,0],"gold":170,"neow_bonus":"ONE_RARE_RELIC","is_daily":false,"chose_seed":false,"campfire_upgraded":1,"win_rate":0.0,"timestamp":1608865134,"path_taken":["M","M","M","?","?","R","M","E","T","M","R","M","E","?","R","BOSS"],"items_purchased_type":[],"build_version":"2020-12-22","purchased_purges":0,"victory":false,"max_hp_per_floor":[75,75,75,75,75,75,75,75,75,75,75,75,75,75,75,75,75],"card_choices":[{"not_picked":["Beam Cell","Ball Lightning"],"picked":"Lockon","floor":1},{"not_picked":["Reinforced Body","Hello World"],"picked":"Leap","floor":2},{"not_picked":["Doom and Gloom","Panic Button"],"picked":"Heatsinks","floor":3},{"not_picked":["Panic Button","BasicCrystalCard","Stack"],"picked":"SKIP","floor":7},{"not_picked":["Steam","Biased Cognition","Cold Snap"],"picked":"SKIP","floor":8},{"not_picked":["Coolheaded","Sweeping Beam"],"picked":"Storm","floor":10},{"not_picked":["Barrage","Cold Snap","Rainbow"],"picked":"SKIP","floor":12},{"not_picked":["BootSequence","Hologram"],"picked":"Conserve Battery","floor":13},{"not_picked":["Sunder","Cold Snap","Barrage"],"picked":"SKIP","floor":14}],"player_experience":91994,"relics_obtained":[{"floor":8,"key":"Replay:Accelerometer"},{"floor":9,"key":"Iron Hammer"},{"floor":13,"key":"ReplayTheSpireMod:TigerMarble"}],"event_choices":[{"damage_healed":0,"gold_gain":0,"player_choice":"Success","damage_taken":3,"relics_obtained":["Cables"],"max_hp_gain":0,"max_hp_loss":0,"event_name":"Scrap Ooze","floor":4,"gold_loss":0},{"damage_healed":0,"gold_gain":0,"player_choice":"Rummage","damage_taken":0,"relics_obtained":["WarpedTongs"],"max_hp_gain":0,"max_hp_loss":0,"event_name":"Accursed Blacksmith","floor":5,"gold_loss":0,"cards_obtained":["Pain"]}],"is_beta":false,"boss_relics":[],"items_purged_floors":[],"is_endless":false,"potions_floor_spawned":[3,7,8,12,13],"killed_by":"Fading Forest","ascension_level":1}}