{"host":"gqnf1sn1e9oq5zd0","time":1608874463,"event":{"mods":["BaseMod","BetterRewards","Minty Spire (QoL Compilation)","Shop Mod","StSLib"],"gold_per_floor":[109,109,129,33,33,66,66,92,170,170,189,209,309,340,340,437,437,447,464,107,141,154,154,181,181,181,181,29,29,39,65,65,160,160,180,55,66,86,102,102,121,151,151,177,177,202,202,202,202,202],"floor_reached":51,"playtime":3161,"items_purged":["Wild Strike"],"score":1064,"play_id":"f12bef75-925a-4889-94d8-ca6e8c8bffc8","local_time":"20201225003423","is_ascension_mode":true,"campfire_choices":[{"floor":10.0,"key":"RECALL"},{"floor":15.0,"key":"REST"},{"data":"Juggernaut","floor":23.0,"key":"SMITH"},{"floor":27.0,"key":"REST"},{"data":"Metallicize","floor":32.0,"key":"SMITH"},{"data":"Inflame","floor":40,"key":"SMITH"},{"floor":45,"key":"REST"},{"floor":47,"key":"REST"},{"data":"Flame Barrier","floor":49,"key":"SMITH"}],"circlet_count":0,"master_deck":["Strike_R","Strike_R","Strike_R","Strike_R","Strike_R","Defend_R","Defend_R","Defend_R","Iron Wave","Metallicize+1","Shrug It Off","Flame Barrier+1","Anger","Juggernaut+1","CurseOfTheBell","Inflame+1","Shrug It Off","Iron Wave","Reaper","Armaments","Rage+1","Shrug It Off","Flame Barrier+1","Iron Wave+1","Impervious","Metallicize","Rage+1","Armaments","Flame Barrier","Impervious","Armaments","Juggernaut+1"],"relics":["Burning Blood","Red Skull","MerchantsRug","PreservedInsect","Gremlin Horn","Centennial Puzzle","Mummified Hand","Red Mask","Oddly Smooth Stone","Blood Vial","Ornamental Fan","Eternal Feather","Sozu","Membership Card","Regal Pillow","Question Card","Turnip","Dream Catcher"],"acts_visited":[],"potions_floor_usage":[],"damage_taken":[{"damage":0.0,"enemies":"Small Slimes","floor":1.0,"turns":4.0},{"damage":0.0,"enemies":"Cultist","floor":3.0,"turns":3.0},{"damage":23.0,"enemies":"3 Sentries","floor":6.0,"turns":15.0},{"damage":24.0,"enemies":"Lagavulin","floor":8.0,"turns":8.0},{"damage":3.0,"enemies":"Jaw Worm","floor":11.0,"turns":4.0},{"damage":5.0,"enemies":"Looter","floor":12.0,"turns":3.0},{"damage":11.0,"enemies":"3 Sentries","floor":14.0,"turns":5.0},{"damage":32.0,"enemies":"Slime Boss","floor":16.0,"turns":11.0},{"damage":2.0,"enemies":"Chosen","floor":18.0,"turns":5.0},{"damage":11.0,"enemies":"Spheric Guardian","floor":19.0,"turns":5.0},{"damage":37.0,"enemies":"Masked Bandits","floor":21.0,"turns":5.0},{"damage":2.0,"enemies":"Snecko","floor":22.0,"turns":5.0},{"damage":53.0,"enemies":"Gremlin Leader","floor":24.0,"turns":6.0},{"damage":7.0,"enemies":"Centurion and Healer","floor":30.0,"turns":9.0},{"damage":28.0,"enemies":"Slavers","floor":31.0,"turns":7.0},{"damage":37.0,"enemies":"Champ","floor":33.0,"turns":12.0},{"damage":7.0,"enemies":"3 Shapes","floor":35.0,"turns":5.0},{"damage":19.0,"enemies":"Orb Walker","floor":37.0,"turns":5.0},{"damage":16,"enemies":"Maw","floor":38,"turns":8},{"damage":4,"enemies":"Spire Growth","floor":39,"turns":4},{"damage":16,"enemies":"4 Shapes","floor":41,"turns":8},{"damage":63,"enemies":"Reptomancer","floor":42,"turns":5},{"damage":0,"enemies":"Nemesis","floor":44,"turns":5},{"damage":92,"enemies":"Reptomancer","floor":46,"turns":8},{"damage":27,"enemies":"Awakened One","floor":50,"turns":11}],"seed_played":"7239332894282874319","potions_obtained":[{"floor":1.0,"key":"SneckoOil"},{"floor":8.0,"key":"Energy Potion"},{"floor":19.0,"key":"Energy Potion"},{"floor":33.0,"key":"DuplicationPotion"}],"is_trial":false,"path_per_floor":["M","?","M","$","T","E","?","E","T","R","M","M","?","E","R","B",null,"M","M","$","?","M","R","E","?","T","R","$","?","M","E","R","B",null,"M","$","M","M","M","R","M","E","T","E","R","E","R","?","R","B",null],"character_chosen":"IRONCLAD","items_purchased":["Red Skull","MerchantsRug","Shrug It Off","Mummified Hand","Medical Kit","Iron Wave","Reaper","Mango","Membership Card","Metallicize"],"campfire_rested":4,"item_purchase_floors":[0,0,4,20,20,20,20,28,36,36],"current_hp_per_floor":[76,76,80,80,80,63,63,45,45,45,48,49,49,44,68,42,80,80,78,78,47,57,57,14,14,14,38,52,52,61,53,65,45,94,93,93,81,79,89,94,85,30,30,45,94,18,79,79,94,73],"gold":202,"neow_bonus":"","is_daily":false,"chose_seed":false,"campfire_upgraded":4,"win_rate":0.0,"timestamp":1608874463,"path_taken":["M","?","M","?","?","E","?","E","T","R","?","M","?","E","R","BOSS","M","M","$","?","M","R","E","?","T","R","$","?","?","E","R","BOSS","M","$","M","M","M","R","M","E","T","E","R","E","R","?","R","BOSS"],"items_purchased_type":["Relic","Relic","Card","Relic","Relic","Card","Card","Relic","Relic","Card"],"build_version":"2020-12-22","purchased_purges":1,"victory":true,"max_hp_per_floor":[80,80,80,80,80,80,80,80,80,80,80,80,80,80,80,80,80,80,80,80,80,80,80,80,80,80,80,94,94,94,94,94,94,94,94,94,94,94,94,94,94,94,94,94,94,94,94,94,94,94],"card_choices":[{"not_picked":["Clash","Warcry"],"picked":"Iron Wave","floor":1.0},{"not_picked":["Reckless Charge","Shrug It Off"],"picked":"Metallicize","floor":3.0},{"not_picked":["Warcry","Sword Boomerang"],"picked":"Flame Barrier","floor":6.0},{"not_picked":["Perfected Strike","Iron Wave"],"picked":"Anger","floor":8.0},{"not_picked":["Thunderclap","Pummel","Dark Embrace"],"picked":"SKIP","floor":11.0},{"not_picked":["Clash","Intimidate","Combust"],"picked":"SKIP","floor":12.0},{"not_picked":["Havoc","True Grit","Whirlwind"],"picked":"SKIP","floor":14.0},{"not_picked":["Berserk","Immolate"],"picked":"Juggernaut","floor":16.0},{"not_picked":["True Grit+1","Anger"],"picked":"Inflame","floor":18.0},{"not_picked":["Flex","Clothesline"],"picked":"Shrug It Off","floor":19.0},{"not_picked":["Offering","Burning Pact+1"],"picked":"Armaments","floor":21.0},{"not_picked":["Evolve","Headbutt"],"picked":"Rage+1","floor":22.0},{"not_picked":["Pommel Strike","Berserk"],"picked":"Shrug It Off","floor":24.0},{"not_picked":["Seeing Red","Fire Breathing"],"picked":"Flame Barrier","floor":30.0},{"not_picked":["Perfected Strike","Second Wind"],"picked":"Iron Wave+1","floor":31.0},{"not_picked":["Double Tap","Reaper"],"picked":"Impervious","floor":33.0},{"not_picked":["Rupture","Disarm+1","Twin Strike"],"picked":"SKIP","floor":35.0},{"not_picked":["Twin Strike","Feel No Pain+1","Wild Strike+1"],"picked":"SKIP","floor":37.0},{"not_picked":["Heavy Blade","Rupture"],"picked":"Rage+1","floor":38},{"not_picked":["Clash+1","Sword Boomerang+1"],"picked":"Armaments","floor":39},{"not_picked":["Carnage","Burning Pact+1","Searing Blow"],"picked":"SKIP","floor":41},{"not_picked":["Dark Embrace","Warcry+1"],"picked":"Flame Barrier","floor":42},{"not_picked":["Carnage","Heavy Blade+1","Dark Embrace+1","Rampage"],"picked":"SKIP","floor":44},{"not_picked":["Clothesline+1","Fiend Fire","Twin Strike+1"],"picked":"Impervious","floor":46},{"not_picked":["Warcry+1","Havoc","Heavy Blade"],"picked":"Armaments","floor":47}],"player_experience":234348,"relics_obtained":[{"floor":6.0,"key":"PreservedInsect"},{"floor":8.0,"key":"Unceasing Top"},{"floor":9.0,"key":"Gremlin Horn"},{"floor":14.0,"key":"Centennial Puzzle"},{"floor":17.0,"key":"InkBottle"},{"floor":17.0,"key":"Magic Flower"},{"floor":17.0,"key":"Smiling Mask"},{"floor":21.0,"key":"Red Mask"},{"floor":24.0,"key":"Oddly Smooth Stone"},{"floor":26.0,"key":"Ornamental Fan"},{"floor":31.0,"key":"Eternal Feather"},{"floor":42,"key":"Regal Pillow"},{"floor":43,"key":"Question Card"},{"floor":44,"key":"Turnip"},{"floor":46,"key":"Dream Catcher"}],"event_choices":[{"damage_healed":0.0,"max_hp_gain":0.0,"max_hp_loss":0.0,"gold_gain":0.0,"cards_transformed":["Defend_R"],"event_name":"Transmorgrifier","player_choice":"Transformed","floor":2.0,"gold_loss":0.0,"damage_taken":0.0,"cards_obtained":["Wild Strike"]},{"damage_healed":0.0,"max_hp_gain":0.0,"max_hp_loss":0.0,"gold_gain":0.0,"event_name":"Upgrade Shrine","player_choice":"Upgraded","floor":7.0,"gold_loss":0.0,"damage_taken":0.0,"cards_upgraded":["Flame Barrier"]},{"damage_healed":0.0,"max_hp_gain":0.0,"max_hp_loss":0.0,"gold_gain":100.0,"event_name":"Wheel of Change","player_choice":"Gold","floor":13.0,"gold_loss":0.0,"damage_taken":0.0},{"damage_healed":0.0,"max_hp_gain":0.0,"max_hp_loss":0.0,"gold_gain":0.0,"event_name":"Masked Bandits","player_choice":"Fought Bandits","floor":21.0,"gold_loss":0.0,"damage_taken":0.0},{"damage_healed":0.0,"max_hp_gain":0.0,"max_hp_loss":0.0,"gold_gain":0.0,"event_name":"The Mausoleum","player_choice":"Opened","floor":25.0,"gold_loss":0.0,"damage_taken":0.0,"relics_obtained":["Blood Vial"]},{"cards_removed":["Bash"],"damage_healed":0.0,"max_hp_gain":0.0,"max_hp_loss":0.0,"gold_gain":0.0,"event_name":"Purifier","player_choice":"Purged","floor":29.0,"gold_loss":0.0,"damage_taken":0.0},{"damage_healed":0,"gold_gain":0,"player_choice":"Copied","damage_taken":0,"max_hp_gain":0,"max_hp_loss":0,"event_name":"Duplicator","floor":48,"gold_loss":0,"cards_obtained":["Juggernaut"]}],"is_beta":false,"boss_relics":[{"not_picked":["Runic Dome","Black Star"],"picked":"Calling Bell"},{"not_picked":["SacredBark","Astrolabe"],"picked":"Sozu"}],"items_purged_floors":[4],"is_endless":false,"potions_floor_spawned":[1,8,19,33,37,38,46],"ascension_level":1}}