{"host":"w97dq1whmpm6b2tc","time":1608926185,"event":{"mods":["BaseMod","Challenge The Spire","Downfall","Minty Spire (QoL Compilation)","Replay The Spire","StSLib"],"gold_per_floor":[99,99,99,99,99,126,126,159,170,183,217,234,266,416,429,429,429,429],"floor_reached":16,"playtime":1188,"items_purged":[],"score":223,"play_id":"a1bc262f-cd28-4201-867d-960cf4b5d7dd","local_time":"20201225215625","is_ascension_mode":true,"campfire_choices":[{"data":"champ:Taunt","floor":1.0,"key":"SMITH"}],"circlet_count":0,"master_deck":["champ:Strike","champ:Strike","champ:Strike","champ:Strike","champ:Defend","champ:Defend","champ:Defend","champ:Defend","champ:Execute","champ:Taunt+1","champ:AdrenalArmor","champ:FanOfKnives","champ:AdrenalArmor","champ:Duel","champ:StrikeOfGenius","Slimebound:Icky"],"relics":["champ:ChampionCrown","downfall:HeartsMalice","Blue Candle","Gambling Chip","Oddly Smooth Stone","TungstenRod"],"acts_visited":["Exordium"],"potions_floor_usage":[11,11,15],"damage_taken":[{"damage":0.0,"enemies":"2 Louse","floor":2.0,"turns":1.0},{"damage":0,"enemies":"Jaw Worm","floor":4,"turns":1},{"damage":0,"enemies":"Gremlin Nob","floor":6,"turns":1},{"damage":69,"enemies":"Lagavulin","floor":8,"turns":10},{"damage":17,"enemies":"Small Slimes","floor":9,"turns":4},{"damage":15,"enemies":"2 Fungi Beasts","floor":10,"turns":3},{"damage":19,"enemies":"3 Sentries","floor":11,"turns":6},{"damage":27,"enemies":"Exordium Wildlife","floor":12,"turns":8},{"damage":55,"enemies":"Gremlin Nob","floor":13,"turns":5},{"damage":4,"enemies":"Lots of Slimes","floor":15,"turns":2},{"damage":35,"enemies":"downfall:Silent","floor":16,"turns":8}],"seed_played":"-8145894626165317499","potions_obtained":[{"floor":9,"key":"Elixir"},{"floor":10,"key":"Reflective Coating"},{"floor":13,"key":"DistilledChaos"},{"floor":15,"key":"Milkshake"}],"is_trial":false,"path_per_floor":["R","M","?","M","?","E","T","E","M","M","E","M","E","?","M","B"],"character_chosen":"THE_CHAMP","items_purchased":[],"campfire_rested":0,"item_purchase_floors":[],"current_hp_per_floor":[90,90,95,95,95,95,95,69,69,65,65,63,13,13,17,0,0,0],"gold":429,"neow_bonus":"THREE_ENEMY_KILL","is_daily":false,"chose_seed":false,"campfire_upgraded":1,"win_rate":0.0,"timestamp":1608926185,"path_taken":["R","M","?","M","?","E","T","E","M","M","E","M","E","?","M","BOSS"],"items_purchased_type":[],"build_version":"2020-12-22","purchased_purges":0,"victory":false,"max_hp_per_floor":[90,90,95,95,95,95,95,95,95,95,95,95,95,95,95,95,95,95],"card_choices":[{"not_picked":["champ:RageSigil","champ:BerserkersShout"],"picked":"champ:AdrenalArmor","floor":2.0},{"not_picked":["champ:TornadoPunch","champ:Backstep"],"picked":"champ:FanOfKnives","floor":4},{"not_picked":["champ:TornadoPunch","champ:CalledShot"],"picked":"champ:AdrenalArmor","floor":6},{"not_picked":["champ:FocusedGladiator","champ:RisingSlash"],"picked":"champ:Duel","floor":8},{"not_picked":["champ:PerfectedStrike","champ:Haymaker"],"picked":"champ:StrikeOfGenius","floor":9},{"not_picked":["champ:AdrenalArmor","champ:FanOfKnives","champ:CalledShot"],"picked":"SKIP","floor":10},{"not_picked":["champ:BladeFlurry","champ:Circumvent","champ:EndlessRage"],"picked":"SKIP","floor":11},{"not_picked":["champ:Backstep","champ:GladiatorsShout","champ:GutPunch"],"picked":"SKIP","floor":12},{"not_picked":["champ:FalseCounter","champ:FlashCut","champ:IronFortress"],"picked":"SKIP","floor":13},{"not_picked":["champ:RisingSlash","champ:CheapShot","champ:Haymaker"],"picked":"SKIP","floor":15}],"player_experience":3698905,"relics_obtained":[{"floor":6,"key":"Blue Candle"},{"floor":8,"key":"Gambling Chip"},{"floor":11,"key":"Oddly Smooth Stone"},{"floor":13,"key":"TungstenRod"}],"event_choices":[{"damage_healed":0,"gold_gain":0,"player_choice":"Donut","damage_taken":0,"max_hp_gain":5,"max_hp_loss":0,"event_name":"Big Fish","floor":3,"gold_loss":0}],"is_beta":false,"boss_relics":[],"items_purged_floors":[],"is_endless":false,"potions_floor_spawned":[9,10,13,15],"killed_by":"downfall:Silent","ascension_level":5}}