{"host":"ji1fk25fd1ga4ji1","time":1608890810,"event":{"mods":["2.2 Compatiblity","BaseMod","Colored Map","DeckTracker","Minty Spire (QoL Compilation)","Permanent Neow","Quick Restart","StSLib","SuperFastMode"],"gold_per_floor":[119,130,55,55,55,86,86,104,104,51,51,70,93,126,126,254,254,269,146,169,187,201,201,234,234,234,272,315,315,315,355,355,483,483,501,281,281,344,344,344,344,388,388,83,119,119,144,177,177,177],"floor_reached":51,"playtime":1253,"items_purged":["Defend_G","Strike_G","Defend_G","Finisher"],"score":939,"play_id":"7c14379e-a243-4a15-8dc9-aafb40645745","local_time":"20201225190650","is_ascension_mode":true,"campfire_choices":[{"data":"Cloak And Dagger","floor":7,"key":"SMITH"},{"data":"Blade Dance","floor":11,"key":"SMITH"},{"data":"Footwork","floor":15,"key":"SMITH"},{"data":"Phantasmal Killer","floor":23,"key":"SMITH"},{"data":"Strike_G","floor":25,"key":"PURGE"},{"data":"Strike_G","floor":29,"key":"PURGE"},{"data":"Strike_G","floor":32,"key":"PURGE"},{"data":"Defend_G","floor":40,"key":"PURGE"},{"data":"A Thousand Cuts","floor":41,"key":"SMITH"},{"data":"Blade Dance","floor":49,"key":"SMITH"}],"circlet_count":0,"master_deck":["Survivor+1","Neutralize+1","Well Laid Plans","Accuracy","Cloak And Dagger+1","Blade Dance+1","Infinite Blades","Footwork+1","Phantasmal Killer+1","Backflip","Acrobatics","Blade Dance","Blade Dance+1","A Thousand Cuts+1","Terror+1","Backflip","Madness","Madness","Dodge and Roll+1","Acrobatics+1"],"relics":["Ring of the Snake","Golden Idol","Darkstone Periapt","Juzu Bracelet","Lizard Tail","Sozu","Peace Pipe","Paper Crane","Red Mask","WingedGreaves","Toy Ornithopter","Empty Cage","Shovel","Akabeko","Question Card","Bag of Marbles","StrikeDummy","Meat on the Bone"],"acts_visited":["Exordium","TheCity","TheBeyond"],"potions_floor_usage":[6,28,48,50],"damage_taken":[{"damage":0.0,"enemies":"Jaw Worm","floor":1.0,"turns":6.0},{"damage":0.0,"enemies":"2 Louse","floor":2.0,"turns":4.0},{"damage":4,"enemies":"Lagavulin","floor":6,"turns":5},{"damage":0,"enemies":"Cultist","floor":8,"turns":3},{"damage":3,"enemies":"Exordium Wildlife","floor":12,"turns":4},{"damage":0,"enemies":"3 Louse","floor":13,"turns":3},{"damage":7,"enemies":"3 Sentries","floor":14,"turns":4},{"damage":10,"enemies":"The Guardian","floor":16,"turns":12},{"damage":5,"enemies":"2 Thieves","floor":18,"turns":3},{"damage":0,"enemies":"Chosen","floor":20,"turns":3},{"damage":0,"enemies":"3 Cultists","floor":21,"turns":4},{"damage":2,"enemies":"Sentry and Sphere","floor":22,"turns":4},{"damage":17,"enemies":"Gremlin Leader","floor":24,"turns":5},{"damage":2,"enemies":"Masked Bandits","floor":27,"turns":2},{"damage":0,"enemies":"Book of Stabbing","floor":28,"turns":4},{"damage":0,"enemies":"Gremlin Leader","floor":31,"turns":5},{"damage":0,"enemies":"Automaton","floor":33,"turns":5},{"damage":0,"enemies":"Orb Walker","floor":35,"turns":3},{"damage":0,"enemies":"Mind Bloom Boss Battle","floor":38,"turns":4},{"damage":8,"enemies":"Giant Head","floor":42,"turns":4},{"damage":23,"enemies":"Nemesis","floor":45,"turns":5},{"damage":1,"enemies":"3 Shapes","floor":47,"turns":3},{"damage":6,"enemies":"Reptomancer","floor":48,"turns":4},{"damage":37,"enemies":"Awakened One","floor":50,"turns":7}],"seed_played":"2901609271791991845","potions_obtained":[{"floor":1.0,"key":"FearPotion"},{"floor":8,"key":"EntropicBrew"},{"floor":12,"key":"Swift Potion"},{"floor":14,"key":"SteroidPotion"}],"is_trial":false,"path_per_floor":["M","M","$","?","?","E","R","M","T","$","R","M","M","E","R","B",null,"M","$","M","M","M","R","E","R","T","?","E","R","?","E","R","B",null,"M","$","?","?","?","R","R","E","T","$","E","$","M","E","R","B",null],"character_chosen":"THE_SILENT","items_purchased":["Blade Dance","Backflip","Backflip","Finisher","Bag of Marbles"],"campfire_rested":0,"item_purchase_floors":[10,19,36,36,44],"current_hp_per_floor":[49,49,49,35,35,31,31,31,31,31,31,28,28,21,21,11,65,60,60,60,60,58,58,41,41,41,39,39,39,39,39,39,39,65,65,65,57,57,57,57,57,49,49,49,26,26,25,24,24,38],"gold":177,"neow_bonus":"TRANSFORM_TWO_CARDS","is_daily":false,"chose_seed":false,"campfire_upgraded":6,"win_rate":0.0,"timestamp":1608890810,"path_taken":["M","M","$","?","?","E","R","?","T","$","R","M","M","E","R","BOSS","M","$","M","M","M","R","E","R","T","?","E","R","?","E","R","BOSS","M","$","?","?","?","R","R","E","T","$","E","?","M","E","R","BOSS"],"items_purchased_type":["Card","Card","Card","Card","Relic"],"build_version":"2020-12-22","purchased_purges":4,"victory":true,"max_hp_per_floor":[70,70,70,70,65,65,65,65,65,65,65,65,65,65,65,65,65,65,65,65,65,65,65,65,65,65,65,65,65,65,65,65,65,65,65,65,65,65,65,65,65,65,65,65,65,65,65,65,65,65],"card_choices":[{"not_picked":["Leg Sweep","Backstab"],"picked":"Cloak And Dagger","floor":1.0},{"not_picked":["Distraction","Flying Knee"],"picked":"Slice","floor":2.0},{"not_picked":["Bane","Concentrate","Sucker Punch"],"picked":"SKIP","floor":6},{"not_picked":["Leg Sweep","Catalyst","PiercingWail"],"picked":"SKIP","floor":8},{"not_picked":["Quick Slash","Prepared","Leg Sweep"],"picked":"SKIP","floor":12},{"not_picked":["Quick Slash","Prepared","Leg Sweep"],"picked":"SKIP","floor":12},{"not_picked":["Footwork","Prepared"],"picked":"Infinite Blades","floor":13},{"not_picked":["Finisher","Choke"],"picked":"Footwork","floor":14},{"not_picked":["Bullet Time","Burst"],"picked":"Phantasmal Killer","floor":16},{"not_picked":["Underhanded Strike","Flying Knee","Infinite Blades"],"picked":"SKIP","floor":18},{"not_picked":["Acrobatics","Setup","Poisoned Stab"],"picked":"SKIP","floor":20},{"not_picked":["Setup","Poisoned Stab"],"picked":"Acrobatics","floor":20},{"not_picked":["Expertise","PiercingWail","Deadly Poison"],"picked":"SKIP","floor":21},{"not_picked":["Sucker Punch+1","Setup","Prepared"],"picked":"SKIP","floor":22},{"not_picked":["Sucker Punch","Wraith Form v2"],"picked":"Blade Dance","floor":24},{"not_picked":["Dagger Spray+1","Flying Knee","Underhanded Strike"],"picked":"SKIP","floor":28},{"not_picked":["Eviscerate","PiercingWail","Deadly Poison"],"picked":"SKIP","floor":31},{"not_picked":["Malaise","Burst"],"picked":"A Thousand Cuts","floor":33},{"not_picked":["Acrobatics","Blade Dance"],"picked":"Terror+1","floor":35},{"not_picked":["Well Laid Plans+1","Slice"],"picked":"Dodge and Roll+1","floor":38},{"not_picked":["Underhanded Strike+1","Accuracy+1"],"picked":"Acrobatics+1","floor":42},{"not_picked":["Blade Dance","Masterful Stab+1","Unload","Predator"],"picked":"SKIP","floor":45},{"not_picked":["Bane+1","Underhanded Strike","Dodge and Roll","Poisoned Stab"],"picked":"SKIP","floor":47},{"not_picked":["Underhanded Strike+1","Flechettes+1","Masterful Stab+1","Sucker Punch"],"picked":"SKIP","floor":48}],"player_experience":1222033,"relics_obtained":[{"floor":6,"key":"Darkstone Periapt"},{"floor":9,"key":"Juzu Bracelet"},{"floor":14,"key":"Lizard Tail"},{"floor":24,"key":"Peace Pipe"},{"floor":26,"key":"Paper Crane"},{"floor":27,"key":"Red Mask"},{"floor":28,"key":"WingedGreaves"},{"floor":31,"key":"Toy Ornithopter"},{"floor":38,"key":"Shovel"},{"floor":42,"key":"Akabeko"},{"floor":43,"key":"Question Card"},{"floor":45,"key":"StrikeDummy"},{"floor":48,"key":"Meat on the Bone"}],"event_choices":[{"damage_healed":0.0,"max_hp_gain":0.0,"max_hp_loss":0.0,"gold_gain":0.0,"event_name":"Shining Light","player_choice":"Entered Light","floor":4.0,"gold_loss":0.0,"damage_taken":14.0,"cards_upgraded":["Neutralize","Survivor"]},{"damage_healed":0.0,"max_hp_gain":0.0,"max_hp_loss":5.0,"gold_gain":0.0,"event_name":"Golden Idol","player_choice":"Lose Max HP","floor":5.0,"gold_loss":0.0,"damage_taken":0.0,"relics_obtained":["Golden Idol"]},{"damage_healed":0,"gold_gain":0,"player_choice":"Fought Bandits","damage_taken":0,"max_hp_gain":0,"max_hp_loss":0,"event_name":"Masked Bandits","floor":27,"gold_loss":0},{"damage_healed":0,"gold_gain":0,"player_choice":"1 cards matched","damage_taken":0,"max_hp_gain":0,"max_hp_loss":0,"event_name":"Match and Keep!","floor":30,"gold_loss":0,"cards_obtained":["Blade Dance"]},{"damage_healed":0,"gold_gain":0,"player_choice":"Embrace Madness","damage_taken":8,"max_hp_gain":0,"max_hp_loss":0,"event_name":"Winding Halls","floor":37,"gold_loss":0,"cards_obtained":["Madness","Madness"]},{"damage_healed":0,"gold_gain":0,"player_choice":"Fight","damage_taken":0,"max_hp_gain":0,"max_hp_loss":0,"event_name":"MindBloom","floor":38,"gold_loss":0},{"damage_healed":0,"gold_gain":0,"player_choice":"Memory 1","damage_taken":0,"max_hp_gain":0,"max_hp_loss":0,"event_name":"SensoryStone","floor":39,"gold_loss":0}],"is_beta":false,"boss_relics":[{"not_picked":["Busted Crown","Tiny House"],"picked":"Sozu"},{"not_picked":["WristBlade","SacredBark"],"picked":"Empty Cage"}],"items_purged_floors":[3,19,36,44],"is_endless":false,"potions_floor_spawned":[1,8,12,14,24,27,31,33,35,45,48],"ascension_level":1}}