{"host":"r3d3rfw8zyydmocx","time":1608881439,"event":{"mods":["Aspiration","BaseMod","Better Third Choice","Colored Powertips","Conspire","Downfall","Hermit","Highlight Path","Hubris","Minty Spire (QoL Compilation)","StSLib","The Hierophant","The Servant 0.9.4"],"gold_per_floor":[115,115,128,128,147,147,173,173,173,201,220,220,236,236,236,333,333,343,357,357,357,382,417,261,291,315,315,347,367,382,393,393,493,493,509,527,527,527,527,541,575,575,575,274,274,274],"floor_reached":45,"playtime":2648,"items_purged":["Strike_S"],"score":744,"play_id":"eca633f3-34f0-435b-bfe9-f2792ee2706f","local_time":"20201224233039","is_ascension_mode":true,"campfire_choices":[{"data":"Initiator","floor":6,"key":"SMITH"},{"data":"KidneyShot","floor":8,"key":"SMITH"},{"floor":12,"key":"REST"},{"floor":15,"key":"REST"},{"data":"LightFlow","floor":27,"key":"SMITH"},{"data":"InstantArmor","floor":32,"key":"SMITH"},{"data":"Sunlight","floor":42,"key":"SMITH"}],"circlet_count":0,"master_deck":["Strike_S","Strike_S","Strike_S","Defend_S","Defend_S","Defend_S","Defend_S","KidneyShot+1","Exchange","Initiator+1","TimeWarp","BottledTime","expansioncontent:YouAreMine","KidneyShot","Alleviate","LightFlow+1","CurseOfTheBell","hubris:DuctTapeCard","SpecialFormula","Foresight+1","Ghostly","Ghostly","Ghostly","Ghostly","Ghostly","GearUp","Manipulate","TimeTheft","Deadline+1","InstantArmor+1","InstantArmor+1","Dilation","BottledTime+1","Sunlight+1","Replace+1","TimeTheft+1","FlawlessForm","TimeTheft+1"],"relics":["Uniform","Ice Cream","hubris:BundleOfHerbs","Regal Pillow","Ancient Tea Set","Calling Bell","Oddly Smooth Stone","hubris:DuctTape","hubris:AstralHammer","hubris:BottledHeart","Nunchaku","hubris:GlazedTorus","conspire:Boomerang","Art of War","Eternal Feather","MysterySword","Gremlin Horn","Darkstone Periapt","Bronze Scales","Orrery"],"acts_visited":["Exordium","TheCity","TheBeyond"],"potions_floor_usage":[16,16,23,35,45],"damage_taken":[{"damage":1.0,"enemies":"Cultist","floor":1.0,"turns":3.0},{"damage":0.0,"enemies":"conspire:RoseBush","floor":3.0,"turns":2.0},{"damage":6,"enemies":"2 Louse","floor":5,"turns":2},{"damage":20,"enemies":"Lagavulin","floor":7,"turns":5},{"damage":27,"enemies":"3 Sentries","floor":10,"turns":9},{"damage":9,"enemies":"Blue Slaver","floor":11,"turns":2},{"damage":8,"enemies":"2 Fungi Beasts","floor":13,"turns":2},{"damage":36,"enemies":"Hexaghost","floor":16,"turns":6},{"damage":11,"enemies":"conspire:FuzzyDice","floor":18,"turns":7},{"damage":10,"enemies":"3 Byrds","floor":19,"turns":5},{"damage":0,"enemies":"conspire:MimicChest","floor":22,"turns":5},{"damage":0,"enemies":"Gremlin Leader","floor":23,"turns":9},{"damage":0,"enemies":"Book of Stabbing","floor":25,"turns":7},{"damage":0,"enemies":"conspire:Head Lice","floor":28,"turns":5},{"damage":0,"enemies":"Shelled Parasite and Fungi","floor":29,"turns":3},{"damage":0,"enemies":"conspire:HollyBat","floor":30,"turns":8},{"damage":0,"enemies":"Centurion and Healer","floor":31,"turns":6},{"damage":0,"enemies":"hubris:MusketHawk","floor":33,"turns":6},{"damage":0,"enemies":"3 Darklings","floor":35,"turns":5},{"damage":0,"enemies":"Orb Walker","floor":36,"turns":3},{"damage":0,"enemies":"Jaw Worm Horde","floor":40,"turns":3},{"damage":0,"enemies":"Reptomancer","floor":41,"turns":5},{"damage":9,"enemies":"Nemesis","floor":45,"turns":4}],"seed_played":"3612482588842397858","potions_obtained":[{"floor":1.0,"key":"DuplicationPotion"},{"floor":5,"key":"AttackPotion"},{"floor":16,"key":"champ:CounterPotion"},{"floor":18,"key":"sneckomod:MuddlingPotion"},{"floor":22,"key":"DuplicationPotion"},{"floor":23,"key":"conspire:TimeTravelPotion"},{"floor":30,"key":"DistilledChaos"},{"floor":35,"key":"champ:CounterPotion"},{"floor":36,"key":"LiquidMemories"}],"is_trial":false,"path_per_floor":["M","T","M","?","M","R","E","R","T","E","M","R","M","?","R","B",null,"M","M","?","?","?","E","$","E","T","R","E","M","M","M","R","B",null,"M","M","?","?","?","M","E","R","T","$","E"],"character_chosen":"THE_SERVANT","items_purchased":["TimeTheft","Bronze Scales","Orrery"],"campfire_rested":2,"item_purchase_floors":[24,44,44],"current_hp_per_floor":[64,64,64,64,58,58,38,38,38,11,2,36,31,28,62,26,65,54,49,1,1,1,1,1,1,1,1,1,1,1,1,1,1,1,1,1,1,1,1,1,1,1,1,1,0,0],"gold":274,"neow_bonus":"ONE_RANDOM_RARE_CARD","is_daily":false,"chose_seed":false,"campfire_upgraded":5,"win_rate":0.0,"timestamp":1608881439,"path_taken":["M","?","M","?","M","R","E","R","T","E","?","R","M","?","R","BOSS","M","M","?","?","?","E","$","E","T","R","E","M","?","M","R","BOSS","M","M","?","?","?","M","E","R","T","?","E"],"items_purchased_type":["Card","Relic","Relic"],"build_version":"2020-12-22","purchased_purges":1,"victory":false,"max_hp_per_floor":[65,65,65,65,65,65,65,65,65,65,65,65,65,65,65,65,65,65,65,1,1,1,1,1,1,1,1,1,1,1,1,1,1,1,1,1,1,1,1,1,1,1,1,1,1,1],"card_choices":[{"not_picked":["FanOfKnives","ReturningBlade"],"picked":"TimeWarp","floor":1.0},{"not_picked":["Rewind","Spin"],"picked":"BottledTime","floor":3.0},{"not_picked":["ShatteredReality","Deadline"],"picked":"Luminosity","floor":5},{"not_picked":["Unruled","Rearm"],"picked":"Alleviate","floor":7},{"not_picked":["BestPractice","Collapse"],"picked":"LightFlow","floor":10},{"not_picked":["Foresight","Replace"],"picked":"MoonPhase","floor":11},{"not_picked":["Starlight","Replace","StarChef"],"picked":"SKIP","floor":13},{"not_picked":["PendulumOfEternity","Initiator"],"picked":"TrueSight","floor":16},{"not_picked":["Unruled","TimeWarp+1"],"picked":"SpecialFormula","floor":18},{"not_picked":["Rewind","Potential"],"picked":"Foresight+1","floor":19},{"not_picked":["TrueSight","Gouge"],"picked":"GearUp","floor":22},{"not_picked":["Alleviate","Rewind"],"picked":"Manipulate","floor":23},{"not_picked":["SurpressingFire","Ricochet+1","Foresight"],"picked":"SKIP","floor":25},{"not_picked":["Collapse","Potential"],"picked":"Deadline+1","floor":28},{"not_picked":["Replace","Starlight","Defy+1"],"picked":"SKIP","floor":29},{"not_picked":["Reset","Luminosity"],"picked":"InstantArmor","floor":30},{"not_picked":["BottledTime","Revamp"],"picked":"InstantArmor+1","floor":31},{"not_picked":["KillingDoll","FlawlessForm"],"picked":"Dilation","floor":33},{"not_picked":["Manipulate","Foresight","Spin+1"],"picked":"SKIP","floor":35},{"not_picked":["Contraction","FastForward+1"],"picked":"BottledTime+1","floor":36},{"not_picked":["Alleviate+1","ReturningBlade","BottledTime"],"picked":"SKIP","floor":40},{"not_picked":["Barrier+1","FastForward+1"],"picked":"Sunlight","floor":41},{"not_picked":["DoubleEdge","FanOfKnives"],"picked":"Replace+1","floor":44},{"not_picked":["PendulumOfEternity","Ricochet"],"picked":"TimeTheft+1","floor":44},{"not_picked":["Alleviate+1","Starlight+1"],"picked":"FlawlessForm","floor":44},{"not_picked":["Starlight","Potential"],"picked":"TimeTheft+1","floor":44}],"player_experience":539472,"relics_obtained":[{"floor":2.0,"key":"Ice Cream"},{"floor":7,"key":"hubris:BundleOfHerbs"},{"floor":10,"key":"Regal Pillow"},{"floor":17,"key":"Oddly Smooth Stone"},{"floor":17,"key":"hubris:DuctTape"},{"floor":17,"key":"hubris:AstralHammer"},{"floor":22,"key":"Nunchaku"},{"floor":23,"key":"hubris:GlazedTorus"},{"floor":25,"key":"conspire:Boomerang"},{"floor":26,"key":"Art of War"},{"floor":28,"key":"Eternal Feather"},{"floor":41,"key":"Gremlin Horn"},{"floor":43,"key":"Darkstone Periapt"}],"event_choices":[{"damage_healed":0,"gold_gain":0,"player_choice":"2 cards matched","damage_taken":0,"max_hp_gain":0,"max_hp_loss":0,"event_name":"Match and Keep!","floor":4,"gold_loss":0,"cards_obtained":["expansioncontent:YouAreMine","KidneyShot"]},{"damage_healed":0,"gold_gain":0,"player_choice":"Relic ","damage_taken":3,"max_hp_gain":0,"max_hp_loss":0,"event_name":"betterThird:BetterScrap","floor":14,"gold_loss":0,"cards_obtained":["hubris:Prefetch"]},{"damage_healed":0,"gold_gain":0,"player_choice":"Became a Ghost","damage_taken":0,"max_hp_gain":0,"max_hp_loss":0,"event_name":"Ghosts","floor":21,"gold_loss":0,"cards_obtained":["Ghostly","Ghostly","Ghostly","Ghostly","Ghostly"]},{"cards_removed":["TrueSight"],"damage_healed":0,"gold_gain":0,"player_choice":"Removed Power","damage_taken":0,"max_hp_gain":0,"max_hp_loss":0,"event_name":"Falling","floor":37,"gold_loss":0},{"damage_healed":0,"gold_gain":0,"player_choice":"Leave","damage_taken":0,"max_hp_gain":0,"max_hp_loss":0,"event_name":"conspire:Investor","floor":38,"gold_loss":0},{"damage_healed":0,"gold_gain":0,"player_choice":"Ignored","damage_taken":0,"max_hp_gain":0,"max_hp_loss":0,"event_name":"Tomb of Lord Red Mask","floor":39,"gold_loss":0}],"is_beta":false,"boss_relics":[{"not_picked":["Coffee Dripper","hubris:HollowSoul"],"picked":"Calling Bell"},{"not_picked":["aspiration:PoetsPen_weak","hubris:GrandSneckoEye"],"picked":"MysterySword"}],"items_purged_floors":[24],"is_endless":false,"potions_floor_spawned":[1,5,16,18,22,23,29,30,33,35,36],"killed_by":"Nemesis","ascension_level":1}}