{"host":"7bu9q13m6bmpbxjk","time":1608936640,"event":{"mods":["BaseMod","Colored Powertips","Highlight Path","Minty Spire (QoL Compilation)","Random Character Button","Relic Stats","StSLib"],"gold_per_floor":[111,127,127,46,58,58,71,71,123,149,224,189,96,114,114,114,114],"floor_reached":16,"playtime":683,"items_purged":[],"score":150,"play_id":"6ff220d3-8b32-4eae-9706-247e03b1d737","local_time":"20201225235040","is_ascension_mode":false,"campfire_choices":[{"floor":6,"key":"REST"},{"data":"Armaments","floor":15,"key":"SMITH"}],"circlet_count":0,"master_deck":["Strike_R","Strike_R","Strike_R","Strike_R","Strike_R","Defend_R","Defend_R","Defend_R","Defend_R","Bash","Cleave","Armaments","Spot Weakness","Entrench","Thunderclap","Spot Weakness","Armaments+1","Power Through"],"relics":["Burning Blood","Toy Ornithopter","Pen Nib","Smiling Mask"],"acts_visited":["Exordium"],"potions_floor_usage":[],"damage_taken":[{"damage":9,"enemies":"2 Louse","floor":1,"turns":3},{"damage":7,"enemies":"Small Slimes","floor":2,"turns":3},{"damage":13,"enemies":"Jaw Worm","floor":5,"turns":3},{"damage":5,"enemies":"Looter","floor":7,"turns":3},{"damage":39,"enemies":"Gremlin Nob","floor":10,"turns":5},{"damage":7,"enemies":"Large Slime","floor":14,"turns":6}],"seed_played":"-4755459381937570217","potions_obtained":[{"floor":2,"key":"Regen Potion"},{"floor":5,"key":"Fire Potion"},{"floor":7,"key":"Energy Potion"}],"is_trial":false,"path_per_floor":["M","M","?","$","M","R","M","?","T","E","?","?","$","M","R","B"],"character_chosen":"IRONCLAD","items_purchased":["Spot Weakness","Spot Weakness","Armaments"],"campfire_rested":1,"item_purchase_floors":[4,13,13],"current_hp_per_floor":[77,76,64,64,57,80,80,85,85,52,41,62,62,61,61,0,0],"gold":114,"neow_bonus":"THREE_CARDS","is_daily":false,"chose_seed":false,"campfire_upgraded":1,"win_rate":0.0,"timestamp":1608936640,"path_taken":["M","M","?","$","M","R","M","?","T","E","?","?","$","M","R","BOSS"],"items_purchased_type":["Card","Card","Card"],"build_version":"2020-12-22","purchased_purges":0,"victory":false,"max_hp_per_floor":[80,80,80,80,80,80,80,85,85,85,85,85,85,85,85,85,85],"relic_stats":{"counters":[7,38],"Pen Nib":[3],"Smiling Mask":0,"obtain_stats":[{"Pen Nib":9,"Smiling Mask":10,"Burning Blood":0,"Toy Ornithopter":3},{"Pen Nib":4,"Smiling Mask":5,"Burning Blood":0,"Toy Ornithopter":2},{"Pen Nib":12,"Smiling Mask":17,"Burning Blood":0,"Toy Ornithopter":6}],"Burning Blood":35,"Toy Ornithopter":0},"card_choices":[{"not_picked":["Flex","Reckless Charge"],"picked":"Cleave","floor":0},{"not_picked":["Flex","Pommel Strike","Iron Wave"],"picked":"SKIP","floor":1},{"not_picked":["Wild Strike","Second Wind"],"picked":"Armaments","floor":2},{"not_picked":["Reckless Charge","Infernal Blade","Shrug It Off"],"picked":"SKIP","floor":5},{"not_picked":["Sword Boomerang","Bloodletting"],"picked":"Entrench","floor":7},{"not_picked":["Iron Wave","Reckless Charge"],"picked":"Thunderclap","floor":10},{"not_picked":["Rupture","Fiend Fire"],"picked":"Power Through","floor":14}],"player_experience":517855,"relics_obtained":[{"floor":9,"key":"Pen Nib"},{"floor":10,"key":"Smiling Mask"}],"event_choices":[{"damage_healed":0,"gold_gain":0,"player_choice":"Success","damage_taken":12,"relics_obtained":["Toy Ornithopter"],"max_hp_gain":0,"max_hp_loss":0,"event_name":"Scrap Ooze","floor":3,"gold_loss":0},{"damage_healed":0,"gold_gain":0,"player_choice":"Donut","damage_taken":0,"max_hp_gain":5,"max_hp_loss":0,"event_name":"Big Fish","floor":8,"gold_loss":0},{"damage_healed":0,"gold_gain":75,"player_choice":"Gather Gold","damage_taken":11,"max_hp_gain":0,"max_hp_loss":0,"event_name":"World of Goop","floor":11,"gold_loss":0},{"damage_healed":21,"gold_gain":0,"player_choice":"Healed","damage_taken":0,"max_hp_gain":0,"max_hp_loss":0,"event_name":"The Cleric","floor":12,"gold_loss":35}],"is_beta":false,"boss_relics":[],"items_purged_floors":[],"is_endless":false,"potions_floor_spawned":[2,5,7],"killed_by":"The Guardian","ascension_level":0}}