{"host":"w01zow3jg16g8jdh","time":1608911143,"event":{"mods":["AchievementEnabler","BaseMod","DeckTracker","Keyboard Shortcuts","Minty Spire (QoL Compilation)","Permanent Neow","StSLib","SuperFastMode"],"gold_per_floor":[111,111,124,140,156,156,200,216,239,255,255,255,279,293,293,387,387,407,432,432,457,457,457,478,503,503,141,4,4,20,20,20,114,114,127,177,202,216,58,58,58,97,142,475,507,507,507,507,507,507,507,507,507,6,40,40,40],"floor_reached":56,"playtime":1750,"items_purged":["Strike_G","Defend_G","Strike_G"],"score":2143,"play_id":"40fa5f5e-986c-4c28-be57-898cc40ae24d","local_time":"20201226004543","is_ascension_mode":true,"campfire_choices":[{"data":"Predator","floor":6.0,"key":"SMITH"},{"data":"Deadly Poison","floor":11.0,"key":"SMITH"},{"data":"Catalyst","floor":15.0,"key":"SMITH"},{"floor":23.0,"key":"REST"},{"floor":29.0,"key":"REST"},{"data":"Burst","floor":32.0,"key":"SMITH"},{"data":"Tactician","floor":40.0,"key":"SMITH"},{"floor":49.0,"key":"RECALL"},{"data":"Calculated Gamble","floor":53.0,"key":"SMITH"}],"circlet_count":0,"master_deck":["AscendersBane","Strike_G","Strike_G","Defend_G","Defend_G","Defend_G","Survivor","Neutralize","Tools of the Trade","Quick Slash","Endless Agony","Predator+1","Tactician+1","Dagger Throw","Deadly Poison+1","Backstab","Catalyst+1","Crippling Poison","Burst+1","Backflip","Calculated Gamble+1","Blur","Adrenaline","Ghostly","Ghostly","Ghostly","Acrobatics","Catalyst+1"],"relics":["Ring of the Snake","Anchor","Ancient Tea Set","HoveringKite","Mercury Hourglass","HornCleat","Pear","Runic Pyramid","DollysMirror","Juzu Bracelet","Art of War","Darkstone Periapt","Membership Card","Ice Cream","Bag of Preparation","Gremlin Horn"],"acts_visited":["Exordium","TheCity","TheBeyond","TheEnding"],"potions_floor_usage":[56,56],"damage_taken":[{"damage":2.0,"enemies":"Jaw Worm","floor":1.0,"turns":5.0},{"damage":1.0,"enemies":"Cultist","floor":3.0,"turns":4.0},{"damage":0.0,"enemies":"2 Louse","floor":4.0,"turns":3.0},{"damage":9.0,"enemies":"Blue Slaver","floor":5.0,"turns":4.0},{"damage":1.0,"enemies":"Gremlin Nob","floor":7.0,"turns":4.0},{"damage":0.0,"enemies":"Gremlin Gang","floor":8.0,"turns":3.0},{"damage":0.0,"enemies":"2 Fungi Beasts","floor":10.0,"turns":2.0},{"damage":0.0,"enemies":"Looter","floor":13.0,"turns":1.0},{"damage":0.0,"enemies":"Blue Slaver","floor":14.0,"turns":2.0},{"damage":23.0,"enemies":"The Guardian","floor":16.0,"turns":8.0},{"damage":10.0,"enemies":"3 Byrds","floor":18.0,"turns":5.0},{"damage":18.0,"enemies":"Shell Parasite","floor":19.0,"turns":4.0},{"damage":17.0,"enemies":"Chosen and Byrds","floor":21.0,"turns":7.0},{"damage":6.0,"enemies":"Centurion and Healer","floor":24.0,"turns":6.0},{"damage":15.0,"enemies":"Cultist and Chosen","floor":25.0,"turns":6.0},{"damage":8.0,"enemies":"Shelled Parasite and Fungi","floor":30.0,"turns":3.0},{"damage":0.0,"enemies":"Collector","floor":33.0,"turns":10.0},{"damage":1.0,"enemies":"Orb Walker","floor":35.0,"turns":3.0},{"damage":0.0,"enemies":"3 Shapes","floor":37.0,"turns":4.0},{"damage":0.0,"enemies":"Transient","floor":38.0,"turns":6.0},{"damage":0.0,"enemies":"Reptomancer","floor":42.0,"turns":4.0},{"damage":0.0,"enemies":"Giant Head","floor":45.0,"turns":4.0},{"damage":17.0,"enemies":"Awakened One","floor":50.0,"turns":10.0},{"damage":0.0,"enemies":"Time Eater","floor":51.0,"turns":4.0},{"damage":2.0,"enemies":"Shield and Spear","floor":55.0,"turns":5.0},{"damage":29,"enemies":"The Heart","floor":56,"turns":5}],"seed_played":"-8588361437106775243","potions_obtained":[{"floor":3.0,"key":"PowerPotion"},{"floor":4.0,"key":"Energy Potion"},{"floor":5.0,"key":"CunningPotion"},{"floor":8.0,"key":"BlessingOfTheForge"},{"floor":16.0,"key":"FearPotion"},{"floor":18.0,"key":"Block Potion"},{"floor":30.0,"key":"EssenceOfSteel"},{"floor":35.0,"key":"SkillPotion"},{"floor":42.0,"key":"SteroidPotion"},{"floor":45.0,"key":"Poison Potion"},{"floor":55.0,"key":"Weak Potion"}],"is_trial":false,"path_per_floor":["M","?","M","M","M","R","E","M","T","M","R","?","M","M","R","B",null,"M","M","?","M","T","R","M","M","T","$","$","R","M","?","R","B",null,"M","?","M","M","$","R","?","E","T","?","E","T","?","?","R","B","B",null,"R","$","E","B"],"character_chosen":"THE_SILENT","items_purchased":["Pear","Blur","DollysMirror","Membership Card","Ice Cream","Bag of Preparation","SkillPotion"],"campfire_rested":2,"item_purchase_floors":[27,28,39,54,54,54,54],"current_hp_per_floor":[57,57,56,56,47,47,46,46,46,46,46,46,46,46,46,23,51,41,23,23,6,6,24,18,3,3,13,13,34,26,26,26,26,33,32,32,32,32,32,32,32,32,32,32,32,32,27,27,27,10,10,29,29,29,27,0,0],"gold":40,"neow_bonus":"ONE_RANDOM_RARE_CARD","is_daily":false,"chose_seed":false,"campfire_upgraded":6,"win_rate":0.0,"timestamp":1608911143,"path_taken":["M","?","M","M","M","R","E","M","T","M","R","?","M","M","R","BOSS","M","?","?","M","?","R","M","M","T","$","?","R","M","?","R","BOSS","M","?","?","M","$","R","?","E","T","?","E","?","?","?","R","BOSS","BOSS","R","$","E","BOSS"],"items_purchased_type":["Relic","Card","Relic","Relic","Relic","Relic","Potion"],"build_version":"2020-12-22","purchased_purges":3,"victory":false,"max_hp_per_floor":[66,60,60,60,60,60,60,60,60,60,60,60,60,60,60,60,60,60,60,60,60,60,60,60,60,60,70,70,70,70,35,35,35,35,35,35,35,35,35,35,35,35,35,35,35,35,35,35,35,35,35,35,35,35,35,35,35],"card_choices":[{"not_picked":["Flying Knee","Concentrate"],"picked":"Quick Slash","floor":1.0},{"not_picked":["Bane","Eviscerate"],"picked":"Endless Agony","floor":3.0},{"not_picked":["Cloak And Dagger","PiercingWail"],"picked":"Predator","floor":4.0},{"not_picked":["Backflip","Prepared"],"picked":"Tactician","floor":5.0},{"not_picked":["Noxious Fumes","Backflip"],"picked":"Dagger Throw","floor":7.0},{"not_picked":["Footwork","Flechettes"],"picked":"Deadly Poison","floor":8.0},{"not_picked":["Slice","Cloak And Dagger","Outmaneuver"],"picked":"SKIP","floor":10.0},{"not_picked":["Die Die Die","Concentrate"],"picked":"Catalyst","floor":13.0},{"not_picked":["Dagger Throw","Flechettes"],"picked":"Crippling Poison","floor":14.0},{"not_picked":["Malaise","After Image"],"picked":"Burst","floor":16.0},{"not_picked":["Outmaneuver","Bane+1","Accuracy"],"picked":"SKIP","floor":18.0},{"not_picked":["Deadly Poison","Masterful Stab","Cloak And Dagger"],"picked":"SKIP","floor":19.0},{"not_picked":["Deadly Poison","Expertise","Quick Slash"],"picked":"SKIP","floor":21.0},{"not_picked":["Underhanded Strike+1","Dagger Spray"],"picked":"Backflip","floor":24.0},{"not_picked":["Expertise","Finisher"],"picked":"Calculated Gamble","floor":25.0},{"not_picked":["Bouncing Flask","Dodge and Roll+1"],"picked":"Adrenaline","floor":30.0},{"not_picked":["Reflex","Setup+1"],"picked":"Acrobatics","floor":35.0},{"not_picked":["Prepared","Outmaneuver","Bane"],"picked":"SKIP","floor":37.0},{"not_picked":["Prepared","Heel Hook","Deadly Poison+1"],"picked":"SKIP","floor":38.0},{"not_picked":["Finisher","Tools of the Trade","Underhanded Strike"],"picked":"SKIP","floor":42.0},{"not_picked":["Predator","Slice+1","Riddle With Holes"],"picked":"SKIP","floor":45.0},{"not_picked":["Envenom","Dash","Backflip"],"picked":"SKIP","floor":55.0}],"player_experience":289196,"relics_obtained":[{"floor":7.0,"key":"Anchor"},{"floor":9.0,"key":"Ancient Tea Set"},{"floor":22.0,"key":"Mercury Hourglass"},{"floor":26.0,"key":"HornCleat"},{"floor":42.0,"key":"Juzu Bracelet"},{"floor":45.0,"key":"Art of War"},{"floor":46.0,"key":"Darkstone Periapt"},{"floor":55.0,"key":"Gremlin Horn"}],"event_choices":[{"damage_healed":0.0,"max_hp_gain":0.0,"max_hp_loss":6.0,"gold_gain":0.0,"event_name":"Golden Idol","player_choice":"Lose Max HP","floor":2.0,"gold_loss":0.0,"damage_taken":0.0,"relics_obtained":["Golden Idol"]},{"damage_healed":0.0,"max_hp_gain":0.0,"max_hp_loss":0.0,"gold_gain":0.0,"cards_transformed":["Strike_G"],"event_name":"Transmorgrifier","player_choice":"Transformed","floor":12.0,"gold_loss":0.0,"damage_taken":0.0,"cards_obtained":["Backstab"]},{"cards_removed":["Defend_G"],"damage_healed":0.0,"max_hp_gain":0.0,"max_hp_loss":0.0,"gold_gain":0.0,"event_name":"Back to Basics","player_choice":"Elegance","floor":20.0,"gold_loss":0.0,"damage_taken":0.0},{"damage_healed":0.0,"max_hp_gain":0.0,"max_hp_loss":35.0,"gold_gain":0.0,"event_name":"Ghosts","player_choice":"Became a Ghost","floor":31.0,"gold_loss":0.0,"damage_taken":0.0,"cards_obtained":["Ghostly","Ghostly","Ghostly"]},{"damage_healed":0.0,"max_hp_gain":0.0,"max_hp_loss":0.0,"gold_gain":50.0,"event_name":"Golden Shrine","player_choice":"Pray","floor":36.0,"gold_loss":0.0,"damage_taken":0.0},{"damage_healed":0.0,"max_hp_gain":0.0,"max_hp_loss":0.0,"gold_gain":0.0,"event_name":"SensoryStone","player_choice":"Memory 1","floor":41.0,"gold_loss":0.0,"damage_taken":0.0},{"damage_healed":0.0,"max_hp_gain":0.0,"max_hp_loss":0.0,"gold_gain":333.0,"event_name":"The Moai Head","player_choice":"Gave Idol","floor":44.0,"relics_lost":["Golden Idol"],"gold_loss":0.0,"damage_taken":0.0},{"damage_healed":0.0,"max_hp_gain":0.0,"max_hp_loss":0.0,"gold_gain":0.0,"event_name":"Wheel of Change","player_choice":"Damaged","floor":47.0,"gold_loss":0.0,"damage_taken":5.0},{"damage_healed":0.0,"max_hp_gain":0.0,"max_hp_loss":0.0,"gold_gain":0.0,"event_name":"Match and Keep!","player_choice":"0 cards matched","floor":48.0,"gold_loss":0.0,"damage_taken":0.0,"cards_obtained":[]}],"is_beta":false,"boss_relics":[{"not_picked":["Astrolabe","SlaversCollar"],"picked":"HoveringKite"},{"not_picked":["Ring of the Serpent","Empty Cage"],"picked":"Runic Pyramid"}],"items_purged_floors":[27,28,54],"is_endless":false,"potions_floor_spawned":[3,4,5,8,16,18,19,30,35,42,45,55],"killed_by":"The Heart","ascension_level":20}}