{"host":"sabve5zmqufxyc5o","time":1608912388,"event":{"mods":["2.2 Compatiblity","AchievementEnabler","Act Like it!","Arknights The Spire","BaseMod","Block Reminder","Colored Map","Colored Powertips","DeckTracker","KOR Keyword Fix","Keyboard Shortcuts","Minty Spire (QoL Compilation)","Quick Restart","Rare Cards Sparkle","Relic Stats","StSLib","SuperFastMode"],"gold_per_floor":[115,128,60,60,75,111,36,36,88,88,43,43,77,101,101,231,294,314,214,237,252,95,95,111,146,146,180,280,280,303,327,327,456,456,480,480,505,74,74,74,108,108,132,176,138,138,138,179,179,179],"floor_reached":51,"playtime":1375,"items_purged":["Defend_P","ConjureBlade","WheelKick+1"],"score":986,"play_id":"ed785cf6-aba6-4cee-a3a1-9acc5598fe28","local_time":"20201226010628","is_ascension_mode":true,"campfire_choices":[{"data":"Adaptation","floor":8.0,"key":"SMITH"},{"floor":12.0,"key":"REST"},{"data":"MentalFortress","floor":15.0,"key":"SMITH"},{"floor":23.0,"key":"REST"},{"floor":29.0,"key":"REST"},{"floor":32.0,"key":"REST"},{"floor":40.0,"key":"REST"},{"floor":42.0,"key":"REST"},{"floor":46.0,"key":"REST"},{"data":"Scrawl","floor":47.0,"key":"SMITH"},{"floor":49.0,"key":"REST"}],"circlet_count":0,"master_deck":["Strike_P+1","Strike_P+1","Strike_P+1","Eruption+1","Vigilance+1","Adaptation+1","MentalFortress+1","EmptyFist+1","LessonLearned+1","Scrawl+1","JustLucky+1","FearNoEvil+1","Scrawl+1","Adaptation+1","MentalFortress+1","TalkToTheHand+1"],"relics":["PureWater","Golden Idol","ats:Originium","Strawberry","Bag of Preparation","ats:Originium","Tiny Chest","Tiny House","PreservedInsect","ats:Originium","WingedGreaves","Matryoshka","ats:Originium","Regal Pillow","Empty Cage","Nunchaku","Molten Egg 2","Happy Flower","Whetstone","Art of War","Smiling Mask","Centennial Puzzle","Bag of Marbles","Unceasing Top"],"acts_visited":["Exordium","TheCity","TheBeyond"],"potions_floor_usage":[50],"damage_taken":[{"damage":9.0,"enemies":"Small Slimes","floor":1.0,"turns":4.0},{"damage":0.0,"enemies":"2 Louse","floor":2.0,"turns":3.0},{"damage":3.0,"enemies":"Cultist","floor":5.0,"turns":4.0},{"damage":20.0,"enemies":"Lagavulin","floor":6.0,"turns":5.0},{"damage":15.0,"enemies":"3 Sentries","floor":13.0,"turns":6.0},{"damage":9.0,"enemies":"2 Fungi Beasts","floor":14.0,"turns":3.0},{"damage":25.0,"enemies":"Hexaghost","floor":16.0,"turns":9.0},{"damage":37.0,"enemies":"2 Thieves","floor":18.0,"turns":4.0},{"damage":0.0,"enemies":"Spheric Guardian","floor":20.0,"turns":2.0},{"damage":2.0,"enemies":"Snecko","floor":21.0,"turns":4.0},{"damage":8.0,"enemies":"Snake Plant","floor":24.0,"turns":3.0},{"damage":24.0,"enemies":"Gremlin Leader","floor":25.0,"turns":4.0},{"damage":7.0,"enemies":"Slavers","floor":27.0,"turns":4.0},{"damage":1.0,"enemies":"3 Cultists","floor":30.0,"turns":5.0},{"damage":10.0,"enemies":"Chosen and Byrds","floor":31.0,"turns":6.0},{"damage":64.0,"enemies":"Champ","floor":33.0,"turns":11.0},{"damage":42.0,"enemies":"3 Shapes","floor":35.0,"turns":9.0},{"damage":0.0,"enemies":"3 Darklings","floor":37.0,"turns":3.0},{"damage":22.0,"enemies":"Giant Head","floor":41.0,"turns":7.0},{"damage":25.0,"enemies":"Reptomancer","floor":44.0,"turns":3.0},{"damage":4.0,"enemies":"Nemesis","floor":48.0,"turns":5.0},{"damage":15,"enemies":"Donu and Deca","floor":50,"turns":9}],"seed_played":"-3393117443455793370","potions_obtained":[{"floor":1.0,"key":"BlessingOfTheForge"},{"floor":13.0,"key":"BottledMiracle"},{"floor":17.0,"key":"SmokeBomb"},{"floor":21.0,"key":"Strength Potion"},{"floor":24.0,"key":"FearPotion"},{"floor":31.0,"key":"BlessingOfTheForge"},{"floor":33.0,"key":"LiquidMemories"},{"floor":41.0,"key":"DuplicationPotion"},{"floor":44.0,"key":"Energy Potion"}],"is_trial":false,"path_per_floor":["M","M","$","?","M","E","$","R","T","?","$","R","E","M","R","B",null,"M","$","M","M","$","R","M","E","T","E","?","R","M","M","R","B",null,"M","T","M","$","?","R","E","R","T","E","$","R","R","E","R","B",null],"character_chosen":"WATCHER","items_purchased":["Adaptation","EmptyFist","PreservedInsect","Happy Flower","Whetstone","MentalFortress"],"campfire_rested":8,"item_purchase_floors":[3,11,22,38,38,45],"current_hp_per_floor":[63,63,63,63,60,47,47,47,47,47,47,69,54,45,45,20,66,29,29,29,27,27,50,42,18,18,11,11,49,48,38,76,12,62,20,20,20,20,20,58,36,74,74,49,49,79,79,75,79,64],"gold":179,"neow_bonus":"REMOVE_CARD","is_daily":false,"chose_seed":false,"campfire_upgraded":3,"win_rate":0.0,"timestamp":1608912388,"path_taken":["M","M","$","?","M","E","$","R","T","?","$","R","E","M","R","BOSS","M","$","M","?","$","R","M","E","T","E","?","R","?","M","R","BOSS","M","?","M","$","?","R","E","R","T","E","$","R","R","E","R","BOSS"],"items_purchased_type":["Card","Card","Relic","Relic","Relic","Card"],"build_version":"2020-12-22","purchased_purges":3,"victory":true,"max_hp_per_floor":[72,72,72,67,67,74,74,74,74,74,74,74,74,74,74,74,79,79,79,79,79,79,79,79,79,79,79,79,79,79,79,79,79,79,79,79,79,79,79,79,79,79,79,79,79,79,79,79,79,79],"relic_stats":{"Regal Pillow":67,"Happy Flower":[8],"counters":[22,113],"Golden Idol":186,"PreservedInsect":314,"Bag of Preparation":[36],"Whetstone":["Strike_P"],"Smiling Mask":0,"Nunchaku":[13],"Centennial Puzzle":[9],"Tiny Chest":1,"Art of War":[0],"obtain_stats":[{"Regal Pillow":27,"Tiny House":17,"Happy Flower":38,"Golden Idol":4,"PreservedInsect":22,"Bag of Preparation":9,"Whetstone":38,"Empty Cage":34,"Smiling Mask":43,"Nunchaku":36,"Centennial Puzzle":43,"Matryoshka":26,"ats:Originium":6,"Strawberry":6,"Tiny Chest":13,"Molten Egg 2":36,"WingedGreaves":25,"Art of War":41,"Bag of Marbles":44,"PureWater":0,"Unceasing Top":48},{"Regal Pillow":13,"Tiny House":7,"Happy Flower":18,"Golden Idol":2,"PreservedInsect":10,"Bag of Preparation":4,"Whetstone":18,"Empty Cage":16,"Smiling Mask":19,"Nunchaku":17,"Centennial Puzzle":19,"Matryoshka":12,"ats:Originium":4,"Strawberry":4,"Tiny Chest":5,"Molten Egg 2":17,"WingedGreaves":12,"Art of War":19,"Bag of Marbles":20,"PureWater":0,"Unceasing Top":21},{"Regal Pillow":55,"Tiny House":34,"Happy Flower":89,"Golden Idol":7,"PreservedInsect":44,"Bag of Preparation":16,"Whetstone":89,"Empty Cage":77,"Smiling Mask":96,"Nunchaku":86,"Centennial Puzzle":96,"Matryoshka":51,"ats:Originium":16,"Strawberry":16,"Tiny Chest":22,"Molten Egg 2":86,"WingedGreaves":51,"Art of War":96,"Bag of Marbles":99,"PureWater":0,"Unceasing Top":104}],"Unceasing Top":[0]},"card_choices":[{"not_picked":["WreathOfFlame","PathToVictory"],"picked":"WheelKick","floor":1.0},{"not_picked":["SashWhip","ClearTheMind","PathToVictory"],"picked":"SKIP","floor":2.0},{"not_picked":["ReachHeaven","ClearTheMind","EmptyBody"],"picked":"SKIP","floor":5.0},{"not_picked":["Sanctity","Swivel"],"picked":"MentalFortress","floor":6.0},{"not_picked":["ThirdEye","SandsOfTime"],"picked":"LessonLearned","floor":13.0},{"not_picked":["WaveOfTheHand","SignatureMove","ThirdEye"],"picked":"SKIP","floor":14.0},{"not_picked":["Devotion","MasterReality"],"picked":"Scrawl","floor":16.0},{"not_picked":["ForeignInfluence","Crescendo"],"picked":"JustLucky","floor":18.0},{"not_picked":["JustLucky","EmptyFist","Protect"],"picked":"SKIP","floor":20.0},{"not_picked":["FollowUp","Protect","Omniscience"],"picked":"SKIP","floor":21.0},{"not_picked":["Worship","WheelKick","Wallop"],"picked":"SKIP","floor":24.0},{"not_picked":["Fasting2","Halt"],"picked":"FearNoEvil","floor":25.0},{"not_picked":["Conclude+1","BattleHymn+1","EmptyBody"],"picked":"SKIP","floor":27.0},{"not_picked":["EmptyBody","ClearTheMind","Halt"],"picked":"SKIP","floor":30.0},{"not_picked":["BattleHymn","Fasting2+1","Halt+1"],"picked":"SKIP","floor":31.0},{"not_picked":["Establishment","Blasphemy"],"picked":"Scrawl","floor":33.0},{"not_picked":["CutThroughFate+1","EmptyMind","Prostrate"],"picked":"SKIP","floor":35.0},{"not_picked":["FollowUp+1","Pray","Study"],"picked":"SKIP","floor":37.0},{"not_picked":["CarveReality+1","SandsOfTime+1","Meditate+1"],"picked":"SKIP","floor":41.0},{"not_picked":["SashWhip+1","CutThroughFate+1","Swivel+1"],"picked":"SKIP","floor":44.0},{"not_picked":["ForeignInfluence","InnerPeace"],"picked":"TalkToTheHand+1","floor":48.0}],"player_experience":816467,"relics_obtained":[{"floor":6.0,"key":"ats:Originium"},{"floor":6.0,"key":"Strawberry"},{"floor":9.0,"key":"Bag of Preparation"},{"floor":13.0,"key":"ats:Originium"},{"floor":13.0,"key":"Tiny Chest"},{"floor":25.0,"key":"ats:Originium"},{"floor":25.0,"key":"WingedGreaves"},{"floor":26.0,"key":"Matryoshka"},{"floor":27.0,"key":"ats:Originium"},{"floor":27.0,"key":"Regal Pillow"},{"floor":36.0,"key":"Nunchaku"},{"floor":36.0,"key":"Molten Egg 2"},{"floor":41.0,"key":"Art of War"},{"floor":43.0,"key":"Smiling Mask"},{"floor":43.0,"key":"Centennial Puzzle"},{"floor":44.0,"key":"Bag of Marbles"},{"floor":48.0,"key":"Unceasing Top"}],"event_choices":[{"damage_healed":0.0,"max_hp_gain":0.0,"max_hp_loss":5.0,"gold_gain":0.0,"event_name":"Golden Idol","player_choice":"Lose Max HP","floor":4.0,"gold_loss":0.0,"damage_taken":0.0,"relics_obtained":["Golden Idol"]},{"damage_healed":0.0,"max_hp_gain":0.0,"max_hp_loss":0.0,"gold_gain":0.0,"cards_transformed":["Defend_P"],"event_name":"Transmorgrifier","player_choice":"Transformed","floor":10.0,"gold_loss":0.0,"damage_taken":0.0,"cards_obtained":["ConjureBlade"]},{"damage_healed":0.0,"max_hp_gain":0.0,"max_hp_loss":0.0,"gold_gain":100.0,"event_name":"Golden Shrine","player_choice":"Pray","floor":28.0,"gold_loss":0.0,"damage_taken":0.0},{"damage_healed":0.0,"max_hp_gain":0.0,"max_hp_loss":0.0,"gold_gain":0.0,"event_name":"Duplicator","player_choice":"Copied","floor":39.0,"gold_loss":0.0,"damage_taken":0.0,"cards_obtained":["Adaptation"]}],"is_beta":false,"boss_relics":[{"not_picked":["Velvet Choker","Astrolabe"],"picked":"Tiny House"},{"not_picked":["Calling Bell","SlaversCollar"],"picked":"Empty Cage"}],"items_purged_floors":[7,19,38],"is_endless":false,"potions_floor_spawned":[1,13,21,24,31,33,41,44],"ascension_level":5}}