{"host":"gn186bjtwta2igqx","time":1608903007,"event":{"mods":["BaseMod","BetterRewards","Colored Map","Downfall","Infinite Spire","Minty Spire (QoL Compilation)","StSLib"],"gold_per_floor":[99,113,113,4,66,66,66,66,84,84,96,107,107,107,124,124,124,124],"floor_reached":16,"playtime":814,"items_purged":[],"score":90,"play_id":"4015c79c-618a-431e-9366-180c2d4a1a7d","local_time":"20201225143007","is_ascension_mode":false,"campfire_choices":[{"data":"Slimebound:Strike_Slimebound","floor":1,"key":"SMITH"},{"data":"Slimebound:Nibble","floor":6,"key":"SMITH"},{"floor":10,"key":"RECALL"}],"circlet_count":0,"master_deck":["Slimebound:Strike_Slimebound+1","Slimebound:Strike_Slimebound","Slimebound:Strike_Slimebound","Slimebound:Tackle+1","Slimebound:Defend_Slimebound","Slimebound:Defend_Slimebound","Slimebound:Defend_Slimebound","Slimebound:Defend_Slimebound+1","Slimebound:Split+1","Slimebound:CorrosiveSpit+1","Slimebound:LeechEnergy","Slimebound:Nibble+1","Slimebound:ForwardTackle","Slimebound:SplitAcid+1","Slimebound:FinishingTackle","Slimebound:Grow","Slimebound:Repurpose+1","Slimebound:ViciousTackle","Regret","Slimebound:LevelUp"],"relics":["Slimebound:AbsorbEndCombat","Vajra","Gremlin Horn"],"acts_visited":["Exordium"],"potions_floor_usage":[12],"damage_taken":[{"damage":11,"enemies":"Cultist","floor":2,"turns":3},{"damage":14,"enemies":"downfall:FleeingMerchant","floor":4,"turns":4},{"damage":21,"enemies":"Gremlin Nob","floor":5,"turns":3},{"damage":19,"enemies":"Jaw Worm","floor":9,"turns":2},{"damage":12,"enemies":"Small Slimes","floor":11,"turns":2},{"damage":15,"enemies":"3 Louse","floor":12,"turns":2},{"damage":16,"enemies":"Gremlin Gang","floor":15,"turns":3},{"damage":49,"enemies":"downfall:Silent","floor":16,"turns":3}],"seed_played":"-6343069371330689340","potions_obtained":[{"floor":2,"key":"GamblersBrew"},{"floor":11,"key":"EntropicBrew"},{"floor":12,"key":"hexamod:EctoCoolerPotion"},{"floor":15,"key":"FearPotion"}],"is_trial":false,"path_per_floor":["R","M","?","$","?","R","T","?","M","R","M","M","?","T","M","B"],"character_chosen":"SLIMEBOUND","items_purchased":["Slimebound:ForwardTackle","Slimebound:SplitAcid"],"campfire_rested":0,"item_purchase_floors":[4,4],"current_hp_per_floor":[60,59,59,57,52,52,52,52,45,45,45,46,46,46,44,0,0,0],"gold":124,"neow_bonus":"UPGRADE_CARD","is_daily":false,"chose_seed":false,"campfire_upgraded":2,"win_rate":0.0,"timestamp":1608903007,"path_taken":["R","M","?","?","?","R","T","?","?","R","M","M","?","?","M","BOSS"],"items_purchased_type":["Card","Card"],"build_version":"2020-12-22","purchased_purges":0,"victory":false,"max_hp_per_floor":[60,60,60,60,60,60,60,60,60,60,60,60,60,60,60,60,60,60],"card_choices":[{"not_picked":["Slimebound:SplitBruiser","Slimebound:PressTheAttack"],"picked":"Slimebound:LeechEnergy","floor":2},{"not_picked":["Slimebound:GoopSpray","Slimebound:HauntingLick"],"picked":"Slimebound:Nibble","floor":4},{"not_picked":["Slimebound:SamplingLick","Slimebound:PressTheAttack"],"picked":"Slimebound:FinishingTackle","floor":5},{"not_picked":["Slimebound:SplitMire","Slimebound:SamplingLick"],"picked":"Slimebound:Grow","floor":9},{"not_picked":["Slimebound:SlimeSpikes","Slimebound:GrowthPunch"],"picked":"Slimebound:Repurpose","floor":11},{"not_picked":["Slimebound:Nibble","Slimebound:SplitMire"],"picked":"Slimebound:ViciousTackle","floor":12},{"not_picked":["Slimebound:SplitLeeching","Slimebound:SlimeTap"],"picked":"Slimebound:LevelUp","floor":15}],"player_experience":133492,"relics_obtained":[{"floor":5,"key":"Vajra"},{"floor":14,"key":"Gremlin Horn"}],"event_choices":[{"damage_healed":0,"gold_gain":0,"player_choice":"Upgraded","damage_taken":0,"max_hp_gain":0,"max_hp_loss":0,"event_name":"Upgrade Shrine","floor":8,"gold_loss":0,"cards_upgraded":["Slimebound:SplitAcid"]}],"is_beta":false,"boss_relics":[],"items_purged_floors":[],"is_endless":false,"potions_floor_spawned":[2,11,12,15],"killed_by":"downfall:Silent","ascension_level":0}}