{"host":"5fpb1gzflhq9886n","time":1608877640,"event":{"mods":["AchievementEnabler","BaseMod","Colored Map","Colored Powertips","Minty Spire (QoL Compilation)","Permanent Neow"],"gold_per_floor":[368,543,543,206,216,242,15,50,50,78,78,78,97,112,112,216,216,233,252,252,24,34,65,65,95,122,122,156,156,176,202,202,310,310,333,92,119,143,143,143,164,21,21,21,21],"floor_reached":44,"playtime":3391,"items_purged":["Doubt"],"score":614,"play_id":"66ecbb72-c452-4bed-b94c-a86603dc8b15","local_time":"20201225012720","is_ascension_mode":true,"campfire_choices":[{"floor":12,"key":"REST"},{"floor":15,"key":"REST"},{"floor":24,"key":"RECALL"},{"floor":27,"key":"REST"},{"floor":32,"key":"REST"},{"floor":40,"key":"REST"}],"circlet_count":0,"master_deck":["Strike_B+1","Strike_B+1","Strike_B+1","Defend_B+1","Defend_B+1","Defend_B+1","Defend_B+1","Zap","Dualcast","Clumsy","Rip and Tear","Sweeping Beam","Rebound","Sunder","Redo","Echo Form","Coolheaded","FTL","BootSequence","Thunder Strike","Leap","Enlightenment","Seek","White Noise","Beam Cell","Sweeping Beam+1","Biased Cognition","Melter+1","Lockon","Hello World+1","Streamline+1","BootSequence","Go for the Eyes+1"],"relics":["Cracked Core","Symbiotic Virus","Mummified Hand","Sling","Eternal Feather","Pocketwatch","Velvet Choker","Toolbox","Darkstone Periapt","Girya","PreservedInsect","Red Mask","CeramicFish","Sozu","MealTicket","DataDisk","Pantograph"],"acts_visited":["Exordium","TheCity","TheBeyond"],"potions_floor_usage":[8,18,23,25,31,31],"damage_taken":[{"damage":3,"enemies":"Jaw Worm","floor":1,"turns":4},{"damage":16,"enemies":"Small Slimes","floor":5,"turns":3},{"damage":25,"enemies":"3 Sentries","floor":6,"turns":5},{"damage":0,"enemies":"Gremlin Nob","floor":8,"turns":2},{"damage":30,"enemies":"Lagavulin","floor":10,"turns":4},{"damage":1,"enemies":"Cultist","floor":13,"turns":3},{"damage":15,"enemies":"Lots of Slimes","floor":14,"turns":3},{"damage":36,"enemies":"Hexaghost","floor":16,"turns":9},{"damage":2,"enemies":"3 Byrds","floor":18,"turns":2},{"damage":9,"enemies":"Spheric Guardian","floor":19,"turns":3},{"damage":13,"enemies":"Chosen and Byrds","floor":22,"turns":4},{"damage":4,"enemies":"Gremlin Leader","floor":23,"turns":5},{"damage":34,"enemies":"Book of Stabbing","floor":25,"turns":5},{"damage":22,"enemies":"Masked Bandits","floor":28,"turns":4},{"damage":16,"enemies":"Snecko","floor":30,"turns":4},{"damage":11,"enemies":"Centurion and Healer","floor":31,"turns":4},{"damage":38,"enemies":"Champ","floor":33,"turns":9},{"damage":27,"enemies":"3 Darklings","floor":35,"turns":6},{"damage":2,"enemies":"Orb Walker","floor":37,"turns":2},{"damage":21,"enemies":"Jaw Worm Horde","floor":38,"turns":4},{"damage":56,"enemies":"Spire Growth","floor":41,"turns":5},{"damage":26,"enemies":"Giant Head","floor":44,"turns":6}],"seed_played":"9073091908999655709","potions_obtained":[{"floor":1,"key":"EssenceOfSteel"},{"floor":3,"key":"FearPotion"},{"floor":3,"key":"LiquidBronze"},{"floor":8,"key":"EssenceOfSteel"},{"floor":18,"key":"Explosive Potion"},{"floor":23,"key":"Weak Potion"},{"floor":25,"key":"BlessingOfTheForge"},{"floor":33,"key":"SpeedPotion"}],"is_trial":false,"path_per_floor":["M","?","?","$","M","E","$","E","T","E","?","R","M","M","R","B",null,"M","M","?","$","M","E","R","E","T","R","?","?","M","M","R","B",null,"M","$","M","M","?","R","M","$","T","E"],"character_chosen":"DEFECT","items_purchased":["Sweeping Beam","Symbiotic Virus","Sling","Sunder","Toolbox","Enlightenment","Lockon","Hello World","MealTicket","DataDisk"],"campfire_rested":5,"item_purchase_floors":[4,4,7,7,21,21,36,36,36,42],"current_hp_per_floor":[72,72,72,72,56,31,31,31,31,1,1,32,31,16,47,11,75,73,64,64,64,51,47,59,25,25,59,37,37,21,10,47,9,75,48,48,46,25,25,65,9,24,24,0,0],"gold":21,"neow_bonus":"TWO_FIFTY_GOLD","is_daily":false,"chose_seed":false,"campfire_upgraded":0,"win_rate":0.0,"timestamp":1608877640,"path_taken":["M","?","?","$","?","E","?","E","T","E","?","R","M","?","R","BOSS","M","M","?","$","M","E","R","E","T","R","?","?","M","?","R","BOSS","M","$","M","M","?","R","M","?","T","E"],"items_purchased_type":["Card","Relic","Relic","Card","Relic","Card","Card","Card","Relic","Relic"],"build_version":"2020-12-22","purchased_purges":1,"victory":false,"max_hp_per_floor":[75,75,75,75,75,75,75,75,75,75,75,75,75,75,75,75,75,75,75,75,75,75,75,75,75,75,75,75,75,75,75,75,75,75,75,75,75,75,75,75,75,75,75,75,75],"card_choices":[{"not_picked":["Beam Cell","Gash"],"picked":"Rip and Tear","floor":1},{"not_picked":["Steam Power","Storm"],"picked":"Rebound","floor":5},{"not_picked":["Force Field","Barrage","Compile Driver"],"picked":"SKIP","floor":6},{"not_picked":["Sweeping Beam","Tempest"],"picked":"Redo","floor":8},{"not_picked":["Coolheaded","Ball Lightning"],"picked":"Echo Form","floor":10},{"not_picked":["Barrage","Steam"],"picked":"FTL","floor":13},{"not_picked":["Gash","Conserve Battery"],"picked":"BootSequence","floor":14},{"not_picked":["Echo Form","Hyperbeam"],"picked":"Thunder Strike","floor":16},{"not_picked":["Sweeping Beam","Coolheaded+1","Barrage"],"picked":"SKIP","floor":18},{"not_picked":["Stack","Force Field"],"picked":"Leap","floor":19},{"not_picked":["Steam","Compile Driver+1","Hologram"],"picked":"SKIP","floor":22},{"not_picked":["Stack+1","Undo"],"picked":"Seek","floor":23},{"not_picked":["Tempest","Leap"],"picked":"White Noise","floor":25},{"not_picked":["Skim","Hologram"],"picked":"Beam Cell","floor":28},{"not_picked":["Sweeping Beam","Hologram","Steam"],"picked":"SKIP","floor":30},{"not_picked":["Redo","Coolheaded"],"picked":"Sweeping Beam+1","floor":31},{"not_picked":["Echo Form","Seek"],"picked":"Biased Cognition","floor":33},{"not_picked":["Rebound","FTL+1"],"picked":"Melter+1","floor":35},{"not_picked":["Auto Shields+1","Beam Cell"],"picked":"Streamline+1","floor":37},{"not_picked":["Skim","Scrape"],"picked":"BootSequence","floor":38},{"not_picked":["Stack+1","Conserve Battery"],"picked":"Go for the Eyes+1","floor":41}],"player_experience":621148,"relics_obtained":[{"floor":6,"key":"Mummified Hand"},{"floor":8,"key":"Eternal Feather"},{"floor":10,"key":"Pocketwatch"},{"floor":23,"key":"Darkstone Periapt"},{"floor":25,"key":"Girya"},{"floor":26,"key":"PreservedInsect"},{"floor":28,"key":"Red Mask"},{"floor":43,"key":"Pantograph"}],"event_choices":[{"damage_healed":0,"gold_gain":175,"player_choice":"AGREE","damage_taken":0,"max_hp_gain":0,"max_hp_loss":0,"event_name":"Liars Game","floor":2,"gold_loss":0,"cards_obtained":["Doubt"]},{"damage_healed":0,"gold_gain":0,"player_choice":"Got Potions","damage_taken":0,"max_hp_gain":0,"max_hp_loss":0,"event_name":"Lab","floor":3,"gold_loss":0},{"damage_healed":0,"gold_gain":0,"cards_transformed":["Strike_B"],"player_choice":"Transformed","damage_taken":0,"max_hp_gain":0,"max_hp_loss":0,"event_name":"Transmorgrifier","floor":11,"gold_loss":0,"cards_obtained":["Coolheaded"]},{"damage_healed":0,"gold_gain":0,"player_choice":"Simplicity","damage_taken":0,"max_hp_gain":0,"max_hp_loss":0,"event_name":"Back to Basics","floor":20,"gold_loss":0,"cards_upgraded":["Strike_B","Strike_B","Strike_B","Defend_B","Defend_B","Defend_B","Defend_B"]},{"damage_healed":0,"gold_gain":0,"player_choice":"Fought Bandits","damage_taken":0,"max_hp_gain":0,"max_hp_loss":0,"event_name":"Masked Bandits","floor":28,"gold_loss":0},{"damage_healed":0,"gold_gain":0,"player_choice":"Gave Potion","damage_taken":0,"relics_obtained":["CeramicFish"],"max_hp_gain":0,"max_hp_loss":0,"event_name":"WeMeetAgain","floor":29,"gold_loss":0},{"damage_healed":0,"gold_gain":0,"player_choice":"Upgraded","damage_taken":0,"max_hp_gain":0,"max_hp_loss":0,"event_name":"Upgrade Shrine","floor":39,"gold_loss":0,"cards_upgraded":["Hello World"]}],"is_beta":false,"boss_relics":[{"not_picked":["Cursed Key","Fusion Hammer"],"picked":"Velvet Choker"},{"not_picked":["SlaversCollar","Coffee Dripper"],"picked":"Sozu"}],"items_purged_floors":[4],"is_endless":false,"potions_floor_spawned":[1,6,8,14,16,18,23,25,33,35,37],"killed_by":"Giant Head","ascension_level":4}}