{"host":"v711dtdb46xe9u7l","time":1608939920,"event":{"mods":["BaseMod","Minty Spire (QoL Compilation)","StSLib"],"gold_per_floor":[112,112,131,131,156,156,179,179,179,179,179,215,290,311,311,311,311],"floor_reached":16,"playtime":503,"items_purged":[],"score":105,"play_id":"2a8b9c66-cb1b-4192-8df9-407c00907335","local_time":"20201225234520","is_ascension_mode":true,"campfire_choices":[{"data":"Flex","floor":6,"key":"SMITH"},{"data":"Flex","floor":8,"key":"SMITH"},{"data":"Heavy Blade","floor":10,"key":"SMITH"},{"data":"Shrug It Off","floor":15,"key":"SMITH"}],"circlet_count":0,"master_deck":["Strike_R","Strike_R","Strike_R","Strike_R","Defend_R","Defend_R","Defend_R","Defend_R","Bash","Flex+1","Heavy Blade+1","Flex+1","Ghostly Armor","Shrug It Off+1"],"relics":["Burning Blood","NeowsBlessing","Golden Idol","Du-Vu Doll","Shovel"],"acts_visited":["Exordium"],"potions_floor_usage":[14,14,16],"damage_taken":[{"damage":0,"enemies":"Jaw Worm","floor":1,"turns":1},{"damage":0,"enemies":"Small Slimes","floor":3,"turns":1},{"damage":0,"enemies":"Cultist","floor":5,"turns":1},{"damage":4,"enemies":"Exordium Wildlife","floor":7,"turns":3},{"damage":12,"enemies":"3 Sentries","floor":12,"turns":8},{"damage":0,"enemies":"2 Fungi Beasts","floor":14,"turns":3},{"damage":59,"enemies":"Hexaghost","floor":16,"turns":14}],"seed_played":"-2512729262147245284","potions_obtained":[{"floor":3,"key":"LiquidMemories"},{"floor":5,"key":"Weak Potion"},{"floor":12,"key":"HeartOfIron"}],"is_trial":false,"path_per_floor":["M","?","M","?","M","R","M","R","T","R","?","E","?","M","R","B"],"character_chosen":"IRONCLAD","items_purchased":[],"campfire_rested":0,"item_purchase_floors":[],"current_hp_per_floor":[80,74,74,74,74,74,74,74,74,74,67,61,50,56,56,0,0],"gold":311,"neow_bonus":"THREE_ENEMY_KILL","is_daily":false,"chose_seed":false,"campfire_upgraded":4,"win_rate":0.0,"timestamp":1608939920,"path_taken":["M","?","M","?","M","R","M","R","T","R","?","E","?","M","R","BOSS"],"items_purchased_type":[],"build_version":"2020-12-22","purchased_purges":0,"victory":false,"max_hp_per_floor":[80,74,74,74,74,74,74,74,74,74,74,74,74,74,74,74,74],"card_choices":[{"not_picked":["Twin Strike","Anger"],"picked":"Flex","floor":1},{"not_picked":["Rupture","Immolate"],"picked":"Heavy Blade","floor":3},{"not_picked":["Headbutt","Armaments","Clash"],"picked":"SKIP","floor":5},{"not_picked":["Heavy Blade","True Grit"],"picked":"Flex","floor":7},{"not_picked":["Rage","Blood for Blood"],"picked":"Ghostly Armor","floor":12},{"not_picked":["Sword Boomerang","True Grit"],"picked":"Shrug It Off","floor":14}],"player_experience":231098,"relics_obtained":[{"floor":9,"key":"Du-Vu Doll"},{"floor":12,"key":"Shovel"}],"event_choices":[{"damage_healed":0,"gold_gain":0,"player_choice":"Lose Max HP","damage_taken":0,"relics_obtained":["Golden Idol"],"max_hp_gain":0,"max_hp_loss":6,"event_name":"Golden Idol","floor":2,"gold_loss":0},{"damage_healed":0,"gold_gain":0,"player_choice":"Ignored","damage_taken":0,"max_hp_gain":0,"max_hp_loss":0,"event_name":"Liars Game","floor":4,"gold_loss":0},{"cards_removed":["Strike_R"],"damage_healed":0,"gold_gain":0,"player_choice":"Card Removal","damage_taken":7,"max_hp_gain":0,"max_hp_loss":0,"event_name":"Golden Wing","floor":11,"gold_loss":0},{"damage_healed":0,"gold_gain":75,"player_choice":"Gather Gold","damage_taken":11,"max_hp_gain":0,"max_hp_loss":0,"event_name":"World of Goop","floor":13,"gold_loss":0}],"is_beta":false,"boss_relics":[],"items_purged_floors":[],"is_endless":false,"potions_floor_spawned":[3,5,12],"killed_by":"Hexaghost","ascension_level":1}}