{"host":"agbyy69nq62afhwx","time":1608902251,"event":{"mods":["BaseMod","Colored Map","Highlight Path","Keyboard Shortcuts","Minty Spire (QoL Compilation)","Quick Restart","StSLib","SuperFastMode","everything is the same but u backflip on backflip"],"gold_per_floor":[109,119,132,143,143,143,155,155,226,238,238,295,295,45,45,141,141,157,157,173,173,98,98,48,48,48,64,81,94,110,22,22,123,123,143,12,24,24,79,79,104,104,130,142,169,169,169,169,169,169],"floor_reached":51,"playtime":2124,"items_purged":["Strike_G","Strike_G","Strike_G","Defend_G"],"score":1230,"play_id":"b3a6bf9e-00e3-448f-84e4-c87644142837","local_time":"20201225221731","is_ascension_mode":true,"campfire_choices":[{"data":"Dagger Spray","floor":6.0,"key":"SMITH"},{"data":"Well Laid Plans","floor":8.0,"key":"SMITH"},{"data":"Acrobatics","floor":11.0,"key":"SMITH"},{"floor":15.0,"key":"REST"},{"floor":23.0,"key":"REST"},{"data":"Finesse","floor":25.0,"key":"SMITH"},{"data":"Envenom","floor":32.0,"key":"SMITH"},{"data":"Accuracy","floor":40.0,"key":"SMITH"},{"data":"Choke","floor":42.0,"key":"SMITH"},{"floor":46.0,"key":"REST"},{"data":"A Thousand Cuts","floor":47.0,"key":"SMITH"},{"data":"Backflip","floor":49.0,"key":"SMITH"}],"circlet_count":0,"master_deck":["AscendersBane","Strike_G","Defend_G","Defend_G+1","Survivor+1","Neutralize","Finesse+1","Escape Plan","Blade Dance+1","Dagger Spray+1","Well Laid Plans+1","Acrobatics+1","Backflip+1","After Image","Envenom+1","Cloak And Dagger+1","Accuracy+1","Calculated Gamble+1","Acrobatics+1","A Thousand Cuts+1"],"relics":["Ring of the Snake","Sundial","Calipers","Smiling Mask","TheAbacus","SlaversCollar","Enchiridion","Singing Bowl","Meat on the Bone","Empty Cage","WingedGreaves","Toy Ornithopter","War Paint","Bag of Preparation"],"acts_visited":["Exordium","TheCity","TheBeyond"],"potions_floor_usage":[50,50],"damage_taken":[{"damage":6.0,"enemies":"Small Slimes","floor":1.0,"turns":4.0},{"damage":4.0,"enemies":"Cultist","floor":2.0,"turns":5.0},{"damage":0.0,"enemies":"Jaw Worm","floor":3.0,"turns":5.0},{"damage":0.0,"enemies":"3 Louse","floor":4.0,"turns":3.0},{"damage":1.0,"enemies":"Exordium Thugs","floor":7.0,"turns":4.0},{"damage":0.0,"enemies":"Large Slime","floor":10.0,"turns":5.0},{"damage":40.0,"enemies":"3 Sentries","floor":12.0,"turns":7.0},{"damage":2.0,"enemies":"Hexaghost","floor":16.0,"turns":12.0},{"damage":24.0,"enemies":"2 Thieves","floor":18.0,"turns":5.0},{"damage":0.0,"enemies":"3 Byrds","floor":20.0,"turns":4.0},{"damage":3.0,"enemies":"Shelled Parasite and Fungi","floor":27.0,"turns":5.0},{"damage":2.0,"enemies":"Centurion and Healer","floor":28.0,"turns":5.0},{"damage":11.0,"enemies":"3 Cultists","floor":29.0,"turns":5.0},{"damage":6.0,"enemies":"Shelled Parasite and Fungi","floor":30.0,"turns":5.0},{"damage":0.0,"enemies":"Automaton","floor":33.0,"turns":8.0},{"damage":8.0,"enemies":"Orb Walker","floor":35.0,"turns":4.0},{"damage":12.0,"enemies":"3 Shapes","floor":37.0,"turns":5.0},{"damage":28.0,"enemies":"2 Orb Walkers","floor":39.0,"turns":5.0},{"damage":0.0,"enemies":"Nemesis","floor":41.0,"turns":7.0},{"damage":0.0,"enemies":"Transient","floor":44.0,"turns":5.0},{"damage":0.0,"enemies":"Giant Head","floor":45.0,"turns":6.0},{"damage":23,"enemies":"Awakened One","floor":50,"turns":6}],"seed_played":"-5053771556684265947","potions_obtained":[{"floor":2.0,"key":"CunningPotion"},{"floor":3.0,"key":"Fruit Juice"},{"floor":10.0,"key":"LiquidBronze"},{"floor":16.0,"key":"ColorlessPotion"},{"floor":18.0,"key":"SpeedPotion"},{"floor":28.0,"key":"Block Potion"},{"floor":39.0,"key":"Energy Potion"},{"floor":44.0,"key":"PowerPotion"}],"is_trial":false,"path_per_floor":["M","M","M","M","?","R","M","R","T","M","R","?","?","$","R","B",null,"M","?","M","T","?","R","$","R","T","M","M","M","M","$","R","B",null,"M","$","M","$","?","R","E","R","T","M","E","R","R","?","R","B",null],"character_chosen":"THE_SILENT","items_purchased":["TheAbacus","Backflip","Choke","Accuracy"],"campfire_rested":3,"item_purchase_floors":[14,14,31,36],"current_hp_per_floor":[57,53,58,58,58,58,57,57,57,57,57,17,5,5,27,25,63,39,23,23,23,23,45,45,45,45,42,40,43,51,51,51,53,74,68,68,56,56,40,40,54,54,54,54,56,82,82,82,82,69],"gold":169,"neow_bonus":"RANDOM_COLORLESS","is_daily":false,"chose_seed":false,"campfire_upgraded":9,"win_rate":0.0,"timestamp":1608902251,"path_taken":["M","M","M","M","?","R","M","R","T","?","R","?","?","$","R","BOSS","M","?","M","?","?","R","$","R","T","M","M","M","M","$","R","BOSS","M","$","M","$","?","R","E","R","T","M","E","R","R","?","R","BOSS"],"items_purchased_type":["Relic","Card","Card","Card"],"build_version":"2020-12-22","purchased_purges":4,"victory":true,"max_hp_per_floor":[70,70,75,75,75,75,75,75,75,75,75,75,75,75,75,75,75,75,75,75,75,75,75,75,75,75,75,75,77,79,79,79,81,81,83,83,83,83,83,83,85,85,85,85,87,87,87,87,87,87],"card_choices":[{"not_picked":["Panacea","Good Instincts"],"picked":"Finesse","floor":0.0},{"not_picked":["Sucker Punch","Acrobatics"],"picked":"Escape Plan","floor":1.0},{"not_picked":["Flying Knee","Finisher"],"picked":"Blade Dance","floor":2.0},{"not_picked":["Endless Agony","Masterful Stab"],"picked":"Dagger Spray","floor":3.0},{"not_picked":["Blade Dance","Backstab"],"picked":"Well Laid Plans","floor":4.0},{"not_picked":["Slice","Outmaneuver","Quick Slash"],"picked":"SKIP","floor":7.0},{"not_picked":["Cloak And Dagger","Sucker Punch"],"picked":"Acrobatics","floor":10.0},{"not_picked":["Wraith Form v2","Grand Finale"],"picked":"After Image","floor":16.0},{"not_picked":["Blade Dance","Quick Slash","Slice+1"],"picked":"SKIP","floor":18.0},{"not_picked":["Poisoned Stab","Deadly Poison","Dagger Throw"],"picked":"SKIP","floor":20.0},{"not_picked":["Cloak And Dagger","Deadly Poison"],"picked":"Envenom","floor":27.0},{"not_picked":["Flying Knee+1","Bane"],"picked":"Cloak And Dagger+1","floor":28.0},{"not_picked":["Underhanded Strike","Flying Knee","Escape Plan"],"picked":"Singing Bowl","floor":29.0},{"not_picked":["Outmaneuver","Blade Dance+1","Dash+1"],"picked":"Singing Bowl","floor":30.0},{"not_picked":["Malaise","Unload","Phantasmal Killer"],"picked":"Singing Bowl","floor":33.0},{"not_picked":["Blade Dance","Dodge and Roll","PiercingWail"],"picked":"Singing Bowl","floor":35.0},{"not_picked":["Masterful Stab","Concentrate"],"picked":"Calculated Gamble+1","floor":37.0},{"not_picked":["Dagger Spray","Bane"],"picked":"Acrobatics+1","floor":39.0},{"not_picked":["Acrobatics+1","Prepared","Catalyst+1"],"picked":"Singing Bowl","floor":41.0},{"not_picked":["Deadly Poison+1","Eviscerate+1"],"picked":"A Thousand Cuts","floor":44.0},{"not_picked":["Quick Slash+1","Poisoned Stab","Noxious Fumes+1"],"picked":"Singing Bowl","floor":45.0}],"player_experience":369980,"relics_obtained":[{"floor":9.0,"key":"Sundial"},{"floor":12.0,"key":"Calipers"},{"floor":19.0,"key":"Enchiridion"},{"floor":21.0,"key":"Singing Bowl"},{"floor":26.0,"key":"Meat on the Bone"},{"floor":39.0,"key":"WingedGreaves"},{"floor":41.0,"key":"Toy Ornithopter"},{"floor":43.0,"key":"War Paint"},{"floor":45.0,"key":"Bag of Preparation"}],"event_choices":[{"damage_healed":0.0,"max_hp_gain":0.0,"max_hp_loss":0.0,"gold_gain":0.0,"event_name":"Accursed Blacksmith","player_choice":"Forge","floor":5.0,"gold_loss":0.0,"damage_taken":0.0,"cards_upgraded":["Blade Dance"]},{"damage_healed":0.0,"max_hp_gain":0.0,"max_hp_loss":0.0,"gold_gain":0.0,"event_name":"Dead Adventurer","player_choice":"Searched \u00272\u0027 times","floor":12.0,"gold_loss":0.0,"damage_taken":0.0},{"damage_healed":0.0,"max_hp_gain":0.0,"max_hp_loss":0.0,"gold_gain":0.0,"event_name":"Scrap Ooze","player_choice":"Success","floor":13.0,"gold_loss":0.0,"damage_taken":12.0,"relics_obtained":["Smiling Mask"]},{"damage_healed":0.0,"max_hp_gain":0.0,"max_hp_loss":0.0,"gold_gain":0.0,"event_name":"Cursed Tome","player_choice":"Obtained Book","floor":19.0,"gold_loss":0.0,"damage_taken":16.0},{"cards_removed":["Strike_G"],"damage_healed":0.0,"max_hp_gain":0.0,"max_hp_loss":0.0,"gold_gain":0.0,"event_name":"Beggar","player_choice":"Gave Gold","floor":22.0,"gold_loss":75.0,"damage_taken":0.0},{"damage_healed":0.0,"max_hp_gain":0.0,"max_hp_loss":0.0,"gold_gain":0.0,"event_name":"Mysterious Sphere","player_choice":"Fight","floor":39.0,"gold_loss":0.0,"damage_taken":0.0},{"cards_removed":["Choke"],"damage_healed":0.0,"max_hp_gain":0.0,"max_hp_loss":0.0,"gold_gain":0.0,"event_name":"Falling","player_choice":"Removed Attack","floor":48.0,"gold_loss":0.0,"damage_taken":0.0}],"is_beta":false,"boss_relics":[{"not_picked":["Runic Dome","Coffee Dripper"],"picked":"SlaversCollar"},{"not_picked":["Velvet Choker","Tiny House"],"picked":"Empty Cage"}],"items_purged_floors":[14,24,31,36],"is_endless":false,"potions_floor_spawned":[2,3,10,16,18,28,29,30,39,44,45],"ascension_level":10}}