{"host":"vlqejv0notyktumz","time":1608919141,"event":{"mods":["AchievementEnabler","BaseMod","Googly Eyes","Minty Spire (QoL Compilation)"],"gold_per_floor":[118,130,130,9,25,25,25,25,94,94,114,140,140,150,150,150,150],"floor_reached":16,"playtime":402,"items_purged":["Strike_G"],"score":138,"play_id":"c4918fa2-d299-42e8-a698-bcff68b25055","local_time":"20201225115901","is_ascension_mode":true,"campfire_choices":[{"data":"Footwork","floor":6,"key":"SMITH"},{"data":"Blur","floor":15,"key":"SMITH"}],"circlet_count":0,"master_deck":["Strike_G","Strike_G","Strike_G+1","Strike_G+1","Defend_G","Defend_G","Defend_G","Defend_G","Defend_G","Survivor","Neutralize+1","Heel Hook","Blur+1","Dagger Spray","Poisoned Stab","Footwork+1","Dodge and Roll","Parasite"],"relics":["Ring of the Snake","Potion Belt","Bottled Flame","Whetstone"],"acts_visited":["Exordium"],"potions_floor_usage":[12],"damage_taken":[{"damage":0,"enemies":"Cultist","floor":1,"turns":4},{"damage":0,"enemies":"Jaw Worm","floor":2,"turns":4},{"damage":3,"enemies":"Small Slimes","floor":3,"turns":6},{"damage":0,"enemies":"2 Fungi Beasts","floor":5,"turns":4},{"damage":7,"enemies":"Lots of Slimes","floor":11,"turns":4},{"damage":29,"enemies":"Gremlin Nob","floor":12,"turns":5},{"damage":0,"enemies":"Looter","floor":14,"turns":4},{"damage":34,"enemies":"Slime Boss","floor":16,"turns":9}],"seed_played":"8393567353619134378","potions_obtained":[{"floor":2,"key":"SpeedPotion"},{"floor":5,"key":"Energy Potion"},{"floor":11,"key":"Regen Potion"},{"floor":14,"key":"BlessingOfTheForge"}],"is_trial":false,"path_per_floor":["M","M","M","$","M","R","?","$","T","?","M","E","?","M","R","B"],"character_chosen":"THE_SILENT","items_purchased":["Poisoned Stab"],"campfire_rested":0,"item_purchase_floors":[4],"current_hp_per_floor":[63,63,60,60,60,60,60,60,60,60,53,39,56,56,56,22,22],"gold":150,"neow_bonus":"UPGRADE_CARD","is_daily":false,"chose_seed":false,"campfire_upgraded":2,"win_rate":0.0,"timestamp":1608919141,"path_taken":["M","?","M","?","M","R","?","$","T","?","M","E","?","M","R","BOSS"],"items_purchased_type":["Card"],"build_version":"2020-12-22","purchased_purges":1,"victory":false,"max_hp_per_floor":[70,70,70,70,70,70,70,70,70,70,70,70,70,70,70,70,70],"card_choices":[{"not_picked":["Dagger Throw","Prepared"],"picked":"Heel Hook","floor":1},{"not_picked":["Caltrops","Cloak And Dagger"],"picked":"Blur","floor":2},{"not_picked":["Masterful Stab","Reflex"],"picked":"Dagger Spray","floor":3},{"not_picked":["Heel Hook","Dodge and Roll"],"picked":"Footwork","floor":5},{"not_picked":["Acrobatics","PiercingWail"],"picked":"Dodge and Roll","floor":11},{"not_picked":["Infinite Blades","Crippling Poison","Calculated Gamble"],"picked":"SKIP","floor":12},{"not_picked":["Well Laid Plans","Acrobatics","Dodge and Roll"],"picked":"SKIP","floor":14}],"player_experience":274171,"relics_obtained":[{"floor":9,"key":"Bottled Flame"},{"floor":12,"key":"Whetstone"}],"event_choices":[{"damage_healed":0,"gold_gain":0,"player_choice":"Box","damage_taken":0,"relics_obtained":["Potion Belt"],"max_hp_gain":0,"max_hp_loss":0,"event_name":"Big Fish","floor":7,"gold_loss":0,"cards_obtained":["Regret"]},{"cards_removed":["Regret"],"damage_healed":0,"gold_gain":0,"player_choice":"Forget","damage_taken":0,"max_hp_gain":0,"max_hp_loss":0,"event_name":"Living Wall","floor":10,"gold_loss":0},{"damage_healed":17,"gold_gain":0,"player_choice":"Healed and dodged fight","damage_taken":0,"max_hp_gain":0,"max_hp_loss":0,"event_name":"Mushrooms","floor":13,"gold_loss":0,"cards_obtained":["Parasite"]}],"is_beta":false,"boss_relics":[],"items_purged_floors":[4],"is_endless":false,"potions_floor_spawned":[2,5,11,14],"killed_by":"Slime Boss","ascension_level":7}}