{"host":"hu38hxukylnnynm2","time":1608912713,"event":{"mods":["AchievementEnabler","BaseMod","Card Forge","Colored Powertips","DNKmod","DeckTracker","Friendly Minions","Highlight Path","Minty Spire (QoL Compilation)","Spicy Shops","StSLib"],"gold_per_floor":[1016,1016,1016,1031,1050,1078,1094,1129,1129,1172,1204,1276,1351,1390,1390,1496,1496,1532,1466,1047,1056,1088,1126,1156,1192,1192,1234,1243,1285,1026,1026,1035,1139,1139,1167,1226,1255,1284,653,693,693,727,750,750,759,793,815,840,840,840,840,849,565,598,598],"floor_reached":56,"playtime":3288,"items_purged":[],"score":2149,"play_id":"27c31155-bfc2-4c04-9de6-39ca58e31b7a","local_time":"20201225111153","is_ascension_mode":true,"campfire_choices":[{"floor":15.0,"key":"RECALL"},{"floor":28.0,"key":"REST"},{"floor":32.0,"key":"REST"},{"floor":41.0,"key":"REST"},{"floor":44.0,"key":"REST"},{"floor":49.0,"key":"REST"},{"floor":52,"key":"REST"}],"circlet_count":0,"master_deck":["Strike_B+1","Strike_B+1","Strike_B+1","Strike_B+1","Defend_B+1","Defend_B+1","Defend_B+1","Defend_B+1","Zap+1","Dualcast+1","Mayhem+1","Panache+1","Mayhem+1","Panache+1","Mayhem+1","Panache+1","Mayhem+1","Panache+1","Mayhem+1","Panache+1","Reinforced Body+1","Streamline+1","Ball Lightning+1","Static Discharge+1","Sunder+1","Creative AI+1","Conserve Battery+1","Hello World+1","Cold Snap+1","Coolheaded+1","Buffer+1","Capacitor+1","Leap+1","Static Discharge+1","Leap+1","Seek+1","Double Energy+1","Hologram+1","Turbo+1","Rainbow+1","Static Discharge+1","Glacier+1","BootSequence+1","Buffer+1","White Noise+1","Ball Lightning+1","White Noise+1","Coolheaded+1","Skim+1","Chill+1","Hologram+1","White Noise+1","Loop+1","Metamorphosis+1","Heatsinks+1","Core Surge+1","Genetic Algorithm+1","Storm+1","Hello World+1","Panacea+1"],"relics":["Cracked Core","Hammer of Thor","Seething Fire","Anvil of the Gods","Akabeko","GremlinMask","Prayer Wheel","FossilizedHelix","Calipers","CeramicFish","Toxic Egg 2","Potion Belt","Inserter","Membership Card","Lantern","Strange Spoon","Meat on the Bone","WarpedTongs","Blood Vial","Dream Catcher","Cables","Bag of Marbles","Red Mask","Tiny Chest","Whetstone","Sling","Vajra","Kunai","Black Star","Gambling Chip","DataDisk","Singing Bowl","Lee\u0027s Waffle","Ancient Tea Set","PreservedInsect","Strawberry","Frozen Egg 2","Omamori","Bird Faced Urn","Darkstone Periapt","Dead Branch","Molten Egg 2","Pear","Toolbox","White Beast Statue","Boot","Gremlin Horn"],"acts_visited":["Exordium","TheCity","TheBeyond","TheEnding"],"potions_floor_usage":[55,55,55,55,55],"damage_taken":[{"damage":0.0,"enemies":"2 Louse","floor":1.0,"turns":2.0},{"damage":4.0,"enemies":"Jaw Worm","floor":4.0,"turns":2.0},{"damage":0.0,"enemies":"Cultist","floor":5.0,"turns":2.0},{"damage":16.0,"enemies":"Gremlin Nob","floor":6.0,"turns":3.0},{"damage":0.0,"enemies":"Exordium Wildlife","floor":7.0,"turns":2.0},{"damage":0.0,"enemies":"Lagavulin","floor":8.0,"turns":3.0},{"damage":0.0,"enemies":"Gremlin Nob","floor":10.0,"turns":3.0},{"damage":0.0,"enemies":"Looter","floor":11.0,"turns":2.0},{"damage":0.0,"enemies":"Lagavulin Event","floor":12.0,"turns":4.0},{"damage":0.0,"enemies":"Lagavulin","floor":14.0,"turns":3.0},{"damage":0.0,"enemies":"Slime Boss","floor":16.0,"turns":4.0},{"damage":0.0,"enemies":"Spheric Guardian","floor":18.0,"turns":2.0},{"damage":0.0,"enemies":"2 Thieves","floor":22.0,"turns":3.0},{"damage":10.0,"enemies":"Book of Stabbing","floor":23.0,"turns":4.0},{"damage":6.0,"enemies":"Shelled Parasite and Fungi","floor":24.0,"turns":2.0},{"damage":14.0,"enemies":"Slavers","floor":25.0,"turns":2.0},{"damage":0.0,"enemies":"Gremlin Leader","floor":27.0,"turns":4.0},{"damage":6.0,"enemies":"Masked Bandits","floor":29.0,"turns":2.0},{"damage":0.0,"enemies":"Champ","floor":33.0,"turns":5.0},{"damage":8.0,"enemies":"3 Darklings","floor":35.0,"turns":4.0},{"damage":9.0,"enemies":"Mind Bloom Boss Battle","floor":36.0,"turns":3.0},{"damage":6.0,"enemies":"3 Shapes","floor":37.0,"turns":3.0},{"damage":0.0,"enemies":"Writhing Mass","floor":38.0,"turns":3.0},{"damage":0.0,"enemies":"Giant Head","floor":40.0,"turns":5.0},{"damage":0.0,"enemies":"Reptomancer","floor":42.0,"turns":3.0},{"damage":0.0,"enemies":"Nemesis","floor":46.0,"turns":5.0},{"damage":0.0,"enemies":"Spire Growth","floor":47.0,"turns":3.0},{"damage":0.0,"enemies":"Giant Head","floor":48.0,"turns":3.0},{"damage":28.0,"enemies":"Awakened One","floor":50.0,"turns":7.0},{"damage":0,"enemies":"Shield and Spear","floor":54,"turns":3},{"damage":118,"enemies":"The Heart","floor":55,"turns":5}],"seed_played":"-6049330042508262896","potions_obtained":[{"floor":0.0,"key":"Explosive Potion"},{"floor":0.0,"key":"CultistPotion"},{"floor":0.0,"key":"SmokeBomb"},{"floor":5.0,"key":"EssenceOfDarkness"},{"floor":6.0,"key":"SteroidPotion"},{"floor":11.0,"key":"Regen Potion"},{"floor":18.0,"key":"Weak Potion"},{"floor":22.0,"key":"Explosive Potion"},{"floor":25.0,"key":"LiquidBronze"},{"floor":27.0,"key":"Weak Potion"},{"floor":33.0,"key":"AttackPotion"},{"floor":36.0,"key":"PowerPotion"},{"floor":38.0,"key":"GamblersBrew"},{"floor":42.0,"key":"Ancient Potion"},{"floor":48.0,"key":"Dexterity Potion"},{"floor":54,"key":"Dexterity Potion"}],"is_trial":false,"path_per_floor":["M","?","?","M","M","E","M","E","T","E","M","?","?","E","R","B",null,"M","?","$","?","M","E","M","E","T","E","R","?","$","T","R","B",null,"M","?","M","M","$","E","R","E","T","R","?","E","M","E","R","B",null,"R","$","E","B",null],"character_chosen":"DEFECT","items_purchased":["Membership Card","Lantern","Strange Spoon","Meat on the Bone","Tiny Chest","Whetstone","Sling","Vajra","DataDisk","Singing Bowl","Lee\u0027s Waffle","Ancient Tea Set","PreservedInsect","White Noise+1","Loop","Metamorphosis+1","Toolbox","White Beast Statue","Hello World+1","Panacea+1","PotionOfCapacity"],"campfire_rested":6,"item_purchase_floors":[20,20,20,20,30,30,30,30,39,39,39,39,39,39,39,39,53,53,53,53,53],"current_hp_per_floor":[100,93,93,89,89,73,73,73,73,73,73,82,71,71,71,71,100,100,100,100,100,100,90,86,74,74,76,100,94,94,94,100,100,100,92,85,81,83,107,114,116,118,118,120,120,122,124,136,138,138,138,138,138,140,63],"gold":598,"neow_bonus":"THREE_SMALL_POTIONS","is_daily":false,"chose_seed":false,"campfire_upgraded":0,"win_rate":0.0,"timestamp":1608912713,"path_taken":["M","?","?","M","?","E","M","E","T","E","M","?","?","E","R","BOSS","M","?","$","?","?","E","M","E","T","E","R","?","$","?","R","BOSS","M","?","M","M","$","E","R","E","T","R","?","E","M","E","R","BOSS","R","$","E","BOSS"],"items_purchased_type":["Relic","Relic","Relic","Relic","Relic","Relic","Relic","Relic","Relic","Relic","Relic","Relic","Relic","Card","Card","Card","Relic","Relic","Card","Card","Potion"],"build_version":"2020-12-22","purchased_purges":0,"victory":true,"max_hp_per_floor":[100,100,100,100,100,100,100,100,100,100,100,100,100,100,100,100,100,100,100,100,100,100,100,100,100,100,100,100,100,100,100,100,100,100,100,100,100,100,107,114,116,118,118,120,120,122,124,136,138,138,138,138,138,140,140],"card_choices":[{"not_picked":["Rebound","Reprogram"],"picked":"Reinforced Body","floor":1.0},{"not_picked":["Beam Cell","Reinforced Body"],"picked":"Streamline","floor":4.0},{"not_picked":["Go for the Eyes","Stack"],"picked":"Ball Lightning","floor":5.0},{"not_picked":["Scrape","Gash"],"picked":"Static Discharge","floor":6.0},{"not_picked":["Storm","Rebound"],"picked":"Sunder","floor":7.0},{"not_picked":["Barrage","Compile Driver","Consume"],"picked":"SKIP","floor":7.0},{"not_picked":["Turbo","Cold Snap"],"picked":"Static Discharge","floor":8.0},{"not_picked":["White Noise","Rip and Tear"],"picked":"Creative AI","floor":10.0},{"not_picked":["Steam","Force Field"],"picked":"Conserve Battery","floor":11.0},{"not_picked":["Gash","Sunder"],"picked":"Hello World","floor":11.0},{"not_picked":["Coolheaded+1","Melter"],"picked":"Cold Snap","floor":12.0},{"not_picked":["Hello World","Steam+1"],"picked":"Coolheaded+1","floor":14.0},{"not_picked":["Creative AI","Biased Cognition"],"picked":"Buffer","floor":16.0},{"not_picked":["Go for the Eyes","Redo+1"],"picked":"Capacitor","floor":18.0},{"not_picked":["Chaos+1","Ball Lightning"],"picked":"Leap+1","floor":18.0},{"not_picked":["Compile Driver+1","Recycle+1"],"picked":"Leap+1","floor":22.0},{"not_picked":["Melter","Scrape"],"picked":"Seek+1","floor":22.0},{"not_picked":["Recycle+1","Seek+1"],"picked":"White Noise+1","floor":23.0},{"not_picked":["Blizzard","Barrage"],"picked":"Double Energy+1","floor":24.0},{"not_picked":["Ball Lightning","Auto Shields+1"],"picked":"Hologram+1","floor":24.0},{"not_picked":["Go for the Eyes","Auto Shields+1"],"picked":"Turbo+1","floor":25.0},{"not_picked":["Force Field+1","Hologram+1"],"picked":"Rainbow+1","floor":27.0},{"not_picked":["Ball Lightning+1","Compile Driver"],"picked":"Static Discharge","floor":28.0},{"not_picked":["Darkness+1","Chill+1"],"picked":"Glacier+1","floor":29.0},{"not_picked":["Steam+1","Reprogram+1"],"picked":"BootSequence+1","floor":32.0},{"not_picked":["All For One","Hyperbeam"],"picked":"Buffer","floor":33.0},{"not_picked":["Steam Power+1","Leap+1"],"picked":"White Noise+1","floor":35.0},{"not_picked":["Sweeping Beam+1","Hologram+1"],"picked":"Ball Lightning+1","floor":35.0},{"not_picked":["Beam Cell+1","Cold Snap"],"picked":"White Noise+1","floor":36.0},{"not_picked":["Go for the Eyes+1","Ball Lightning+1"],"picked":"Coolheaded+1","floor":37.0},{"not_picked":["Hologram+1","Go for the Eyes"],"picked":"Skim+1","floor":37.0},{"not_picked":["Sweeping Beam","Cold Snap+1"],"picked":"Chill+1","floor":38.0},{"not_picked":["Barrage+1","Seek+1"],"picked":"Hologram+1","floor":38.0},{"not_picked":["Rebound","Hologram+1"],"picked":"Heatsinks+1","floor":40.0},{"not_picked":["Glacier+1","Beam Cell+1","Scrape"],"picked":"Singing Bowl","floor":41.0},{"not_picked":["Go for the Eyes+1","Conserve Battery+1","Rebound"],"picked":"Singing Bowl","floor":42.0},{"not_picked":["Redo+1","Skim+1","Turbo+1"],"picked":"Singing Bowl","floor":44.0},{"not_picked":["Ball Lightning","Sunder","Compile Driver+1"],"picked":"Singing Bowl","floor":46.0},{"not_picked":["Turbo+1","Rebound+1","Leap+1"],"picked":"Singing Bowl","floor":47.0},{"not_picked":["Hologram+1","Rebound"],"picked":"Genetic Algorithm+1","floor":47.0},{"not_picked":["Turbo+1","Hologram+1","Streamline+1"],"picked":"Singing Bowl","floor":48.0},{"not_picked":["Hologram+1","Gash+1","FTL+1"],"picked":"Singing Bowl","floor":49.0},{"not_picked":["Biased Cognition+1","Turbo+1"],"picked":"Storm+1","floor":52},{"not_picked":["Ball Lightning+1","Steam+1","Self Repair+1"],"picked":"Singing Bowl","floor":54}],"player_experience":502327,"relics_obtained":[{"floor":6.0,"key":"Prayer Wheel"},{"floor":8.0,"key":"FossilizedHelix"},{"floor":9.0,"key":"Calipers"},{"floor":10.0,"key":"CeramicFish"},{"floor":12.0,"key":"Toxic Egg 2"},{"floor":14.0,"key":"Potion Belt"},{"floor":23.0,"key":"Blood Vial"},{"floor":25.0,"key":"Dream Catcher"},{"floor":26.0,"key":"Cables"},{"floor":27.0,"key":"Bag of Marbles"},{"floor":29.0,"key":"Red Mask"},{"floor":31.0,"key":"Kunai"},{"floor":36.0,"key":"Gambling Chip"},{"floor":40.0,"key":"Strawberry"},{"floor":40.0,"key":"Frozen Egg 2"},{"floor":42.0,"key":"Omamori"},{"floor":42.0,"key":"Bird Faced Urn"},{"floor":46.0,"key":"Darkstone Periapt"},{"floor":46.0,"key":"Dead Branch"},{"floor":48.0,"key":"Molten Egg 2"},{"floor":48.0,"key":"Pear"},{"floor":54,"key":"Boot"},{"floor":54,"key":"Gremlin Horn"}],"event_choices":[{"damage_healed":0.0,"max_hp_gain":0.0,"max_hp_loss":0.0,"gold_gain":0.0,"event_name":"Scrap Ooze","player_choice":"Success","floor":2.0,"gold_loss":0.0,"damage_taken":7.0,"relics_obtained":["Akabeko"]},{"damage_healed":0.0,"max_hp_gain":0.0,"max_hp_loss":0.0,"gold_gain":0.0,"event_name":"FaceTrader","player_choice":"Trade","floor":3.0,"gold_loss":0.0,"damage_taken":0.0,"relics_obtained":["GremlinMask"]},{"damage_healed":0.0,"max_hp_gain":0.0,"max_hp_loss":0.0,"gold_gain":0.0,"event_name":"Dead Adventurer","player_choice":"Searched \u00271\u0027 times","floor":12.0,"gold_loss":0.0,"damage_taken":0.0},{"damage_healed":0.0,"max_hp_gain":0.0,"max_hp_loss":0.0,"gold_gain":75.0,"event_name":"World of Goop","player_choice":"Gather Gold","floor":13.0,"gold_loss":0.0,"damage_taken":11.0},{"cards_removed":["Static Discharge"],"damage_healed":0.0,"max_hp_gain":0.0,"max_hp_loss":0.0,"gold_gain":0.0,"event_name":"Beggar","player_choice":"Gave Gold","floor":19.0,"gold_loss":75.0,"damage_taken":0.0},{"damage_healed":0.0,"max_hp_gain":0.0,"max_hp_loss":0.0,"gold_gain":0.0,"event_name":"Accursed Blacksmith","player_choice":"Rummage","floor":21.0,"gold_loss":0.0,"damage_taken":0.0,"relics_obtained":["WarpedTongs"],"cards_obtained":["Pain"]},{"damage_healed":0.0,"max_hp_gain":0.0,"max_hp_loss":0.0,"gold_gain":0.0,"event_name":"Masked Bandits","player_choice":"Fought Bandits","floor":29.0,"gold_loss":0.0,"damage_taken":0.0},{"damage_healed":0.0,"max_hp_gain":0.0,"max_hp_loss":0.0,"gold_gain":0.0,"event_name":"MindBloom","player_choice":"Fight","floor":36.0,"gold_loss":0.0,"damage_taken":0.0},{"damage_healed":0.0,"max_hp_gain":0.0,"max_hp_loss":0.0,"gold_gain":0.0,"cards_transformed":["White Noise"],"event_name":"Transmorgrifier","player_choice":"Transformed","floor":45.0,"gold_loss":0.0,"damage_taken":0.0,"cards_obtained":["Core Surge"]}],"is_beta":false,"boss_relics":[{"not_picked":["Fusion Hammer","Sozu"],"picked":"Inserter"},{"not_picked":["Calling Bell","Coffee Dripper"],"picked":"Black Star"}],"items_purged_floors":[],"is_endless":false,"potions_floor_spawned":[5,6,7,11,18,22,25,27,33,36,38,42,48,54],"ascension_level":4}}