{"host":"gglig5t0wntczcri","time":1608891613,"event":{"mods":["BaseMod","BetterRewards","Colored Map","Colored Powertips","Minty Spire (QoL Compilation)"],"gold_per_floor":[113,113,113,133,148,191,191,206,206,206,220,253,178,194,194,285,348,362,380,393,131,156,156,169,169,194,225,246,246,269,312,312,406,406,427,427,28,49,49,88,88,88,88],"floor_reached":42,"playtime":2834,"items_purged":["Strike_R"],"score":1081,"play_id":"d68a0942-373c-42d4-a80d-28347acae6ca","local_time":"20201225052013","is_ascension_mode":true,"campfire_choices":[{"floor":7,"key":"REST"},{"floor":15,"key":"RECALL"},{"floor":23,"key":"REST"},{"data":"Metallicize","floor":25,"key":"SMITH"},{"floor":32,"key":"REST"}],"circlet_count":0,"master_deck":["AscendersBane","Strike_R","Strike_R","Strike_R","Strike_R","Defend_R","Defend_R","Defend_R","Defend_R","Bash","Metallicize+1","Shrug It Off","Shockwave","Heavy Blade","Limit Break+1","Uppercut","Cleave","Rampage","Pummel","Pummel","Metallicize+1","Shrug It Off","Shrug It Off+1","Heavy Blade","Inflame"],"relics":["Burning Blood","Pocketwatch","Sling","Sundial","Golden Idol","Red Skull","Charon\u0027s Ashes","Vajra","Tiny House","Kunai","Dream Catcher","Bronze Scales","Pen Nib","Busted Crown","Lee\u0027s Waffle","Letter Opener","Nunchaku"],"acts_visited":["Exordium","TheCity","TheBeyond"],"potions_floor_usage":[6,18,19,24,27,31,33,38,40],"damage_taken":[{"damage":0,"enemies":"2 Louse","floor":1,"turns":4},{"damage":0,"enemies":"Jaw Worm","floor":4,"turns":4},{"damage":0,"enemies":"Cultist","floor":5,"turns":3},{"damage":1,"enemies":"Lagavulin","floor":6,"turns":7},{"damage":14,"enemies":"Lots of Slimes","floor":8,"turns":5},{"damage":6,"enemies":"Blue Slaver","floor":11,"turns":5},{"damage":20,"enemies":"Gremlin Nob","floor":12,"turns":4},{"damage":1,"enemies":"3 Louse","floor":14,"turns":3},{"damage":11,"enemies":"Hexaghost","floor":16,"turns":7},{"damage":33,"enemies":"2 Thieves","floor":18,"turns":3},{"damage":6,"enemies":"Shell Parasite","floor":19,"turns":6},{"damage":10,"enemies":"3 Cultists","floor":20,"turns":4},{"damage":9,"enemies":"Centurion and Healer","floor":22,"turns":6},{"damage":1,"enemies":"Snecko","floor":24,"turns":5},{"damage":29,"enemies":"Book of Stabbing","floor":27,"turns":8},{"damage":15,"enemies":"Snake Plant","floor":28,"turns":6},{"damage":0,"enemies":"Cultist and Chosen","floor":30,"turns":6},{"damage":9,"enemies":"Gremlin Leader","floor":31,"turns":4},{"damage":32,"enemies":"Collector","floor":33,"turns":9},{"damage":23,"enemies":"3 Darklings","floor":35,"turns":5},{"damage":6,"enemies":"3 Shapes","floor":38,"turns":4},{"damage":6,"enemies":"Giant Head","floor":40,"turns":6},{"damage":94,"enemies":"2 Orb Walkers","floor":42,"turns":5}],"seed_played":"8439186489732366516","potions_obtained":[{"floor":4,"key":"BlessingOfTheForge"},{"floor":12,"key":"Swift Potion"},{"floor":14,"key":"Regen Potion"},{"floor":17,"key":"DuplicationPotion"},{"floor":19,"key":"GamblersBrew"},{"floor":20,"key":"LiquidBronze"},{"floor":27,"key":"SpeedPotion"},{"floor":28,"key":"Dexterity Potion"},{"floor":33,"key":"Energy Potion"},{"floor":38,"key":"Weak Potion"},{"floor":40,"key":"Strength Potion"}],"is_trial":false,"path_per_floor":["M","?","?","M","M","E","R","M","T","?","M","E","$","M","R","B",null,"M","M","M","$","M","R","M","R","T","E","M","?","M","E","R","B",null,"M","?","$","M","?","E","?","?"],"character_chosen":"IRONCLAD","items_purchased":["Metallicize","Shrug It Off","Sling","Sundial","Kunai","Lee\u0027s Waffle","Letter Opener"],"campfire_rested":3,"item_purchase_floors":[0,0,0,0,21,37,37],"current_hp_per_floor":[42,42,30,36,42,47,69,61,61,61,61,47,47,52,52,47,72,45,60,56,56,53,76,79,79,79,56,47,32,38,35,60,34,72,55,55,91,91,86,86,86,0,0],"gold":88,"neow_bonus":"","is_daily":false,"chose_seed":false,"campfire_upgraded":1,"win_rate":0.0,"timestamp":1608891613,"path_taken":["M","?","?","M","M","E","R","M","T","?","?","E","$","M","R","BOSS","M","M","?","$","M","R","M","R","T","E","M","?","M","E","R","BOSS","M","?","$","?","?","E","?","?"],"items_purchased_type":["Card","Card","Relic","Relic","Relic","Relic","Relic"],"build_version":"2020-12-22","purchased_purges":1,"victory":false,"max_hp_per_floor":[80,74,74,74,74,74,74,74,74,74,74,74,74,74,74,74,79,79,79,79,79,79,79,79,79,79,79,79,84,84,84,84,84,84,84,84,91,91,86,86,86,86,86],"card_choices":[{"not_picked":["Flex","Thunderclap","Hemokinesis"],"picked":"SKIP","floor":1},{"not_picked":["Fire Breathing","Iron Wave"],"picked":"Shockwave","floor":4},{"not_picked":["Armaments","Blood for Blood"],"picked":"Heavy Blade","floor":5},{"not_picked":["Ghostly Armor","Perfected Strike"],"picked":"Limit Break","floor":6},{"not_picked":["Clash","Twin Strike"],"picked":"Uppercut","floor":8},{"not_picked":["Perfected Strike","Shrug It Off"],"picked":"Inflame","floor":11},{"not_picked":["Spot Weakness","Carnage","Burning Pact"],"picked":"SKIP","floor":12},{"not_picked":["Hemokinesis","Havoc"],"picked":"Cleave","floor":14},{"not_picked":["Twin Strike","Battle Trance"],"picked":"Rampage","floor":17},{"not_picked":["Havoc","Evolve"],"picked":"Pummel","floor":18},{"not_picked":["Bloodletting","Warcry"],"picked":"Pummel","floor":19},{"not_picked":["Flame Barrier","Spot Weakness"],"picked":"Metallicize","floor":20},{"not_picked":["Twin Strike","Thunderclap"],"picked":"Shrug It Off","floor":22},{"not_picked":["Anger","Clash","Sever Soul"],"picked":"SKIP","floor":24},{"not_picked":["Immolate","Pommel Strike"],"picked":"Shrug It Off+1","floor":27},{"not_picked":["Whirlwind+1","Battle Trance+1","Anger"],"picked":"SKIP","floor":28},{"not_picked":["Evolve","Clothesline"],"picked":"Heavy Blade","floor":30},{"not_picked":["Entrench","Sword Boomerang","Fire Breathing"],"picked":"SKIP","floor":31},{"not_picked":["Shrug It Off"],"picked":"SKIP","floor":35},{"not_picked":["Headbutt"],"picked":"SKIP","floor":38},{"not_picked":["Iron Wave"],"picked":"SKIP","floor":40}],"player_experience":925411,"relics_obtained":[{"floor":6,"key":"Charon\u0027s Ashes"},{"floor":12,"key":"Vajra"},{"floor":26,"key":"Dream Catcher"},{"floor":27,"key":"Bronze Scales"},{"floor":31,"key":"Pen Nib"},{"floor":40,"key":"Nunchaku"}],"event_choices":[{"damage_healed":0,"gold_gain":0,"player_choice":"Lose Max HP","damage_taken":0,"relics_obtained":["Golden Idol"],"max_hp_gain":0,"max_hp_loss":6,"event_name":"Golden Idol","floor":2,"gold_loss":0},{"damage_healed":0,"gold_gain":0,"player_choice":"Success","damage_taken":12,"relics_obtained":["Red Skull"],"max_hp_gain":0,"max_hp_loss":0,"event_name":"Scrap Ooze","floor":3,"gold_loss":0},{"damage_healed":0,"gold_gain":0,"player_choice":"Forge","damage_taken":0,"max_hp_gain":0,"max_hp_loss":0,"event_name":"Accursed Blacksmith","floor":10,"gold_loss":0,"cards_upgraded":["Limit Break"]},{"damage_healed":0,"gold_gain":0,"player_choice":"Shed Blood","damage_taken":20,"max_hp_gain":5,"max_hp_loss":0,"event_name":"Forgotten Altar","floor":29,"gold_loss":0},{"damage_healed":0,"gold_gain":0,"player_choice":"1 cards matched","damage_taken":0,"max_hp_gain":0,"max_hp_loss":0,"event_name":"Match and Keep!","floor":36,"gold_loss":0,"cards_obtained":["Inflame"]},{"damage_healed":0,"gold_gain":0,"player_choice":"Max HP","damage_taken":0,"max_hp_gain":0,"max_hp_loss":5,"event_name":"Winding Halls","floor":39,"gold_loss":0},{"cards_removed":["Inflame"],"damage_healed":0,"gold_gain":0,"player_choice":"Removed Power","damage_taken":0,"max_hp_gain":0,"max_hp_loss":0,"event_name":"Falling","floor":41,"gold_loss":0},{"damage_healed":0,"gold_gain":0,"player_choice":"Fight","damage_taken":0,"max_hp_gain":0,"max_hp_loss":0,"event_name":"Mysterious Sphere","floor":42,"gold_loss":0}],"is_beta":false,"boss_relics":[{"not_picked":["Snecko Eye","Velvet Choker"],"picked":"Tiny House"},{"not_picked":["SacredBark","SlaversCollar"],"picked":"Busted Crown"}],"items_purged_floors":[13],"is_endless":false,"potions_floor_spawned":[4,12,14,19,20,27,28,33,38,40],"killed_by":"2 Orb Walkers","ascension_level":13}}