{"host":"0cnf9zf1gia27zti","time":1608919055,"event":{"mods":["BaseMod","BetterRewards","Card Forge","Colored Map","Colored Powertips","Conspire","Downfall","Minty Spire (QoL Compilation)","Practice Mode","Quick Restart","Replay The Spire","Robot Space Explorer","Shade Mod","Spicy Shops","StSLib"],"gold_per_floor":[116,53,68,218,243,271,271,271,295,295,322,322,13,13,13,108,108,121,145,145,158,104,143,156,206,206,239,239,58,90,115,115,235,235,263,133,133,162,186,186,51,51,51,70,70,70,118,118,118,122,130],"floor_reached":52,"playtime":10205,"items_purged":["Strike_G","Strike_G+1"],"score":1903,"play_id":"6d144cab-6156-4af6-8493-3755dd97dbdd","local_time":"20201225175735","is_ascension_mode":true,"campfire_choices":[{"data":"Footwork","floor":8,"key":"SMITH"},{"data":"Strike_G","floor":10,"key":"SMITH"},{"floor":15,"key":"REST"},{"data":"Prepared","floor":40,"key":"SMITH"},{"data":"Defend_G","floor":42,"key":"SMITH"},{"data":"Defend_G","floor":45,"key":"SMITH"},{"floor":49,"key":"REST"}],"circlet_count":0,"master_deck":["AscendersBane","Strike_G+1","Defend_G+1","Defend_G+1","Defend_G","Defend_G+1","Survivor+1","Neutralize+1","Noxious Fumes+1","Noxious Fumes+1","Footwork+1","Backflip+1","ReplayTheSpireMod:Brewmster+1","Poison Darts+1","Noxious Fumes+1","Backstab","Prepared+1","Poison Darts+1","Noxious Fumes+1","Night Terror+1","Night Terror+1"],"relics":["Ring of the Snake","Hammer of Thor","Seething Fire","Anvil of the Gods","DollysMirror","Matryoshka","Eternal Feather","Divine Protection","Chemical X","Mummified Hand","Gremlin Food","Omamori","ReplayTheSpireMod:CursedCoin","Golden Egg","Blue Doll","Replay:Baseball","PreservedInsect","Toy Ornithopter","Odd Mushroom","Membership Card","Bronze Scales","Golden Idol","HoveringKite","Pet Ghost","Akabeko","Replay:Bandana","Question Card","Black Star","Snake Skull","TwistedFunnel","Mercury Hourglass","conspire:TopHat","Anchor"],"acts_visited":["Exordium","TheCity","TheBeyond"],"potions_floor_usage":[6,16,16,16,21,21,21,24,24,24,30,30,31,33,33,44,47,50,50,50,50,51,51,51,51,51,51],"damage_taken":[{"damage":0,"enemies":"Cultist","floor":1,"turns":4},{"damage":0,"enemies":"2 Louse","floor":3,"turns":3},{"damage":11,"enemies":"Gremlin Nob","floor":6,"turns":4},{"damage":0,"enemies":"The Mushroom Lair","floor":11,"turns":4},{"damage":16,"enemies":"The Guardian","floor":16,"turns":7},{"damage":0,"enemies":"Spheric Guardian","floor":18,"turns":3},{"damage":7,"enemies":"Shell Parasite","floor":19,"turns":3},{"damage":2,"enemies":"Snake Plant","floor":21,"turns":3},{"damage":0,"enemies":"Gremlin Leader","floor":23,"turns":4},{"damage":9,"enemies":"Cultist and Chosen","floor":24,"turns":5},{"damage":2,"enemies":"Book of Stabbing","floor":27,"turns":4},{"damage":1,"enemies":"Centurion and Healer","floor":30,"turns":4},{"damage":0,"enemies":"Sentry and Sphere","floor":31,"turns":2},{"damage":13,"enemies":"Collector","floor":33,"turns":5},{"damage":0,"enemies":"3 Shapes","floor":35,"turns":3},{"damage":0,"enemies":"Orb Walker","floor":38,"turns":2},{"damage":0,"enemies":"3 Darklings","floor":39,"turns":4},{"damage":0,"enemies":"Transient","floor":44,"turns":6},{"damage":4,"enemies":"R_Hoarder","floor":47,"turns":4},{"damage":4,"enemies":"Replay:Hell Engine","floor":50,"turns":7},{"damage":73,"enemies":"Awakened One","floor":51,"turns":9}],"seed_played":"-7359622113633643994","potions_obtained":[{"floor":1,"key":"AttackPotion"},{"floor":16,"key":"Weak Potion"},{"floor":18,"key":"Dexterity Potion"},{"floor":23,"key":"Swift Potion"},{"floor":32,"key":"Slimebound:ThreeZeroPotion"},{"floor":32,"key":"SneckoOil"},{"floor":33,"key":"SkillPotion"},{"floor":35,"key":"PowerPotion"},{"floor":44,"key":"Dexterity Potion"},{"floor":47,"key":"Reflective Coating"}],"is_trial":false,"path_per_floor":["M","$","M","$","T","E","?","R","T","R","?","?","$","?","R","B",null,"M","M","?","M","$","E","M","?","T","E","?","$","M","M","R_BF","B",null,"M","$","?","M","M","R","$","R","T","M","R","$","E","?","R","B","B",null],"character_chosen":"THE_SILENT","items_purchased":["Noxious Fumes+1","DollysMirror","Matryoshka","Eternal Feather","Footwork","Divine Protection","Chemical X","Mummified Hand","Gremlin Food","Omamori","ReplayTheSpireMod:CursedCoin","Membership Card","ReplayTheSpireMod:Brewmster","Bronze Scales","conspire:TimeTravelPotion","Noxious Fumes","Question Card","Noxious Fumes","Snake Skull","Night Terror","TwistedFunnel"],"campfire_rested":2,"item_purchase_floors":[0,0,0,0,0,0,0,0,0,2,4,13,13,13,13,22,29,36,36,41,41],"current_hp_per_floor":[59,59,59,59,59,48,48,57,57,66,66,66,66,43,66,66,66,66,59,59,66,66,66,66,66,66,64,64,64,65,66,66,58,64,64,64,64,64,64,66,66,66,66,66,66,66,62,62,66,62,13],"gold":130,"neow_bonus":"","is_daily":false,"chose_seed":false,"campfire_upgraded":5,"win_rate":0.0,"timestamp":1608919055,"path_taken":["M","$","M","$","?","E","?","R","T","R","?","?","?","?","R","BOSS","M","M","?","M","$","E","?","?","T","E","?","$","M","M","R_BF","BOSS","M","$","?","M","?","R","$","R","T","M","R","$","E","?","R","BOSS","BOSS"],"items_purchased_type":["Card","Relic","Relic","Relic","Card","Relic","Relic","Relic","Relic","Relic","Relic","Relic","Card","Relic","Potion","Card","Relic","Card","Relic","Card","Relic"],"build_version":"2020-12-22","purchased_purges":2,"victory":true,"max_hp_per_floor":[66,66,66,66,66,66,66,66,66,66,66,66,66,66,66,66,66,66,66,66,66,66,66,66,66,66,66,66,66,66,66,66,66,66,66,66,66,66,66,66,66,66,66,66,66,66,66,66,66,66,66],"card_choices":[{"not_picked":["Deadly Poison","Underhanded Strike"],"picked":"Backflip","floor":1},{"not_picked":["Sneak Up","Outmaneuver","Hidden Blade"],"picked":"SKIP","floor":3},{"not_picked":["Terror","conspire:PoisonWeapons","Grand Finale"],"picked":"SKIP","floor":6},{"not_picked":["Grand Finale","Unload"],"picked":"ReplayTheSpireMod:From All Sides","floor":16},{"not_picked":["ReplayTheSpireMod:Tripwire","Dodge and Roll","Underhanded Strike"],"picked":"SKIP","floor":18},{"not_picked":["conspire:DoublingDagger+1","Eviscerate","Slice"],"picked":"SKIP","floor":19},{"not_picked":["conspire:PoisonWeapons","Flying Knee","Quick Slash"],"picked":"SKIP","floor":21},{"not_picked":["Dodge and Roll","Cloak And Dagger","Choke"],"picked":"SKIP","floor":23},{"not_picked":["Poisoned Stab","Concentrate"],"picked":"Backstab","floor":24},{"not_picked":["ReplayTheSpireMod:Shiv Toss","Dash"],"picked":"Prepared","floor":27},{"not_picked":["Blur+1","Cloak And Dagger","ReplayTheSpireMod:Exploit Weakness","Unload"],"picked":"SKIP","floor":30},{"not_picked":["Outmaneuver","Quick Slash","Dodge and Roll","Concentrate"],"picked":"SKIP","floor":31},{"not_picked":["After Image","Adrenaline","Glass Knife"],"picked":"Poison Darts","floor":33},{"not_picked":["Deflect+1","ReplayTheSpireMod:The Works+1","Quick Slash","Poisoned Stab"],"picked":"SKIP","floor":35},{"not_picked":["Poisoned Stab","Crippling Poison","Quick Slash","Dodge and Roll+1"],"picked":"SKIP","floor":38},{"not_picked":["Hidden Blade","Blur","Terror","Poisoned Stab"],"picked":"SKIP","floor":39},{"not_picked":["PiercingWail","Poisoned Stab+1","Quick Slash+1","Acrobatics"],"picked":"SKIP","floor":44},{"not_picked":["Infinite Blades+1","Dodge and Roll","Outmaneuver+1","Cloak And Dagger"],"picked":"SKIP","floor":47}],"player_experience":2493698,"relics_obtained":[{"floor":5,"key":"Golden Egg"},{"floor":5,"key":"Blue Doll"},{"floor":6,"key":"Replay:Baseball"},{"floor":9,"key":"PreservedInsect"},{"floor":9,"key":"Toy Ornithopter"},{"floor":11,"key":"Odd Mushroom"},{"floor":23,"key":"Pet Ghost"},{"floor":26,"key":"Akabeko"},{"floor":27,"key":"Replay:Bandana"},{"floor":43,"key":"Mercury Hourglass"},{"floor":47,"key":"conspire:TopHat"},{"floor":47,"key":"Anchor"}],"event_choices":[{"damage_healed":0,"gold_gain":0,"player_choice":"Fought Mushrooms","damage_taken":0,"max_hp_gain":0,"max_hp_loss":0,"event_name":"Mushrooms","floor":11,"gold_loss":0},{"cards_removed":["Strike_G"],"damage_healed":0,"gold_gain":0,"player_choice":"Forget","damage_taken":0,"max_hp_gain":0,"max_hp_loss":0,"event_name":"Living Wall","floor":12,"gold_loss":0},{"damage_healed":0,"gold_gain":0,"player_choice":"Take Damage","damage_taken":23,"relics_obtained":["Golden Idol"],"max_hp_gain":0,"max_hp_loss":0,"event_name":"Golden Idol","floor":14,"gold_loss":0},{"damage_healed":0,"gold_gain":0,"cards_transformed":["Strike_G"],"player_choice":"Transformed","damage_taken":0,"max_hp_gain":0,"max_hp_loss":0,"event_name":"Transmorgrifier","floor":20,"gold_loss":0,"cards_obtained":["Tactician"]},{"damage_healed":0,"gold_gain":50,"player_choice":"Stole From Cult","damage_taken":0,"max_hp_gain":0,"max_hp_loss":0,"event_name":"Nest","floor":25,"gold_loss":0},{"damage_healed":0,"gold_gain":0,"player_choice":"Ignored","damage_taken":0,"max_hp_gain":0,"max_hp_loss":0,"event_name":"Ghosts","floor":28,"gold_loss":0},{"cards_removed":["Defend_G"],"damage_healed":0,"gold_gain":0,"player_choice":"Offered Basic","damage_taken":0,"max_hp_gain":0,"max_hp_loss":0,"event_name":"Bonfire Elementals","floor":37,"gold_loss":0}],"is_beta":false,"boss_relics":[{"not_picked":["conspire:SeveredTorchhead","ChewingGum"],"picked":"HoveringKite"},{"not_picked":["Calling Bell","Pandora\u0027s Box"],"picked":"Black Star"}],"items_purged_floors":[22,29],"is_endless":false,"potions_floor_spawned":[1,16,18,23,27,33,35,44,47],"ascension_level":20}}