{"host":"9d9dhukr2jywmy0f","time":1608907815,"event":{"mods":["2.2 Compatiblity","Alarm Clock","BaseMod","Bestiary","Block Reminder","Challenge The Spire","Colored Map","Colored Powertips","Curses Come First","DeckTracker","Displayed Cursed Tome","Highlight Path","Key Reminder","Keyboard Shortcuts","Minty Spire (QoL Compilation)","MonsterHotkey","Potion Indicator Mod","Quick Restart","Rare Cards Sparkle","Relic Sorter","Relic Stats","Spire Birthday Party","StSLib","Synergy Search","Unceasing Turn Reminder","Unknown Chances"],"gold_per_floor":[84,84,194,313,431,431,15,15,126,240,358,358,180,2,119,237,347,459],"floor_reached":19,"playtime":2165,"items_purged":["Defend_P","Defend_P","Defend_P","Strike_P"],"score":2640,"play_id":"dfaf1a07-650f-4b63-a89c-14dcf4e913d2","local_time":"20201225225015","daily_mods":["challengethespire:Bronze Difficulty","challengethespire:Boss Rush","Uncertain Future"],"is_ascension_mode":false,"campfire_choices":[{"floor":2.0,"key":"DIG"},{"data":"Eruption","floor":8.0,"key":"SMITH"}],"circlet_count":0,"master_deck":["Strike_P","Strike_P","Strike_P","Defend_P","Eruption+1","Vigilance","MentalFortress+1","EmptyMind+1","CarveReality+1","TalkToTheHand+1","FlurryOfBlows+1","Omniscience+1","Adaptation+1","TalkToTheHand+1","Flash of Steel+1","InnerPeace+1","Halt+1","FlurryOfBlows+1","Flash of Steel+1","Prostrate+1","Indignation+1","Sanctity+1","Adaptation+1"],"relics":["HolyWater","The Courier","Molten Egg 2","Toxic Egg 2","Frozen Egg 2","Medical Kit","Shovel","Orichalcum","Toy Ornithopter","Nunchaku","TeardropLocket","GoldenEye","StoneCalendar","Centennial Puzzle","DollysMirror","Pen Nib","Yang","CloakClasp","Mercury Hourglass","Pantograph","Strawberry","Damaru","Bottled Tornado","Anchor"],"acts_visited":["Exordium"],"potions_floor_usage":[],"damage_taken":[{"damage":37.0,"enemies":"The Guardian","floor":3.0,"turns":14.0},{"damage":0.0,"enemies":"Hexaghost","floor":4.0,"turns":9.0},{"damage":0.0,"enemies":"Slime Boss","floor":5.0,"turns":7.0},{"damage":38.0,"enemies":"Automaton","floor":9.0,"turns":8.0},{"damage":0.0,"enemies":"Collector","floor":10.0,"turns":7.0},{"damage":0.0,"enemies":"Champ","floor":11.0,"turns":8.0},{"damage":45.0,"enemies":"Awakened One","floor":15.0,"turns":12.0},{"damage":3.0,"enemies":"Time Eater","floor":16.0,"turns":8.0},{"damage":0.0,"enemies":"Donu and Deca","floor":17.0,"turns":7.0},{"damage":2,"enemies":"The Heart","floor":18,"turns":8}],"seed_played":"8893609437184258140","potions_obtained":[{"floor":3.0,"key":"Block Potion"},{"floor":5.0,"key":"SteroidPotion"},{"floor":9.0,"key":"SpeedPotion"},{"floor":16.0,"key":"FairyPotion"}],"is_trial":true,"path_per_floor":["$","R","M","M","M","T","$","R","M","M","M","T","$","$","M","M","M","M",null],"character_chosen":"WATCHER","items_purchased":["Medical Kit","Shovel","Orichalcum","Toy Ornithopter","Nunchaku","MentalFortress+1","EmptyMind+1","CarveReality+1","Adaptation+1","DollysMirror","Pen Nib","Flash of Steel+1","Flash of Steel+1","Regen Potion"],"campfire_rested":0,"item_purchase_floors":[1,1,1,1,1,1,1,1,7,7,7,7,13,14],"current_hp_per_floor":[72,72,35,40,40,40,40,40,2,7,7,7,7,7,14,36,61,77],"gold":459,"neow_bonus":"","is_daily":false,"chose_seed":false,"campfire_upgraded":1,"win_rate":0.0,"timestamp":1608907815,"path_taken":["$","R","M","M","M","T","$","R","M","M","M","T","$","$","M","M","M","M"],"items_purchased_type":["Relic","Relic","Relic","Relic","Relic","Card","Card","Card","Card","Relic","Relic","Card","Card","Potion"],"build_version":"2020-11-30","purchased_purges":4,"victory":true,"max_hp_per_floor":[72,72,72,72,72,72,72,72,72,72,72,72,72,72,79,79,79,79],"relic_stats":{"counters":[10,88],"StoneCalendar":[268],"Yang":[273],"Pen Nib":[30],"CloakClasp":[172],"Orichalcum":[66],"Medical Kit":[4],"GoldenEye":[0],"Mercury Hourglass":[117],"Nunchaku":[36],"Centennial Puzzle":[11],"Shovel":1,"Pantograph":93,"obtain_stats":[{"StoneCalendar":4,"Yang":9,"CloakClasp":10,"TeardropLocket":2,"Bottled Tornado":17,"Nunchaku":1,"Centennial Puzzle":5,"Shovel":1,"DollysMirror":7,"Pantograph":12,"Strawberry":15,"Toxic Egg 2":0,"Damaru":16,"The Courier":0,"Pen Nib":7,"Frozen Egg 2":0,"Orichalcum":1,"Medical Kit":1,"GoldenEye":3,"Mercury Hourglass":11,"Anchor":18,"HolyWater":6,"Molten Egg 2":0,"PureWater":0,"Toy Ornithopter":1},{"StoneCalendar":2,"Yang":4,"CloakClasp":5,"TeardropLocket":0,"Bottled Tornado":9,"Nunchaku":0,"Centennial Puzzle":3,"Shovel":0,"DollysMirror":3,"Pantograph":6,"Strawberry":7,"Toxic Egg 2":0,"Damaru":8,"The Courier":0,"Pen Nib":3,"Frozen Egg 2":0,"Orichalcum":0,"Medical Kit":0,"GoldenEye":1,"Mercury Hourglass":6,"Anchor":10,"HolyWater":3,"Molten Egg 2":0,"PureWater":0,"Toy Ornithopter":0},{"StoneCalendar":23,"Yang":38,"CloakClasp":45,"TeardropLocket":0,"Bottled Tornado":80,"Nunchaku":0,"Centennial Puzzle":30,"Shovel":0,"DollysMirror":30,"Pantograph":53,"Strawberry":65,"Toxic Egg 2":0,"Damaru":73,"The Courier":0,"Pen Nib":30,"Frozen Egg 2":0,"Orichalcum":0,"Medical Kit":0,"GoldenEye":14,"Mercury Hourglass":53,"Anchor":88,"HolyWater":30,"Molten Egg 2":0,"PureWater":0,"Toy Ornithopter":0}],"Toy Ornithopter":15},"card_choices":[],"player_experience":751997,"relics_obtained":[{"floor":2.0,"key":"TeardropLocket"},{"floor":3.0,"key":"GoldenEye"},{"floor":4.0,"key":"StoneCalendar"},{"floor":5.0,"key":"Centennial Puzzle"},{"floor":9.0,"key":"Yang"},{"floor":10.0,"key":"CloakClasp"},{"floor":11.0,"key":"Mercury Hourglass"},{"floor":15.0,"key":"Strawberry"},{"floor":16.0,"key":"Damaru"},{"floor":17.0,"key":"Bottled Tornado"},{"floor":18,"key":"Anchor"}],"event_choices":[],"is_beta":false,"boss_relics":[{"not_picked":["Philosopher\u0027s Stone","Coffee Dripper"],"picked":"HolyWater"},{"not_picked":["Fusion Hammer","Pandora\u0027s Box"],"picked":"Pantograph"}],"items_purged_floors":[1,7,13,14],"is_endless":false,"potions_floor_spawned":[3,5,9,16],"ascension_level":0}}