{"host":"ibfpjm2kz059o009","time":1608921218,"event":{"mods":["AchievementEnabler","BaseMod","Block Reminder","Colored Powertips","DeckTracker","Googly Eyes","Key Reminder","Minty Spire (QoL Compilation)","Shop Mod","Unceasing Turn Reminder"],"gold_per_floor":[110,110,39,55,74,74,86,106,130,142,205,205,230,243,243,343,343,361,361,361,374,374,406,406,432,457,457,476,476,28,28,28,131,131,151,0,20,20,38,38,48,48,48,48,63,112,137,137,137],"floor_reached":48,"playtime":2784,"items_purged":[],"score":600,"play_id":"ce513c27-994e-42a8-86eb-43bdd77ff68f","local_time":"20201225133338","is_ascension_mode":true,"campfire_choices":[{"floor":6,"key":"RECALL"},{"floor":12,"key":"REST"},{"floor":15,"key":"REST"},{"floor":24,"key":"REST"},{"floor":27,"key":"REST"},{"floor":29,"key":"REST"},{"floor":32,"key":"REST"},{"floor":40,"key":"REST"},{"floor":44,"key":"REST"}],"circlet_count":0,"master_deck":["Defend_G","Defend_G","Defend_G","Defend_G","Defend_G","Survivor","Neutralize","Sucker Punch","Envenom","Acrobatics","Noxious Fumes","Calculated Gamble+1","Acrobatics","Bane","Predator+1","Dash+1","Tools of the Trade","Deadly Poison","All Out Attack+1","Bite+1","Bite+1","Bite+1","Bite+1","Bite+1","Endless Agony+1","Writhe","Deflect+1","Venomology","Distraction","Underhanded Strike+1","Deadly Poison","Dark Shackles","Necronomicurse","Corpse Explosion","Quick Slash+1","PiercingWail+1","Writhe","Sucker Punch+1","Dagger Throw+1","Skewer+1","Bane+1","Infinite Blades+1"],"relics":["HoveringKite","Art of War","Molten Egg 2","HornCleat","Fusion Hammer","Regal Pillow","Lantern","War Paint","Juzu Bracelet","Ice Cream","Necronomicon","Velvet Choker","Red Mask","Pear","Tingsha","Girya"],"acts_visited":["Exordium","TheCity","TheBeyond"],"potions_floor_usage":[16,18,21,25,25,28,28,37,39,39,39,41,46,47],"damage_taken":[{"damage":0,"enemies":"Cultist","floor":1,"turns":4},{"damage":5,"enemies":"2 Louse","floor":4,"turns":5},{"damage":7,"enemies":"Jaw Worm","floor":5,"turns":4},{"damage":12,"enemies":"2 Fungi Beasts","floor":7,"turns":4},{"damage":13,"enemies":"Large Slime","floor":8,"turns":4},{"damage":2,"enemies":"Blue Slaver","floor":10,"turns":5},{"damage":28,"enemies":"3 Sentries","floor":11,"turns":7},{"damage":13,"enemies":"Lagavulin","floor":13,"turns":6},{"damage":0,"enemies":"Looter","floor":14,"turns":3},{"damage":8,"enemies":"Hexaghost","floor":16,"turns":7},{"damage":0,"enemies":"Chosen","floor":18,"turns":4},{"damage":6,"enemies":"3 Byrds","floor":21,"turns":4},{"damage":60,"enemies":"Slavers","floor":23,"turns":5},{"damage":39,"enemies":"Book of Stabbing","floor":25,"turns":6},{"damage":5,"enemies":"Snake Plant","floor":28,"turns":4},{"damage":30,"enemies":"Collector","floor":33,"turns":8},{"damage":15,"enemies":"3 Darklings","floor":35,"turns":3},{"damage":20,"enemies":"3 Shapes","floor":37,"turns":4},{"damage":32,"enemies":"Maw","floor":39,"turns":8},{"damage":79,"enemies":"Writhing Mass","floor":41,"turns":6},{"damage":0,"enemies":"4 Shapes","floor":45,"turns":4},{"damage":20,"enemies":"2 Orb Walkers","floor":46,"turns":4},{"damage":51,"enemies":"Reptomancer","floor":47,"turns":4},{"damage":17,"enemies":"Jaw Worm Horde","floor":48,"turns":1}],"seed_played":"-3874935989479308163","potions_obtained":[{"floor":5,"key":"FairyPotion"},{"floor":7,"key":"Swift Potion"},{"floor":11,"key":"Strength Potion"},{"floor":16,"key":"CunningPotion"},{"floor":18,"key":"Weak Potion"},{"floor":23,"key":"SkillPotion"},{"floor":25,"key":"GhostInAJar"},{"floor":33,"key":"Energy Potion"},{"floor":37,"key":"Regen Potion"},{"floor":45,"key":"LiquidMemories"},{"floor":46,"key":"ColorlessPotion"}],"is_trial":false,"path_per_floor":["M","T","$","M","M","R","M","M","T","M","?","R","E","M","R","B",null,"M","?","?","M","?","E","R","E","T","R","M","R","$","?","R","B",null,"M","?","M","?","M","R","M","$","T","R","M","?","E","M"],"character_chosen":"THE_SILENT","items_purchased":["Envenom","Ice Cream","Underhanded Strike+1","Deadly Poison","Dark Shackles"],"campfire_rested":8,"item_purchase_floors":[3,30,30,30,30],"current_hp_per_floor":[70,70,70,65,58,58,46,33,33,31,3,24,11,11,32,24,70,70,70,49,43,43,15,44,19,19,48,47,49,49,33,49,39,49,34,34,29,41,30,49,20,20,30,59,59,48,9,0,0],"gold":137,"neow_bonus":"BOSS_RELIC","is_daily":false,"chose_seed":false,"campfire_upgraded":0,"win_rate":0.0,"timestamp":1608921218,"path_taken":["M","?","?","?","M","R","M","M","T","M","?","R","E","M","R","BOSS","M","?","?","M","?","E","R","E","T","R","M","R","$","?","R","BOSS","M","?","M","?","M","R","M","$","T","R","M","?","E","M"],"items_purchased_type":["Card","Relic","Card","Card","Card"],"build_version":"2020-12-22","purchased_purges":0,"victory":false,"max_hp_per_floor":[70,70,70,70,70,70,70,70,70,70,70,70,70,70,70,70,70,70,70,49,49,49,49,49,49,49,49,49,49,49,49,49,49,49,49,49,49,49,49,49,49,49,59,59,59,59,59,59,59],"card_choices":[{"not_picked":["Cloak And Dagger","Dodge and Roll"],"picked":"Sucker Punch","floor":1},{"not_picked":["Outmaneuver","Night Terror"],"picked":"Acrobatics","floor":4},{"not_picked":["Dagger Spray","Leg Sweep"],"picked":"Noxious Fumes","floor":5},{"not_picked":["Predator","Backflip"],"picked":"Calculated Gamble","floor":7},{"not_picked":["Choke","Cloak And Dagger"],"picked":"Acrobatics","floor":8},{"not_picked":["Backflip","Caltrops"],"picked":"Bane","floor":10},{"not_picked":["Backstab+1","Deflect"],"picked":"Predator+1","floor":11},{"not_picked":["Backflip","Acrobatics","Phantasmal Killer"],"picked":"SKIP","floor":13},{"not_picked":["Cloak And Dagger","Acrobatics"],"picked":"Dash+1","floor":14},{"not_picked":["Phantasmal Killer","Unload+1"],"picked":"Tools of the Trade","floor":16},{"not_picked":["Infinite Blades","Flying Knee+1"],"picked":"Deadly Poison","floor":18},{"not_picked":["Terror","Sucker Punch+1"],"picked":"Endless Agony+1","floor":21},{"not_picked":["Footwork","Accuracy"],"picked":"Deflect","floor":23},{"not_picked":["Phantasmal Killer","Cloak And Dagger"],"picked":"Venomology","floor":25},{"not_picked":["Dagger Throw+1","Quick Slash+1"],"picked":"Distraction","floor":28},{"not_picked":["Malaise","Storm of Steel"],"picked":"Corpse Explosion","floor":33},{"not_picked":["Sucker Punch+1","Blur"],"picked":"Quick Slash+1","floor":35},{"not_picked":["Dodge and Roll+1","Concentrate+1"],"picked":"PiercingWail+1","floor":37},{"not_picked":["Deflect","Blade Dance"],"picked":"Sucker Punch+1","floor":39},{"not_picked":["Deadly Poison","Well Laid Plans"],"picked":"Dagger Throw+1","floor":41},{"not_picked":["Accuracy","Dagger Throw+1"],"picked":"Skewer+1","floor":45},{"not_picked":["Sucker Punch+1","Blade Dance"],"picked":"Bane+1","floor":46},{"not_picked":["Acrobatics+1","Deadly Poison"],"picked":"Infinite Blades+1","floor":47}],"player_experience":587791,"relics_obtained":[{"floor":9,"key":"Art of War"},{"floor":11,"key":"Molten Egg 2"},{"floor":13,"key":"HornCleat"},{"floor":23,"key":"Lantern"},{"floor":25,"key":"War Paint"},{"floor":26,"key":"Juzu Bracelet"},{"floor":31,"key":"Necronomicon"},{"floor":43,"key":"Pear"},{"floor":46,"key":"Tingsha"},{"floor":47,"key":"Girya"}],"event_choices":[{"damage_healed":0,"gold_gain":0,"player_choice":"Searched \u00272\u0027 times","damage_taken":0,"max_hp_gain":0,"max_hp_loss":0,"event_name":"Dead Adventurer","floor":11,"gold_loss":0},{"damage_healed":0,"gold_gain":0,"player_choice":"Read","damage_taken":0,"max_hp_gain":0,"max_hp_loss":0,"event_name":"The Library","floor":19,"gold_loss":0,"cards_obtained":["All Out Attack"]},{"damage_healed":0,"gold_gain":0,"player_choice":"Became a vampire","damage_taken":0,"max_hp_gain":0,"max_hp_loss":21,"event_name":"Vampires","floor":20,"gold_loss":0,"cards_obtained":["Bite","Bite","Bite","Bite","Bite"]},{"damage_healed":0,"gold_gain":0,"player_choice":"Opened","damage_taken":0,"relics_obtained":["Regal Pillow"],"max_hp_gain":0,"max_hp_loss":0,"event_name":"The Mausoleum","floor":22,"gold_loss":0,"cards_obtained":["Writhe"]},{"damage_healed":0,"gold_gain":0,"player_choice":"Obtained Book","damage_taken":16,"max_hp_gain":0,"max_hp_loss":0,"event_name":"Cursed Tome","floor":31,"gold_loss":0},{"damage_healed":0,"gold_gain":0,"player_choice":"Paid","damage_taken":0,"relics_obtained":["Red Mask"],"max_hp_gain":0,"max_hp_loss":0,"event_name":"Tomb of Lord Red Mask","floor":36,"gold_loss":151},{"damage_healed":12,"gold_gain":0,"player_choice":"Writhe","damage_taken":0,"max_hp_gain":0,"max_hp_loss":0,"event_name":"Winding Halls","floor":38,"gold_loss":0,"cards_obtained":["Writhe"]},{"damage_healed":0,"gold_gain":0,"player_choice":"Fight","damage_taken":0,"max_hp_gain":0,"max_hp_loss":0,"event_name":"Mysterious Sphere","floor":46,"gold_loss":0}],"is_beta":false,"boss_relics":[{"not_picked":["Philosopher\u0027s Stone","Calling Bell"],"picked":"Fusion Hammer"},{"not_picked":["SacredBark","Sozu"],"picked":"Velvet Choker"}],"items_purged_floors":[],"is_endless":false,"potions_floor_spawned":[5,7,11,16,18,23,25,33,37,45,46],"killed_by":"Jaw Worm Horde","ascension_level":2}}