{"host":"BK","time":1608879461,"event":{"mods":["BaseMod","Highlight Path","Minty Spire (QoL Compilation)","StSLib"],"gold_per_floor":[110,110,125,135,135,135,161,161,161,59,73,92,92,123,123,202,202,214,20,30,0,0,0,0,0],"floor_reached":24,"playtime":1385,"items_purged":["Pain"],"score":408,"play_id":"b5375cb3-8953-4ddd-aaa6-af631170309f","local_time":"20201224235741","is_ascension_mode":true,"campfire_choices":[{"data":"WheelKick","floor":6,"key":"SMITH"},{"data":"Vigilance","floor":15,"key":"SMITH"},{"floor":23,"key":"REST"}],"circlet_count":0,"master_deck":["AscendersBane","Strike_P","Strike_P","Strike_P","Strike_P","Defend_P","Defend_P+1","Defend_P+1","Defend_P","Eruption","Vigilance+1","FollowUp","WheelKick+1","Consecrate","CarveReality","Protect","Worship+1","Wireheading","Protect","Wish","Master of Strategy","Meditate","FlurryOfBlows"],"relics":["Philosopher\u0027s Stone","The Courier","WarpedTongs","TeardropLocket","Damaru","Fusion Hammer"],"acts_visited":["Exordium","TheCity"],"potions_floor_usage":[12,14,18],"damage_taken":[{"damage":0,"enemies":"2 Louse","floor":1,"turns":4},{"damage":0,"enemies":"Small Slimes","floor":3,"turns":2},{"damage":0,"enemies":"Cultist","floor":4,"turns":2},{"damage":5,"enemies":"Lagavulin","floor":7,"turns":4},{"damage":0,"enemies":"Blue Slaver","floor":11,"turns":2},{"damage":3,"enemies":"Lots of Slimes","floor":12,"turns":3},{"damage":21,"enemies":"3 Sentries","floor":14,"turns":6},{"damage":3,"enemies":"Hexaghost","floor":16,"turns":9},{"damage":32,"enemies":"3 Byrds","floor":18,"turns":4},{"damage":0,"enemies":"Spheric Guardian","floor":20,"turns":2},{"damage":43,"enemies":"Book of Stabbing","floor":24,"turns":5}],"seed_played":"-39323038382403226","potions_obtained":[{"floor":7,"key":"Ambrosia"},{"floor":11,"key":"Energy Potion"},{"floor":14,"key":"BlessingOfTheForge"},{"floor":16,"key":"LiquidBronze"},{"floor":18,"key":"Strength Potion"}],"is_trial":false,"path_per_floor":["M","?","M","M","?","R","E","?","T","$","M","M","?","E","R","B",null,"M","$","M","?","?","R","E"],"character_chosen":"WATCHER","items_purchased":["Protect","Master of Strategy","Meditate"],"campfire_rested":1,"item_purchase_floors":[10,19,19],"current_hp_per_floor":[61,41,41,41,46,46,41,41,41,41,41,38,38,17,17,14,58,26,26,26,26,20,41,0,0],"gold":0,"neow_bonus":"BOSS_RELIC","is_daily":false,"chose_seed":false,"campfire_upgraded":2,"win_rate":0.0,"timestamp":1608879461,"path_taken":["M","?","M","M","?","R","E","?","T","$","M","?","?","E","R","BOSS","M","$","?","?","?","R","E"],"items_purchased_type":["Card","Card","Card"],"build_version":"2020-12-18","purchased_purges":1,"victory":false,"max_hp_per_floor":[68,68,68,68,73,73,73,73,73,73,73,73,73,73,73,73,73,73,73,73,73,73,73,73,73],"card_choices":[{"not_picked":["Halt","SashWhip"],"picked":"FollowUp","floor":1},{"not_picked":["Worship","CutThroughFate"],"picked":"WheelKick","floor":3},{"not_picked":["EmptyBody","FollowUp"],"picked":"Consecrate","floor":4},{"not_picked":["BowlingBash","Indignation"],"picked":"CarveReality","floor":7},{"not_picked":["Nirvana","CarveReality"],"picked":"Worship","floor":11},{"not_picked":["WreathOfFlame","FlurryOfBlows"],"picked":"Wireheading","floor":12},{"not_picked":["Consecrate","CutThroughFate"],"picked":"Protect","floor":14},{"not_picked":["Judgement","Omniscience"],"picked":"Wish","floor":16},{"not_picked":["FlyingSleeves","CutThroughFate","Consecrate"],"picked":"SKIP","floor":18},{"not_picked":["SashWhip","InnerPeace"],"picked":"FlurryOfBlows","floor":20}],"player_experience":2423761,"relics_obtained":[{"floor":7,"key":"The Courier"},{"floor":9,"key":"TeardropLocket"},{"floor":14,"key":"Damaru"}],"event_choices":[{"damage_healed":0,"gold_gain":0,"player_choice":"Entered Light","damage_taken":20,"max_hp_gain":0,"max_hp_loss":0,"event_name":"Shining Light","floor":2,"gold_loss":0,"cards_upgraded":["Defend_P","Defend_P"]},{"damage_healed":0,"gold_gain":0,"player_choice":"Donut","damage_taken":0,"max_hp_gain":5,"max_hp_loss":0,"event_name":"Big Fish","floor":5,"gold_loss":0},{"damage_healed":0,"gold_gain":0,"player_choice":"Rummage","damage_taken":0,"relics_obtained":["WarpedTongs"],"max_hp_gain":0,"max_hp_loss":0,"event_name":"Accursed Blacksmith","floor":8,"gold_loss":0,"cards_obtained":["Pain"]},{"damage_healed":0,"gold_gain":0,"player_choice":"Upgraded","damage_taken":0,"max_hp_gain":0,"max_hp_loss":0,"event_name":"Upgrade Shrine","floor":13,"gold_loss":0,"cards_upgraded":["Worship"]},{"damage_healed":0,"gold_gain":0,"player_choice":"Paid Fearfully","damage_taken":0,"max_hp_gain":0,"max_hp_loss":0,"event_name":"Masked Bandits","floor":21,"gold_loss":30},{"damage_healed":0,"gold_gain":0,"player_choice":"","damage_taken":6,"max_hp_gain":0,"max_hp_loss":0,"event_name":"Knowing Skull","floor":22,"potions_obtained":[],"gold_loss":0,"cards_obtained":[]}],"is_beta":true,"boss_relics":[{"not_picked":["Velvet Choker","Ectoplasm"],"picked":"Fusion Hammer"}],"items_purged_floors":[10],"is_endless":false,"potions_floor_spawned":[7,11,14,16,18,20],"killed_by":"Book of Stabbing","ascension_level":20}}