{"host":"81h68oe4mr04pk3r","time":1608880084,"event":{"mods":["Act Like it!","Aspiration","BaseMod","BetterRewards","Colored Map","Colored Powertips","Conspire","Downfall","Hermit","Hubris","Infinite Spire","Jorbs\u0027s Wanderer Trilogy","Koishi","Lobotomy","LobotomyExtend","Marisa????????","Minty Spire (QoL Compilation)","Quick Restart","Reimu??????","Remilia??????","Replay The Spire","StSLib","The Bug Knight","The Construct","The Cursed","The Disciple","The Servant 0.9.4"],"gold_per_floor":[109,109,125,144,158,158,172,172,172,191,8,20,50,2,2,100,100,120,120,131,162,175,175,175],"floor_reached":23,"playtime":1854,"items_purged":[],"score":210,"play_id":"8f7468fe-d7ce-4a54-ade0-d269a63eae05","local_time":"20201224230804","is_ascension_mode":false,"campfire_choices":[{"floor":6,"key":"REST"},{"data":"Spin","floor":8,"key":"SMITH"},{"floor":15,"key":"REST"}],"circlet_count":0,"master_deck":["Defend_S","Defend_S","Defend_S","KidneyShot","Exchange","Spin+1","Unruled","Contraction","Starlight+1","Defy","GearUp","SoulSculpture+1","Flash of Steel+1","Ricochet+1","InstantArmor","TimeWarp+1","Ricochet+1","Dilation","Rearm","Bite+1","Bite+1","Bite+1","Bite+1","Bite+1","Unruled+1","TimeWarp+1"],"relics":["Uniform","Molten Egg 2","Onion Ring","Odd Mushroom","Replay:Drink Me","Anchor"],"acts_visited":["Exordium","TheCity"],"potions_floor_usage":[16],"damage_taken":[{"damage":4,"enemies":"Cultist","floor":1,"turns":4},{"damage":2,"enemies":"2 Louse","floor":3,"turns":2},{"damage":4,"enemies":"Small Slimes","floor":4,"turns":2},{"damage":5,"enemies":"Looter","floor":5,"turns":3},{"damage":0,"enemies":"Red Slaver","floor":7,"turns":3},{"damage":12,"enemies":"Exordium Thugs","floor":10,"turns":2},{"damage":0,"enemies":"Large Slime","floor":12,"turns":4},{"damage":2,"enemies":"The Mushroom Lair","floor":13,"turns":3},{"damage":32,"enemies":"Fading Forest","floor":16,"turns":11},{"damage":3,"enemies":"2 Thieves","floor":18,"turns":1},{"damage":0,"enemies":"Chosen","floor":20,"turns":3},{"damage":1,"enemies":"conspire:MimicChest","floor":21,"turns":7},{"damage":2,"enemies":"Centurion and Healer","floor":22,"turns":4},{"damage":34,"enemies":"HollowMod:Nosk","floor":23,"turns":6}],"seed_played":"-4311377104063680024","potions_obtained":[{"floor":7,"key":"Ancient Potion"},{"floor":10,"key":"SpeedPotion"},{"floor":13,"key":"BlessingOfTheForge"},{"floor":16,"key":"Elixir"}],"is_trial":false,"path_per_floor":["M","?","M","M","M","R","M","R","T","M","$","M","?","$","R","B",null,"M","?","M","?","M","E"],"character_chosen":"THE_SERVANT","items_purchased":["Rewind+1","Flash of Steel+1","Ricochet+1","Ricochet+1"],"campfire_rested":2,"item_purchase_floors":[11,11,11,14],"current_hp_per_floor":[61,61,59,55,50,65,65,65,65,53,53,53,51,51,65,44,49,46,34,34,33,34,0,0],"gold":175,"neow_bonus":"TRANSFORM_CARD","is_daily":false,"chose_seed":false,"campfire_upgraded":1,"win_rate":0.0,"timestamp":1608880084,"path_taken":["M","?","M","M","M","R","M","R","T","M","$","M","?","$","R","BOSS","M","?","M","?","M","E"],"items_purchased_type":["Card","Card","Card","Card"],"build_version":"2020-12-22","purchased_purges":0,"victory":false,"max_hp_per_floor":[65,65,65,65,65,65,65,65,65,65,65,65,65,65,65,65,49,49,34,34,34,34,34,34],"card_choices":[{"not_picked":["DoubleEdge","WasteNot"],"picked":"Unruled","floor":1},{"not_picked":["Dilation","Foresight"],"picked":"Contraction","floor":3},{"not_picked":["DoubleEdge+1","RealityMarble"],"picked":"Starlight+1","floor":4},{"not_picked":["Rewind","SurpressingFire"],"picked":"Defy","floor":5},{"not_picked":["Alleviate","Rewind"],"picked":"GearUp","floor":7},{"not_picked":["ShiftingGears","Replace"],"picked":"SoulSculpture+1","floor":10},{"not_picked":["ShatteredReality+1","RealityMarble"],"picked":"InstantArmor","floor":12},{"not_picked":["Rewind","ShatteredReality+1"],"picked":"TimeWarp+1","floor":13},{"not_picked":["Deny","KillingDoll+1"],"picked":"Dilation","floor":16},{"not_picked":["SilverBlades+1","Snipe+1"],"picked":"Rearm","floor":18},{"not_picked":["BestPractice","ShatteredReality+1"],"picked":"Unruled+1","floor":20},{"not_picked":["Alleviate","BestPractice"],"picked":"TimeWarp+1","floor":22}],"player_experience":177353,"relics_obtained":[{"floor":9,"key":"Onion Ring"},{"floor":13,"key":"Odd Mushroom"},{"floor":21,"key":"Anchor"}],"event_choices":[{"damage_healed":0,"gold_gain":0,"player_choice":"Fought Mushrooms","damage_taken":0,"max_hp_gain":0,"max_hp_loss":0,"event_name":"Mushrooms","floor":13,"gold_loss":0},{"damage_healed":0,"gold_gain":0,"player_choice":"Became a vampire","damage_taken":0,"max_hp_gain":0,"max_hp_loss":15,"event_name":"Vampires","floor":19,"gold_loss":0,"cards_obtained":["Bite","Bite","Bite","Bite","Bite"]}],"is_beta":false,"boss_relics":[{"not_picked":["Ring of Chaos","hubris:TerracottaHorce"],"picked":"Replay:Drink Me"}],"items_purged_floors":[],"is_endless":false,"potions_floor_spawned":[7,10,13,16,20,22],"killed_by":"HollowMod:Nosk","ascension_level":0}}