{"host":"j06fkfseroga8i8e","time":1608909810,"event":{"mods":["BaseMod","Bestiary","Colored Map","Colored Powertips","Minty Spire (QoL Compilation)","Relic Stats","StSLib","everything is the same but u backflip on backflip"],"gold_per_floor":[110,124,124,136,136,136,136],"floor_reached":6,"playtime":75,"items_purged":[],"score":74,"play_id":"ad9aab6d-5e03-400c-bb36-256ac0eb5cf1","local_time":"20201225102330","is_ascension_mode":true,"campfire_choices":[],"circlet_count":0,"master_deck":["AscendersBane","Strike_B","Strike_B","Strike_B","Strike_B","Defend_B+1","Defend_B","Defend_B","Defend_B","Zap","Dualcast","White Noise","Compile Driver+1","Ball Lightning"],"relics":["Cracked Core","NeowsBlessing","Shovel"],"acts_visited":["Exordium"],"potions_floor_usage":[],"damage_taken":[{"damage":0,"enemies":"Cultist","floor":1,"turns":1},{"damage":0,"enemies":"Jaw Worm","floor":2,"turns":1},{"damage":0,"enemies":"Small Slimes","floor":4,"turns":1},{"damage":30,"enemies":"Gremlin Nob","floor":6,"turns":4}],"seed_played":"164243412792498150","potions_obtained":[{"floor":1,"key":"PowerPotion"},{"floor":2,"key":"LiquidBronze"}],"is_trial":false,"path_per_floor":["M","M","?","M","?","E"],"character_chosen":"DEFECT","items_purchased":[],"campfire_rested":0,"item_purchase_floors":[],"current_hp_per_floor":[68,68,53,53,35,5,5],"gold":136,"neow_bonus":"THREE_ENEMY_KILL","is_daily":false,"chose_seed":false,"campfire_upgraded":0,"win_rate":0.0,"timestamp":1608909810,"path_taken":["M","?","?","M","?","E"],"items_purchased_type":[],"build_version":"2020-12-22","purchased_purges":0,"victory":false,"max_hp_per_floor":[75,75,75,75,75,75,75],"relic_stats":{"Shovel":0,"counters":[4,7],"obtain_stats":[{"Shovel":5,"NeowsBlessing":0,"Cracked Core":0},{"Shovel":3,"NeowsBlessing":0,"Cracked Core":0},{"Shovel":3,"NeowsBlessing":0,"Cracked Core":0}]},"card_choices":[{"not_picked":["Aggregate","Storm"],"picked":"White Noise","floor":1},{"not_picked":["Chaos","Scrape"],"picked":"Compile Driver","floor":2},{"not_picked":["Hologram","Gash"],"picked":"Ball Lightning","floor":4}],"player_experience":563278,"relics_obtained":[],"event_choices":[{"damage_healed":0,"gold_gain":0,"player_choice":"Entered Light","damage_taken":15,"max_hp_gain":0,"max_hp_loss":0,"event_name":"Shining Light","floor":3,"gold_loss":0,"cards_upgraded":["Defend_B","Compile Driver"]},{"damage_healed":0,"gold_gain":0,"player_choice":"Success","damage_taken":18,"relics_obtained":["Shovel"],"max_hp_gain":0,"max_hp_loss":0,"event_name":"Scrap Ooze","floor":5,"gold_loss":0}],"is_beta":false,"boss_relics":[],"items_purged_floors":[],"is_endless":false,"potions_floor_spawned":[1,2],"killed_by":"Gremlin Nob","ascension_level":12}}