{"host":"6ld56ls1xbe0aj21","time":1608882588,"event":{"mods":["AchievementEnabler","BaseMod","Colored Powertips","Minty Spire (QoL Compilation)","Quick Restart","Rare Cards Sparkle","StSLib","SuperFastMode","everything is the same but u backflip on backflip","slay the spire mod where everything is the same but ironclad has a cowboy hat"],"gold_per_floor":[111,111,111,121,121,121,141,141,141,174,186,211,240,260,260,365,365,380,67,85,100,100,100,100,100,100,134,134,163,163,163,163,258,258,273,273,273,42,53,84,84,96,96,142,67,83,133,133,133,133,133,133,52,82,82],"floor_reached":56,"playtime":2005,"items_purged":["Forethought+1"],"score":1533,"play_id":"c11b87a9-3422-490d-85e4-fcfe54535b0c","local_time":"20201225184948","is_ascension_mode":true,"campfire_choices":[{"data":"1","floor":6.0,"key":"LIFT"},{"data":"2","floor":8.0,"key":"LIFT"},{"data":"3","floor":15.0,"key":"LIFT"},{"data":"Choke","floor":23.0,"key":"SMITH"},{"data":"Neutralize","floor":25.0,"key":"SMITH"},{"floor":30.0,"key":"REST"},{"data":"Envenom","floor":32.0,"key":"SMITH"},{"floor":41.0,"key":"RECALL"},{"data":"Sadistic Nature","floor":49.0,"key":"SMITH"},{"data":"A Thousand Cuts","floor":52.0,"key":"SMITH"}],"circlet_count":0,"master_deck":["Survivor","Neutralize+1","CurseOfTheBell","Deadly Poison+1","Cloak And Dagger+1","Blade Dance+1","Calculated Gamble+1","Choke+1","Blade Dance+1","Cloak And Dagger+1","Crippling Poison+1","A Thousand Cuts+1","Blade Dance+1","Terror+1","Skewer","Cloak And Dagger+1","Dagger Spray","Prepared+1","Blade Dance+1","Twin Strike+1","Ghostly+1","Ghostly+1","Ghostly+1","Ghostly+1","Ghostly+1","Calculated Gamble+1","Battle Trance+1","Consecrate","Madness+1","Envenom+1","Sadistic Nature+1","Glacier+1","Escape Plan+1","Infernal Blade+1","Flex+1","Madness+1","Madness+1","Finisher"],"relics":["Calling Bell","Happy Flower","Toxic Egg 2","Girya","WarpedTongs","Bag of Preparation","Dream Catcher","Question Card","Odd Mushroom","Pandora\u0027s Box","PrismaticShard","Vajra","Nunchaku","Juzu Bracelet","Coffee Dripper","Centennial Puzzle","Anchor","Bottled Flame","Ginger","Pocketwatch","Paper Crane"],"acts_visited":["Exordium","TheCity","TheBeyond","TheEnding"],"potions_floor_usage":[55],"damage_taken":[{"damage":3.0,"enemies":"2 Louse","floor":1.0,"turns":4.0},{"damage":6.0,"enemies":"Cultist","floor":4.0,"turns":4.0},{"damage":1.0,"enemies":"Small Slimes","floor":7.0,"turns":3.0},{"damage":2.0,"enemies":"Lagavulin","floor":10.0,"turns":4.0},{"damage":0.0,"enemies":"Red Slaver","floor":11.0,"turns":1.0},{"damage":5.0,"enemies":"3 Sentries","floor":12.0,"turns":3.0},{"damage":0.0,"enemies":"The Mushroom Lair","floor":13.0,"turns":2.0},{"damage":0.0,"enemies":"Lots of Slimes","floor":14.0,"turns":2.0},{"damage":12.0,"enemies":"Hexaghost","floor":16.0,"turns":4.0},{"damage":0.0,"enemies":"Spheric Guardian","floor":18.0,"turns":2.0},{"damage":0.0,"enemies":"Shell Parasite","floor":20.0,"turns":1.0},{"damage":0.0,"enemies":"Centurion and Healer","floor":21.0,"turns":2.0},{"damage":4.0,"enemies":"Book of Stabbing","floor":27.0,"turns":3.0},{"damage":7.0,"enemies":"Gremlin Leader","floor":29.0,"turns":4.0},{"damage":11.0,"enemies":"Automaton","floor":33.0,"turns":4.0},{"damage":1.0,"enemies":"3 Shapes","floor":35.0,"turns":3.0},{"damage":0.0,"enemies":"3 Darklings","floor":39.0,"turns":2.0},{"damage":0.0,"enemies":"Reptomancer","floor":40.0,"turns":4.0},{"damage":3.0,"enemies":"Writhing Mass","floor":42.0,"turns":4.0},{"damage":0.0,"enemies":"2 Orb Walkers","floor":44.0,"turns":3.0},{"damage":0.0,"enemies":"Spire Growth","floor":46.0,"turns":1.0},{"damage":0.0,"enemies":"Mind Bloom Boss Battle","floor":47.0,"turns":4.0},{"damage":13.0,"enemies":"Awakened One","floor":50.0,"turns":6.0},{"damage":0.0,"enemies":"Shield and Spear","floor":54.0,"turns":3.0},{"damage":40,"enemies":"The Heart","floor":55,"turns":8}],"seed_played":"273675446948503272","potions_obtained":[{"floor":10.0,"key":"DuplicationPotion"},{"floor":11.0,"key":"Explosive Potion"},{"floor":13.0,"key":"CunningPotion"},{"floor":14.0,"key":"CunningPotion"},{"floor":16.0,"key":"Regen Potion"},{"floor":18.0,"key":"CunningPotion"},{"floor":35.0,"key":"SmokeBomb"},{"floor":40.0,"key":"Regen Potion"},{"floor":42.0,"key":"Fire Potion"},{"floor":47.0,"key":"AttackPotion"},{"floor":54.0,"key":"Ancient Potion"}],"is_trial":false,"path_per_floor":["M","?","?","M","?","R","M","R","T","E","M","E","?","M","R","B",null,"M","$","M","M","?","R","?","R","T","E","?","E","R","?","R","B",null,"M","?","?","$","M","E","R","M","T","?","$","M","?","?","R","B",null,"R","$","E","B",null],"character_chosen":"THE_SILENT","items_purchased":["PrismaticShard","Vajra","Escape Plan+1","Centennial Puzzle","Finisher"],"campfire_rested":1,"item_purchase_floors":[19,19,38,38,53],"current_hp_per_floor":[67,67,67,61,61,61,60,60,60,58,58,53,53,53,53,41,70,70,70,70,70,35,35,35,35,35,31,45,38,45,45,45,39,45,44,44,44,44,44,44,44,41,41,41,41,41,41,35,35,37,45,45,45,45,5],"gold":82,"neow_bonus":"BOSS_RELIC","is_daily":false,"chose_seed":false,"campfire_upgraded":5,"win_rate":0.0,"timestamp":1608882588,"path_taken":["M","?","?","?","?","R","?","R","T","E","?","E","?","M","R","BOSS","M","$","M","M","?","R","?","R","T","E","?","E","R","?","R","BOSS","M","?","?","$","M","E","R","M","T","?","$","M","?","?","R","BOSS","R","$","E","BOSS"],"items_purchased_type":["Relic","Relic","Card","Relic","Card"],"build_version":"2020-12-22","purchased_purges":1,"victory":true,"max_hp_per_floor":[70,70,70,70,70,70,70,70,70,70,70,70,70,70,70,70,70,70,70,70,70,35,35,35,35,35,35,45,45,45,45,45,45,45,45,45,45,45,45,45,45,45,45,45,45,45,45,45,45,45,45,45,45,45,45],"card_choices":[{"not_picked":["Infinite Blades","Acrobatics+1"],"picked":"Deadly Poison+1","floor":1.0},{"not_picked":["Glass Knife","Terror+1"],"picked":"Blade Dance+1","floor":4.0},{"not_picked":["Leg Sweep+1","Infinite Blades"],"picked":"Calculated Gamble+1","floor":7.0},{"not_picked":["Prepared+1","Outmaneuver+1"],"picked":"Choke","floor":10.0},{"not_picked":["Noxious Fumes","Predator","Dagger Throw"],"picked":"SKIP","floor":11.0},{"not_picked":["Deadly Poison+1","Dagger Throw"],"picked":"Blade Dance+1","floor":12.0},{"not_picked":["Predator","Quick Slash","Underhanded Strike"],"picked":"Cloak And Dagger+1","floor":13.0},{"not_picked":["Cloak And Dagger+1","Deflect+1","Sucker Punch"],"picked":"Crippling Poison+1","floor":14.0},{"not_picked":["Grand Finale","Glass Knife","Night Terror+1"],"picked":"A Thousand Cuts","floor":16.0},{"not_picked":["Catalyst+1","Deflect+1","Reflex+1"],"picked":"Blade Dance+1","floor":18.0},{"not_picked":["ThirdEye+1","Thunderclap","Iron Wave","Prostrate+1"],"picked":"SKIP","floor":20.0},{"not_picked":["Perfected Strike+1","InnerPeace+1","BowlingBash"],"picked":"Twin Strike+1","floor":21.0},{"not_picked":["FlurryOfBlows+1","Terror+1","Catalyst+1"],"picked":"Battle Trance+1","floor":27.0},{"not_picked":["FollowUp","Bludgeon","CutThroughFate"],"picked":"Consecrate","floor":29.0},{"not_picked":["Twin Strike","Acrobatics+1","SashWhip+1"],"picked":"Madness+1","floor":30.0},{"not_picked":["Impervious+1","Exhume+1","Violence+1"],"picked":"Sadistic Nature","floor":33.0},{"not_picked":["FlyingSleeves+1","Adaptation","Prostrate+1"],"picked":"Glacier+1","floor":35.0},{"not_picked":["EmptyBody+1","Sword Boomerang","Conserve Battery+1","Clash+1"],"picked":"SKIP","floor":39.0},{"not_picked":["Corruption","Dagger Throw+1","SignatureMove+1"],"picked":"Forethought+1","floor":40.0},{"not_picked":["Shrug It Off+1","Conserve Battery+1","Clothesline+1","Self Repair"],"picked":"SKIP","floor":42.0},{"not_picked":["Dodge and Roll+1","Disarm+1","Hemokinesis"],"picked":"Infernal Blade+1","floor":46.0},{"not_picked":["Cold Snap+1","Blade Dance+1","Go for the Eyes+1"],"picked":"Flex+1","floor":47.0},{"not_picked":["Clothesline+1","Genetic Algorithm+1","Flechettes","LessonLearned"],"picked":"SKIP","floor":54.0}],"player_experience":248180,"relics_obtained":[{"floor":0.0,"key":"Happy Flower"},{"floor":0.0,"key":"Toxic Egg 2"},{"floor":0.0,"key":"Girya"},{"floor":9.0,"key":"Bag of Preparation"},{"floor":10.0,"key":"Dream Catcher"},{"floor":12.0,"key":"Question Card"},{"floor":13.0,"key":"Odd Mushroom"},{"floor":27.0,"key":"Nunchaku"},{"floor":29.0,"key":"Juzu Bracelet"},{"floor":40.0,"key":"Anchor"},{"floor":43.0,"key":"Bottled Flame"},{"floor":44.0,"key":"Ginger"},{"floor":47.0,"key":"Pocketwatch"},{"floor":54.0,"key":"Paper Crane"}],"event_choices":[{"damage_healed":0.0,"max_hp_gain":0.0,"max_hp_loss":0.0,"gold_gain":0.0,"cards_transformed":["Strike_G"],"event_name":"Living Wall","player_choice":"Change","floor":2.0,"gold_loss":0.0,"damage_taken":0.0,"cards_obtained":["Cloak And Dagger"]},{"damage_healed":0.0,"max_hp_gain":0.0,"max_hp_loss":0.0,"gold_gain":0.0,"event_name":"Accursed Blacksmith","player_choice":"Rummage","floor":3.0,"gold_loss":0.0,"damage_taken":0.0,"relics_obtained":["WarpedTongs"],"cards_obtained":["Pain"]},{"cards_removed":["Pain"],"damage_healed":0.0,"max_hp_gain":0.0,"max_hp_loss":0.0,"gold_gain":0.0,"event_name":"Purifier","player_choice":"Purged","floor":5.0,"gold_loss":0.0,"damage_taken":0.0},{"damage_healed":0.0,"max_hp_gain":0.0,"max_hp_loss":0.0,"gold_gain":0.0,"event_name":"Mushrooms","player_choice":"Fought Mushrooms","floor":13.0,"gold_loss":0.0,"damage_taken":0.0},{"damage_healed":0.0,"max_hp_gain":0.0,"max_hp_loss":35.0,"gold_gain":0.0,"event_name":"Ghosts","player_choice":"Became a Ghost","floor":22.0,"gold_loss":0.0,"damage_taken":0.0,"cards_obtained":["Ghostly","Ghostly","Ghostly","Ghostly","Ghostly"]},{"damage_healed":0.0,"max_hp_gain":0.0,"max_hp_loss":0.0,"gold_gain":0.0,"event_name":"The Library","player_choice":"Read","floor":24.0,"gold_loss":0.0,"damage_taken":0.0,"cards_obtained":["Calculated Gamble"]},{"cards_removed":["Die Die Die"],"damage_healed":4.0,"max_hp_gain":10.0,"max_hp_loss":0.0,"gold_gain":0.0,"event_name":"Bonfire Elementals","player_choice":"Offered Rare","floor":28.0,"gold_loss":0.0,"damage_taken":0.0},{"damage_healed":0.0,"max_hp_gain":0.0,"max_hp_loss":0.0,"gold_gain":0.0,"cards_transformed":["Underhanded Strike"],"event_name":"Transmorgrifier","player_choice":"Transformed","floor":31.0,"gold_loss":0.0,"damage_taken":0.0,"cards_obtained":["Envenom"]},{"cards_removed":["Deadly Poison"],"damage_healed":0.0,"max_hp_gain":0.0,"max_hp_loss":0.0,"gold_gain":0.0,"event_name":"Falling","player_choice":"Removed Skill","floor":36.0,"gold_loss":0.0,"damage_taken":0.0},{"damage_healed":0.0,"max_hp_gain":0.0,"max_hp_loss":0.0,"gold_gain":0.0,"event_name":"Tomb of Lord Red Mask","player_choice":"Ignored","floor":37.0,"gold_loss":0.0,"damage_taken":0.0},{"damage_healed":0.0,"max_hp_gain":0.0,"max_hp_loss":0.0,"gold_gain":0.0,"event_name":"Mysterious Sphere","player_choice":"Fight","floor":44.0,"gold_loss":0.0,"damage_taken":0.0},{"damage_healed":0.0,"max_hp_gain":0.0,"max_hp_loss":0.0,"gold_gain":0.0,"event_name":"MindBloom","player_choice":"Fight","floor":47.0,"gold_loss":0.0,"damage_taken":0.0},{"damage_healed":0.0,"max_hp_gain":0.0,"max_hp_loss":0.0,"gold_gain":0.0,"event_name":"Winding Halls","player_choice":"Embrace Madness","floor":48.0,"gold_loss":0.0,"damage_taken":6.0,"cards_obtained":["Madness","Madness"]}],"is_beta":false,"boss_relics":[{"not_picked":["Busted Crown","Snecko Eye"],"picked":"Pandora\u0027s Box"},{"not_picked":["Tiny House","Empty Cage"],"picked":"Coffee Dripper"}],"items_purged_floors":[45],"is_endless":false,"potions_floor_spawned":[10,11,13,14,16,18,35,40,42,47,54],"ascension_level":4}}