{"host":"nh8rc3jipwgi5qu3","time":1608938769,"event":{"mods":["Act Like it!","Aspiration","BaseMod","Better Third Choice","Colored Map","Colored Powertips","DeckTracker","Elementarium","Energized Spire","GifTheSpireLib","GungeonMod","Hubris","Humility","Infinite Spire","Ironclad Rager","Lobotomy","Marked Mod","Mimic Mod","Minty Spire (QoL Compilation)","Relic Stats","Replay The Spire","Reworked Bosses","Spikes Relics","StSLib","Stuff the Spire","SuperFastMode"],"gold_per_floor":[15,290,310,329,329,329,329,329,329,340,45,84,84,98,98,203,203,218,237,237,237,237,237],"floor_reached":22,"playtime":3544,"items_purged":["hubris:Gluttony"],"score":174,"play_id":"c3662e8e-1d43-485d-876a-ef9bb810088e","local_time":"20201226002609","is_ascension_mode":false,"campfire_choices":[{"floor":6,"key":"REST"},{"data":"ReplayTheSpireMod:Speed Training","floor":8,"key":"SMITH"},{"data":"Noxious Fumes","floor":13,"key":"SMITH"}],"circlet_count":0,"master_deck":["Poisoned Stab","Poisoned Stab","Poisoned Stab","Poisoned Stab","Poisoned Stab","Dodge and Roll","Dodge and Roll","Dodge and Roll","Dodge and Roll","Dodge and Roll","ReplayTheSpireMod:Speed Training+1","Bane","Bane+1","Noxious Fumes+1","Deadly Poison","infinitespire:Neurotoxin","Doubt","Shame","Dodge and Roll"],"relics":["Ring of the Snake","RoseTintedShades","infinitespire:PuzzleCube","Pet Ghost","Kintsugi"],"acts_visited":["Exordium","TheCity"],"potions_floor_usage":[16,19,22,22],"damage_taken":[{"damage":0,"enemies":"Small Slimes","floor":1,"turns":3},{"damage":5,"enemies":"Cultist","floor":3,"turns":3},{"damage":10,"enemies":"Jaw Worm","floor":4,"turns":3},{"damage":3,"enemies":"2 Fungi Beasts","floor":10,"turns":4},{"damage":7,"enemies":"Exordium Wildlife","floor":12,"turns":5},{"damage":3,"enemies":"Exordium Wildlife","floor":14,"turns":4},{"damage":33,"enemies":"Fading Forest","floor":16,"turns":11},{"damage":48,"enemies":"2 Thieves","floor":18,"turns":4},{"damage":9,"enemies":"Spheric Guardian","floor":19,"turns":6},{"damage":6,"enemies":"Shelled Parasite and Fungi","floor":22,"turns":3}],"seed_played":"-8808153916727601064","potions_obtained":[{"floor":4,"key":"GhostInAJar"},{"floor":10,"key":"Fire Potion"},{"floor":14,"key":"SpeedPotion"},{"floor":18,"key":"Block Potion"}],"is_trial":false,"path_per_floor":["M","?","M","M","?","R","?","R","T","M","$","MIM","R","M","R_BF","B",null,"M","M","?","?","M"],"character_chosen":"THE_SILENT","items_purchased":["Noxious Fumes","Pet Ghost"],"campfire_rested":1,"item_purchase_floors":[11,11],"current_hp_per_floor":[45,45,40,30,23,41,41,41,41,38,38,31,31,28,46,17,63,15,6,6,6,0,0],"gold":237,"neow_bonus":"SILENT_ASSASSIN","is_daily":false,"chose_seed":false,"campfire_upgraded":2,"win_rate":0.0,"timestamp":1608938769,"path_taken":["M","?","?","M","?","R","?","R","T","M","$","?","R","M","R_BF","BOSS","M","M","?","?","?"],"items_purchased_type":["Card","Relic"],"build_version":"2020-12-22","purchased_purges":1,"victory":false,"max_hp_per_floor":[63,63,63,63,63,63,63,63,63,63,63,63,63,63,63,63,63,63,63,63,63,63,63],"relic_stats":{"counters":[10,45],"obtain_stats":[{"RoseTintedShades":5,"DemoMod:GlassGuonStoneRelic":12,"Kintsugi":17,"infinitespire:PuzzleCube":9,"Pet Ghost":11,"Ring of the Snake":0},{"RoseTintedShades":3,"DemoMod:GlassGuonStoneRelic":5,"Kintsugi":7,"infinitespire:PuzzleCube":3,"Pet Ghost":4,"Ring of the Snake":0},{"RoseTintedShades":9,"DemoMod:GlassGuonStoneRelic":17,"Kintsugi":32,"infinitespire:PuzzleCube":9,"Pet Ghost":12,"Ring of the Snake":0}],"Ring of the Snake":[20]},"card_choices":[{"not_picked":["Leg Sweep","Flying Knee"],"picked":"ReplayTheSpireMod:Speed Training","floor":1},{"not_picked":["Flying Knee","Blade Dance"],"picked":"StuffTheSpire:Python","floor":3},{"not_picked":["StuffTheSpire:ClusterCrunch","Well Laid Plans"],"picked":"Bane","floor":4},{"not_picked":["StuffTheSpire:ClusterCrunch","Malaise"],"picked":"Bane","floor":10},{"not_picked":["StuffTheSpire:Incantation","All Out Attack"],"picked":"Fluid Movement","floor":12},{"not_picked":["PiercingWail","Slice"],"picked":"Deadly Poison","floor":14},{"not_picked":["Adrenaline","Malaise"],"picked":"infinitespire:Neurotoxin","floor":16},{"not_picked":["Endless Agony","Tactician"],"picked":"Dodge and Roll","floor":18},{"not_picked":["Outmaneuver","Sneak Up+1","ShadowRift"],"picked":"SKIP","floor":19}],"player_experience":181231,"relics_obtained":[{"floor":9,"key":"infinitespire:PuzzleCube"}],"event_choices":[{"damage_healed":0,"gold_gain":275,"player_choice":"Desecrate","damage_taken":0,"max_hp_gain":0,"max_hp_loss":0,"event_name":"Golden Shrine","floor":2,"gold_loss":0,"cards_obtained":["Regret"]},{"damage_healed":0,"gold_gain":0,"player_choice":"Relic ","damage_taken":7,"max_hp_gain":0,"max_hp_loss":0,"event_name":"betterThird:BetterScrap","floor":5,"gold_loss":0,"cards_obtained":["Feel No Pain"]},{"cards_removed":["Regret"],"damage_healed":0,"gold_gain":0,"player_choice":"Card Removal","damage_taken":0,"max_hp_gain":0,"max_hp_loss":0,"event_name":"Wheel of Change","floor":21,"gold_loss":0}],"is_beta":false,"boss_relics":[{"not_picked":["Coffee Dripper","Runic Dome"],"picked":"Kintsugi"}],"items_purged_floors":[11],"is_endless":false,"potions_floor_spawned":[4,10,14,18],"killed_by":"Shelled Parasite and Fungi","ascension_level":0}}