{"host":"so437kwitdq4epbi","time":1608870193,"event":{"mods":["AchievementEnabler","BaseMod","Decade(王小明)","KinomotoSakuraMod(木之本樱)","Lobotomy","LobotomyExtend","Marisa（F雨　魔理沙）","Minty Spire (QoL Compilation)","Quick Restart","READ ME - Snecko Mod","Replay The Spire","StSLib","The Alterego","The Bladedancer","The Bug Knight","The Construct","The Mystic","Yuyuko","[IsaacMod]以撒尖塔","vexMod"],"gold_per_floor":[112,130,142,19,19,54,74,74,74,74,105,105,105,105,105],"floor_reached":14,"playtime":771,"items_purged":[],"score":123,"play_id":"8aea0b5e-5aa0-4796-baae-c496f2355f40","local_time":"20201225122313","is_ascension_mode":false,"campfire_choices":[{"floor":8,"key":"REST"},{"floor":12,"key":"RECALL"}],"circlet_count":0,"master_deck":["construct:Strike_Gold","construct:Strike_Gold","construct:Strike_Gold","construct:Strike_Gold","construct:Strike_Gold","construct:Defend_Gold","construct:Defend_Gold","construct:Defend_Gold","construct:Defend_Gold","construct:Defend_Gold","construct:AttackMode","construct:DefenseMode","DoctorFetus+1","construct:OmegaCannon","construct:Analyze","construct:LaserCore","construct:GuardCore","construct:UnbalancingBlast","construct:Reinforce","construct:ClusterMines","construct:HeavyBolt","construct:FlakBarrage"],"relics":["construct:ClockworkPhoenix","HushsDoor","DeathBook","LetterFromLob","Bronze Scales","Simple Rune","RedMistMask","Replay:Arrowhead"],"acts_visited":["Exordium"],"potions_floor_usage":[],"damage_taken":[{"damage":3,"enemies":"Cultist","floor":1,"turns":4},{"damage":15,"enemies":"Jaw Worm","floor":2,"turns":3},{"damage":0,"enemies":"2 Louse","floor":3,"turns":3},{"damage":0,"enemies":"3 Sentries","floor":6,"turns":1},{"damage":8,"enemies":"Looter","floor":7,"turns":2},{"damage":19,"enemies":"Replay:BlueRogue","floor":11,"turns":4},{"damage":31,"enemies":"3 Sentries","floor":14,"turns":8}],"seed_played":"1949328772080803041","potions_obtained":[{"floor":1,"key":"SteroidPotion"},{"floor":2,"key":"Regen Potion"},{"floor":6,"key":"Strength Potion"}],"is_trial":false,"path_per_floor":["M","M","M","$","?","E","M","R","T","?","E","R","M","E"],"character_chosen":"THE_CONSTRUCT_MOD","items_purchased":["construct:UnbalancingBlast","construct:Reinforce"],"campfire_rested":1,"item_purchase_floors":[4,4],"current_hp_per_floor":[82,67,67,67,67,67,59,84,84,84,65,65,65,34,34],"gold":105,"neow_bonus":"THREE_CARDS","is_daily":false,"chose_seed":false,"campfire_upgraded":0,"win_rate":0.0,"timestamp":1608870193,"path_taken":["M","M","M","?","?","E","M","R","T","?","E","R","M","E"],"items_purchased_type":["Card","Card"],"build_version":"2020-12-22","purchased_purges":0,"victory":false,"max_hp_per_floor":[85,85,85,85,85,85,85,85,85,85,85,85,85,85,85],"card_choices":[{"not_picked":[],"picked":"DoctorFetus","floor":0},{"not_picked":["construct:Backfire","construct:ClusterMines"],"picked":"construct:OmegaCannon","floor":0},{"not_picked":["construct:Construct_Overclock","construct:SyphonStrike"],"picked":"construct:Analyze","floor":1},{"not_picked":["construct:ShiftGuard","construct:Missile"],"picked":"construct:LaserCore","floor":2},{"not_picked":["construct:SaveState","construct:HammerDown"],"picked":"construct:GuardCore","floor":3},{"not_picked":["construct:ReactiveShield","construct:MetalShell"],"picked":"construct:ClusterMines","floor":6},{"not_picked":["construct:Stasis","construct:Analyze"],"picked":"construct:HeavyBolt","floor":7},{"not_picked":["construct:Antimatter","construct:Failsafe"],"picked":"construct:FlakBarrage","floor":11}],"player_experience":103580,"relics_obtained":[{"floor":1,"key":"LetterFromLob"},{"floor":6,"key":"Bronze Scales"},{"floor":9,"key":"Simple Rune"},{"floor":11,"key":"RedMistMask"},{"floor":11,"key":"Replay:Arrowhead"}],"event_choices":[{"damage_healed":0,"gold_gain":0,"player_choice":"Grow","damage_taken":0,"max_hp_gain":0,"max_hp_loss":0,"event_name":"Living Wall","floor":5,"gold_loss":0,"cards_upgraded":["DoctorFetus"]},{"damage_healed":0,"gold_gain":0,"player_choice":"Ignored","damage_taken":0,"max_hp_gain":0,"max_hp_loss":0,"event_name":"Liars Game","floor":10,"gold_loss":0}],"is_beta":false,"boss_relics":[],"items_purged_floors":[],"is_endless":false,"potions_floor_spawned":[1,2,6,11],"killed_by":"3 Sentries","ascension_level":0}}