{"host":"otf1z5955ddlv5pq","time":1608860752,"event":{"mods":["BaseMod","Beaked The Cultist","Better Altar","Better Match","Better Note","Better Sensory Stone","Better Skull","Better Third Choice","Colored Map","Colored Powertips","Downfall","Minty Spire (QoL Compilation)","Rare Cards Sparkle","Replay The Spire","StSLib"],"gold_per_floor":[365,365,341,359,284,319,333,333,356,61,61,89,89,118,118,223,223,188,203,22,22,42,72,72,97,97,126,144,159,175,189,189,189,189],"floor_reached":33,"playtime":104385,"items_purged":["Strike_G","Strike_G"],"score":439,"play_id":"9e43cd58-1543-42cc-b982-82766ee257d2","local_time":"20201224174552","is_ascension_mode":true,"campfire_choices":[{"data":"Infinite Blades","floor":8.0,"key":"SMITH"},{"floor":11.0,"key":"REST"},{"data":"Footwork","floor":13.0,"key":"SMITH"},{"floor":15.0,"key":"REST"},{"floor":24,"key":"REST"},{"floor":32,"key":"REST"}],"circlet_count":0,"master_deck":["Strike_G","Strike_G","Strike_G","Defend_G","Defend_G","Defend_G","Defend_G","Defend_G","Survivor","Neutralize","Footwork+1","Cloak And Dagger","Hidden Blade","Infinite Blades+1","Cloak And Dagger","Replay:Bag of Tricks","CurseOfTheBell","Crippling Poison+1","Caltrops","Deadly Poison+1","Dodge and Roll","Deflect+1","Cloak And Dagger"],"relics":["Ring of the Snake","Pet Ghost","Strawberry","Replay:Baseball","Bronze Scales","Replay:Bottled Snecko","Mango","Calling Bell","Anchor","Question Card","CaptainsWheel","Counterbalance","Mirror","Blue Candle","Bottled Tornado"],"acts_visited":["Exordium","TheCity"],"potions_floor_usage":[25,25,33,33],"damage_taken":[{"damage":11.0,"enemies":"Jaw Worm","floor":1.0,"turns":7.0},{"damage":0.0,"enemies":"Cultist","floor":4.0,"turns":4.0},{"damage":8.0,"enemies":"Replay:BlueRogue","floor":6.0,"turns":8.0},{"damage":2.0,"enemies":"2 Louse","floor":7.0,"turns":3.0},{"damage":7.0,"enemies":"Lagavulin","floor":12.0,"turns":7.0},{"damage":26.0,"enemies":"Gremlin Nob","floor":14.0,"turns":4.0},{"damage":29.0,"enemies":"Fading Forest","floor":16.0,"turns":11.0},{"damage":11.0,"enemies":"2 Thieves","floor":18.0,"turns":5.0},{"damage":2.0,"enemies":"Shell Parasite","floor":19.0,"turns":5.0},{"damage":0,"enemies":"Chosen and Byrds","floor":22,"turns":5},{"damage":3,"enemies":"Replay:Snechameleon","floor":23,"turns":6},{"damage":2,"enemies":"Book of Stabbing","floor":25,"turns":5},{"damage":21,"enemies":"Slavers","floor":27,"turns":5},{"damage":13,"enemies":"Centurion and Healer","floor":28,"turns":8},{"damage":16,"enemies":"Snake Plant","floor":29,"turns":4},{"damage":3,"enemies":"Cultist and Chosen","floor":30,"turns":6},{"damage":8,"enemies":"Centurion and Healer","floor":31,"turns":8},{"damage":71,"enemies":"Automaton","floor":33,"turns":12}],"seed_played":"-7505698866358096757","potions_obtained":[{"floor":4.0,"key":"AttackPotion"},{"floor":6.0,"key":"DuplicationPotion"},{"floor":12.0,"key":"Fire Potion"},{"floor":22,"key":"CultistPotion"},{"floor":23,"key":"ColorlessPotion"},{"floor":29,"key":"champ:CounterPotion"},{"floor":31,"key":"Regen Potion"}],"is_trial":false,"path_per_floor":["M","?","?","M","$","E","M","R","T","$","R","E","R","E","R","B",null,"M","M","$","?","M","E","R","E","T","E","M","M","M","M","R","B"],"character_chosen":"THE_SILENT","items_purchased":["Replay:Baseball","Bronze Scales","Caltrops"],"campfire_rested":4,"item_purchase_floors":[10,10,20],"current_hp_per_floor":[52,49,49,49,49,48,46,46,46,46,67,60,60,48,73,44,74,63,61,61,61,61,58,83,81,81,60,47,31,28,20,45,0,0],"gold":189,"neow_bonus":"TWO_FIFTY_GOLD","is_daily":false,"chose_seed":false,"campfire_upgraded":2,"win_rate":0.0,"timestamp":1608860752,"path_taken":["M","?","?","M","$","E","M","R","T","$","R","E","R","E","R","BOSS","M","M","$","?","?","E","R","E","T","E","?","M","M","M","R","BOSS"],"items_purchased_type":["Relic","Relic","Card"],"build_version":"2020-12-22","purchased_purges":2,"victory":false,"max_hp_per_floor":[63,63,63,63,63,70,70,70,70,70,70,70,70,84,84,84,84,84,84,84,84,84,84,84,84,84,84,84,84,84,84,84,84,84],"card_choices":[{"not_picked":["Bane","Predator"],"picked":"Footwork","floor":1.0},{"not_picked":["Backflip","Hidden Blade"],"picked":"Cloak And Dagger","floor":4.0},{"not_picked":["Predator","Outmaneuver"],"picked":"Hidden Blade","floor":6.0},{"not_picked":["Outmaneuver","Deflect"],"picked":"Infinite Blades","floor":7.0},{"not_picked":["Grand Finale","Underhanded Strike","Calculated Gamble"],"picked":"SKIP","floor":12.0},{"not_picked":["Outmaneuver","Bane"],"picked":"Cloak And Dagger","floor":14.0},{"not_picked":["Envenom","After Image"],"picked":"Replay:Bag of Tricks","floor":16.0},{"not_picked":["Dagger Spray","Dodge and Roll","PiercingWail","Crippling Poison+1"],"picked":"SKIP","floor":18.0},{"not_picked":["Dagger Spray","Dodge and Roll","PiercingWail"],"picked":"Crippling Poison+1","floor":18.0},{"not_picked":["Sucker Punch+1","Heel Hook+1","Underhanded Strike","Dagger Spray+1"],"picked":"SKIP","floor":19.0},{"not_picked":["Blade Dance","Outmaneuver+1","Calculated Gamble","Backflip"],"picked":"SKIP","floor":22},{"not_picked":["Phantasmal Killer","Prepared","Crippling Poison","Riddle With Holes"],"picked":"SKIP","floor":23},{"not_picked":["Deflect","Flying Knee","Sucker Punch"],"picked":"Deadly Poison+1","floor":25},{"not_picked":["Sucker Punch","Malaise","Dash+1","Outmaneuver"],"picked":"SKIP","floor":27},{"not_picked":["Dagger Throw","Toxin Wave","Predator","Endless Agony"],"picked":"SKIP","floor":28},{"not_picked":["Underhanded Strike","Bane+1","ReplayTheSpireMod:Shiv Toss"],"picked":"Dodge and Roll","floor":29},{"not_picked":["Glass Knife","Dagger Spray","Outmaneuver+1"],"picked":"Deflect+1","floor":30},{"not_picked":["Hidden Blade","Blade Dance","Backflip"],"picked":"Cloak And Dagger","floor":31}],"player_experience":1024900,"relics_obtained":[{"floor":6.0,"key":"Strawberry"},{"floor":12.0,"key":"Replay:Bottled Snecko"},{"floor":14.0,"key":"Mango"},{"floor":17.0,"key":"Anchor"},{"floor":17.0,"key":"Question Card"},{"floor":17.0,"key":"CaptainsWheel"},{"floor":23,"key":"Counterbalance"},{"floor":25,"key":"Mirror"},{"floor":26,"key":"Blue Candle"},{"floor":27,"key":"Bottled Tornado"}],"event_choices":[{"damage_healed":0.0,"max_hp_gain":0.0,"max_hp_loss":0.0,"gold_gain":0.0,"event_name":"betterThird:BetterScrap","player_choice":"Relic ","floor":2.0,"gold_loss":0.0,"damage_taken":3.0,"cards_obtained":["Devotion"]},{"damage_healed":0.0,"max_hp_gain":0.0,"max_hp_loss":0.0,"gold_gain":0.0,"event_name":"betterThird:BetterGoop","player_choice":"Left","floor":3.0,"gold_loss":24.0,"damage_taken":0.0},{"damage_healed":0.0,"max_hp_gain":0.0,"max_hp_loss":0.0,"gold_gain":0.0,"event_name":"WeMeetAgain","player_choice":"Ignored","floor":21.0,"gold_loss":0.0,"damage_taken":0.0}],"is_beta":false,"boss_relics":[{"not_picked":["Replay:Drink Me","Coffee Dripper"],"picked":"Calling Bell"}],"items_purged_floors":[5,20],"is_endless":false,"potions_floor_spawned":[4,6,12,22,23,29,31],"killed_by":"Automaton","ascension_level":7}}