{"host":"k010f1crm27ngy21","time":1608882292,"event":{"mods":["Aspiration","Bard","BaseMod","Colored Powertips","Downfall","Minty Spire (QoL Compilation)","Red Circlet Mod","Relic Stats","Replay The Spire","Shop Mod","Spicy Shops","StSLib","The Cursed","The Hierophant","The Runesmith","The Servant 0.9.4","vexMod","≤–¡Ù÷ÆŒÔ"],"gold_per_floor":[144,174,174,216,270,270,348,348,374,449,503,192,387,62,62,362,362,407,407,407,461,461,545,545,632,632,88,88,88,88,88,364,664,664,724,760,925,771,771,771,771,771,771,822,822,870,900,942,942,1248,1248,1284,1329,744,792,323,323,368,413,440,440,440],"floor_reached":61,"playtime":3369,"items_purged":[],"score":976,"play_id":"3714c35a-c60d-4637-ab04-a85cee9f11c2","local_time":"20201225154452","daily_mods":["SealedDeck","Vintage","Heirloom","Flight","Midas"],"is_ascension_mode":false,"campfire_choices":[{"floor":6,"key":"REST"},{"floor":40,"key":"REST"},{"floor":41,"key":"REST"},{"floor":42,"key":"REST"},{"floor":45,"key":"REST"},{"floor":49,"key":"REST"}],"circlet_count":0,"master_deck":["PlaceholderMod:Corrosion","PlaceholderMod:DiffusionChemical","PlaceholderMod:ParasiteChange","PlaceholderMod:AttackAsDefend","PlaceholderMod:NearChange","PlaceholderMod:PoisonAbsorb","PlaceholderMod:HornyBlast","PlaceholderMod:StrongAcid","PlaceholderMod:HardStinger","PlaceholderMod:Colorful","PlaceholderMod:EvolutionSpray","PlaceholderMod:SevereHeat","PlaceholderMod:InnerStable","PlaceholderMod:QualitativeChange+1","PlaceholderMod:Hard","PlaceholderMod:Stratification+1","PlaceholderMod:Stable","PlaceholderMod:Assimilation","PlaceholderMod:HardStrike+1","PlaceholderMod:QualitativeChange+1","PlaceholderMod:Activation+1"],"relics":["PlaceholderMod:Tancle","Ring of Chaos","Pocketwatch","Pen Nib","Question Card","FossilizedHelix","Lantern","Runesmith:AutoHammer","aspiration:ChemicalBlood","Anchor","Blue Candle","MerchantsRug","aspiration:FrozenJewel","champ:DeflectingBracers","ReplayTheSpireMod:Shallot","Honey Jar","Quantum Egg","Mirror","Enchiridion","MealTicket","ReplayTheSpireMod:Ring of Exchange","Ring of Searing","Garlic","Replay:WaspNest","Replay:Ringing Soul","Toxic Egg 2","Painkiller Herb","Torii","Akabeko","Omamori","Matryoshka","Divine Protection","Ancient Tea Set","Dream Catcher","Blood Vial","aspiration:RitualDagger","Ring of Chaos","Letter Opener","aspiration:HummingbirdHeart","Chameleon Ring","Runesmith:Nanobots","Molten Egg 2","Eternal Feather","vexMod:FocusSash","Juzu Bracelet","OrangePellets","ReplayTheSpireMod:CursedCoin","Replay:Bottled Eggs","Replay:Bottled Flurry","PlaceholderMod:SoulofChaos","PreservedInsect","Gremlin Food"],"acts_visited":["Exordium","TheCity","TheBeyond","Exordium"],"potions_floor_usage":[36],"damage_taken":[{"damage":0,"enemies":"Cultist","floor":1,"turns":4},{"damage":0,"enemies":"Small Slimes","floor":2,"turns":3},{"damage":0,"enemies":"Jaw Worm","floor":4,"turns":3},{"damage":0,"enemies":"Exordium Wildlife","floor":5,"turns":4},{"damage":0,"enemies":"Lagavulin","floor":7,"turns":5},{"damage":0,"enemies":"Replay:BlueRogue","floor":10,"turns":2},{"damage":0,"enemies":"Large Slime","floor":11,"turns":5},{"damage":0,"enemies":"Lagavulin Event","floor":13,"turns":4},{"damage":0,"enemies":"Slime Boss","floor":16,"turns":6},{"damage":0,"enemies":"Spheric Guardian","floor":18,"turns":3},{"damage":0,"enemies":"3 Byrds","floor":21,"turns":2},{"damage":0,"enemies":"Gremlin Leader","floor":23,"turns":2},{"damage":5,"enemies":"Book of Stabbing","floor":25,"turns":3},{"damage":5,"enemies":"Collector","floor":33,"turns":3},{"damage":5,"enemies":"Orb Walker","floor":35,"turns":3},{"damage":0,"enemies":"3 Darklings","floor":36,"turns":2},{"damage":10,"enemies":"2 Orb Walkers","floor":37,"turns":4},{"damage":10,"enemies":"Maw","floor":44,"turns":4},{"damage":0,"enemies":"Writhing Mass","floor":46,"turns":3},{"damage":0,"enemies":"Jaw Worm Horde","floor":47,"turns":3},{"damage":0,"enemies":"Spire Growth","floor":48,"turns":2},{"damage":0,"enemies":"Replay:Hell Engine","floor":50,"turns":5},{"damage":0,"enemies":"Jaw Worm","floor":52,"turns":1},{"damage":0,"enemies":"Cultist","floor":53,"turns":1},{"damage":0,"enemies":"Small Slimes","floor":55,"turns":1},{"damage":0,"enemies":"Exordium Wildlife","floor":58,"turns":1},{"damage":0,"enemies":"Exordium Thugs","floor":59,"turns":1},{"damage":0,"enemies":"Large Slime","floor":61,"turns":1}],"seed_played":"9123586808865964227","potions_obtained":[{"floor":1,"key":"SpeedPotion"},{"floor":5,"key":"Milkshake"},{"floor":7,"key":"FearPotion"},{"floor":11,"key":"Energy Potion"},{"floor":15,"key":"Energy Potion"},{"floor":15,"key":"Languid Potion"},{"floor":18,"key":"Fire Potion"},{"floor":23,"key":"AttackPotion"},{"floor":39,"key":"SmokeBomb"},{"floor":44,"key":"Dexterity Potion"},{"floor":57,"key":"Guardian:BlockOnCardUsePotion"},{"floor":57,"key":"Swift Potion"},{"floor":59,"key":"Adrenaline Potion"}],"is_trial":true,"path_per_floor":["M","M","T","M","M","R","E","?","T","E","M","$","?","$","R","B",null,"M","?","?","M","?","E","?","E","T","$","T","$","?","?","R","B",null,"?","?","?","T","?","T","T","T","T","?","T","?","?","?","T","B",null,"?","?","T","?","T","T","?","?","T","?"],"character_chosen":"THE_PLACEHOLDER","items_purchased":["MerchantsRug","aspiration:FrozenJewel","ReplayTheSpireMod:Shallot","PlaceholderMod:InnerStable","Replay:WaspNest","Replay:Ringing Soul","PlaceholderMod:Stable","Omamori","Chameleon Ring","Runesmith:Nanobots","Molten Egg 2","vexMod:FocusSash","Juzu Bracelet","OrangePellets","ReplayTheSpireMod:CursedCoin","Replay:Bottled Eggs","Replay:Bottled Flurry"],"campfire_rested":6,"item_purchase_floors":[12,12,14,14,27,27,27,38,54,54,54,56,56,56,56,56,56],"current_hp_per_floor":[78,78,78,78,78,78,78,78,78,78,78,78,78,78,78,78,78,78,78,78,78,62,62,62,57,57,75,75,81,81,81,81,79,84,85,85,84,99,99,99,99,99,99,95,105,111,117,117,120,129,129,129,133,133,133,133,133,137,141,141,141,141],"gold":440,"neow_bonus":"","is_daily":false,"chose_seed":false,"campfire_upgraded":0,"win_rate":0.0,"timestamp":1608882292,"path_taken":["M","?","?","M","?","R","E","?","T","E","M","$","?","$","R","BOSS","M","?","?","?","?","E","?","E","T","$","?","?","?","?","R","BOSS","?","?","?","T","?","T","T","T","T","?","T","?","?","?","T","BOSS","?","?","T","?","T","T","?","?","T","?"],"items_purchased_type":["Relic","Relic","Relic","Card","Relic","Relic","Card","Relic","Relic","Relic","Relic","Relic","Relic","Relic","Relic","Relic","Relic"],"build_version":"2020-12-22","purchased_purges":0,"victory":false,"max_hp_per_floor":[78,78,78,78,78,78,78,78,78,78,78,78,78,78,78,78,78,78,78,78,78,78,78,78,78,78,81,81,81,81,81,81,84,84,90,90,99,99,99,99,99,99,99,105,105,111,117,117,120,129,129,129,133,133,133,133,133,137,141,141,141,141],"relic_stats":{"Torii":0,"counters":[27,80],"Blue Candle":[0],"Eternal Feather":0,"Pen Nib":[8],"PreservedInsect":0,"Juzu Bracelet":0,"Letter Opener":[5],"Question Card":11,"Blood Vial":0,"OrangePellets":[0],"Dream Catcher":1,"MealTicket":36,"obtain_stats":[{"Divine Protection":44,"Ring of Searing":24,"Blood Vial":48,"Replay:Ringing Soul":27,"Honey Jar":17,"MealTicket":23,"Replay:Bottled Flurry":56,"Toxic Egg 2":28,"MerchantsRug":12,"ReplayTheSpireMod:CursedCoin":56,"Blue Candle":11,"Eternal Feather":55,"Ring of Chaos":0,"Pen Nib":2,"Letter Opener":52,"Question Card":3,"aspiration:FrozenJewel":12,"Akabeko":36,"OrangePellets":56,"ReplayTheSpireMod:Shallot":14,"Molten Egg 2":54,"PlaceholderMod:SoulofChaos":59,"Mirror":21,"Pocketwatch":0,"PlaceholderMod:Tancle":0,"ReplayTheSpireMod:Ring of Exchange":24,"Lantern":5,"Torii":35,"Enchiridion":22,"Painkiller Herb":34,"StoneCalendar":37,"Juzu Bracelet":56,"Ancient Tea Set":46,"Dream Catcher":47,"Matryoshka":43,"Chameleon Ring":54,"vexMod:RedPlottingStone":25,"Replay:Bottled Eggs":56,"aspiration:ChemicalBlood":9,"Potion Belt":1,"Gremlin Food":60,"Runesmith:Nanobots":54,"Quantum Egg":18,"champ:DeflectingBracers":13,"Replay:WaspNest":27,"PreservedInsect":60,"Omamori":38,"aspiration:HummingbirdHeart":53,"vexMod:FocusSash":56,"Anchor":10,"Garlic":26,"Runesmith:AutoHammer":7,"aspiration:RitualDagger":51,"FossilizedHelix":4},{"Divine Protection":18,"Ring of Searing":12,"Blood Vial":21,"Replay:Ringing Soul":13,"Honey Jar":9,"MealTicket":12,"Replay:Bottled Flurry":25,"Toxic Egg 2":13,"MerchantsRug":7,"ReplayTheSpireMod:CursedCoin":25,"Blue Candle":7,"Eternal Feather":25,"Ring of Chaos":0,"Pen Nib":2,"Letter Opener":23,"Question Card":2,"aspiration:FrozenJewel":7,"Akabeko":16,"OrangePellets":25,"ReplayTheSpireMod:Shallot":8,"Molten Egg 2":24,"PlaceholderMod:SoulofChaos":27,"Mirror":11,"Pocketwatch":0,"PlaceholderMod:Tancle":0,"ReplayTheSpireMod:Ring of Exchange":12,"Lantern":4,"Torii":15,"Enchiridion":11,"Painkiller Herb":14,"StoneCalendar":17,"Juzu Bracelet":25,"Ancient Tea Set":19,"Dream Catcher":20,"Matryoshka":17,"Chameleon Ring":24,"vexMod:RedPlottingStone":13,"Replay:Bottled Eggs":25,"aspiration:ChemicalBlood":5,"Potion Belt":1,"Gremlin Food":27,"Runesmith:Nanobots":24,"Quantum Egg":10,"champ:DeflectingBracers":7,"Replay:WaspNest":13,"PreservedInsect":27,"Omamori":17,"aspiration:HummingbirdHeart":24,"vexMod:FocusSash":25,"Anchor":6,"Garlic":13,"Runesmith:AutoHammer":5,"aspiration:RitualDagger":22,"FossilizedHelix":3},{"Divine Protection":62,"Ring of Searing":43,"Blood Vial":70,"Replay:Ringing Soul":46,"Honey Jar":36,"MealTicket":43,"Replay:Bottled Flurry":78,"Toxic Egg 2":46,"MerchantsRug":26,"ReplayTheSpireMod:CursedCoin":78,"Blue Candle":26,"Eternal Feather":78,"Ring of Chaos":0,"Pen Nib":7,"Letter Opener":76,"Question Card":7,"aspiration:FrozenJewel":26,"Akabeko":54,"OrangePellets":78,"ReplayTheSpireMod:Shallot":30,"Molten Egg 2":77,"PlaceholderMod:SoulofChaos":80,"Mirror":41,"Pocketwatch":0,"PlaceholderMod:Tancle":0,"ReplayTheSpireMod:Ring of Exchange":43,"Lantern":14,"Torii":52,"Enchiridion":41,"Painkiller Herb":49,"StoneCalendar":58,"Juzu Bracelet":78,"Ancient Tea Set":65,"Dream Catcher":68,"Matryoshka":58,"Chameleon Ring":77,"vexMod:RedPlottingStone":46,"Replay:Bottled Eggs":78,"aspiration:ChemicalBlood":19,"Potion Belt":4,"Gremlin Food":80,"Runesmith:Nanobots":77,"Quantum Egg":39,"champ:DeflectingBracers":26,"Replay:WaspNest":46,"PreservedInsect":80,"Omamori":58,"aspiration:HummingbirdHeart":77,"vexMod:FocusSash":78,"Anchor":21,"Garlic":46,"Runesmith:AutoHammer":19,"aspiration:RitualDagger":75,"FossilizedHelix":10}],"Pocketwatch":[61]},"card_choices":[{"not_picked":["PlaceholderMod:ChainPoly","PlaceholderMod:AngryAttack","PlaceholderMod:Internalization"],"picked":"PlaceholderMod:Colorful","floor":7},{"not_picked":["PlaceholderMod:PoisonAbsorb","PlaceholderMod:ComplexForm","PlaceholderMod:TriggerStrike"],"picked":"PlaceholderMod:EvolutionSpray","floor":10},{"not_picked":["PlaceholderMod:DissolvingSpikes","PlaceholderMod:MultiReaction","PlaceholderMod:NearChange"],"picked":"PlaceholderMod:SevereHeat","floor":13},{"not_picked":["PlaceholderMod:HornyCollision","PlaceholderMod:Eat","PlaceholderMod:DoublePoint"],"picked":"PlaceholderMod:QualitativeChange","floor":16},{"not_picked":["PlaceholderMod:SeverePoisonStrike","PlaceholderMod:HardStinger","PlaceholderMod:PoisonAbsorb","PlaceholderMod:SubstitutionNucleophilic1"],"picked":"PlaceholderMod:Hard","floor":23},{"not_picked":["PlaceholderMod:SevereHeat","PlaceholderMod:Break","PlaceholderMod:HornyBlast+1","PlaceholderMod:Internalization"],"picked":"PlaceholderMod:Stratification+1","floor":25},{"not_picked":["PlaceholderMod:Activation+1","PlaceholderMod:AbsorbTouch","PlaceholderMod:QualitativeChange+1","PlaceholderMod:GrowthForm"],"picked":"PlaceholderMod:Assimilation","floor":33},{"not_picked":["PlaceholderMod:SeverePoisonStrike+1","PlaceholderMod:OHStrongAttack","PlaceholderMod:ParasiteChange+1","PlaceholderMod:ProliferateStrike+1"],"picked":"PlaceholderMod:HardStrike+1","floor":37},{"not_picked":["PlaceholderMod:DirectingGroup+1","PlaceholderMod:Hard+1","PlaceholderMod:UnpureUse+1","PlaceholderMod:StrongAcid+1"],"picked":"PlaceholderMod:QualitativeChange+1","floor":49},{"not_picked":["PlaceholderMod:AbsorbTouch","PlaceholderMod:PericyclicReaction+1","PlaceholderMod:InnerSoften+1","PlaceholderMod:Eat"],"picked":"PlaceholderMod:Activation+1","floor":50}],"player_experience":134799,"relics_obtained":[{"floor":1,"key":"Potion Belt"},{"floor":2,"key":"Pen Nib"},{"floor":3,"key":"Question Card"},{"floor":4,"key":"FossilizedHelix"},{"floor":5,"key":"Lantern"},{"floor":7,"key":"Runesmith:AutoHammer"},{"floor":9,"key":"aspiration:ChemicalBlood"},{"floor":10,"key":"Anchor"},{"floor":11,"key":"Blue Candle"},{"floor":18,"key":"Quantum Egg"},{"floor":21,"key":"Mirror"},{"floor":22,"key":"Enchiridion"},{"floor":23,"key":"MealTicket"},{"floor":24,"key":"ReplayTheSpireMod:Ring of Exchange"},{"floor":24,"key":"Ring of Searing"},{"floor":25,"key":"vexMod:RedPlottingStone"},{"floor":26,"key":"Garlic"},{"floor":28,"key":"Toxic Egg 2"},{"floor":35,"key":"Torii"},{"floor":36,"key":"Akabeko"},{"floor":37,"key":"StoneCalendar"},{"floor":43,"key":"Matryoshka"},{"floor":44,"key":"Divine Protection"},{"floor":46,"key":"Ancient Tea Set"},{"floor":47,"key":"Dream Catcher"},{"floor":48,"key":"Blood Vial"},{"floor":52,"key":"Letter Opener"},{"floor":53,"key":"aspiration:HummingbirdHeart"},{"floor":55,"key":"Eternal Feather"},{"floor":59,"key":"PlaceholderMod:SoulofChaos"},{"floor":60,"key":"PreservedInsect"},{"floor":60,"key":"Gremlin Food"}],"event_choices":[{"damage_healed":0,"gold_gain":0,"player_choice":"Searched \u00272\u0027 times","damage_taken":0,"relics_obtained":["champ:DeflectingBracers"],"max_hp_gain":0,"max_hp_loss":0,"event_name":"Dead Adventurer","floor":13,"gold_loss":0},{"cards_removed":["PlaceholderMod:Polyp"],"damage_healed":0,"gold_gain":0,"player_choice":"Elegance","damage_taken":0,"max_hp_gain":0,"max_hp_loss":0,"event_name":"Back to Basics","floor":20,"gold_loss":0},{"damage_healed":0,"gold_gain":0,"player_choice":"Obtained Book","damage_taken":16,"max_hp_gain":0,"max_hp_loss":0,"event_name":"Cursed Tome","floor":22,"gold_loss":0},{"damage_healed":0,"gold_gain":0,"player_choice":"Fight","damage_taken":0,"max_hp_gain":0,"max_hp_loss":0,"event_name":"Mysterious Sphere","floor":37,"gold_loss":0}],"is_beta":false,"boss_relics":[{"not_picked":["Replay:Wanted Poster","sneckomod:SneckoTalon"],"picked":"Honey Jar"},{"not_picked":["Medical Kit","vexMod:CursedCompass"],"picked":"Painkiller Herb"},{"not_picked":["Ring of Chaos","Runic Pyramid"],"picked":"aspiration:RitualDagger"}],"items_purged_floors":[],"is_endless":true,"potions_floor_spawned":[1,5,7,11,18,23,44,47,52,55,59],"killed_by":"Large Slime","ascension_level":0}}