{"host":"3jhxjeq8h3mqaq9s","time":1608867466,"event":{"mods":["BaseMod","Bestiary","Colored Map","Highlight Path","Minty Spire (QoL Compilation)","Rare Cards Sparkle","Relic Stats","StSLib","everything is the same but u backflip on backflip","slay the spire mod where everything is the same but ironclad has a cowboy hat"],"gold_per_floor":[117,132,132,152,165,195,195,195,271,303,276,293,303,330,330,434,434,454,454,465,465,482,482,507,523,523,548,343,362,362,155,155,258,258,278,278,101,0,19,19,38,72,97,147,147,160,186,186,186,186,186,186,85,119,119,119],"floor_reached":55,"playtime":4761,"items_purged":["Strike_B","Strike_B","Strike_B","Strike_B"],"score":978,"play_id":"1e15a9fd-400e-491f-a881-8a5394432ce7","local_time":"20201224223746","is_ascension_mode":true,"campfire_choices":[{"data":"Zap","floor":7.0,"key":"SMITH"},{"data":"Reinforced Body","floor":15.0,"key":"SMITH"},{"floor":23.0,"key":"RECALL"},{"data":"Fission","floor":30.0,"key":"SMITH"},{"floor":32.0,"key":"REST"},{"data":"Defragment","floor":40.0,"key":"SMITH"},{"data":"Darkness","floor":45.0,"key":"SMITH"},{"data":"Seek","floor":49.0,"key":"SMITH"},{"data":"Seek","floor":52.0,"key":"SMITH"}],"circlet_count":0,"master_deck":["Defend_B","Defend_B","Defend_B","Defend_B","Zap+1","Dualcast","Glacier","Cold Snap","Reinforced Body+1","Ball Lightning","Compile Driver","Seek+1","Seek+1","Darkness+1","Reinforced Body+1","Compile Driver+1","Fission+1","Leap","Hologram+1","Multi-Cast","Undo+1","Ball Lightning","Defragment+1"],"relics":["Cracked Core","TungstenRod","Kunai","Bronze Scales","Gremlin Horn","Velvet Choker","Vajra","Smiling Mask","Blood Vial","Chemical X","Snecko Eye","Singing Bowl","Red Mask","Juzu Bracelet","Pen Nib","Du-Vu Doll","Ginger","Centennial Puzzle"],"acts_visited":["Exordium","TheCity","TheBeyond","TheEnding"],"potions_floor_usage":[55,55],"damage_taken":[{"damage":0.0,"enemies":"2 Louse","floor":1.0,"turns":3.0},{"damage":0.0,"enemies":"Jaw Worm","floor":2.0,"turns":5.0},{"damage":1.0,"enemies":"Cultist","floor":4.0,"turns":3.0},{"damage":1.0,"enemies":"Red Slaver","floor":5.0,"turns":4.0},{"damage":18.0,"enemies":"Gremlin Nob","floor":6.0,"turns":6.0},{"damage":5.0,"enemies":"3 Sentries","floor":10.0,"turns":8.0},{"damage":7.0,"enemies":"Exordium Thugs","floor":11.0,"turns":5.0},{"damage":0.0,"enemies":"Looter","floor":12.0,"turns":2.0},{"damage":4.0,"enemies":"2 Fungi Beasts","floor":13.0,"turns":2.0},{"damage":9.0,"enemies":"Lagavulin","floor":14.0,"turns":6.0},{"damage":7.0,"enemies":"Slime Boss","floor":16.0,"turns":7.0},{"damage":0.0,"enemies":"Shell Parasite","floor":18.0,"turns":5.0},{"damage":0.0,"enemies":"Chosen","floor":20.0,"turns":3.0},{"damage":0.0,"enemies":"Sentry and Sphere","floor":22.0,"turns":5.0},{"damage":16.0,"enemies":"Slavers","floor":24.0,"turns":6.0},{"damage":0.0,"enemies":"Snake Plant","floor":25.0,"turns":5.0},{"damage":26.0,"enemies":"Gremlin Leader","floor":27.0,"turns":8.0},{"damage":0.0,"enemies":"Cultist and Chosen","floor":29.0,"turns":4.0},{"damage":23.0,"enemies":"Champ","floor":33.0,"turns":21.0},{"damage":0.0,"enemies":"3 Darklings","floor":35.0,"turns":4.0},{"damage":0.0,"enemies":"3 Shapes","floor":39.0,"turns":4.0},{"damage":0.0,"enemies":"Transient","floor":41.0,"turns":5.0},{"damage":3.0,"enemies":"Nemesis","floor":42.0,"turns":5.0},{"damage":0.0,"enemies":"Mind Bloom Boss Battle","floor":44.0,"turns":3.0},{"damage":0.0,"enemies":"Writhing Mass","floor":46.0,"turns":5.0},{"damage":16.0,"enemies":"Reptomancer","floor":47.0,"turns":8.0},{"damage":16.0,"enemies":"Time Eater","floor":50.0,"turns":9.0},{"damage":0,"enemies":"Shield and Spear","floor":54,"turns":7},{"damage":137,"enemies":"The Heart","floor":55,"turns":14}],"seed_played":"-805512943115588438","potions_obtained":[{"floor":1.0,"key":"PowerPotion"},{"floor":5.0,"key":"Regen Potion"},{"floor":6.0,"key":"DuplicationPotion"},{"floor":10.0,"key":"Fire Potion"},{"floor":20.0,"key":"Swift Potion"},{"floor":22.0,"key":"FairyPotion"},{"floor":39.0,"key":"AttackPotion"}],"is_trial":false,"path_per_floor":["M","M","?","M","M","E","R","?","T","E","M","M","M","E","R","B",null,"M","?","M","?","M","R","E","M","T","E","$","M","R","$","R","B",null,"M","T","$","?","M","R","M","E","T","?","R","M","E","?","R","B",null,"R","$","E","B"],"character_chosen":"DEFECT","items_purchased":["Blood Vial","Chemical X","Ball Lightning","Defragment","SkillPotion"],"campfire_rested":1,"item_purchase_floors":[28,31,37,37,53],"current_hp_per_floor":[82,82,87,86,85,67,67,67,67,62,55,55,51,42,42,35,74,74,74,74,74,74,74,58,58,58,32,32,34,34,34,60,39,75,77,77,77,77,81,81,85,86,86,90,90,94,82,82,82,68,91,91,91,95,0,0],"gold":119,"neow_bonus":"TEN_PERCENT_HP_BONUS","is_daily":false,"chose_seed":false,"campfire_upgraded":7,"win_rate":0.0,"timestamp":1608867466,"path_taken":["M","M","?","M","M","E","R","?","T","E","M","M","M","E","R","BOSS","M","?","M","?","?","R","E","M","T","E","$","M","R","$","R","BOSS","M","?","?","?","M","R","M","E","T","?","R","M","E","?","R","BOSS","R","$","E","BOSS"],"items_purchased_type":["Relic","Relic","Card","Card","Potion"],"build_version":"2020-12-22","purchased_purges":4,"victory":false,"max_hp_per_floor":[82,82,87,87,87,87,87,87,87,87,87,87,87,87,87,87,87,87,87,87,87,87,87,87,87,87,87,87,87,87,87,87,87,87,87,87,87,87,89,89,91,93,93,95,95,97,99,99,99,99,99,99,99,101,101,101],"relic_stats":{"Gremlin Horn":[25,25],"Singing Bowl":14,"counters":[29,172],"Pen Nib":[3],"Juzu Bracelet":0,"Ginger":[3],"Smiling Mask":250,"Blood Vial":24,"Centennial Puzzle":[3],"Bronze Scales":[572],"Snecko Eye":[98,100,109,85],"Kunai":[30],"Chemical X":[54],"obtain_stats":[{"Gremlin Horn":14,"Singing Bowl":36,"Velvet Choker":17,"Vajra":24,"Pen Nib":43,"Juzu Bracelet":42,"Ginger":47,"Smiling Mask":27,"Blood Vial":28,"Du-Vu Doll":44,"Centennial Puzzle":54,"Bronze Scales":10,"Snecko Eye":34,"Red Mask":38,"Kunai":9,"Chemical X":31,"Cracked Core":0,"TungstenRod":6},{"Gremlin Horn":10,"Singing Bowl":20,"Velvet Choker":11,"Vajra":15,"Pen Nib":23,"Juzu Bracelet":23,"Ginger":26,"Smiling Mask":17,"Blood Vial":17,"Du-Vu Doll":24,"Centennial Puzzle":28,"Bronze Scales":6,"Snecko Eye":19,"Red Mask":20,"Kunai":5,"Chemical X":18,"Cracked Core":0,"TungstenRod":5},{"Gremlin Horn":44,"Singing Bowl":112,"Velvet Choker":51,"Vajra":70,"Pen Nib":126,"Juzu Bracelet":126,"Ginger":142,"Smiling Mask":83,"Blood Vial":83,"Du-Vu Doll":129,"Centennial Puzzle":158,"Bronze Scales":29,"Snecko Eye":108,"Red Mask":112,"Kunai":21,"Chemical X":87,"Cracked Core":0,"TungstenRod":21}],"TungstenRod":48},"card_choices":[{"not_picked":["Steam","Coolheaded"],"picked":"Glacier","floor":1.0},{"not_picked":["Scrape","Stack","Capacitor"],"picked":"SKIP","floor":2.0},{"not_picked":["Gash","White Noise"],"picked":"Cold Snap","floor":4.0},{"not_picked":["Hologram","FTL"],"picked":"Reinforced Body","floor":5.0},{"not_picked":["Barrage","Stack"],"picked":"Ball Lightning","floor":6.0},{"not_picked":["Gash","Scrape","Stack"],"picked":"SKIP","floor":10.0},{"not_picked":["Hyperbeam","Go for the Eyes"],"picked":"Cold Snap","floor":11.0},{"not_picked":["Ball Lightning","Turbo"],"picked":"Compile Driver","floor":12.0},{"not_picked":["Lockon","Streamline"],"picked":"Seek","floor":13.0},{"not_picked":["Redo","Turbo","Beam Cell"],"picked":"SKIP","floor":14.0},{"not_picked":["Amplify","Meteor Strike"],"picked":"Seek","floor":16.0},{"not_picked":["Beam Cell","Streamline+1","Cold Snap"],"picked":"SKIP","floor":18.0},{"not_picked":["Lockon","Darkness","Blizzard"],"picked":"SKIP","floor":20.0},{"not_picked":["Lockon","Blizzard"],"picked":"Darkness","floor":20.0},{"not_picked":["Blizzard+1","Auto Shields"],"picked":"Compile Driver+1","floor":22.0},{"not_picked":["Coolheaded","Turbo"],"picked":"Fission","floor":24.0},{"not_picked":["Blizzard","Self Repair","Turbo+1"],"picked":"SKIP","floor":25.0},{"not_picked":["Chill","Tempest"],"picked":"Leap","floor":27.0},{"not_picked":["Conserve Battery","Gash"],"picked":"Hologram+1","floor":29.0},{"not_picked":["All For One","Fission"],"picked":"Multi-Cast","floor":33.0},{"not_picked":["Rebound+1","Compile Driver"],"picked":"Undo+1","floor":35.0},{"not_picked":["Hologram","Steam+1","Beam Cell+1"],"picked":"Singing Bowl","floor":39.0},{"not_picked":["Undo+1","Streamline+1","Steam"],"picked":"Singing Bowl","floor":41.0},{"not_picked":["FTL+1","Blizzard+1","Hello World"],"picked":"Singing Bowl","floor":42.0},{"not_picked":["Gash","Redo+1","Coolheaded"],"picked":"Singing Bowl","floor":44.0},{"not_picked":["Storm+1","Sweeping Beam","Doom and Gloom"],"picked":"Singing Bowl","floor":46.0},{"not_picked":["Self Repair+1","Gash+1","Sweeping Beam+1"],"picked":"Singing Bowl","floor":47.0},{"not_picked":["Redo","Compile Driver+1","Gash+1"],"picked":"Singing Bowl","floor":54}],"player_experience":2446107,"relics_obtained":[{"floor":6.0,"key":"TungstenRod"},{"floor":9.0,"key":"Kunai"},{"floor":10.0,"key":"Bronze Scales"},{"floor":14.0,"key":"Gremlin Horn"},{"floor":24.0,"key":"Vajra"},{"floor":27.0,"key":"Smiling Mask"},{"floor":36.0,"key":"Singing Bowl"},{"floor":42.0,"key":"Juzu Bracelet"},{"floor":43.0,"key":"Pen Nib"},{"floor":44.0,"key":"Du-Vu Doll"},{"floor":47.0,"key":"Ginger"},{"floor":54,"key":"Centennial Puzzle"}],"event_choices":[{"damage_healed":0.0,"max_hp_gain":5.0,"max_hp_loss":0.0,"gold_gain":0.0,"event_name":"Big Fish","player_choice":"Donut","floor":3.0,"gold_loss":0.0,"damage_taken":0.0},{"damage_healed":0.0,"max_hp_gain":0.0,"max_hp_loss":0.0,"gold_gain":0.0,"event_name":"Liars Game","player_choice":"Ignored","floor":8.0,"gold_loss":0.0,"damage_taken":0.0},{"damage_healed":0.0,"max_hp_gain":0.0,"max_hp_loss":0.0,"gold_gain":0.0,"event_name":"The Mausoleum","player_choice":"Ignored","floor":19.0,"gold_loss":0.0,"damage_taken":0.0},{"damage_healed":0.0,"max_hp_gain":0.0,"max_hp_loss":0.0,"gold_gain":0.0,"event_name":"Duplicator","player_choice":"Copied","floor":21.0,"gold_loss":0.0,"damage_taken":0.0,"cards_obtained":["Reinforced Body"]},{"damage_healed":0.0,"max_hp_gain":0.0,"max_hp_loss":0.0,"gold_gain":0.0,"event_name":"Tomb of Lord Red Mask","player_choice":"Paid","floor":38.0,"gold_loss":101.0,"damage_taken":0.0,"relics_obtained":["Red Mask"]},{"damage_healed":0.0,"max_hp_gain":0.0,"max_hp_loss":0.0,"gold_gain":0.0,"event_name":"MindBloom","player_choice":"Fight","floor":44.0,"gold_loss":0.0,"damage_taken":0.0},{"cards_removed":["Cold Snap"],"damage_healed":0.0,"max_hp_gain":0.0,"max_hp_loss":0.0,"gold_gain":0.0,"event_name":"Falling","player_choice":"Removed Attack","floor":48.0,"gold_loss":0.0,"damage_taken":0.0}],"is_beta":false,"boss_relics":[{"not_picked":["Tiny House","Ectoplasm"],"picked":"Velvet Choker"},{"not_picked":["Astrolabe","Runic Dome"],"picked":"Snecko Eye"}],"items_purged_floors":[28,31,37,53],"is_endless":false,"potions_floor_spawned":[1,5,6,10,20,22,39,46],"killed_by":"The Heart","ascension_level":5}}