{"host":"ya94u95moedzeoqz","time":1608871695,"event":{"mods":["2.2 Compatiblity","Abigail Mod","Act Like it!","Aspiration","BaseMod","Better Altar","Better Match","Better Note","Better Sensory Stone","Better Skull","BetterRewards","ChefMod","Energized Spire","Filter the Spire","GifTheSpireLib","Infinite Spire","KinomotoSakuraMod(????)","Lobotomy","LobotomyExtend","Luminous","Minty Spire (QoL Compilation)","Permanent Neow","Railgun Mod","Replay The Spire","Spicy Shops","StSLib","The Alterego","The Fake Hero","The Florist","The Forsaken","The Juggle","The Marked","The Senshi","TheArtist","TheSwordswoman","TheVelvet","Yuri Mod"],"gold_per_floor":[112,124,135,8,108,108,134,134,134,144,144,154,154,168,168,269,269,285,285,305,305,317,317,347,347,347,347,372,16,41,41,57,67,67,171,171,181,0,11,25,43,43,43,43,43,43,63,81,81,93,93,93],"floor_reached":53,"playtime":4159,"items_purged":[],"score":656,"play_id":"6cfa094c-6241-4610-9227-18777b705c90","local_time":"20201224234815","is_ascension_mode":false,"campfire_choices":[{"data":"theMarked:MysticalArsenal","floor":6.0,"key":"SMITH"},{"floor":8.0,"key":"REST"},{"data":"theMarked:Generate","floor":11.0,"key":"SMITH"},{"data":"theMarked:TwofoldDefense","floor":13.0,"key":"SMITH"},{"data":"theMarked:MysticalArsenal","floor":15.0,"key":"SMITH"},{"data":"theMarked:Panic","floor":23.0,"key":"SMITH"},{"floor":25,"key":"REST"},{"floor":34,"key":"REST"},{"data":"TheRailgun:Iron_Dust_Field","floor":42,"key":"SMITH"},{"data":"theMarked:MuscleMemory","floor":46,"key":"SMITH"},{"data":"theMarked:HeritageOfTheMarked","floor":49,"key":"SMITH"},{"data":"theMarked:DeterminationOfTheMarked","floor":51,"key":"SMITH"}],"circlet_count":0,"master_deck":["theMarked:Strike","theMarked:Strike","theMarked:Strike","theMarked:Strike","theMarked:Strike","theMarked:Defend","theMarked:Defend","theMarked:Defend","theMarked:Defend","theMarked:SoldierOfQuellstein+1","theMarked:ResourceFulStrike","theMarked:BanishingStrike","theMarked:ParalyzingBlade","theMarked:HeritageOfTheMarked+1","theMarked:MysticalArsenal+1","theMarked:MysticalArsenal+1","theMarked:Generate+1","theMarked:Panic+1","theMarked:DeterminationOfTheMarked+1","theMarked:TwofoldDefense+1","theMarked:MagicAdept","theMarked:EternalStudent+1","CurseOfTheBell","theMarked:Panic+1","theMarked:BanishingStrike","theMarked:Aftermath+1","CurseOfTheBell","theMarked:MuscleMemory+1","TheRailgun:Mental_Out","TheRailgun:Static","TheRailgun:Iron_Dust_Shield+1","TheRailgun:Static","TheRailgun:Judgement_Officer","TheRailgun:Iron_Dust_Shield","TheRailgun:Iron_Dust_Field+1","TheRailgun:Iron_Dust_Field","TheRailgun:Iron_Dust_Field+1","Madness","Madness","TheRailgun:Electric_Fence","TheRailgun:Recharge"],"relics":["theMarked:BronzeBlade","LetterFromLob","theMarked:VonisonLock","theSenshi:SpiralHeartMoonRodRelic","Calling Bell","infinitespire:CursedDice","Mummified Hand","War Paint","aspiration:SeaSaltIceCream","Calling Bell","aspiration:HiddenCompartment","Blue Candle","Vajra","Red Mask","aspiration:HummingbirdHeart"],"acts_visited":["Exordium","TheCity","TheBeyond"],"potions_floor_usage":[35,40,40,52],"damage_taken":[{"damage":1.0,"enemies":"Cultist","floor":1.0,"turns":3.0},{"damage":0.0,"enemies":"Small Slimes","floor":2.0,"turns":2.0},{"damage":6.0,"enemies":"2 Louse","floor":3.0,"turns":2.0},{"damage":35.0,"enemies":"Gremlin Nob","floor":7.0,"turns":5.0},{"damage":8.0,"enemies":"Exordium Wildlife","floor":10.0,"turns":4.0},{"damage":7.0,"enemies":"2 Fungi Beasts","floor":12.0,"turns":3.0},{"damage":12.0,"enemies":"3 Louse","floor":14.0,"turns":3.0},{"damage":6.0,"enemies":"Slime Boss","floor":16.0,"turns":7.0},{"damage":17.0,"enemies":"2 Thieves","floor":18.0,"turns":4.0},{"damage":9.0,"enemies":"3 Byrds","floor":20.0,"turns":4.0},{"damage":2.0,"enemies":"Snecko","floor":22.0,"turns":3.0},{"damage":49.0,"enemies":"Slavers","floor":24.0,"turns":6.0},{"damage":0,"enemies":"Chosen and Byrds","floor":32,"turns":4},{"damage":22,"enemies":"Snake Plant","floor":33,"turns":4},{"damage":23,"enemies":"Champ","floor":35,"turns":7},{"damage":0,"enemies":"Orb Walker","floor":37,"turns":3},{"damage":0,"enemies":"3 Shapes","floor":39,"turns":8},{"damage":3,"enemies":"Transient","floor":40,"turns":5},{"damage":19,"enemies":"4 Shapes","floor":41,"turns":6},{"damage":4,"enemies":"3 Darklings","floor":47,"turns":5},{"damage":0,"enemies":"Maw","floor":48,"turns":7},{"damage":3,"enemies":"Writhing Mass","floor":50,"turns":5},{"damage":73,"enemies":"Donu and Deca","floor":52,"turns":9}],"seed_played":"-8275336368962310401","potions_obtained":[{"floor":7.0,"key":"Fruit Juice"},{"floor":12.0,"key":"Venom Potion"},{"floor":14.0,"key":"Fire Potion"},{"floor":16.0,"key":"Fire Potion"},{"floor":19.0,"key":"ColorlessPotion"},{"floor":19.0,"key":"Adrenaline Potion"},{"floor":19.0,"key":"SpeedPotion"},{"floor":20.0,"key":"SpeedPotion"},{"floor":33,"key":"Explosive Potion"},{"floor":37,"key":"SpeedPotion"},{"floor":39,"key":"FearPotion"},{"floor":47,"key":"Strength Potion"}],"is_trial":false,"path_per_floor":["M","M","M","$","?","R","E","R","T","M","R","M","R","M","R","B",null,"M","?","M","?","M","R","E","R","PTL","PTL","T","$","T","?","M","M","R","B",null,"M","?","M","M","M","R","?","?","T","R","M","M","R","M","R","B",null],"character_chosen":"THE_DEFAULT","items_purchased":["theMarked:MysticalArsenal","theMarked:Generate","TheRailgun:Mental_Out","Blue Candle","TheRailgun:Static"],"campfire_rested":3,"item_purchase_floors":[4,4,29,29,29],"current_hp_per_floor":[69,69,63,63,63,63,28,55,55,51,51,48,48,42,42,42,75,60,60,57,61,61,61,18,40,40,40,40,40,40,40,44,24,46,25,75,75,75,75,74,63,63,54,54,54,54,62,64,64,63,63,49],"gold":93,"neow_bonus":"THREE_CARDS","is_daily":false,"chose_seed":false,"campfire_upgraded":9,"win_rate":0.0,"timestamp":1608871695,"path_taken":["M","?","M","$","?","R","E","R","T","M","R","M","R","M","R","BOSS","M","?","M","?","M","R","E","R","PTL","PTL","T","$","?","?","M","M","R","BOSS","M","?","M","M","M","R","?","?","T","R","?","M","R","M","R","BOSS"],"items_purchased_type":["Card","Card","Card","Relic","Card"],"build_version":"2020-12-22","purchased_purges":0,"victory":true,"max_hp_per_floor":[70,70,70,70,70,70,70,75,75,75,75,75,75,75,75,75,75,75,75,75,75,75,75,75,75,75,75,75,75,75,75,75,75,75,75,75,75,75,75,75,75,75,75,75,75,75,75,75,75,75,75,75],"card_choices":[{"not_picked":["theMarked:Frustration","theMarked:Parkour"],"picked":"theMarked:ResourceFulStrike","floor":0.0},{"not_picked":["theMarked:HeightenedSenses","theMarked:ChainLightning"],"picked":"theMarked:BanishingStrike","floor":1.0},{"not_picked":["theMarked:ChainLightning","theMarked:Overthink"],"picked":"theMarked:ParalyzingBlade","floor":2.0},{"not_picked":["theMarked:SwordAndMagic","theMarked:EmpowerWeapon"],"picked":"theMarked:HeritageOfTheMarked","floor":3.0},{"not_picked":["theMarked:Improvise","theMarked:EnhanceMovement"],"picked":"theMarked:Panic","floor":7.0},{"not_picked":["theMarked:ElectricStrings","theMarked:EnhancedHearing"],"picked":"theMarked:DeterminationOfTheMarked","floor":10.0},{"not_picked":["theMarked:Frustration","theMarked:SwordAndMagic"],"picked":"theMarked:TwofoldDefense","floor":12.0},{"not_picked":["theMarked:Improvise","theMarked:RepellingDischarge"],"picked":"theMarked:MagicAdept","floor":14.0},{"not_picked":["theMarked:FavorableWinds","theMarked:Defy"],"picked":"theMarked:EternalStudent","floor":16.0},{"not_picked":["theMarked:TwofoldDefense","theMarked:EmpowerWeapon"],"picked":"theMarked:Panic","floor":18.0},{"not_picked":["theMarked:WastefulAttack","theMarked:Improvise"],"picked":"theMarked:BanishingStrike","floor":20.0},{"not_picked":["theMarked:ComboAttacks","theMarked:Generate+1"],"picked":"theMarked:Aftermath+1","floor":22.0},{"not_picked":["theMarked:WastefulAttack","theMarked:WastefulDefense"],"picked":"theMarked:MuscleMemory","floor":24.0},{"not_picked":["TheRailgun:Sister_Noise","TheRailgun:Sister_Network+1"],"picked":"TheRailgun:Iron_Dust_Shield+1","floor":32},{"not_picked":["TheRailgun:Recharge","TheRailgun:Charge+1"],"picked":"TheRailgun:Static","floor":33},{"not_picked":["TheRailgun:Overload","TheRailgun:Level_6"],"picked":"TheRailgun:Judgement_Officer","floor":35},{"not_picked":["TheRailgun:Scatter_Railgun+1","TheRailgun:Pull+1"],"picked":"TheRailgun:Iron_Dust_Shield","floor":37},{"not_picked":["TheRailgun:Iron_Dust_Shield+1","TheRailgun:Aerial_Shot"],"picked":"TheRailgun:Iron_Dust_Field","floor":39},{"not_picked":["TheRailgun:Crackle+1","TheRailgun:Crack+1"],"picked":"TheRailgun:Iron_Dust_Field","floor":40},{"not_picked":["TheRailgun:Thunderbolt","TheRailgun:Stun_Shock+1"],"picked":"TheRailgun:Iron_Dust_Field+1","floor":41},{"not_picked":["TheRailgun:Aerial_Shot","TheRailgun:Hypercharge+1","TheRailgun:Thunderjolt"],"picked":"SKIP","floor":47},{"not_picked":["TheRailgun:Crack","TheRailgun:Gekotamania+1"],"picked":"TheRailgun:Electric_Fence","floor":48},{"not_picked":["TheRailgun:Sister_Network+1","TheRailgun:Gekota_Phone"],"picked":"TheRailgun:Recharge","floor":50}],"player_experience":475122,"relics_obtained":[{"floor":1.0,"key":"LetterFromLob"},{"floor":7.0,"key":"theMarked:VonisonLock"},{"floor":9.0,"key":"theSenshi:SpiralHeartMoonRodRelic"},{"floor":17.0,"key":"infinitespire:CursedDice"},{"floor":17.0,"key":"Mummified Hand"},{"floor":17.0,"key":"War Paint"},{"floor":24.0,"key":"aspiration:SeaSaltIceCream"},{"floor":28,"key":"aspiration:HiddenCompartment"},{"floor":30,"key":"Vajra"},{"floor":45,"key":"aspiration:HummingbirdHeart"}],"event_choices":[{"damage_healed":0.0,"max_hp_gain":0.0,"max_hp_loss":0.0,"gold_gain":100.0,"event_name":"Golden Shrine","player_choice":"Pray","floor":5.0,"gold_loss":0.0,"damage_taken":0.0},{"damage_healed":0.0,"max_hp_gain":0.0,"max_hp_loss":0.0,"gold_gain":0.0,"event_name":"Lab","player_choice":"Got Potions","floor":19.0,"gold_loss":0.0,"damage_taken":0.0},{"damage_healed":4.0,"max_hp_gain":0.0,"max_hp_loss":0.0,"gold_gain":0.0,"event_name":"betterSkull:BetterSkull","player_choice":"LEAVE ","floor":21.0,"gold_loss":0.0,"damage_taken":0.0,"cards_upgraded":[],"relics_obtained":[]},{"damage_healed":0,"gold_gain":0,"player_choice":"Ignored","damage_taken":0,"max_hp_gain":0,"max_hp_loss":0,"event_name":"WeMeetAgain","floor":31,"gold_loss":0},{"damage_healed":0,"gold_gain":0,"player_choice":"Paid","damage_taken":0,"relics_obtained":["Red Mask"],"max_hp_gain":0,"max_hp_loss":0,"event_name":"Tomb of Lord Red Mask","floor":38,"gold_loss":181},{"damage_healed":0,"gold_gain":0,"player_choice":"Embrace Madness","damage_taken":9,"max_hp_gain":0,"max_hp_loss":0,"event_name":"Winding Halls","floor":43,"gold_loss":0,"cards_obtained":["Madness","Madness"]},{"damage_healed":0,"gold_gain":0,"player_choice":"Upgraded","damage_taken":0,"max_hp_gain":0,"max_hp_loss":0,"event_name":"Upgrade Shrine","floor":44,"gold_loss":0,"cards_upgraded":["theMarked:Panic"]}],"is_beta":false,"boss_relics":[{"not_picked":["Kintsugi","ReplayTheSpireMod:SealedPack"],"picked":"Calling Bell"},{"not_picked":["energizedSpire:StickyHand","Replay:Wanted Poster"],"picked":"theMarked:BronzeBlade"}],"items_purged_floors":[],"is_endless":false,"potions_floor_spawned":[7,12,14,16,20,33,37,39,47],"ascension_level":0}}