{"host":"f55lpzc7830gmx23","time":1608932016,"event":{"mods":["BaseMod","Better Note","Downfall","Hermit","Minty Spire (QoL Compilation)","StSLib","The Blackbeard","The Cursed","The Necromancer"],"gold_per_floor":[117,342,342,342,342,385,385,440,440,471,504,584,584,614,614,779,779,839,280,333,373,373,373,648,648,725,202,263,263,339,25,25,169,169,200,200,236,236,265,315,16,47,74,74,15,15,53,84,84,99],"floor_reached":51,"playtime":4195,"items_purged":["Regret","Regret","Injury"],"score":1267,"play_id":"67a4dd6d-f403-4a02-a524-feaab0a3ef83","local_time":"20201225223336","is_ascension_mode":true,"campfire_choices":[{"floor":7,"key":"REST"},{"floor":15,"key":"REST"},{"floor":23,"key":"REST"},{"floor":25,"key":"REST"},{"floor":29,"key":"REST"},{"data":"blackbeard:Cutlass","floor":32,"key":"SMITH"},{"floor":44,"key":"REST"},{"data":"blackbeard:GoldenGuillotine","floor":49,"key":"SMITH"}],"circlet_count":0,"master_deck":["AscendersBane","blackbeard:BlackbeardStrike","blackbeard:BlackbeardStrike","blackbeard:BlackbeardStrike","blackbeard:BlackbeardStrike","blackbeard:IntimidatingStrike","blackbeard:BlackbeardDefend","blackbeard:BlackbeardDefend+1","blackbeard:BlackbeardDefend","blackbeard:Cutlass+1","blackbeard:CloakAndCannonball+1","blackbeard:GoldenDefense","blackbeard:GoldenGuillotine+1","blackbeard:Sword","blackbeard:PiratesWill","blackbeard:JollyRoger","blackbeard:BeatUp","blackbeard:BoostMorale","blackbeard:GoldenCannonball","blackbeard:Parrot","blackbeard:GoldenStrike+1","blackbeard:Sharpening+1","blackbeard:Sharpening+1","blackbeard:WiseDefense+1","blackbeard:WoodenLeg+1","blackbeard:TheDrunkenSailor","blackbeard:BeatUp","blackbeard:CloakAndCannonball+1","blackbeard:SmithingHammer+1","blackbeard:CatONineTails+1","blackbeard:DeadlyArsenal+1","blackbeard:TacticalRetreat+1","blackbeard:PiratesWill+1","blackbeard:ReapersScythe+1","CurseOfTheBell","blackbeard:GoldenStrike+1","blackbeard:CaptainsCabin+1","blackbeard:Dagger+1","blackbeard:PirateStrength","blackbeard:GoldenDefense+1","blackbeard:Rum","blackbeard:Rum+1","blackbeard:GoldenStrike+1","blackbeard:DoubleBottom+1","blackbeard:CatONineTails+1"],"relics":["blackbeard:LoadTheCannons","NeowsBlessing","InkBottle","Golden Idol","Dream Catcher","blackbeard:TreasureChest","Letter Opener","Kunai","The Courier","Prayer Wheel","blackbeard:Karategi","Toxic Egg 2","Mango","Gremlin Horn","Vajra","Sling","Juzu Bracelet","FossilizedHelix","blackbeard:CrossedSwords","Eternal Feather","Calling Bell","Bag of Marbles","Pear","Ice Cream","Peace Pipe","blackbeard:Spearhead","Membership Card","Mercury Hourglass","Pen Nib","Lee\u0027s Waffle"],"acts_visited":["Exordium","TheCity","TheBeyond"],"potions_floor_usage":[12,12,39,42,50,50],"damage_taken":[{"damage":0,"enemies":"Jaw Worm","floor":1,"turns":1},{"damage":0,"enemies":"3 Sentries","floor":6,"turns":1},{"damage":0,"enemies":"Gremlin Nob","floor":8,"turns":1},{"damage":2,"enemies":"Small Slimes","floor":10,"turns":4},{"damage":4,"enemies":"2 Louse","floor":11,"turns":3},{"damage":22,"enemies":"Gremlin Nob","floor":12,"turns":4},{"damage":12,"enemies":"Blue Slaver","floor":14,"turns":4},{"damage":26,"enemies":"The Guardian","floor":16,"turns":13},{"damage":16,"enemies":"Chosen","floor":18,"turns":4},{"damage":22,"enemies":"Spheric Guardian","floor":20,"turns":4},{"damage":22,"enemies":"Cultist and Chosen","floor":21,"turns":5},{"damage":6,"enemies":"Centurion and Healer","floor":28,"turns":4},{"damage":1,"enemies":"Gremlin Leader","floor":30,"turns":4},{"damage":63,"enemies":"Collector","floor":33,"turns":4},{"damage":0,"enemies":"Orb Walker","floor":35,"turns":2},{"damage":0,"enemies":"3 Shapes","floor":37,"turns":2},{"damage":25,"enemies":"Spire Growth","floor":39,"turns":3},{"damage":43,"enemies":"Giant Head","floor":40,"turns":6},{"damage":0,"enemies":"4 Shapes","floor":42,"turns":3},{"damage":0,"enemies":"Maw","floor":47,"turns":4},{"damage":0,"enemies":"3 Darklings","floor":48,"turns":4},{"damage":79,"enemies":"Donu and Deca","floor":50,"turns":8}],"seed_played":"7282041701434593169","potions_obtained":[{"floor":6,"key":"DuplicationPotion"},{"floor":11,"key":"BlessingOfTheForge"},{"floor":18,"key":"LiquidBronze"},{"floor":30,"key":"SneckoOil"},{"floor":39,"key":"Fire Potion"},{"floor":42,"key":"blackbeard:OrangeJuicePotion"}],"is_trial":false,"path_per_floor":["M","?","?","?","?","E","R","E","T","M","M","?","?","M","R","B",null,"M","$","M","M","?","R","?","R","T","$","M","R","E","$","R","B",null,"M","?","M","T","M","E","$","M","T","R","$","?","M","M","R","B",null],"character_chosen":"BLACKBEARD_CLASS","items_purchased":["Toxic Egg 2","Mango","blackbeard:Sharpening+1","Vajra","Sling","Juzu Bracelet","blackbeard:CatONineTails+1","blackbeard:DeadlyArsenal+1","blackbeard:CrossedSwords","Eternal Feather","Membership Card","blackbeard:Rum","Mercury Hourglass","Lee\u0027s Waffle"],"campfire_rested":6,"item_purchase_floors":[19,19,19,27,27,27,27,27,31,31,41,41,41,45],"current_hp_per_floor":[68,68,68,53,53,53,75,75,75,73,69,47,47,35,57,31,64,48,62,40,18,18,44,44,70,70,70,64,89,88,88,89,26,83,83,83,83,83,58,15,15,15,15,68,106,106,106,106,106,37],"gold":99,"neow_bonus":"THREE_ENEMY_KILL","is_daily":false,"chose_seed":false,"campfire_upgraded":2,"win_rate":0.0,"timestamp":1608932016,"path_taken":["M","?","?","?","?","E","R","E","T","M","?","?","?","M","R","BOSS","M","$","?","M","?","R","?","R","T","?","M","R","E","$","R","BOSS","M","?","M","?","M","E","$","M","T","R","?","?","M","M","R","BOSS"],"items_purchased_type":["Relic","Relic","Card","Relic","Relic","Relic","Card","Card","Relic","Relic","Relic","Card","Relic","Relic"],"build_version":"2020-12-22","purchased_purges":3,"victory":true,"max_hp_per_floor":[75,75,75,75,75,75,75,75,75,75,75,75,75,75,75,75,75,75,89,89,89,89,89,89,89,89,89,89,89,89,89,89,89,99,99,99,99,99,99,99,99,99,99,99,106,106,106,106,106,106],"card_choices":[{"not_picked":["blackbeard:PiratesWill","blackbeard:Fencing"],"picked":"blackbeard:CloakAndCannonball","floor":1},{"not_picked":["blackbeard:Spear","blackbeard:Fencing"],"picked":"blackbeard:GoldenDefense","floor":6},{"not_picked":["blackbeard:FieryDefense","blackbeard:GhostInTheRum"],"picked":"blackbeard:GoldenGuillotine","floor":7},{"not_picked":["blackbeard:Provisioning","blackbeard:WiseDefense"],"picked":"blackbeard:Sword","floor":8},{"not_picked":["blackbeard:Provisioning","blackbeard:Recklessness"],"picked":"blackbeard:PiratesWill","floor":10},{"not_picked":["blackbeard:FishingNets","blackbeard:VengefulSpirit"],"picked":"blackbeard:JollyRoger","floor":11},{"not_picked":["blackbeard:Shrapnel","blackbeard:JollyRoger"],"picked":"blackbeard:BeatUp","floor":12},{"not_picked":["blackbeard:PirateHook","blackbeard:CaptainsCabin"],"picked":"blackbeard:BoostMorale","floor":14},{"not_picked":["blackbeard:GoldenStrike","blackbeard:TacticalRetreat"],"picked":"blackbeard:GoldenCannonball","floor":14},{"not_picked":["blackbeard:Spear","blackbeard:PirateEarring"],"picked":"blackbeard:Bandana","floor":15},{"not_picked":["blackbeard:Lifeboat","blackbeard:Intoxication"],"picked":"blackbeard:Parrot","floor":16},{"not_picked":["blackbeard:Provisioning","blackbeard:RemoveScurvy+1"],"picked":"blackbeard:GoldenStrike+1","floor":18},{"not_picked":["blackbeard:GhostInTheRum","blackbeard:WeaponProficiency"],"picked":"blackbeard:Sharpening+1","floor":18},{"not_picked":["blackbeard:Upgrade+1","blackbeard:BeatUp"],"picked":"blackbeard:WiseDefense+1","floor":20},{"not_picked":["blackbeard:Toast+1","blackbeard:BlindAttacks"],"picked":"blackbeard:WoodenLeg+1","floor":20},{"not_picked":["blackbeard:RearmingStrike+1","blackbeard:WiseDefense+1"],"picked":"blackbeard:TheDrunkenSailor","floor":21},{"not_picked":["blackbeard:FieryDefense+1","blackbeard:Sharpening+1","blackbeard:SwordDance+1"],"picked":"SKIP","floor":21},{"not_picked":["blackbeard:Boarding","blackbeard:GoldenStrike+1"],"picked":"blackbeard:CloakAndCannonball+1","floor":23},{"not_picked":["blackbeard:BeatUp+1","blackbeard:TacticalRetreat+1"],"picked":"blackbeard:SmithingHammer+1","floor":25},{"not_picked":["blackbeard:WoodenLeg","blackbeard:Upgrade+1"],"picked":"blackbeard:TacticalRetreat+1","floor":28},{"not_picked":["blackbeard:Recklessness+1","blackbeard:Spear+1","blackbeard:BlindAttacks"],"picked":"SKIP","floor":28},{"not_picked":["blackbeard:Sword+1","blackbeard:ChaoticDefense+1"],"picked":"blackbeard:PiratesWill+1","floor":29},{"not_picked":["blackbeard:Eyepatch","blackbeard:Fencing+1","blackbeard:RearmingStrike+1"],"picked":"SKIP","floor":30},{"not_picked":["blackbeard:FinalBarrage","blackbeard:PowerHungry+1"],"picked":"blackbeard:ReapersScythe+1","floor":33},{"not_picked":["blackbeard:WiseDefense+1","blackbeard:GoldenDefense+1"],"picked":"blackbeard:GoldenStrike+1","floor":35},{"not_picked":["blackbeard:Sword+1","blackbeard:Sharpening+1","blackbeard:DoubleCannonball"],"picked":"SKIP","floor":35},{"not_picked":["blackbeard:DeadlyArsenal+1","blackbeard:PiratesWill+1"],"picked":"blackbeard:CaptainsCabin+1","floor":37},{"not_picked":["blackbeard:Sword+1","blackbeard:Upgrade+1"],"picked":"blackbeard:Dagger+1","floor":37},{"not_picked":["blackbeard:PowderKeg+1","blackbeard:Fencing+1"],"picked":"blackbeard:PirateStrength","floor":39},{"not_picked":["blackbeard:BuriedTreasure+1","blackbeard:Dagger+1"],"picked":"blackbeard:GoldenDefense+1","floor":39},{"not_picked":["blackbeard:DoubleCannonball","blackbeard:CannonBarrage+1","blackbeard:Spear+1"],"picked":"SKIP","floor":40},{"not_picked":["blackbeard:SwordDance+1","blackbeard:Fencing+1"],"picked":"blackbeard:Rum+1","floor":42},{"not_picked":["blackbeard:Toast+1","blackbeard:WoodenLeg"],"picked":"blackbeard:GoldenStrike+1","floor":42},{"not_picked":["blackbeard:RemoveScurvy+1","blackbeard:JollyRoger+1"],"picked":"blackbeard:DoubleBottom+1","floor":44},{"not_picked":["blackbeard:Sharpening+1","blackbeard:WoodenLeg"],"picked":"blackbeard:CatONineTails+1","floor":47},{"not_picked":["blackbeard:Fencing+1","blackbeard:Shrapnel+1","blackbeard:Spear+1"],"picked":"SKIP","floor":47},{"not_picked":["blackbeard:ReapersScythe+1","blackbeard:CannonballSupply+1","blackbeard:BeatUp"],"picked":"SKIP","floor":48},{"not_picked":["blackbeard:TacticalRetreat+1","blackbeard:BeatUp+1","blackbeard:GoldenStrike+1"],"picked":"SKIP","floor":48}],"player_experience":439555,"relics_obtained":[{"floor":6,"key":"blackbeard:TreasureChest"},{"floor":8,"key":"Letter Opener"},{"floor":9,"key":"Kunai"},{"floor":12,"key":"The Courier"},{"floor":13,"key":"Prayer Wheel"},{"floor":26,"key":"Gremlin Horn"},{"floor":30,"key":"FossilizedHelix"},{"floor":34,"key":"Bag of Marbles"},{"floor":34,"key":"Pear"},{"floor":34,"key":"Ice Cream"},{"floor":38,"key":"Peace Pipe"},{"floor":40,"key":"blackbeard:Spearhead"},{"floor":43,"key":"Pen Nib"}],"event_choices":[{"damage_healed":0,"gold_gain":225,"player_choice":"YARR","damage_taken":0,"relics_obtained":["InkBottle"],"max_hp_gain":0,"max_hp_loss":0,"event_name":"blackbeard:Ssssserpent","floor":2,"gold_loss":0},{"damage_healed":0,"gold_gain":0,"player_choice":"Take Wound","damage_taken":0,"relics_obtained":["Golden Idol"],"max_hp_gain":0,"max_hp_loss":0,"event_name":"Golden Idol","floor":3,"gold_loss":0,"cards_obtained":["Injury"]},{"damage_healed":0,"gold_gain":0,"player_choice":"Entered Light","damage_taken":15,"max_hp_gain":0,"max_hp_loss":0,"event_name":"Shining Light","floor":4,"gold_loss":0,"cards_upgraded":["blackbeard:CloakAndCannonball","blackbeard:BlackbeardDefend"]},{"damage_healed":0,"gold_gain":0,"player_choice":"Box","damage_taken":0,"relics_obtained":["Dream Catcher"],"max_hp_gain":0,"max_hp_loss":0,"event_name":"Big Fish","floor":5,"gold_loss":0,"cards_obtained":["Regret"]},{"damage_healed":0,"gold_gain":30,"player_choice":"Searched \u00272\u0027 times","damage_taken":0,"max_hp_gain":0,"max_hp_loss":0,"event_name":"Dead Adventurer","floor":12,"gold_loss":0},{"damage_healed":0,"gold_gain":0,"player_choice":"Relic","damage_taken":0,"max_hp_gain":0,"max_hp_loss":0,"event_name":"Wheel of Change","floor":13,"gold_loss":0},{"damage_healed":0,"gold_gain":0,"cards_transformed":["blackbeard:BlackbeardDefend"],"player_choice":"Transformed","damage_taken":0,"max_hp_gain":0,"max_hp_loss":0,"event_name":"Transmorgrifier","floor":22,"gold_loss":0,"cards_obtained":["blackbeard:BeatUp"]},{"damage_healed":0,"gold_gain":275,"player_choice":"Desecrate","damage_taken":0,"max_hp_gain":0,"max_hp_loss":0,"event_name":"Golden Shrine","floor":24,"gold_loss":0,"cards_obtained":["Regret"]},{"cards_removed":["blackbeard:Bandana"],"damage_healed":0,"gold_gain":0,"player_choice":"Removed Power","damage_taken":0,"max_hp_gain":0,"max_hp_loss":0,"event_name":"Falling","floor":36,"gold_loss":0},{"damage_healed":0,"gold_gain":0,"player_choice":"Memory 1","damage_taken":0,"max_hp_gain":0,"max_hp_loss":0,"event_name":"SensoryStone","floor":46,"gold_loss":0}],"is_beta":false,"boss_relics":[{"not_picked":["blackbeard:SoberMinded","Fusion Hammer"],"picked":"blackbeard:Karategi"},{"not_picked":["Busted Crown","Tiny House"],"picked":"Calling Bell"}],"items_purged_floors":[19,27,41],"is_endless":false,"potions_floor_spawned":[6,11,18,30,39,42],"ascension_level":10}}