{"host":"xx5zt3jtdyh8iun7","time":1608939133,"event":{"mods":["AchievementEnabler","Act Like it!","BaseMod","Bestiary","Downfall","Minty Spire (QoL Compilation)","Replay The Spire","StSLib"],"gold_per_floor":[99,113,113,124,21,21,68,68,103,103,28,13,45,62,76,174,274,199,210,223,323,341,341,341,367,492,492,492,512,512,351,362,457,457,520,532,547,547,547,544,592,611,625,657,676,692,692,684,705,705,705,705,705,705],"floor_reached":52,"playtime":6066,"items_purged":["Looming Evil"],"score":900,"play_id":"c8626602-58a3-4aea-8ef0-48bfacd042bc","local_time":"20201226003213","is_ascension_mode":true,"campfire_choices":[{"data":"hexamod:Sear","floor":1,"key":"SMITH"},{"data":"hexamod:HeatCrush","floor":6,"key":"SMITH"},{"floor":8,"key":"RECALL"},{"data":"hexamod:GhostOfSpirePresent","floor":11,"key":"SMITH"},{"data":"hexamod:GiftsFromTheDead","floor":18,"key":"SMITH"},{"floor":23,"key":"REST"},{"floor":26,"key":"REST"},{"data":"hexamod:ExtraCrispy","floor":28,"key":"SMITH"},{"data":"hexamod:EtherealExpedition","floor":30,"key":"SMITH"},{"floor":47,"key":"REST"}],"circlet_count":0,"master_deck":["hexamod:Strike","hexamod:Defend","hexamod:Defend+1","hexamod:Defend","hexamod:Defend","hexamod:Sear+1","hexamod:Float+1","hexamod:Incineration","hexamod:RadiantFlame","hexamod:HeatCrush+1","hexamod:GhostOfSpirePresent+1","hexamod:Hexaguard","hexamod:DynamicBlow","hexamod:BurningTouch+1","hexamod:ThermalTransfer","hexamod:EtherealExpedition+1","hexamod:ExtraCrispy+1","hexamod:BacktrackSmack","hexamod:GiftsFromTheDead+1","hexamod:SoulSteal+1","hexamod:SwordOfDarkness+1","hexamod:GhostflameBarrier","hexamod:RainOfEmbers","hexamod:TimeOfNeed+1","hexamod:FirstSeal","hexamod:AdvancingGuard+1","hexamod:Again","hexamod:SixthSeal","hexamod:HauntingEcho","hexamod:ThirdSeal","hexamod:ParanormalForm+1","hexamod:FourthSeal","hexamod:InspiringFlames+1","hexamod:NightmareGuise+1","hexamod:AdvancingGuard+1","hexamod:FlamesFromBeyond+1","hexamod:TimeOfNeed","hexamod:Hexaguard+1","hexamod:HeatShield+1","hexamod:GhostOfSpirePast+1","hexamod:GhostOfSpireFuture+1","hexamod:SecondSeal","hexamod:PowerFromBeyond+1"],"relics":["hexamod:SpiritBrand","Replay:Baseball","Replay:Ringing Soul","downfall:HeartBlessingGreen","Regal Pillow","Replay:Wanted Poster","downfall:HeartBlessingRed","downfall:GremlinWheel","Turnip","downfall:HeartBlessingBlue","ReplayTheSpireMod:TigerMarble","Philosopher\u0027s Stone","Ring of Hypnosis","Strange Spoon","Nunchaku","Molten Egg 2"],"acts_visited":["Exordium","TheCity","TheBeyond","TheEnding"],"potions_floor_usage":[5,9,12,13,16,25,31,33,42,43,45,46,49,52,52],"damage_taken":[{"damage":1,"enemies":"2 Louse","floor":2,"turns":3},{"damage":0,"enemies":"Cultist","floor":4,"turns":3},{"damage":0,"enemies":"downfall:FleeingMerchant","floor":5,"turns":5},{"damage":0,"enemies":"Lagavulin","floor":9,"turns":4},{"damage":9,"enemies":"downfall:FleeingMerchant","floor":12,"turns":4},{"damage":11,"enemies":"3 Sentries","floor":13,"turns":7},{"damage":3,"enemies":"Small Slimes","floor":14,"turns":3},{"damage":7,"enemies":"Exordium Thugs","floor":15,"turns":5},{"damage":24,"enemies":"downfall:Silent","floor":16,"turns":6},{"damage":32,"enemies":"Shell Parasite","floor":19,"turns":5},{"damage":13,"enemies":"Snecko","floor":20,"turns":5},{"damage":22,"enemies":"Snecko","floor":21,"turns":4},{"damage":20,"enemies":"Centurion and Healer","floor":22,"turns":3},{"damage":28,"enemies":"Replay:Snechameleon","floor":25,"turns":6},{"damage":12,"enemies":"3 Cultists","floor":29,"turns":5},{"damage":5,"enemies":"downfall:FleeingMerchant","floor":31,"turns":4},{"damage":6,"enemies":"Shelled Parasite and Fungi","floor":32,"turns":3},{"damage":0,"enemies":"downfall:Defect","floor":33,"turns":6},{"damage":32,"enemies":"3 Darklings","floor":36,"turns":7},{"damage":0,"enemies":"3 Shapes","floor":37,"turns":7},{"damage":24,"enemies":"downfall:FleeingMerchant","floor":40,"turns":3},{"damage":68,"enemies":"Transient","floor":42,"turns":5},{"damage":0,"enemies":"Sphere and 2 Shapes","floor":43,"turns":6},{"damage":11,"enemies":"R_Hoarder","floor":44,"turns":6},{"damage":0,"enemies":"Writhing Mass","floor":45,"turns":6},{"damage":0,"enemies":"Jaw Worm Horde","floor":46,"turns":5},{"damage":48,"enemies":"Transient","floor":49,"turns":5},{"damage":4,"enemies":"downfall:Ironclad","floor":50,"turns":10},{"damage":206,"enemies":"downfall:CharBossMerchant","floor":52,"turns":10}],"seed_played":"517001637794219873","potions_obtained":[{"floor":0,"key":"AttackPotion"},{"floor":0,"key":"Flashbang"},{"floor":0,"key":"DuplicationPotion"},{"floor":9,"key":"EssenceOfSteel"},{"floor":14,"key":"LiquidBronze"},{"floor":22,"key":"ColorlessPotion"},{"floor":29,"key":"SteroidPotion"},{"floor":32,"key":"EssenceOfSteel"},{"floor":42,"key":"SneckoOil"},{"floor":42,"key":"SteroidPotion"},{"floor":43,"key":"GamblersBrew"},{"floor":43,"key":"Ancient Potion"},{"floor":44,"key":"sneckomod:MuddlingPotion"},{"floor":45,"key":"Toxic Potion"},{"floor":46,"key":"FairyPotion"},{"floor":46,"key":"FearPotion"},{"floor":49,"key":"Block Potion"}],"is_trial":false,"path_per_floor":["R","M","?","M","$","R","T","R","E","?","R","$","E","M","M","B",null,"R","M","M","?","M","R","T","E","R","?","R","M","R","$","M","B",null,"R","M","M","?","?","$","T","M","M","E","M","M","R","?","M","B",null,"E"],"character_chosen":"THE_SPIRIT","items_purchased":["hexamod:GhostOfSpirePresent","hexamod:Hexaguard","ReplayTheSpireMod:TigerMarble","Strange Spoon","hexamod:FourthSeal","Energy Potion"],"campfire_rested":3,"item_purchase_floors":[5,5,31,40,40,40],"current_hp_per_floor":[70,69,69,69,69,69,69,69,72,75,75,69,61,61,57,36,91,91,62,52,30,13,58,58,33,91,86,86,84,84,86,91,101,125,125,103,113,113,116,102,102,44,54,53,63,73,133,136,95,98,158,0,0,0],"gold":705,"neow_bonus":"THREE_SMALL_POTIONS","is_daily":false,"chose_seed":false,"campfire_upgraded":6,"win_rate":0.0,"timestamp":1608939133,"path_taken":["R","M","?","M","?","R","T","R","E","?","R","$","E","M","M","BOSS","R","M","M","?","?","R","T","E","R","?","R","M","R","?","M","BOSS","R","M","M","?","?","$","T","M","M","E","M","?","R","?","M","BOSS","E"],"items_purchased_type":["Card","Card","Relic","Relic","Card","Potion"],"build_version":"2020-12-22","purchased_purges":1,"victory":false,"max_hp_per_floor":[70,70,70,70,70,70,70,70,73,76,76,79,82,85,88,91,91,91,94,97,97,100,100,100,103,113,116,116,119,119,119,122,125,125,125,128,131,131,134,137,137,140,143,146,149,152,152,155,158,158,158,158,158,158],"card_choices":[{"not_picked":["hexamod:NightmareStrike","hexamod:NightmareGuise"],"picked":"hexamod:Incineration","floor":2},{"not_picked":["hexamod:Hexaguard","hexamod:SpectralAdrenaline"],"picked":"hexamod:RadiantFlame","floor":4},{"not_picked":["hexamod:Haunt","hexamod:GhostShield"],"picked":"hexamod:HeatCrush","floor":5},{"not_picked":["hexamod:ThermalTransfer","hexamod:SpectersWail"],"picked":"hexamod:DynamicBlow","floor":9},{"not_picked":["hexamod:RainOfEmbers","hexamod:NightmareStrike"],"picked":"hexamod:ThermalTransfer","floor":12},{"not_picked":["hexamod:SpectersWail","hexamod:Firestarter"],"picked":"hexamod:EtherealExpedition","floor":13},{"not_picked":["hexamod:RetreatToShadows","hexamod:FourthSeal"],"picked":"hexamod:ExtraCrispy","floor":14},{"not_picked":["hexamod:GhostLash","hexamod:EtherealExpedition"],"picked":"hexamod:BacktrackSmack","floor":15},{"not_picked":["hexamod:TimeOfNeed","hexamod:SearingWound"],"picked":"hexamod:GiftsFromTheDead","floor":16},{"not_picked":["hexamod:SpectersWail","hexamod:FastForward"],"picked":"hexamod:SoulSteal","floor":19},{"not_picked":["hexamod:BurningTouch","hexamod:BacktrackSmack"],"picked":"hexamod:SwordOfDarkness","floor":20},{"not_picked":["hexamod:AdvancingGuard","hexamod:FifthSeal"],"picked":"hexamod:GhostflameBarrier","floor":22},{"not_picked":["hexamod:BacktrackSmack","hexamod:FastForward"],"picked":"hexamod:RainOfEmbers","floor":25},{"not_picked":["hexamod:HauntingEcho","hexamod:Firestarter+1"],"picked":"hexamod:AdvancingGuard","floor":29},{"not_picked":["hexamod:SwordOfDarkness","hexamod:FastForward","hexamod:Firestarter"],"picked":"SKIP","floor":31},{"not_picked":["hexamod:ThirdSeal","hexamod:Incineration+1"],"picked":"hexamod:Again","floor":32},{"not_picked":["hexamod:VolcanoVisage","hexamod:TurnItUp"],"picked":"hexamod:SixthSeal","floor":33},{"not_picked":["hexamod:HeatCrush","hexamod:RetreatToShadows+1"],"picked":"hexamod:HauntingEcho","floor":36},{"not_picked":["hexamod:CatchUp+1","hexamod:NightmareGuise+1"],"picked":"hexamod:ThirdSeal","floor":37},{"not_picked":["hexamod:Hexaguard","hexamod:PhantomFireball+1"],"picked":"hexamod:ParanormalForm","floor":40},{"not_picked":["hexamod:SwordOfDarkness","hexamod:ThermalTransfer+1"],"picked":"hexamod:InspiringFlames+1","floor":42},{"not_picked":["hexamod:RainOfEmbers+1","hexamod:Again"],"picked":"hexamod:NightmareGuise+1","floor":42},{"not_picked":["hexamod:BurningTouch+1","hexamod:GhostShield"],"picked":"hexamod:AdvancingGuard","floor":43},{"not_picked":["hexamod:ShieldOfDarkness+1","hexamod:HeatMetal"],"picked":"hexamod:FlamesFromBeyond","floor":43},{"not_picked":["hexamod:HeatMetal+1","hexamod:GhostLash+1"],"picked":"hexamod:TimeOfNeed","floor":44},{"not_picked":["hexamod:HeatMetal+1","hexamod:StepThrough+1"],"picked":"hexamod:Hexaguard+1","floor":44},{"not_picked":["hexamod:HeatCrush+1","hexamod:EtherealExpedition"],"picked":"hexamod:HeatShield+1","floor":45},{"not_picked":["hexamod:RainOfEmbers+1","hexamod:Again+1"],"picked":"hexamod:GhostOfSpirePast+1","floor":45},{"not_picked":["hexamod:FlamesFromBeyond+1","hexamod:StepThrough+1"],"picked":"hexamod:GhostOfSpireFuture+1","floor":46},{"not_picked":["hexamod:SuperheatedStrike+1","hexamod:SwordOfDarkness+1","hexamod:RainOfEmbers+1"],"picked":"SKIP","floor":46},{"not_picked":["hexamod:InspiringFlames","hexamod:EtherealExpedition"],"picked":"hexamod:PowerFromBeyond+1","floor":49},{"not_picked":["hexamod:GhostOfSpirePast","hexamod:Firestarter+1","hexamod:DynamicBlow+1"],"picked":"SKIP","floor":49}],"player_experience":744276,"relics_obtained":[{"floor":7,"key":"Replay:Baseball"},{"floor":9,"key":"Replay:Ringing Soul"},{"floor":13,"key":"Regal Pillow"},{"floor":21,"key":"downfall:GremlinWheel"},{"floor":25,"key":"Turnip"},{"floor":39,"key":"Ring of Hypnosis"},{"floor":41,"key":"Nunchaku"},{"floor":44,"key":"Molten Egg 2"}],"event_choices":[{"damage_healed":0,"gold_gain":0,"player_choice":"Ignored","damage_taken":0,"max_hp_gain":0,"max_hp_loss":0,"event_name":"NoteForYourself","floor":3,"gold_loss":0},{"damage_healed":0,"gold_gain":0,"cards_transformed":["hexamod:Strike"],"player_choice":"Transformed","damage_taken":0,"max_hp_gain":0,"max_hp_loss":0,"event_name":"Transmorgrifier","floor":10,"gold_loss":0,"cards_obtained":["hexamod:BurningTouch"]},{"damage_healed":0,"gold_gain":200,"player_choice":"Gold","damage_taken":0,"max_hp_gain":0,"max_hp_loss":0,"event_name":"Wheel of Change","floor":26,"gold_loss":0}],"is_beta":false,"boss_relics":[{"not_picked":["Runic Dome","Honey Jar"],"picked":"Replay:Wanted Poster"},{"not_picked":["Tiny House","Coffee Dripper"],"picked":"Philosopher\u0027s Stone"}],"items_purged_floors":[40],"is_endless":false,"potions_floor_spawned":[2,9,14,22,29,32,42,43,46,49],"killed_by":"downfall:CharBossMerchant","ascension_level":1}}