{"host":"tknto047uabgu3zm","time":1608934070,"event":{"mods":["AchievementEnabler","BaseMod","Block Reminder","Colored Map","Colored Powertips","Highlight Path","Minty Spire (QoL Compilation)","MonsterHotkey","Permanent Neow","Random Character Button","Rare Cards Sparkle","Relic Sorter","StSLib"],"gold_per_floor":[117,130,143,143,143,143,154,187,187,29,29,47,47,47,47,118,118,128,128,138,138,153,179,179,179,179,197,112,112,112,125,125,200,200,217,231,23,23,36,68,81,356,356,35,35,47,47,57,57,57],"floor_reached":51,"playtime":2375,"items_purged":["Decay","Regret","Doubt"],"score":1265,"play_id":"f3ae2adf-e2e5-48d3-a457-ad3265ceaf79","local_time":"20201225140750","is_ascension_mode":true,"campfire_choices":[{"floor":6.0,"key":"REST"},{"floor":11.0,"key":"REST"},{"data":"Noxious Fumes","floor":15.0,"key":"SMITH"},{"floor":24.0,"key":"REST"},{"data":"Wraith Form v2","floor":30.0,"key":"SMITH"},{"data":"Wraith Form v2","floor":32.0,"key":"SMITH"},{"data":"Noxious Fumes","floor":45,"key":"SMITH"},{"data":"Wraith Form v2","floor":49,"key":"SMITH"}],"circlet_count":0,"master_deck":["AscendersBane","Survivor","Neutralize","Prepared","Skewer","Dodge and Roll","Wraith Form v2+1","Footwork","Noxious Fumes+1","Bane","Wraith Form v2+1","Concentrate","Underhanded Strike","Die Die Die","Tools of the Trade","Flying Knee","Envenom","Phantasmal Killer","Dodge and Roll","Deflect","Backstab","Dodge and Roll","Choke","Acrobatics+1","Footwork","Crippling Poison","Leg Sweep","Wraith Form v2+1","Doppelganger","Prepared+1","Noxious Fumes+1","Bandage Up","Escape Plan","Regret","Well Laid Plans","Noxious Fumes+1","Caltrops","Caltrops"],"relics":["Cursed Key","The Courier","Meat on the Bone","White Beast Statue","Pandora\u0027s Box","Gremlin Horn","Dream Catcher","Bottled Tornado","Vajra","SacredBark","DollysMirror","TungstenRod","Pen Nib"],"acts_visited":["Exordium","TheCity","TheBeyond"],"potions_floor_usage":[35,36,39,46,50,50],"damage_taken":[{"damage":0.0,"enemies":"2 Louse","floor":1.0,"turns":3.0},{"damage":1.0,"enemies":"Small Slimes","floor":2.0,"turns":6.0},{"damage":4.0,"enemies":"Jaw Worm","floor":3.0,"turns":3.0},{"damage":11.0,"enemies":"Exordium Thugs","floor":7.0,"turns":6.0},{"damage":10.0,"enemies":"3 Sentries","floor":8.0,"turns":8.0},{"damage":3.0,"enemies":"Blue Slaver","floor":12.0,"turns":4.0},{"damage":34.0,"enemies":"Hexaghost","floor":16.0,"turns":14.0},{"damage":10.0,"enemies":"Spheric Guardian","floor":18.0,"turns":4.0},{"damage":7.0,"enemies":"Shell Parasite","floor":20.0,"turns":5.0},{"damage":3.0,"enemies":"Snake Plant","floor":22.0,"turns":5.0},{"damage":25.0,"enemies":"Book of Stabbing","floor":23.0,"turns":6.0},{"damage":21.0,"enemies":"Chosen and Byrds","floor":27.0,"turns":6.0},{"damage":1.0,"enemies":"Sentry and Sphere","floor":31.0,"turns":6.0},{"damage":3.0,"enemies":"Collector","floor":33.0,"turns":9.0},{"damage":8,"enemies":"3 Darklings","floor":35,"turns":6},{"damage":1,"enemies":"3 Shapes","floor":36,"turns":4},{"damage":0,"enemies":"Transient","floor":39,"turns":5},{"damage":10,"enemies":"Nemesis","floor":40,"turns":9},{"damage":0,"enemies":"Spire Growth","floor":41,"turns":7},{"damage":0,"enemies":"4 Shapes","floor":46,"turns":4},{"damage":0,"enemies":"3 Darklings","floor":48,"turns":6},{"damage":32,"enemies":"Awakened One","floor":50,"turns":12}],"seed_played":"-4982754024823350936","potions_obtained":[{"floor":1.0,"key":"Block Potion"},{"floor":8.0,"key":"SteroidPotion"},{"floor":12.0,"key":"GamblersBrew"},{"floor":16.0,"key":"Fire Potion"},{"floor":18.0,"key":"EssenceOfSteel"},{"floor":20.0,"key":"GamblersBrew"},{"floor":22.0,"key":"Strength Potion"},{"floor":23.0,"key":"GamblersBrew"},{"floor":27.0,"key":"Fruit Juice"},{"floor":31.0,"key":"SpeedPotion"},{"floor":33.0,"key":"Explosive Potion"},{"floor":35,"key":"EssenceOfSteel"},{"floor":36,"key":"CunningPotion"},{"floor":39,"key":"Poison Potion"},{"floor":40,"key":"Regen Potion"},{"floor":41,"key":"AttackPotion"},{"floor":46,"key":"LiquidBronze"}],"is_trial":false,"path_per_floor":["M","M","M","?","?","R","M","E","T","$","R","M","T","?","R","B",null,"M","$","M","?","M","E","R","?","T","M","?","?","R","M","R","B",null,"M","M","$","?","M","E","M","?","T","$","R","M","?","M","R","B",null],"character_chosen":"THE_SILENT","items_purchased":["Footwork","Noxious Fumes","DollysMirror","Well Laid Plans","Noxious Fumes","Caltrops","Caltrops"],"campfire_rested":3,"item_purchase_floors":[10,10,37,44,44,44,44],"current_hp_per_floor":[59,58,54,59,38,59,48,38,38,38,59,56,56,49,49,27,60,50,50,43,43,40,27,48,48,48,44,44,76,76,75,75,72,75,67,66,66,66,70,64,68,68,68,68,68,72,72,72,72,44],"gold":57,"neow_bonus":"BOSS_RELIC","is_daily":false,"chose_seed":false,"campfire_upgraded":5,"win_rate":0.0,"timestamp":1608934070,"path_taken":["M","M","M","?","?","R","M","E","T","$","R","?","?","?","R","BOSS","M","$","M","?","?","E","R","?","T","?","?","?","R","?","R","BOSS","M","M","$","?","M","E","M","?","T","$","R","?","?","M","R","BOSS"],"items_purchased_type":["Card","Card","Relic","Card","Card","Card","Card"],"build_version":"2020-12-22","purchased_purges":3,"victory":true,"max_hp_per_floor":[66,66,66,71,71,71,71,71,71,71,71,71,71,71,71,71,71,71,71,71,71,71,71,71,71,71,76,76,76,76,76,76,76,76,76,76,76,76,76,76,76,76,76,76,76,76,72,72,72,72],"card_choices":[{"not_picked":["Tactician","Slice"],"picked":"Prepared","floor":1.0},{"not_picked":["Underhanded Strike","PiercingWail"],"picked":"Choke","floor":2.0},{"not_picked":["Well Laid Plans","Blur"],"picked":"Skewer","floor":3.0},{"not_picked":["Prepared","Bane"],"picked":"Dodge and Roll","floor":7.0},{"not_picked":["Dodge and Roll","Sucker Punch"],"picked":"Wraith Form v2","floor":8.0},{"not_picked":["Quick Slash","Dodge and Roll"],"picked":"Bane","floor":12.0},{"not_picked":["Venomology","Malaise"],"picked":"Wraith Form v2","floor":16.0},{"not_picked":["Predator","Quick Slash"],"picked":"Dodge and Roll","floor":18.0},{"not_picked":["Skewer","Deflect"],"picked":"Choke","floor":20.0},{"not_picked":["Tactician","Cloak And Dagger"],"picked":"Acrobatics+1","floor":22.0},{"not_picked":["Dodge and Roll","Masterful Stab"],"picked":"Footwork","floor":23.0},{"not_picked":["Blur","Dash"],"picked":"Crippling Poison","floor":24.0},{"not_picked":["Underhanded Strike","Slice"],"picked":"Leg Sweep","floor":27.0},{"not_picked":["Backflip","Sucker Punch"],"picked":"Wraith Form v2","floor":31.0},{"not_picked":["Phantasmal Killer","Burst"],"picked":"Doppelganger","floor":33.0},{"not_picked":["Backflip","Flying Knee+1","Setup"],"picked":"SKIP","floor":35},{"not_picked":["Skewer+1","Outmaneuver"],"picked":"Prepared+1","floor":36},{"not_picked":["Forethought","HandOfGreed"],"picked":"Bandage Up","floor":38},{"not_picked":["Backflip","Quick Slash","Outmaneuver+1"],"picked":"SKIP","floor":39},{"not_picked":["Accuracy+1","Storm of Steel"],"picked":"Escape Plan","floor":40},{"not_picked":["Outmaneuver","Acrobatics","Flechettes"],"picked":"SKIP","floor":41},{"not_picked":["Tactician","Poisoned Stab","Quick Slash"],"picked":"SKIP","floor":46},{"not_picked":["Backstab","Deadly Poison","Underhanded Strike"],"picked":"SKIP","floor":48}],"player_experience":469881,"relics_obtained":[{"floor":8.0,"key":"The Courier"},{"floor":9.0,"key":"Meat on the Bone"},{"floor":13.0,"key":"White Beast Statue"},{"floor":23.0,"key":"Dream Catcher"},{"floor":26.0,"key":"Bottled Tornado"},{"floor":40,"key":"TungstenRod"},{"floor":43,"key":"Pen Nib"}],"event_choices":[{"damage_healed":0.0,"max_hp_gain":5.0,"max_hp_loss":0.0,"gold_gain":0.0,"event_name":"Big Fish","player_choice":"Donut","floor":4.0,"gold_loss":0.0,"damage_taken":0.0},{"damage_healed":0.0,"max_hp_gain":0.0,"max_hp_loss":0.0,"gold_gain":0.0,"event_name":"Shining Light","player_choice":"Entered Light","floor":5.0,"gold_loss":0.0,"damage_taken":21.0,"cards_upgraded":["Strike_G","Defend_G"]},{"cards_removed":["Shame"],"damage_healed":0.0,"max_hp_gain":0.0,"max_hp_loss":0.0,"gold_gain":0.0,"event_name":"Golden Wing","player_choice":"Card Removal","floor":14.0,"gold_loss":0.0,"damage_taken":7.0},{"damage_healed":0.0,"max_hp_gain":0.0,"max_hp_loss":0.0,"gold_gain":0.0,"event_name":"WeMeetAgain","player_choice":"Gave Potion","floor":21.0,"gold_loss":0.0,"damage_taken":0.0,"relics_obtained":["Gremlin Horn"]},{"damage_healed":0.0,"max_hp_gain":0.0,"max_hp_loss":0.0,"gold_gain":0.0,"event_name":"Match and Keep!","player_choice":"0 cards matched","floor":25.0,"gold_loss":0.0,"damage_taken":0.0,"cards_obtained":[]},{"damage_healed":0.0,"max_hp_gain":0.0,"max_hp_loss":0.0,"gold_gain":0.0,"event_name":"Addict","player_choice":"Obtained Relic","floor":28.0,"gold_loss":85.0,"damage_taken":0.0,"relics_obtained":["Vajra"]},{"cards_removed":["Choke"],"damage_healed":32.0,"max_hp_gain":0.0,"max_hp_loss":0.0,"gold_gain":0.0,"event_name":"Bonfire Elementals","player_choice":"Offered Uncommon","floor":29.0,"gold_loss":0.0,"damage_taken":0.0},{"damage_healed":0,"gold_gain":0,"player_choice":"Memory 1","damage_taken":0,"max_hp_gain":0,"max_hp_loss":0,"event_name":"SensoryStone","floor":38,"gold_loss":0},{"damage_healed":0,"gold_gain":275,"player_choice":"Desecrate","damage_taken":0,"max_hp_gain":0,"max_hp_loss":0,"event_name":"Golden Shrine","floor":42,"gold_loss":0,"cards_obtained":["Regret"]},{"damage_healed":0,"gold_gain":0,"player_choice":"Max HP","damage_taken":0,"max_hp_gain":0,"max_hp_loss":4,"event_name":"Winding Halls","floor":47,"gold_loss":0}],"is_beta":false,"boss_relics":[{"not_picked":["Snecko Eye","Fusion Hammer"],"picked":"Pandora\u0027s Box"},{"not_picked":["Tiny House","Astrolabe"],"picked":"SacredBark"}],"items_purged_floors":[10,37,44],"is_endless":false,"potions_floor_spawned":[1,8,12,16,18,20,22,23,27,31,33,35,36,39,40,41,46,48],"ascension_level":16}}