{"host":"6qo42zgaknezulyg","time":1608902730,"event":{"mods":["2.2 Compatiblity","BaseMod","Colored Map","Downfall","Highlight Path","Keyboard Shortcuts","Minty Spire (QoL Compilation)","Permanent Neow","Quick Restart","StSLib","SuperFastMode"],"gold_per_floor":[99,119,119,134,144,175,175,195,226,242,242,242,268,23,36,131,131,131,148,148,148,159,178,178,249,249,284,310,322,247,267,284,387,387,387,401,420,420,68,68,68,94,94,117,136,48,48,61,71,71],"floor_reached":51,"playtime":2711,"items_purged":["champ:Strike","champ:Strike","champ:DefensiveShout"],"score":906,"play_id":"2563f53c-78c9-432f-b079-0c99005680cb","local_time":"20201225222530","is_ascension_mode":true,"campfire_choices":[{"data":"champ:EnchantSword","floor":1.0,"key":"SMITH"},{"data":"champ:Aggression","floor":11.0,"key":"SMITH"},{"data":"champ:Devastate","floor":18.0,"key":"SMITH"},{"floor":26.0,"key":"REST"},{"floor":30.0,"key":"REST"},{"data":"champ:Aggression","floor":35.0,"key":"SMITH"},{"data":"champ:Taunt","floor":43.0,"key":"SMITH"},{"floor":47.0,"key":"REST"}],"circlet_count":0,"master_deck":["champ:Defend","champ:Defend","champ:Defend","champ:Defend","champ:Execute","champ:Taunt+1","champ:EnchantSword+1","champ:Aggression+1","champ:AdrenalArmor","champ:RisingSlash","champ:EnchantCrown","champ:Devastate+1","champ:Aggression+1","champ:SwordSigil+1","champ:Backstep","champ:Balance+1","champ:BerserkerStyle+1","champ:RapidStrikes+1","champ:RecklessLeap","champ:Encircle","champ:FaceSlap+1","champ:BerserkersShout+1"],"relics":["champ:ChampionCrown","CaptainsWheel","Bird Faced Urn","Unceasing Top","Tiny Chest","Sozu","downfall:RedIOU","Vajra","Frozen Egg 2","Shuriken","PreservedInsect","downfall:HeartBlessingGreen","sneckomod:SneckoTalon","Bag of Preparation","Ornamental Fan","Dream Catcher","champ:DefensiveTrainingManual","Guardian:BottledAnomaly"],"acts_visited":["Exordium","TheCity","TheBeyond"],"potions_floor_usage":[],"damage_taken":[{"damage":6.0,"enemies":"2 Louse","floor":2.0,"turns":3.0},{"damage":5.0,"enemies":"Jaw Worm","floor":4.0,"turns":3.0},{"damage":8.0,"enemies":"Small Slimes","floor":5.0,"turns":3.0},{"damage":44.0,"enemies":"3 Sentries","floor":6.0,"turns":8.0},{"damage":16.0,"enemies":"Exordium Wildlife","floor":8.0,"turns":3.0},{"damage":20.0,"enemies":"Lagavulin","floor":9.0,"turns":7.0},{"damage":23.0,"enemies":"Large Slime","floor":10.0,"turns":6.0},{"damage":16.0,"enemies":"3 Sentries","floor":13.0,"turns":6.0},{"damage":12.0,"enemies":"downfall:FleeingMerchant","floor":14.0,"turns":4.0},{"damage":9.0,"enemies":"Blue Slaver","floor":15.0,"turns":2.0},{"damage":47.0,"enemies":"downfall:Defect","floor":16.0,"turns":8.0},{"damage":9.0,"enemies":"Spheric Guardian","floor":19.0,"turns":2.0},{"damage":56.0,"enemies":"Centurion and Healer","floor":22.0,"turns":8.0},{"damage":20.0,"enemies":"Snake Plant","floor":23.0,"turns":3.0},{"damage":62.0,"enemies":"Slavers","floor":27.0,"turns":9.0},{"damage":20.0,"enemies":"Shelled Parasite and Fungi","floor":29.0,"turns":4.0},{"damage":28.0,"enemies":"3 Cultists","floor":31.0,"turns":5.0},{"damage":14.0,"enemies":"Snecko","floor":32.0,"turns":4.0},{"damage":50.0,"enemies":"downfall:Watcher","floor":33.0,"turns":10.0},{"damage":14.0,"enemies":"Orb Walker","floor":36.0,"turns":3.0},{"damage":8.0,"enemies":"3 Shapes","floor":37.0,"turns":3.0},{"damage":20.0,"enemies":"downfall:FleeingMerchant","floor":39.0,"turns":4.0},{"damage":48.0,"enemies":"Reptomancer","floor":42.0,"turns":2.0},{"damage":25.0,"enemies":"Maw","floor":45.0,"turns":5.0},{"damage":15.0,"enemies":"downfall:FleeingMerchant","floor":46.0,"turns":2.0},{"damage":46.0,"enemies":"Jaw Worm Horde","floor":48.0,"turns":4.0},{"damage":58.0,"enemies":"Transient","floor":49.0,"turns":5.0},{"damage":64,"enemies":"downfall:Silent","floor":50,"turns":3}],"seed_played":"3999286272673503620","potions_obtained":[{"floor":5.0,"key":"Fire Potion"},{"floor":9.0,"key":"hexamod:EctoCoolerPotion"},{"floor":15.0,"key":"AttackPotion"}],"is_trial":false,"path_per_floor":["R","M","?","M","M","E","T","M","E","M","R","?","E","$","M","B",null,"R","M","?","?","M","M","T","T","R","E","T","M","R","M","M","B",null,"R","M","M","?","$","?","T","E","R","T","M","$","R","M","M","B",null],"character_chosen":"THE_CHAMP","items_purchased":["sneckomod:BlankCard","Bag of Preparation","champ:BerserkerStyle+1","Guardian:BottledAnomaly","champ:RecklessLeap","champ:Encircle"],"campfire_rested":3,"item_purchase_floors":[14,39,39,46,46,46],"current_hp_per_floor":[63,62,90,90,87,76,76,72,66,57,57,57,50,50,48,19,90,90,86,86,86,67,52,52,52,79,36,36,35,62,60,60,60,90,90,86,85,85,85,85,85,69,69,69,61,63,90,90,78,65],"gold":71,"neow_bonus":"TRANSFORM_TWO_CARDS","is_daily":false,"chose_seed":false,"campfire_upgraded":5,"win_rate":0.0,"timestamp":1608902730,"path_taken":["R","M","?","M","M","E","T","M","E","M","R","?","E","$","M","BOSS","R","M","?","?","M","M","T","?","R","E","?","M","R","?","M","BOSS","R","M","M","?","$","?","T","E","R","?","M","$","R","M","M","BOSS"],"items_purchased_type":["Relic","Relic","Card","Relic","Card","Card"],"build_version":"2020-12-22","purchased_purges":3,"victory":true,"max_hp_per_floor":[90,90,90,90,90,90,90,90,90,90,90,90,90,90,90,90,90,90,90,90,90,90,90,90,90,90,90,90,90,90,90,90,90,90,90,90,90,90,90,90,90,90,90,90,90,90,90,90,90,90],"card_choices":[{"not_picked":["champ:FlashCut","champ:BladeFlurry","champ:DefensiveShout"],"picked":"SKIP","floor":2.0},{"not_picked":["champ:GutPunch","champ:FanOfKnives"],"picked":"champ:CrookedStrike","floor":4.0},{"not_picked":["champ:ShieldSigil","champ:PerfectedStrike"],"picked":"champ:Aggression","floor":5.0},{"not_picked":["champ:MurderStrike","champ:FocusedBerserking","champ:GutPunch"],"picked":"SKIP","floor":6.0},{"not_picked":["champ:MurderStrike","champ:FocusedBerserking","champ:GutPunch"],"picked":"SKIP","floor":6.0},{"not_picked":["champ:Circumvent","champ:BladeFlurry"],"picked":"champ:AdrenalArmor","floor":8.0},{"not_picked":["champ:RageSigil","champ:StanceDance"],"picked":"champ:FightOn","floor":9.0},{"not_picked":["champ:BringItOn","champ:EnragedBash"],"picked":"champ:RisingSlash","floor":10.0},{"not_picked":["champ:GutPunch","champ:GladiatorsShout","champ:StanceDance"],"picked":"SKIP","floor":13.0},{"not_picked":["champ:AdrenalArmor","champ:BringItOn"],"picked":"champ:EnchantCrown","floor":14.0},{"not_picked":["champ:Riposte","champ:Backstep","champ:FanOfKnives"],"picked":"SKIP","floor":15.0},{"not_picked":["champ:PerfectForm","champ:CrownThrow"],"picked":"champ:Devastate","floor":16.0},{"not_picked":["champ:FlashCut","champ:Haymaker","champ:BladeFlurry"],"picked":"SKIP","floor":19.0},{"not_picked":["champ:RisingSlash","champ:StanceDance","champ:Backstep"],"picked":"SKIP","floor":22.0},{"not_picked":["champ:RageSigil","champ:PerfectedStrike","champ:StanceDance"],"picked":"SKIP","floor":23.0},{"not_picked":["champ:BringItOn","champ:GladiatorsShout"],"picked":"champ:Aggression","floor":27.0},{"not_picked":["champ:Backstep","champ:Circumvent"],"picked":"champ:SwordSigil+1","floor":29.0},{"not_picked":["champ:Devastate","champ:BringItOn"],"picked":"champ:Backstep","floor":31.0},{"not_picked":["champ:TornadoPunch","champ:SwordSigil+1","champ:Circumvent"],"picked":"SKIP","floor":32.0},{"not_picked":["champ:Haymaker","champ:PerfectedStrike"],"picked":"champ:Balance+1","floor":36.0},{"not_picked":["champ:Duel+1","champ:CrookedStrike+1","champ:FlashCut+1"],"picked":"SKIP","floor":37.0},{"not_picked":["champ:FocusedBerserking+1","champ:HeartStrike","champ:RageSigil+1"],"picked":"SKIP","floor":39.0},{"not_picked":["champ:GladiatorStyle+1","champ:EndlessRage+1"],"picked":"champ:RapidStrikes+1","floor":42.0},{"not_picked":["champ:FocusedGladiator+1","champ:FanOfKnives","champ:Lariat"],"picked":"SKIP","floor":45.0},{"not_picked":["champ:StanceDance","champ:FanOfKnives","champ:CrownThrow"],"picked":"SKIP","floor":46.0},{"not_picked":["champ:Circumvent+1","champ:FocusedDefense+1"],"picked":"champ:FaceSlap+1","floor":47.0},{"not_picked":["champ:CrookedStrike","champ:BerserkerStyle+1"],"picked":"champ:BerserkersShout+1","floor":48.0},{"not_picked":["champ:StanceDance","champ:SwordSigil+1","champ:AdrenalArmor"],"picked":"SKIP","floor":49.0}],"player_experience":1039435,"relics_obtained":[{"floor":6.0,"key":"CaptainsWheel"},{"floor":7.0,"key":"Bird Faced Urn"},{"floor":9.0,"key":"Unceasing Top"},{"floor":13.0,"key":"Tiny Chest"},{"floor":24.0,"key":"Vajra"},{"floor":25.0,"key":"Frozen Egg 2"},{"floor":27.0,"key":"Shuriken"},{"floor":28.0,"key":"PreservedInsect"},{"floor":41.0,"key":"Ornamental Fan"},{"floor":42.0,"key":"Dream Catcher"},{"floor":44.0,"key":"champ:DefensiveTrainingManual"}],"event_choices":[{"damage_healed":30.0,"max_hp_gain":0.0,"max_hp_loss":0.0,"gold_gain":0.0,"event_name":"Big Fish","player_choice":"Banana","floor":3.0,"gold_loss":0.0,"damage_taken":0.0},{"damage_healed":0.0,"max_hp_gain":0.0,"max_hp_loss":0.0,"gold_gain":0.0,"event_name":"Mysterious Sphere","player_choice":"Ignored","floor":38.0,"gold_loss":0.0,"damage_taken":0.0},{"cards_removed":["champ:CrookedStrike"],"damage_healed":0.0,"max_hp_gain":0.0,"max_hp_loss":0.0,"gold_gain":0.0,"event_name":"Falling","player_choice":"Removed Attack","floor":40.0,"gold_loss":0.0,"damage_taken":0.0}],"is_beta":false,"boss_relics":[{"not_picked":["Runic Pyramid","Astrolabe"],"picked":"Sozu"},{"not_picked":["Coffee Dripper","Calling Bell"],"picked":"sneckomod:SneckoTalon"}],"items_purged_floors":[14,39,46],"is_endless":false,"potions_floor_spawned":[5,9,15,22,29,37,42,45,48],"ascension_level":3}}