{"host":"e87rn453naquue3h","time":1608871357,"event":{"mods":["AchievementEnabler","BaseMod","Downfall","Minty Spire (QoL Compilation)","StSLib"],"gold_per_floor":[99,115,127,277,277,202,202,213,26,26,44,79,4,19,34,139,139,139,158,176,195,195,209,262,282,307,307,307,232,273,289,306,404,404,404,414,414,429,504,518,518,531,321,365,416,416,432,458,469,469,469,510,34,34,34],"floor_reached":56,"playtime":4536,"items_purged":["Regret","Shame","sneckomod:Strike"],"score":1377,"play_id":"9667b901-8508-43f1-8878-a07bbe2d463c","local_time":"20201224234237","is_ascension_mode":true,"campfire_choices":[{"floor":1,"key":"RECALL"},{"data":"sneckomod:TailWhip","floor":6,"key":"SMITH"},{"data":"expansioncontent:Collect","floor":10,"key":"SMITH"},{"data":"sneckomod:Unknown0Cost","floor":13,"key":"SMITH"},{"data":"sneckomod:UnknownClassPURPLE","floor":18,"key":"SMITH"},{"floor":29,"key":"REST"},{"data":"sneckomod:UnknownClassSLIMEBOUND","floor":35,"key":"SMITH"},{"data":"expansioncontent:StudyTheSpire","floor":46,"key":"SMITH"},{"floor":54,"key":"REST"}],"circlet_count":0,"master_deck":["sneckomod:Strike","sneckomod:Strike","sneckomod:Defend+1","sneckomod:Defend+1","sneckomod:Defend","sneckomod:TailWhip+1","sneckomod:SnekBite","sneckomod:Unknown","sneckomod:Unknown","sneckomod:SnekBeam+1","Slimebound:Icky","sneckomod:Unknown0Cost+1","sneckomod:UnknownClassPURPLE+1","expansioncontent:Collect+1","sneckomod:UnknownUncommonAttack","sneckomod:UnknownClassBLUE","sneckomod:UnknownClassPURPLE","sneckomod:Restock","sneckomod:UnknownEthereal","sneckomod:UnknownClassHEXA_GHOST_PURPLE","sneckomod:UnknownClassBLUE","sneckomod:UnknownClassRED+1","sneckomod:UnknownClassSLIMEBOUND+1","sneckomod:Restock","sneckomod:DiceBoulder+1","sneckomod:UnknownClassHEXA_GHOST_PURPLE+1","sneckomod:UnknownExhaust+1","sneckomod:UnknownRareAttack","expansioncontent:StudyTheSpire+1","sneckomod:DiceBoulder","sneckomod:SnekBeam","sneckomod:CheapStock","sneckomod:Unknown2Cost","Mayhem","expansioncontent:AwakenDeath"],"relics":["sneckomod:SneckoSoul","downfall:HeartBlessingRed","Nunchaku","downfall:HeartBlessingBlue","Snecko Eye","Vajra","Bottled Lightning","Du-Vu Doll","Regal Pillow","downfall:HeartBlessingGreen","MealTicket","Philosopher\u0027s Stone","CeramicFish","Boot","Centennial Puzzle","Sundial","InkBottle","Membership Card","Mercury Hourglass"],"acts_visited":["Exordium","TheCity","TheBeyond","TheEnding"],"potions_floor_usage":[12,16,21,26,26,36,43,44,50,55,55,55],"damage_taken":[{"damage":0,"enemies":"Cultist","floor":2,"turns":4},{"damage":0,"enemies":"Small Slimes","floor":3,"turns":3},{"damage":7,"enemies":"2 Louse","floor":8,"turns":3},{"damage":8,"enemies":"downfall:FleeingMerchant","floor":9,"turns":4},{"damage":0,"enemies":"Blue Slaver","floor":11,"turns":3},{"damage":4,"enemies":"Gremlin Nob","floor":12,"turns":5},{"damage":15,"enemies":"3 Louse","floor":14,"turns":2},{"damage":0,"enemies":"Gremlin Gang","floor":15,"turns":3},{"damage":43,"enemies":"downfall:Ironclad","floor":16,"turns":9},{"damage":9,"enemies":"Shell Parasite","floor":19,"turns":6},{"damage":6,"enemies":"Spheric Guardian","floor":20,"turns":1},{"damage":12,"enemies":"Centurion and Healer","floor":21,"turns":5},{"damage":40,"enemies":"Shelled Parasite and Fungi","floor":23,"turns":7},{"damage":12,"enemies":"Snecko","floor":25,"turns":4},{"damage":33,"enemies":"Book of Stabbing","floor":26,"turns":5},{"damage":0,"enemies":"Slavers","floor":30,"turns":3},{"damage":0,"enemies":"Centurion and Healer","floor":31,"turns":1},{"damage":3,"enemies":"Snake Plant","floor":32,"turns":2},{"damage":25,"enemies":"downfall:Silent","floor":33,"turns":5},{"damage":4,"enemies":"3 Shapes","floor":36,"turns":3},{"damage":26,"enemies":"3 Darklings","floor":38,"turns":3},{"damage":4,"enemies":"Jaw Worm Horde","floor":40,"turns":3},{"damage":22,"enemies":"Spire Growth","floor":42,"turns":4},{"damage":0,"enemies":"downfall:FleeingMerchant","floor":43,"turns":4},{"damage":59,"enemies":"Reptomancer","floor":44,"turns":5},{"damage":0,"enemies":"downfall:FleeingMerchant","floor":45,"turns":1},{"damage":6,"enemies":"3 Darklings","floor":47,"turns":1},{"damage":40,"enemies":"Nemesis","floor":48,"turns":4},{"damage":7,"enemies":"Writhing Mass","floor":49,"turns":3},{"damage":21,"enemies":"downfall:Watcher","floor":50,"turns":6},{"damage":44,"enemies":"downfall:CharBossMerchant","floor":52,"turns":7},{"damage":36,"enemies":"downfall:NeowBoss","floor":55,"turns":16}],"seed_played":"5399557539924423602","potions_obtained":[{"floor":11,"key":"AttackPotion"},{"floor":12,"key":"Block Potion"},{"floor":14,"key":"LiquidBronze"},{"floor":16,"key":"sneckomod:CheatPotion"},{"floor":19,"key":"PowerPotion"},{"floor":22,"key":"CultistPotion"},{"floor":30,"key":"FairyPotion"},{"floor":32,"key":"Fire Potion"},{"floor":36,"key":"SpeedPotion"},{"floor":39,"key":"downfall:CursedFountainPotion"},{"floor":44,"key":"LiquidMemories"},{"floor":48,"key":"EssenceOfSteel"},{"floor":52,"key":"SmokeBomb"}],"is_trial":false,"path_per_floor":["R","M","M","?","?","R","T","M","$","R","M","E","R","M","M","B",null,"R","M","M","M","?","M","T","M","E","?","?","R","E","M","M","B",null,"R","M","?","M","?","M","T","M","$","E","$","R","M","E","M","B",null,"E","$","R","B",null],"character_chosen":"THE_SNECKO","items_purchased":["expansioncontent:Collect","expansioncontent:StudyTheSpire","sneckomod:DiceBoulder","sneckomod:CheapStock","Centennial Puzzle","Membership Card","AttackPotion","Mayhem","expansioncontent:AwakenDeath","Mercury Hourglass"],"campfire_rested":2,"item_purchase_floors":[9,43,43,45,45,53,53,53,53,53],"current_hp_per_floor":[99,99,99,99,99,99,99,97,90,90,91,88,98,83,84,41,114,114,105,100,89,89,50,50,38,13,13,13,63,63,64,61,36,119,119,119,119,94,94,91,91,76,96,71,86,86,80,40,33,12,122,83,98,123,107],"gold":34,"neow_bonus":"TEN_PERCENT_HP_BONUS","is_daily":false,"chose_seed":false,"campfire_upgraded":6,"win_rate":0.0,"timestamp":1608871357,"path_taken":["R","M","M","?","?","R","T","M","$","R","M","E","R","M","M","BOSS","R","M","M","M","?","M","T","M","E","?","?","R","E","M","M","BOSS","R","M","?","M","?","M","T","M","$","E","$","R","M","E","M","BOSS","E","$","R","BOSS"],"items_purchased_type":["Card","Card","Card","Card","Relic","Relic","Potion","Card","Card","Relic"],"build_version":"2020-12-22","purchased_purges":3,"victory":true,"max_hp_per_floor":[99,99,99,99,99,99,99,100,101,101,102,103,113,113,114,114,114,114,114,115,116,116,117,117,117,118,118,118,118,118,119,119,119,119,119,119,119,120,120,121,121,121,122,122,122,122,122,122,122,122,122,123,123,123,123],"card_choices":[{"not_picked":["sneckomod:SoulDraw","sneckomod:QuickMove"],"picked":"sneckomod:SnekBeam","floor":2},{"not_picked":["sneckomod:RainOfDice","sneckomod:ImprovisedGuard","sneckomod:UnknownWeak"],"picked":"SKIP","floor":3},{"not_picked":["sneckomod:RainOfDice","sneckomod:UnknownCommonAttack"],"picked":"sneckomod:Unknown0Cost","floor":8},{"not_picked":["sneckomod:SlitherStrike","sneckomod:DiceCrush"],"picked":"sneckomod:UnknownClassPURPLE","floor":9},{"not_picked":["sneckomod:PureSnecko","sneckomod:Nope"],"picked":"sneckomod:UnknownUncommonAttack","floor":11},{"not_picked":["sneckomod:Nope","sneckomod:SerpentIdol"],"picked":"sneckomod:UnknownClassBLUE","floor":12},{"not_picked":["sneckomod:RainOfDice","sneckomod:UnknownVulnerable","sneckomod:UnknownCommonAttack"],"picked":"SKIP","floor":14},{"not_picked":["sneckomod:RainOfDice","sneckomod:QuickBite"],"picked":"sneckomod:UnknownClassPURPLE","floor":15},{"not_picked":["sneckomod:Mudshield","sneckomod:Cheat"],"picked":"sneckomod:Restock","floor":16},{"not_picked":["sneckomod:QuickBite+1","sneckomod:SlitherStrike+1","sneckomod:DiceCrush"],"picked":"SKIP","floor":19},{"not_picked":["sneckomod:UnknownBlock","sneckomod:IronFang"],"picked":"sneckomod:UnknownEthereal","floor":20},{"not_picked":["sneckomod:WideSting","sneckomod:UnknownCommonAttack+1"],"picked":"sneckomod:UnknownClassHEXA_GHOST_PURPLE","floor":21},{"not_picked":["sneckomod:QuickMove","sneckomod:SoulCleanse+1"],"picked":"sneckomod:UnknownClassBLUE","floor":23},{"not_picked":["sneckomod:SnakeSap","sneckomod:ImprovisedAttack","sneckomod:IronFang"],"picked":"SKIP","floor":25},{"not_picked":["sneckomod:UnknownVulnerable","sneckomod:UnknownUncommonAttack"],"picked":"sneckomod:UnknownClassRED+1","floor":26},{"not_picked":["sneckomod:RainOfDice","sneckomod:QuickMove","sneckomod:Unknown0Cost"],"picked":"SKIP","floor":30},{"not_picked":["sneckomod:SoulRoll+1","sneckomod:UnknownCommonSkill"],"picked":"sneckomod:UnknownClassSLIMEBOUND","floor":31},{"not_picked":["sneckomod:SoulRoll+1","sneckomod:UnknownCommonAttack","sneckomod:UnknownUncommonSkill"],"picked":"SKIP","floor":32},{"not_picked":["sneckomod:UnknownRareSkill","sneckomod:DangerNoodle"],"picked":"sneckomod:Restock","floor":33},{"not_picked":["sneckomod:SnakeSap","sneckomod:SerpentIdol"],"picked":"sneckomod:DiceBoulder+1","floor":36},{"not_picked":["sneckomod:Unknown2Cost","sneckomod:QuickMove+1"],"picked":"sneckomod:UnknownClassHEXA_GHOST_PURPLE+1","floor":38},{"not_picked":["sneckomod:RainOfDice","sneckomod:UnknownCommonSkill"],"picked":"sneckomod:UnknownExhaust+1","floor":40},{"not_picked":["sneckomod:ImprovisedGuard+1","sneckomod:UnknownWeak","sneckomod:Nope"],"picked":"SKIP","floor":42},{"not_picked":["sneckomod:UnknownClassRED+1","sneckomod:UnknownUncommonAttack+1"],"picked":"sneckomod:UnknownRareAttack","floor":43},{"not_picked":["sneckomod:UnknownVulnerable+1","sneckomod:UnknownClassGREEN"],"picked":"sneckomod:SnekBeam","floor":44},{"not_picked":["sneckomod:UnknownClassPURPLE","sneckomod:UnlimitedRolls","sneckomod:QuickMove"],"picked":"SKIP","floor":45},{"not_picked":["sneckomod:IronFang","sneckomod:RainOfDice","sneckomod:UnknownCommonAttack"],"picked":"SKIP","floor":47},{"not_picked":["sneckomod:Unknown0Cost","sneckomod:SnakeSap","sneckomod:Cheat"],"picked":"SKIP","floor":48},{"not_picked":["sneckomod:UnknownVulnerable+1","sneckomod:UnknownWeak","sneckomod:Rotation+1"],"picked":"SKIP","floor":49},{"not_picked":["sneckomod:MorePower","sneckomod:UnknownClassPURPLE"],"picked":"sneckomod:Unknown2Cost","floor":52}],"player_experience":2389092,"relics_obtained":[{"floor":12,"key":"Nunchaku"},{"floor":24,"key":"Vajra"},{"floor":26,"key":"Bottled Lightning"},{"floor":30,"key":"MealTicket"},{"floor":41,"key":"CeramicFish"},{"floor":44,"key":"Boot"},{"floor":48,"key":"Sundial"},{"floor":52,"key":"InkBottle"}],"event_choices":[{"damage_healed":0,"gold_gain":0,"player_choice":"Stole Relic","damage_taken":0,"relics_obtained":["Du-Vu Doll"],"max_hp_gain":0,"max_hp_loss":0,"event_name":"Addict","floor":27,"gold_loss":0,"cards_obtained":["Shame"]}],"is_beta":false,"boss_relics":[{"not_picked":["Calling Bell","Busted Crown"],"picked":"Snecko Eye"},{"not_picked":["Black Star","Astrolabe"],"picked":"Philosopher\u0027s Stone"}],"items_purged_floors":[9,45,53],"is_endless":false,"potions_floor_spawned":[11,12,14,16,19,25,30,32,36,40,44,48,52],"ascension_level":1}}