{"host":"uflv0e3ja7hvnij7","time":1608859489,"event":{"mods":["Aspiration","BaseMod","Better Altar","Better Match","Better Note","Better Sensory Stone","Better Skull","Better Third Choice","Infinite Spire","Minty Spire (QoL Compilation)","Permanent Neow","StSLib"],"gold_per_floor":[115,115,77,27,27,27,40,40,111,144,161,189,40,50,50,153,203,214,233,233,233,233,233,246,273,273,273,273,299,299,33,33,135,135,151,170,170,187,187,187,215,225,251,284,284,295,295,310,310,310,310],"floor_reached":50,"playtime":2304,"items_purged":["Defend_R","Defend_R"],"score":789,"play_id":"f32e3ac5-04e5-422a-b6d0-477a7a8723ef","local_time":"20201224202449","is_ascension_mode":true,"campfire_choices":[{"data":"Ghostly Armor","floor":6,"key":"SMITH"},{"data":"Twin Strike","floor":8,"key":"SMITH"},{"data":"Feed","floor":15,"key":"SMITH"},{"floor":23,"key":"REST"},{"floor":28,"key":"REST"},{"floor":30,"key":"REST"},{"data":"Berserk","floor":32,"key":"SMITH"},{"data":"Limit Break","floor":40,"key":"SMITH"},{"floor":45,"key":"REST"},{"floor":49,"key":"REST"}],"circlet_count":0,"master_deck":["Strike_R","Strike_R","Strike_R","Strike_R","Strike_R","Defend_R","Bash","Twin Strike+1","Demon Form+1","Ghostly Armor+1","Flame Barrier+1","Twin Strike","Feed+1","Twin Strike","Berserk+1","Pommel Strike","Whirlwind+1","Seeing Red","Brutality","Metallicize","Perfected Strike","Twin Strike","Limit Break+1","Twin Strike+1","Heavy Blade","Rupture+1","Battle Trance+1"],"relics":["Burning Blood","aspiration:Nostalgia","Cracked Core","Bottled Tornado","Regal Pillow","Gremlin Horn","Tiny House","aspiration:RitualStick","Meat on the Bone","Akabeko","Mango","Dead Branch","infinitespire:Bottled Soul","Sozu","Sling","Pen Nib","Smiling Mask","Molten Egg 2"],"acts_visited":["Exordium","TheCity","TheBeyond"],"potions_floor_usage":[11,12,16,18,24,25,35],"damage_taken":[{"damage":7,"enemies":"Jaw Worm","floor":1,"turns":3},{"damage":9,"enemies":"2 Louse","floor":7,"turns":2},{"damage":0,"enemies":"Lagavulin","floor":10,"turns":4},{"damage":8,"enemies":"Small Slimes","floor":11,"turns":2},{"damage":6,"enemies":"Gremlin Nob","floor":12,"turns":3},{"damage":11,"enemies":"Looter","floor":14,"turns":3},{"damage":51,"enemies":"Hexaghost","floor":16,"turns":6},{"damage":12,"enemies":"Chosen","floor":18,"turns":3},{"damage":33,"enemies":"2 Thieves","floor":19,"turns":4},{"damage":26,"enemies":"Shelled Parasite and Fungi","floor":24,"turns":3},{"damage":51,"enemies":"Nightmare","floor":25,"turns":5},{"damage":52,"enemies":"Gremlin Leader","floor":29,"turns":5},{"damage":26,"enemies":"Automaton","floor":33,"turns":6},{"damage":12,"enemies":"3 Shapes","floor":35,"turns":2},{"damage":0,"enemies":"Orb Walker","floor":36,"turns":3},{"damage":34,"enemies":"4 Shapes","floor":38,"turns":3},{"damage":20,"enemies":"Giant Head","floor":41,"turns":5},{"damage":9,"enemies":"Maw","floor":42,"turns":4},{"damage":29,"enemies":"Reptomancer","floor":44,"turns":3},{"damage":28,"enemies":"3 Darklings","floor":46,"turns":3},{"damage":12,"enemies":"Transient","floor":48,"turns":5},{"damage":158,"enemies":"Awakened One","floor":50,"turns":6}],"seed_played":"2680113136372419119","potions_obtained":[{"floor":1,"key":"PowerPotion"},{"floor":7,"key":"Fire Potion"},{"floor":10,"key":"SneckoOil"},{"floor":17,"key":"Strength Potion"},{"floor":19,"key":"Energy Potion"},{"floor":24,"key":"Strength Potion"},{"floor":33,"key":"Energy Potion"}],"is_trial":false,"path_per_floor":["M","?","$","?","?","R","M","R","T","E","M","E","$","M","R","B",null,"M","M","?","?","?","R","M","NM","T","?","R","E","R","$","R","B",null,"M","M","AVR","M","?","R","E","M","T","E","R","M","?","M","R","B"],"character_chosen":"IRONCLAD","items_purchased":["Ghostly Armor","Feed","infinitespire:Bottled Soul","Twin Strike"],"campfire_rested":5,"item_purchase_floors":[3,13,31,31],"current_hp_per_floor":[79,79,79,79,79,79,76,76,76,80,78,78,78,73,73,28,72,70,43,25,25,25,66,62,29,43,54,101,67,107,107,107,87,102,100,106,106,82,82,82,72,73,73,62,113,91,91,85,117,0,0],"gold":310,"neow_bonus":"NOSTALGIA","is_daily":false,"chose_seed":false,"campfire_upgraded":5,"win_rate":0.0,"timestamp":1608859489,"path_taken":["M","?","$","?","?","R","?","R","T","E","M","E","$","M","R","BOSS","M","M","?","?","?","R","M","NM","T","?","R","E","R","$","R","BOSS","M","M","AVR","M","?","R","E","M","T","E","R","M","?","M","R","BOSS"],"items_purchased_type":["Card","Card","Relic","Card"],"build_version":"2020-12-22","purchased_purges":2,"victory":false,"max_hp_per_floor":[80,80,80,80,80,80,80,80,80,80,80,80,80,80,80,80,85,89,89,89,89,89,89,93,93,107,107,107,107,107,107,107,107,107,111,111,111,115,115,115,119,123,123,123,123,123,117,117,117,117,117],"card_choices":[{"not_picked":["Spot Weakness","Evolve"],"picked":"Twin Strike","floor":1},{"not_picked":["Body Slam","Sword Boomerang"],"picked":"Flame Barrier","floor":7},{"not_picked":["Shrug It Off","Pommel Strike"],"picked":"Twin Strike","floor":10},{"not_picked":["Hemokinesis","Flex","Dark Embrace"],"picked":"SKIP","floor":11},{"not_picked":["Evolve","Second Wind","Dual Wield"],"picked":"SKIP","floor":12},{"not_picked":["Warcry","Armaments"],"picked":"Twin Strike","floor":14},{"not_picked":["Demon Form","Brutality"],"picked":"Berserk","floor":16},{"not_picked":["Wild Strike","Iron Wave"],"picked":"Pommel Strike","floor":17},{"not_picked":["Shrug It Off","Pommel Strike+1"],"picked":"Whirlwind+1","floor":18},{"not_picked":["Wild Strike","Shrug It Off"],"picked":"Seeing Red","floor":19},{"not_picked":["Body Slam","Twin Strike"],"picked":"Brutality","floor":24},{"not_picked":["Dark Embrace+1","Headbutt"],"picked":"Metallicize","floor":25},{"not_picked":["Dark Embrace","Rage+1"],"picked":"Perfected Strike","floor":29},{"not_picked":["Double Tap","Corruption"],"picked":"Limit Break","floor":33},{"not_picked":["Thunderclap","True Grit+1","Anger"],"picked":"SKIP","floor":35},{"not_picked":["Thunderclap+1","Flex","Feel No Pain"],"picked":"SKIP","floor":36},{"not_picked":["Feel No Pain+1","Bloodletting"],"picked":"Havoc","floor":38},{"not_picked":["Entrench","Demon Form"],"picked":"Twin Strike+1","floor":41},{"not_picked":["True Grit","Shrug It Off+1"],"picked":"Heavy Blade","floor":42},{"not_picked":["Iron Wave+1","Power Through+1","Intimidate"],"picked":"SKIP","floor":44},{"not_picked":["Clash+1","Infernal Blade"],"picked":"Rupture+1","floor":46},{"not_picked":["Shrug It Off","infinitespire:OneForAll+1"],"picked":"Battle Trance+1","floor":48}],"player_experience":342473,"relics_obtained":[{"floor":9,"key":"Bottled Tornado"},{"floor":10,"key":"Regal Pillow"},{"floor":12,"key":"Gremlin Horn"},{"floor":25,"key":"Akabeko"},{"floor":26,"key":"Mango"},{"floor":29,"key":"Dead Branch"},{"floor":41,"key":"Pen Nib"},{"floor":43,"key":"Smiling Mask"},{"floor":44,"key":"Molten Egg 2"}],"event_choices":[{"damage_healed":0,"gold_gain":1,"player_choice":"4","damage_taken":0,"max_hp_gain":0,"max_hp_loss":0,"event_name":"betterStone:BetterStone","floor":2,"gold_loss":0,"cards_obtained":["Demon Form"]},{"cards_removed":["Defend_R"],"damage_healed":0,"gold_gain":0,"player_choice":"Card Removal","damage_taken":0,"max_hp_gain":0,"max_hp_loss":0,"event_name":"The Cleric","floor":4,"gold_loss":50},{"damage_healed":0,"gold_gain":0,"player_choice":"Grow","damage_taken":0,"max_hp_gain":0,"max_hp_loss":0,"event_name":"Living Wall","floor":5,"gold_loss":0,"cards_upgraded":["Demon Form"]},{"damage_healed":0,"gold_gain":0,"player_choice":"Opened","damage_taken":0,"relics_obtained":["Meat on the Bone"],"max_hp_gain":0,"max_hp_loss":0,"event_name":"The Mausoleum","floor":22,"gold_loss":0},{"cards_removed":["Havoc"],"damage_healed":0,"gold_gain":0,"player_choice":"Removed Skill","damage_taken":0,"max_hp_gain":0,"max_hp_loss":0,"event_name":"Falling","floor":39,"gold_loss":0},{"damage_healed":0,"gold_gain":0,"player_choice":"Max HP","damage_taken":0,"max_hp_gain":0,"max_hp_loss":6,"event_name":"Winding Halls","floor":47,"gold_loss":0}],"is_beta":false,"boss_relics":[{"not_picked":["Astrolabe","aspiration:SecretTechniqueScroll"],"picked":"Tiny House"},{"not_picked":["aspiration:RitualDagger","Velvet Choker"],"picked":"Sozu"}],"items_purged_floors":[13,37],"is_endless":true,"potions_floor_spawned":[1,7,10,19,24,33,38,44,46,48],"killed_by":"Awakened One","ascension_level":5}}