{"host":"x4x6fw95e6eqd4n0","time":1608939094,"event":{"mods":["AchievementEnabler","BaseMod","Colored Map","Colored Powertips","DeckTracker","Minty Spire (QoL Compilation)","Shop Mod"],"gold_per_floor":[118,133,133,145,145,145,159,176,201,219,219,229,229,304,304,407,407,421,437,437,437,64,64,75,75,75,75,95,95,95,95],"floor_reached":30,"playtime":1099,"items_purged":["Strike_P"],"score":247,"play_id":"65a543c1-2207-4631-9018-dd84b10a8e48","local_time":"20201226013134","is_ascension_mode":false,"campfire_choices":[{"data":"Vengeance","floor":6,"key":"SMITH"},{"data":"Establishment","floor":11,"key":"SMITH"},{"floor":15,"key":"REST"},{"data":"LessonLearned","floor":23,"key":"SMITH"},{"data":"RitualDagger","floor":27,"key":"SMITH"}],"circlet_count":0,"master_deck":["Strike_P+1","Defend_P+1","Defend_P+1","Defend_P","Defend_P","Eruption+1","Vigilance+1","Vengeance+1","TalkToTheHand+1","ThirdEye","Establishment+1","FollowUp","LikeWater+1","FearNoEvil","LessonLearned+1","BattleHymn","Indignation+1","Worship","RitualDagger+1","Pray","Ghostly","Ghostly","Ghostly","Ghostly","Ghostly","Parasite","Pray","Ragnarok"],"relics":["SacredBark","Oddly Smooth Stone","Cursed Key","Anchor","Bag of Marbles","Darkstone Periapt"],"acts_visited":["Exordium","TheCity"],"potions_floor_usage":[10,16,24,28],"damage_taken":[{"damage":0,"enemies":"Cultist","floor":1,"turns":2},{"damage":8,"enemies":"Jaw Worm","floor":2,"turns":4},{"damage":4,"enemies":"2 Louse","floor":4,"turns":3},{"damage":1,"enemies":"2 Fungi Beasts","floor":7,"turns":4},{"damage":6,"enemies":"Blue Slaver","floor":8,"turns":4},{"damage":0,"enemies":"Large Slime","floor":10,"turns":2},{"damage":17,"enemies":"Exordium Thugs","floor":12,"turns":3},{"damage":7,"enemies":"Slime Boss","floor":16,"turns":12},{"damage":15,"enemies":"Spheric Guardian","floor":18,"turns":5},{"damage":4,"enemies":"Chosen","floor":19,"turns":5},{"damage":20,"enemies":"Snake Plant","floor":24,"turns":5},{"damage":4,"enemies":"Cultist and Chosen","floor":28,"turns":4},{"damage":31,"enemies":"Slavers","floor":30,"turns":3}],"seed_played":"260159792755264899","potions_obtained":[{"floor":1,"key":"BlessingOfTheForge"},{"floor":2,"key":"FearPotion"},{"floor":7,"key":"BlessingOfTheForge"},{"floor":18,"key":"LiquidBronze"},{"floor":19,"key":"AttackPotion"}],"is_trial":false,"path_per_floor":["M","M","?","M","?","R","M","M","T","M","R","M","?","?","R","B",null,"M","M","?","?","$","R","M","?","T","R","M","?","E"],"character_chosen":"WATCHER","items_purchased":["Anchor","Bag of Marbles"],"campfire_rested":1,"item_purchase_floors":[22,22],"current_hp_per_floor":[72,64,64,60,60,60,59,53,53,53,53,36,29,18,39,32,72,57,53,53,47,47,47,27,27,27,27,23,23,0,0],"gold":95,"neow_bonus":"BOSS_RELIC","is_daily":false,"chose_seed":false,"campfire_upgraded":4,"win_rate":0.0,"timestamp":1608939094,"path_taken":["M","M","?","M","?","R","M","M","T","M","R","?","?","?","R","BOSS","M","M","?","?","$","R","M","?","T","R","M","?","E"],"items_purchased_type":["Relic","Relic"],"build_version":"2020-12-13","purchased_purges":1,"victory":false,"max_hp_per_floor":[72,72,72,72,72,72,72,72,72,72,72,72,72,72,72,72,72,72,72,72,72,72,72,72,36,36,36,36,36,36,36],"card_choices":[{"not_picked":["Weave","BowlingBash"],"picked":"Vengeance","floor":1},{"not_picked":["Halt","Perseverance"],"picked":"TalkToTheHand","floor":2},{"not_picked":["BowlingBash","Protect"],"picked":"ThirdEye","floor":4},{"not_picked":["SandsOfTime","ClearTheMind"],"picked":"Establishment","floor":7},{"not_picked":["EmptyBody","Consecrate"],"picked":"FollowUp","floor":8},{"not_picked":["Consecrate","CarveReality"],"picked":"LikeWater","floor":10},{"not_picked":["Conclude","TalkToTheHand"],"picked":"FearNoEvil","floor":12},{"not_picked":["Blasphemy","Alpha"],"picked":"LessonLearned","floor":16},{"not_picked":["Wallop","CrushJoints+1"],"picked":"BattleHymn","floor":18},{"not_picked":["EmptyMind+1","Swivel"],"picked":"Indignation+1","floor":19},{"not_picked":["FollowUp","BowlingBash+1"],"picked":"Pray","floor":24},{"not_picked":["Fasting2+1","EmptyFist"],"picked":"Pray","floor":28}],"player_experience":89222,"relics_obtained":[{"floor":9,"key":"Oddly Smooth Stone"},{"floor":26,"key":"Darkstone Periapt"}],"event_choices":[{"damage_healed":0,"gold_gain":0,"player_choice":"Grow","damage_taken":0,"max_hp_gain":0,"max_hp_loss":0,"event_name":"Living Wall","floor":3,"gold_loss":0,"cards_upgraded":["Eruption"]},{"damage_healed":0,"gold_gain":0,"player_choice":"Upgraded","damage_taken":0,"max_hp_gain":0,"max_hp_loss":0,"event_name":"Upgrade Shrine","floor":5,"gold_loss":0,"cards_upgraded":["TalkToTheHand"]},{"cards_removed":["Strike_P"],"damage_healed":0,"gold_gain":0,"player_choice":"Card Removal","damage_taken":7,"max_hp_gain":0,"max_hp_loss":0,"event_name":"Golden Wing","floor":13,"gold_loss":0},{"damage_healed":0,"gold_gain":75,"player_choice":"Gather Gold","damage_taken":11,"max_hp_gain":0,"max_hp_loss":0,"event_name":"World of Goop","floor":14,"gold_loss":0},{"damage_healed":0,"gold_gain":0,"player_choice":"Read","damage_taken":0,"max_hp_gain":0,"max_hp_loss":0,"event_name":"The Library","floor":20,"gold_loss":0,"cards_obtained":["Worship"]},{"damage_healed":0,"gold_gain":0,"player_choice":"Joined the Cult","damage_taken":6,"max_hp_gain":0,"max_hp_loss":0,"event_name":"Nest","floor":21,"gold_loss":0,"cards_obtained":["RitualDagger"]},{"damage_healed":0,"gold_gain":0,"player_choice":"Became a Ghost","damage_taken":0,"max_hp_gain":0,"max_hp_loss":36,"event_name":"Ghosts","floor":25,"gold_loss":0,"cards_obtained":["Ghostly","Ghostly","Ghostly","Ghostly","Ghostly"]},{"damage_healed":0,"gold_gain":0,"cards_transformed":["Strike_P"],"player_choice":"Transformed","damage_taken":0,"max_hp_gain":0,"max_hp_loss":0,"event_name":"Transmorgrifier","floor":29,"gold_loss":0,"cards_obtained":["Ragnarok"]}],"is_beta":false,"boss_relics":[{"not_picked":["Black Star","Busted Crown"],"picked":"Cursed Key"}],"items_purged_floors":[22],"is_endless":false,"potions_floor_spawned":[1,2,7,18,19],"killed_by":"Slavers","ascension_level":0}}