{"host":"e4hse1vg61zltgzv","time":1608855954,"event":{"mods":["AchievementEnabler","BaseMod","Block Reminder","Colored Map","DeckTracker","GifTheSpireLib","Minty Spire (QoL Compilation)","Rare Cards Sparkle","StSLib","SuperFastMode","everything is the same but u backflip on backflip"],"gold_per_floor":[119,139,149,149,163,194,194,224,224,257,275,275,292,323,323,402,402,414,414,339,264,291,311,330,169,218,218,228,228,328,354,354,426,426,439,439,487,487,513,513,542,542,542,571,137,162,180,193,193,193,193,193,193,15,43,43],"floor_reached":57,"playtime":1466,"items_purged":["Blade Dance","Infinite Blades"],"score":3757,"play_id":"f10bd63a-5e3c-463b-893b-09a9a63a1b07","local_time":"20201225092554","is_ascension_mode":true,"campfire_choices":[{"data":"Accuracy","floor":7,"key":"SMITH"},{"data":"Feel No Pain","floor":15,"key":"SMITH"},{"data":"Burning Pact","floor":29,"key":"SMITH"},{"data":"Blade Dance","floor":32,"key":"SMITH"},{"data":"Rage","floor":40,"key":"SMITH"},{"data":"Blade Dance","floor":42,"key":"SMITH"},{"floor":49,"key":"RECALL"},{"data":"Dark Embrace","floor":53,"key":"SMITH"}],"circlet_count":0,"master_deck":["Blade Dance+1","Blade Dance+1","Rage+1","Body Slam+1","Accuracy+1","Feel No Pain+1","Burning Pact+1","Feel No Pain+1","Dark Embrace+1"],"relics":["Burning Blood","WristBlade","Mummified Hand","Toy Ornithopter","Pantograph","Omamori","Runic Pyramid","Orichalcum","Tiny Chest","PreservedInsect","Calipers","Toxic Egg 2","Whetstone","Calling Bell","Bag of Marbles","StrikeDummy","Mango","Torii","Happy Flower","Ice Cream","Self Forming Clay","White Beast Statue","Anchor","Pear","Lantern","Sundial","Blue Candle","Bag of Preparation"],"acts_visited":["Exordium","TheCity","TheBeyond","TheEnding"],"potions_floor_usage":[8,16],"damage_taken":[{"damage":0,"enemies":"Small Slimes","floor":1,"turns":2},{"damage":0,"enemies":"Cultist","floor":2,"turns":2},{"damage":0,"enemies":"Jaw Worm","floor":3,"turns":1},{"damage":0,"enemies":"3 Louse","floor":5,"turns":2},{"damage":0,"enemies":"Lagavulin","floor":6,"turns":4},{"damage":0,"enemies":"3 Sentries","floor":8,"turns":3},{"damage":0,"enemies":"Gremlin Nob","floor":10,"turns":2},{"damage":0,"enemies":"Looter","floor":11,"turns":1},{"damage":0,"enemies":"Exordium Wildlife","floor":13,"turns":1},{"damage":0,"enemies":"Lagavulin","floor":14,"turns":2},{"damage":0,"enemies":"Hexaghost","floor":16,"turns":2},{"damage":0,"enemies":"Spheric Guardian","floor":18,"turns":1},{"damage":0,"enemies":"Chosen","floor":23,"turns":3},{"damage":0,"enemies":"Snake Plant","floor":24,"turns":1},{"damage":0,"enemies":"Centurion and Healer","floor":28,"turns":2},{"damage":0,"enemies":"Colosseum Slavers","floor":30,"turns":2},{"damage":0,"enemies":"Colosseum Nobs","floor":30,"turns":2},{"damage":0,"enemies":"Champ","floor":33,"turns":3},{"damage":13,"enemies":"Orb Walker","floor":35,"turns":2},{"damage":0,"enemies":"2 Orb Walkers","floor":37,"turns":3},{"damage":0,"enemies":"Nemesis","floor":41,"turns":1},{"damage":0,"enemies":"Giant Head","floor":44,"turns":1},{"damage":0,"enemies":"Nemesis","floor":46,"turns":1},{"damage":0,"enemies":"3 Shapes","floor":47,"turns":2},{"damage":0,"enemies":"Maw","floor":48,"turns":2},{"damage":0,"enemies":"Awakened One","floor":50,"turns":2},{"damage":0,"enemies":"Time Eater","floor":51,"turns":4},{"damage":0,"enemies":"Shield and Spear","floor":55,"turns":2},{"damage":0,"enemies":"The Heart","floor":56,"turns":4}],"seed_played":"7999346874570705267","potions_obtained":[{"floor":1,"key":"Explosive Potion"},{"floor":3,"key":"DuplicationPotion"},{"floor":6,"key":"SkillPotion"},{"floor":8,"key":"BloodPotion"},{"floor":11,"key":"Energy Potion"},{"floor":46,"key":"BloodPotion"},{"floor":55,"key":"LiquidMemories"}],"is_trial":false,"path_per_floor":["M","M","M","?","M","E","R","E","T","E","M","?","M","E","R","B",null,"M","?","?","$","T","M","M","$","T","?","M","R","?","T","R","B",null,"M","?","?","?","T","R","E","R","T","E","$","E","M","M","R","B","B",null,"R","$","E","B",null],"character_chosen":"IRONCLAD","items_purchased":["Tiny Chest","Anchor","Pear","Sundial"],"campfire_rested":0,"item_purchase_floors":[25,45,45,54],"current_hp_per_floor":[81,82,82,82,82,82,82,82,82,82,82,82,82,82,82,82,82,82,82,82,82,82,82,82,82,82,82,82,82,82,82,82,82,96,89,89,91,91,91,91,91,91,91,91,101,101,101,101,101,101,101,101,101,101,101,101],"gold":43,"neow_bonus":"TEN_PERCENT_HP_BONUS","is_daily":false,"chose_seed":false,"campfire_upgraded":7,"win_rate":0.0,"timestamp":1608855954,"path_taken":["M","M","M","?","M","E","R","E","T","E","?","?","M","E","R","BOSS","M","?","?","$","?","?","M","?","T","?","?","R","?","?","R","BOSS","M","?","?","?","?","R","E","R","T","E","$","E","M","M","R","BOSS","BOSS","R","$","E","BOSS"],"items_purchased_type":["Relic","Relic","Relic","Relic"],"build_version":"2020-12-22","purchased_purges":2,"victory":true,"max_hp_per_floor":[82,82,82,82,82,82,82,82,82,82,82,82,82,82,82,82,82,82,82,82,82,82,82,82,82,82,82,82,82,82,82,82,82,96,96,91,91,91,91,91,91,91,91,91,101,101,101,101,101,101,101,101,101,101,101,101],"card_choices":[{"not_picked":["Fire Breathing","Heavy Blade"],"picked":"Rage","floor":1},{"not_picked":["Pommel Strike","Reckless Charge"],"picked":"Body Slam","floor":2},{"not_picked":["Iron Wave","Ghostly Armor"],"picked":"Feel No Pain","floor":3},{"not_picked":["Fire Breathing","Fiend Fire","Body Slam"],"picked":"SKIP","floor":5},{"not_picked":["Warcry","Sword Boomerang","Inflame"],"picked":"SKIP","floor":6},{"not_picked":["Bloodletting","Body Slam","Headbutt"],"picked":"SKIP","floor":8},{"not_picked":["Shrug It Off","Infernal Blade","Evolve"],"picked":"SKIP","floor":10},{"not_picked":["Twin Strike","Sword Boomerang","Warcry"],"picked":"SKIP","floor":11},{"not_picked":["Flex","Perfected Strike","Corruption"],"picked":"SKIP","floor":13},{"not_picked":["Flex","Perfected Strike","Corruption"],"picked":"SKIP","floor":13},{"not_picked":["Reckless Charge","Shrug It Off","Blood for Blood"],"picked":"SKIP","floor":14},{"not_picked":["Searing Blow","Intimidate+1","Shrug It Off"],"picked":"SKIP","floor":18},{"not_picked":["Iron Wave","Evolve","Dual Wield"],"picked":"SKIP","floor":23},{"not_picked":["Heavy Blade","Wild Strike","Shockwave"],"picked":"SKIP","floor":24},{"not_picked":["Armaments","Uppercut","Combust"],"picked":"SKIP","floor":28},{"not_picked":["Perfected Strike+1","Thunderclap","Iron Wave"],"picked":"SKIP","floor":35},{"not_picked":["Rupture","Whirlwind","Infernal Blade+1"],"picked":"SKIP","floor":41},{"not_picked":["Twin Strike","Headbutt","Burning Pact+1"],"picked":"SKIP","floor":44},{"not_picked":["Cleave","Body Slam+1","Shrug It Off+1"],"picked":"SKIP","floor":46},{"not_picked":["Sword Boomerang+1","Iron Wave","Anger"],"picked":"SKIP","floor":47},{"not_picked":["Shrug It Off+1","Clash"],"picked":"Dark Embrace","floor":48},{"not_picked":["Evolve","Anger","Rupture"],"picked":"SKIP","floor":55}],"player_experience":754128,"relics_obtained":[{"floor":6,"key":"Mummified Hand"},{"floor":8,"key":"Toy Ornithopter"},{"floor":10,"key":"Pantograph"},{"floor":14,"key":"Omamori"},{"floor":22,"key":"Orichalcum"},{"floor":26,"key":"PreservedInsect"},{"floor":30,"key":"Calipers"},{"floor":30,"key":"Toxic Egg 2"},{"floor":31,"key":"Whetstone"},{"floor":34,"key":"Bag of Marbles"},{"floor":34,"key":"StrikeDummy"},{"floor":34,"key":"Mango"},{"floor":37,"key":"Torii"},{"floor":39,"key":"Happy Flower"},{"floor":41,"key":"Ice Cream"},{"floor":43,"key":"Self Forming Clay"},{"floor":44,"key":"White Beast Statue"},{"floor":46,"key":"Lantern"},{"floor":55,"key":"Blue Candle"}],"event_choices":[{"damage_healed":0,"gold_gain":0,"player_choice":"Upgraded","damage_taken":0,"max_hp_gain":0,"max_hp_loss":0,"event_name":"Upgrade Shrine","floor":4,"gold_loss":0,"cards_upgraded":["Body Slam"]},{"damage_healed":0,"gold_gain":0,"player_choice":"Ignored","damage_taken":0,"max_hp_gain":0,"max_hp_loss":0,"event_name":"Liars Game","floor":12,"gold_loss":0},{"damage_healed":0,"gold_gain":0,"player_choice":"Read","damage_taken":0,"max_hp_gain":0,"max_hp_loss":0,"event_name":"The Library","floor":19,"gold_loss":0,"cards_obtained":["Burning Pact"]},{"cards_removed":["Blade Dance"],"damage_healed":0,"gold_gain":0,"player_choice":"Gave Gold","damage_taken":0,"max_hp_gain":0,"max_hp_loss":0,"event_name":"Beggar","floor":20,"gold_loss":75},{"damage_healed":0,"gold_gain":0,"player_choice":"Copied","damage_taken":0,"max_hp_gain":0,"max_hp_loss":0,"event_name":"Duplicator","floor":27,"gold_loss":0,"cards_obtained":["Feel No Pain"]},{"damage_healed":0,"gold_gain":0,"player_choice":"Fight","damage_taken":0,"max_hp_gain":0,"max_hp_loss":0,"event_name":"Colosseum","floor":30,"gold_loss":0},{"damage_healed":0,"gold_gain":0,"player_choice":"Fought Nobs","damage_taken":0,"max_hp_gain":0,"max_hp_loss":0,"event_name":"Colosseum","floor":30,"gold_loss":0},{"damage_healed":0,"gold_gain":0,"player_choice":"Max HP","damage_taken":0,"max_hp_gain":0,"max_hp_loss":5,"event_name":"Winding Halls","floor":36,"gold_loss":0},{"damage_healed":0,"gold_gain":0,"player_choice":"Fight","damage_taken":0,"max_hp_gain":0,"max_hp_loss":0,"event_name":"Mysterious Sphere","floor":37,"gold_loss":0},{"damage_healed":0,"gold_gain":0,"player_choice":"Ignored","damage_taken":0,"max_hp_gain":0,"max_hp_loss":0,"event_name":"Tomb of Lord Red Mask","floor":38,"gold_loss":0}],"is_beta":false,"boss_relics":[{"not_picked":["Black Blood","SlaversCollar"],"picked":"Runic Pyramid"},{"not_picked":["Snecko Eye","Philosopher\u0027s Stone"],"picked":"Calling Bell"}],"items_purged_floors":[21,54],"is_endless":false,"potions_floor_spawned":[1,3,6,8,11,13,30,46,47,48,55],"ascension_level":20}}