{"host":"cm56dopeulr50jn0","time":1608873015,"event":{"mods":["BaseMod","Bestiary","Better Match","Better Third Choice","Jorbs\u0027s Wanderer Trilogy","Minty Spire (QoL Compilation)","Relic Stats","Robot Space Explorer","StSLib","The Marked"],"gold_per_floor":[112,112,132,0,13,31,71,71,71,71,71,89,112,147,147,272,272,295,314,334,259,19,19,38,96,174,174,174,174,240,1,1,145,145,159,204,242,242,242],"floor_reached":38,"playtime":2239,"items_purged":["theMarked:Strike"],"score":428,"play_id":"e0bc019a-c378-4886-8e96-9786e76ac4b2","local_time":"20201224211015","is_ascension_mode":true,"campfire_choices":[{"floor":8,"key":"REST"},{"floor":10,"key":"REST"},{"data":"theMarked:Reabsorb","floor":15,"key":"SMITH"},{"data":"HandOfGreed","floor":23,"key":"SMITH"},{"floor":27,"key":"REST"},{"floor":29,"key":"REST"},{"data":"theMarked:Polarize","floor":32,"key":"SMITH"}],"circlet_count":0,"master_deck":["theMarked:Strike","theMarked:Strike","theMarked:Strike","theMarked:Defend","theMarked:Defend","theMarked:Defend","theMarked:Defend","theMarked:SoldierOfQuellstein","theMarked:UnarmedFury","theMarked:HeritageOfTheMarked","theMarked:ElectricStrings","Enlightenment","theMarked:CreepingChasm","theMarked:WardOff","theMarked:ChainLightning","theMarked:Reabsorb+1","theMarked:MuscleMemory","theMarked:Electrify","theMarked:WardOff","theMarked:MaelstromOfLightning","HandOfGreed+1","theMarked:ComboAttacks","theMarked:Static","theMarked:Polarize+1","theMarked:GodGivenPower+1","theMarked:SummonStrength+1","theMarked:Electrify","theMarked:WardOff+1","theMarked:Overcharge+1"],"relics":["theMarked:ArtifactOfAir","Golden Idol","Nunchaku","HornCleat","Turnip","theMarked:SpiritSword","Frozen Egg 2","The Courier","Pen Nib","Philosopher\u0027s Stone"],"acts_visited":["Exordium","TheCity","TheBeyond"],"potions_floor_usage":[7,16,25,37,38],"damage_taken":[{"damage":0,"enemies":"Small Slimes","floor":1,"turns":3},{"damage":2,"enemies":"2 Louse","floor":3,"turns":2},{"damage":0,"enemies":"Cultist","floor":5,"turns":4},{"damage":6,"enemies":"Red Slaver","floor":6,"turns":5},{"damage":36,"enemies":"Lagavulin","floor":7,"turns":8},{"damage":2,"enemies":"Looter","floor":12,"turns":3},{"damage":3,"enemies":"Exordium Wildlife","floor":13,"turns":3},{"damage":4,"enemies":"3 Sentries","floor":14,"turns":4},{"damage":33,"enemies":"Hexaghost","floor":16,"turns":10},{"damage":20,"enemies":"Shell Parasite","floor":18,"turns":6},{"damage":2,"enemies":"2 Thieves","floor":19,"turns":4},{"damage":4,"enemies":"3 Cultists","floor":20,"turns":4},{"damage":7,"enemies":"Cultist and Chosen","floor":24,"turns":4},{"damage":27,"enemies":"Book of Stabbing","floor":25,"turns":4},{"damage":17,"enemies":"Sentry and Sphere","floor":30,"turns":6},{"damage":31,"enemies":"Champ","floor":33,"turns":6},{"damage":27,"enemies":"3 Darklings","floor":35,"turns":5},{"damage":7,"enemies":"3 Shapes","floor":36,"turns":7},{"damage":31,"enemies":"Maw","floor":37,"turns":7},{"damage":16,"enemies":"3 Darklings","floor":38,"turns":1}],"seed_played":"496973057946220369","potions_obtained":[{"floor":1,"key":"ColorlessPotion"},{"floor":5,"key":"theMarked:SummonPotion"},{"floor":14,"key":"DistilledChaos"},{"floor":19,"key":"BlessingOfTheForge"},{"floor":33,"key":"AttackPotion"},{"floor":35,"key":"FearPotion"}],"is_trial":false,"path_per_floor":["M","?","M","?","M","M","E","R","T","R","?","M","M","E","R","B",null,"M","M","M","?","$","R","M","E","T","R","?","R","M","$","R","B",null,"M","M","M","M"],"character_chosen":"THE_DEFAULT","items_purchased":["theMarked:MaelstromOfLightning","HandOfGreed","Pen Nib","theMarked:GodGivenPower+1"],"campfire_rested":4,"item_purchase_floors":[22,22,31,31],"current_hp_per_floor":[70,53,51,57,57,51,15,37,37,59,76,74,71,67,67,34,76,56,54,50,50,50,50,43,16,16,38,38,60,43,43,43,12,76,49,42,11,0,0],"gold":242,"neow_bonus":"ONE_RANDOM_RARE_CARD","is_daily":false,"chose_seed":false,"campfire_upgraded":3,"win_rate":0.0,"timestamp":1608873015,"path_taken":["M","?","M","?","M","M","E","R","T","R","?","M","?","E","R","BOSS","M","M","M","?","$","R","M","E","T","R","?","R","M","$","R","BOSS","M","M","M","M"],"items_purchased_type":["Card","Card","Relic","Card"],"build_version":"2020-12-22","purchased_purges":1,"victory":false,"max_hp_per_floor":[70,70,70,76,76,76,76,76,76,76,76,76,76,76,76,76,76,76,76,76,76,76,76,76,76,76,76,76,76,76,76,76,76,76,76,76,76,76,76],"relic_stats":{"Nunchaku":[10],"counters":[20,94],"Golden Idol":121,"Turnip":[14],"Pen Nib":[4],"obtain_stats":[{"theMarked:ArtifactOfAir":0,"Nunchaku":7,"HornCleat":9,"Golden Idol":2,"Philosopher\u0027s Stone":34,"Turnip":14,"theMarked:SpiritSword":17,"The Courier":26,"Pen Nib":31,"Frozen Egg 2":25},{"theMarked:ArtifactOfAir":0,"Nunchaku":5,"HornCleat":5,"Golden Idol":1,"Philosopher\u0027s Stone":16,"Turnip":8,"theMarked:SpiritSword":9,"The Courier":14,"Pen Nib":15,"Frozen Egg 2":14},{"theMarked:ArtifactOfAir":0,"Nunchaku":21,"HornCleat":21,"Golden Idol":3,"Philosopher\u0027s Stone":74,"Turnip":31,"theMarked:SpiritSword":41,"The Courier":62,"Pen Nib":68,"Frozen Egg 2":62}]},"card_choices":[{"not_picked":["theMarked:Panic","theMarked:HeightenedSenses"],"picked":"theMarked:HeritageOfTheMarked","floor":1},{"not_picked":["theMarked:EmpowerWeapon","theMarked:Improvise"],"picked":"theMarked:ElectricStrings","floor":3},{"not_picked":["theMarked:ElectricStrings","theMarked:GodGivenPower","theMarked:Static"],"picked":"SKIP","floor":5},{"not_picked":["theMarked:Static","theMarked:TwofoldDefense"],"picked":"theMarked:CreepingChasm","floor":6},{"not_picked":["theMarked:RepellingDischarge","theMarked:GodGivenPower"],"picked":"theMarked:WardOff","floor":7},{"not_picked":["theMarked:WardOff","theMarked:MaelstromOfLightning"],"picked":"theMarked:ChainLightning","floor":12},{"not_picked":["theMarked:RepellingDischarge","theMarked:HeightenedSenses","theMarked:SwordAndMagic"],"picked":"SKIP","floor":13},{"not_picked":["theMarked:EmpowerWeapon","theMarked:WardOff"],"picked":"theMarked:Reabsorb","floor":14},{"not_picked":["theMarked:UnarmedFury","theMarked:TurnInvisible"],"picked":"theMarked:MuscleMemory","floor":16},{"not_picked":["theMarked:ElectricStrings","theMarked:Electrocute+1"],"picked":"theMarked:Electrify","floor":18},{"not_picked":["theMarked:Improvise","theMarked:LightningStrikesTwice","theMarked:TwofoldDefense"],"picked":"SKIP","floor":19},{"not_picked":["theMarked:TunnelVision+1","theMarked:HeritageOfTheMarked"],"picked":"theMarked:WardOff","floor":20},{"not_picked":["theMarked:TwofoldDefense","theMarked:ChainLightning"],"picked":"theMarked:ComboAttacks","floor":24},{"not_picked":["theMarked:Aftermath","theMarked:Parkour"],"picked":"theMarked:Static","floor":25},{"not_picked":["theMarked:Aftermath","theMarked:DeterminationOfTheMarked+1"],"picked":"theMarked:Polarize","floor":30},{"not_picked":["theMarked:ChannelForce","theMarked:ThrowWeapon"],"picked":"theMarked:SummonStrength+1","floor":33},{"not_picked":["theMarked:Electrocute+1","theMarked:EnhancedHearing+1"],"picked":"theMarked:Electrify","floor":35},{"not_picked":["theMarked:Frustration","theMarked:Indomitable"],"picked":"theMarked:WardOff+1","floor":36},{"not_picked":["theMarked:RepellingDischarge","theMarked:KeepCalmAndFightOn+1"],"picked":"theMarked:Overcharge+1","floor":37}],"player_experience":1298292,"relics_obtained":[{"floor":7,"key":"Nunchaku"},{"floor":9,"key":"HornCleat"},{"floor":14,"key":"Turnip"},{"floor":25,"key":"Frozen Egg 2"},{"floor":26,"key":"The Courier"}],"event_choices":[{"damage_healed":0,"gold_gain":0,"player_choice":"Take Damage","damage_taken":17,"relics_obtained":["Golden Idol"],"max_hp_gain":0,"max_hp_loss":0,"event_name":"Golden Idol","floor":2,"gold_loss":0},{"damage_healed":0,"gold_gain":0,"player_choice":"RENOUNCE","damage_taken":132,"max_hp_gain":0,"max_hp_loss":0,"event_name":"betterThird:BetterSerpent","floor":4,"gold_loss":132,"cards_obtained":["Enlightenment"]},{"damage_healed":17,"gold_gain":0,"player_choice":"Full Heal","damage_taken":0,"max_hp_gain":0,"max_hp_loss":0,"event_name":"Wheel of Change","floor":11,"gold_loss":0},{"cards_removed":["theMarked:Strike"],"damage_healed":0,"gold_gain":0,"player_choice":"Gave Gold","damage_taken":0,"max_hp_gain":0,"max_hp_loss":0,"event_name":"Beggar","floor":21,"gold_loss":75},{"damage_healed":0,"gold_gain":0,"player_choice":"Ignored","damage_taken":0,"max_hp_gain":0,"max_hp_loss":0,"event_name":"Ghosts","floor":28,"gold_loss":0}],"is_beta":false,"boss_relics":[{"not_picked":["Busted Crown","Coffee Dripper"],"picked":"theMarked:SpiritSword"},{"not_picked":["Runic Dome","Runic Pyramid"],"picked":"Philosopher\u0027s Stone"}],"items_purged_floors":[31],"is_endless":false,"potions_floor_spawned":[1,5,14,19,33,35],"killed_by":"3 Darklings","ascension_level":1}}