{"host":"59ckh7bj2z84pzgo","time":1608897610,"event":{"mods":["BaseMod","Better Vampires","Marked Mod","Minty Spire (QoL Compilation)","Replay The Spire","Spicy Shops","StSLib","TestMod","¡¾ÒÅÎï¿¨ÅÆ¡¿REMEMod"],"gold_per_floor":[119,194,194,210,222,222,255,255,255,255,73,83,83,83,83,83,83],"floor_reached":16,"playtime":654,"items_purged":["Parasite"],"score":200,"play_id":"c8a73ac7-308a-4b39-84f1-117636e452be","local_time":"20201225200010","is_ascension_mode":true,"campfire_choices":[{"data":"Defragment","floor":6.0,"key":"SMITH"},{"floor":13.0,"key":"REST"},{"data":"Turbo","floor":15,"key":"SMITH"}],"circlet_count":0,"master_deck":["AscendersBane","Strike_B","Strike_B","Strike_B","Strike_B","Defend_B","Defend_B","Defend_B","Defend_B","Zap","Dualcast","ReplayTheSpireMod:From All Sides+1","Strike_P","Defragment+1","Redo","Cold Snap","Capacitor","Capacitor","REME_ForAll","Turbo+1"],"relics":["Cracked Core","REME_ComplimentaryCards","testmod-TestBox","testmod-Register","CaptainsWheel","Turnip","Gremlin Horn","ReplayTheSpireMod:CursedCoin","Prayer Wheel"],"acts_visited":["Exordium"],"potions_floor_usage":[14],"damage_taken":[{"damage":7.0,"enemies":"Small Slimes","floor":1.0,"turns":3.0},{"damage":2.0,"enemies":"Jaw Worm","floor":4.0,"turns":4.0},{"damage":0.0,"enemies":"2 Louse","floor":5.0,"turns":3.0},{"damage":13.0,"enemies":"Lagavulin","floor":7.0,"turns":5.0},{"damage":17.0,"enemies":"Blue Slaver","floor":12.0,"turns":3.0},{"damage":0,"enemies":"Lots of Slimes","floor":14,"turns":1},{"damage":30,"enemies":"Slime Boss","floor":16,"turns":7}],"seed_played":"-3868332837864679381","potions_obtained":[{"floor":4.0,"key":"FearPotion"},{"floor":5.0,"key":"SmokeBomb"}],"is_trial":false,"path_per_floor":["M","?","?","M","M","R","E","?","T","?","$","M","R","M","R","B"],"character_chosen":"DEFECT","items_purchased":["ReplayTheSpireMod:CursedCoin","ReplayTheSpireMod:Fabricate Wheel","Capacitor"],"campfire_rested":1,"item_purchase_floors":[11,11,11],"current_hp_per_floor":[57,46,39,37,37,37,24,24,24,24,24,7,27,27,27,0,0],"gold":83,"neow_bonus":"ONE_RARE_RELIC","is_daily":false,"chose_seed":false,"campfire_upgraded":2,"win_rate":0.0,"timestamp":1608897610,"path_taken":["M","?","?","M","?","R","E","?","T","?","?","?","R","M","R","BOSS"],"items_purchased_type":["Relic","Card","Card"],"build_version":"2020-12-22","purchased_purges":1,"victory":false,"max_hp_per_floor":[71,71,71,71,71,71,71,71,71,71,68,68,68,68,68,68,68],"card_choices":[{"not_picked":["Panic Button","Leap"],"picked":"Defragment","floor":1.0},{"not_picked":["Doom and Gloom","Gash"],"picked":"Redo","floor":4.0},{"not_picked":["Go for the Eyes","Reprogram"],"picked":"Cold Snap","floor":5.0},{"not_picked":["Consume","Streamline"],"picked":"Capacitor","floor":7.0},{"not_picked":["Leap","Streamline"],"picked":"REME_ForAll","floor":12.0},{"not_picked":["Coolheaded","Ball Lightning"],"picked":"Turbo","floor":12.0}],"player_experience":183615,"relics_obtained":[{"floor":7.0,"key":"Turnip"},{"floor":9.0,"key":"Gremlin Horn"}],"event_choices":[{"damage_healed":0.0,"max_hp_gain":0.0,"max_hp_loss":0.0,"gold_gain":75.0,"event_name":"World of Goop","player_choice":"Gather Gold","floor":2.0,"gold_loss":0.0,"damage_taken":11.0},{"cards_removed":["Strike_P"],"damage_healed":0.0,"max_hp_gain":0.0,"max_hp_loss":0.0,"gold_gain":0.0,"event_name":"Golden Wing","player_choice":"Card Removal","floor":3.0,"gold_loss":0.0,"damage_taken":7.0}],"is_beta":false,"boss_relics":[],"items_purged_floors":[11],"is_endless":false,"potions_floor_spawned":[4,5],"killed_by":"Slime Boss","ascension_level":20}}