{"host":"cij6922spxtbkai3","time":1608907054,"event":{"mods":["2.2 Compatiblity","AchievementEnabler","BaseMod","Colored Map","DeckTracker","Highlight Path","Keyboard Shortcuts","Minty Spire (QoL Compilation)","Permanent Neow","Quick Restart","Rare Cards Sparkle","SuperFastMode","everything is the same but u backflip on backflip"],"gold_per_floor":[16,32,32,207,225,225,239,250,273,273,273,300,19,35,35,130,130,145,145,145,60,330,360,360,373,400,400,400,419,22,35,35,136,136,154,171,191,191,66,93,93,123,146,162,176,176,254,299,299,299],"floor_reached":51,"playtime":2493,"items_purged":["Defend_R","Doubt","Strike_R"],"score":800,"play_id":"38a61a89-2522-4f81-ade2-3bcfb9404cae","local_time":"20201225233734","is_ascension_mode":false,"campfire_choices":[{"data":"Flex","floor":6.0,"key":"SMITH"},{"data":"Heavy Blade","floor":10.0,"key":"SMITH"},{"data":"Infernal Blade","floor":15.0,"key":"SMITH"},{"data":"RitualDagger","floor":24.0,"key":"SMITH"},{"data":"Limit Break","floor":28.0,"key":"SMITH"},{"data":"Offering","floor":32.0,"key":"SMITH"},{"data":"Flex","floor":41.0,"key":"SMITH"},{"data":"Demon Form","floor":46.0,"key":"SMITH"},{"data":"Pommel Strike","floor":49.0,"key":"SMITH"}],"circlet_count":0,"master_deck":["Strike_R","Defend_R","Defend_R","Bash","Flex+1","Ghostly Armor","Infernal Blade+1","Heavy Blade+1","Limit Break+1","Flex+1","Offering+1","Ghostly Armor","RitualDagger+1","Metallicize","Shrug It Off","Spot Weakness","Seeing Red","Flex+1","Feel No Pain","Pommel Strike+1","Demon Form+1","Inflame"],"relics":["Burning Blood","Ancient Tea Set","Regal Pillow","Happy Flower","SlaversCollar","MutagenicStrength","Centennial Puzzle","Toy Ornithopter","Anchor","TungstenRod","Sling","Pen Nib","Coffee Dripper","Boot","Gremlin Horn","Bag of Marbles","Paper Frog","Calipers"],"acts_visited":["Exordium","TheCity","TheBeyond"],"potions_floor_usage":[50,50,50],"damage_taken":[{"damage":2.0,"enemies":"2 Louse","floor":1.0,"turns":3.0},{"damage":0.0,"enemies":"Small Slimes","floor":2.0,"turns":3.0},{"damage":6.0,"enemies":"Cultist","floor":5.0,"turns":5.0},{"damage":17.0,"enemies":"Exordium Wildlife","floor":7.0,"turns":9.0},{"damage":0.0,"enemies":"Gremlin Gang","floor":8.0,"turns":3.0},{"damage":21.0,"enemies":"Lagavulin","floor":12.0,"turns":5.0},{"damage":0.0,"enemies":"Looter","floor":14.0,"turns":2.0},{"damage":11.0,"enemies":"Slime Boss","floor":16.0,"turns":7.0},{"damage":11.0,"enemies":"3 Byrds","floor":18.0,"turns":5.0},{"damage":13.0,"enemies":"Gremlin Leader","floor":23.0,"turns":5.0},{"damage":6.0,"enemies":"2 Thieves","floor":25.0,"turns":2.0},{"damage":5.0,"enemies":"Centurion and Healer","floor":29.0,"turns":2.0},{"damage":5.0,"enemies":"Snake Plant","floor":31.0,"turns":1.0},{"damage":18.0,"enemies":"Automaton","floor":33.0,"turns":5.0},{"damage":5.0,"enemies":"Orb Walker","floor":35.0,"turns":1.0},{"damage":5.0,"enemies":"3 Darklings","floor":36.0,"turns":3.0},{"damage":5.0,"enemies":"Spire Growth","floor":37.0,"turns":2.0},{"damage":5.0,"enemies":"Giant Head","floor":40.0,"turns":1.0},{"damage":64.0,"enemies":"Reptomancer","floor":42.0,"turns":3.0},{"damage":9.0,"enemies":"Jaw Worm Horde","floor":44.0,"turns":2.0},{"damage":8.0,"enemies":"Transient","floor":45.0,"turns":5.0},{"damage":5.0,"enemies":"2 Orb Walkers","floor":48.0,"turns":3.0},{"damage":35,"enemies":"Time Eater","floor":50,"turns":6}],"seed_played":"2025225706903072900","potions_obtained":[{"floor":2.0,"key":"Dexterity Potion"},{"floor":5.0,"key":"Explosive Potion"},{"floor":7.0,"key":"PowerPotion"},{"floor":8.0,"key":"BloodPotion"},{"floor":14.0,"key":"Fruit Juice"},{"floor":23.0,"key":"AttackPotion"},{"floor":33.0,"key":"GamblersBrew"},{"floor":35.0,"key":"DistilledChaos"},{"floor":37.0,"key":"LiquidMemories"},{"floor":42.0,"key":"LiquidBronze"},{"floor":48.0,"key":"SteroidPotion"}],"is_trial":false,"path_per_floor":["M","M","?","?","M","R","M","M","T","R","?","E","$","M","R","B",null,"M","?","?","?","?","E","R","M","T","T","R","M","$","M","R","B",null,"M","M","M","?","$","E","R","E","T","M","M","R","T","?","R","B",null],"character_chosen":"IRONCLAD","items_purchased":["Happy Flower","Flex","Sling","Pen Nib"],"campfire_rested":0,"item_purchase_floors":[13,13,30,30],"current_hp_per_floor":[80,80,80,80,80,80,69,75,75,75,68,53,53,59,59,54,80,75,69,69,69,42,40,40,40,40,40,40,41,41,42,42,35,85,85,85,85,81,81,81,81,44,44,41,39,39,39,40,40,26],"gold":299,"neow_bonus":"REMOVE_TWO","is_daily":false,"chose_seed":false,"campfire_upgraded":9,"win_rate":0.0,"timestamp":1608907054,"path_taken":["M","M","?","?","M","R","M","M","T","R","?","E","$","M","R","BOSS","M","?","?","?","?","E","R","?","T","?","R","?","$","M","R","BOSS","M","M","?","?","$","E","R","E","T","M","M","R","?","?","R","BOSS"],"items_purchased_type":["Relic","Card","Relic","Relic"],"build_version":"2020-12-22","purchased_purges":3,"victory":true,"max_hp_per_floor":[80,80,80,80,80,80,80,80,80,80,80,80,80,80,80,80,80,80,80,80,80,80,85,85,85,85,85,85,85,85,85,85,85,85,85,85,85,81,81,81,81,81,81,81,81,81,81,81,81,81],"card_choices":[{"not_picked":["Cleave","Dropkick","Fire Breathing"],"picked":"SKIP","floor":1.0},{"not_picked":["Power Through","Pummel"],"picked":"Flex","floor":2.0},{"not_picked":["Perfected Strike","Reckless Charge"],"picked":"Ghostly Armor","floor":5.0},{"not_picked":["Blood for Blood","Power Through"],"picked":"Infernal Blade","floor":7.0},{"not_picked":["Cleave","Whirlwind"],"picked":"Heavy Blade","floor":8.0},{"not_picked":["Armaments","Wild Strike"],"picked":"Limit Break","floor":12.0},{"not_picked":["Cleave","Warcry","Clothesline"],"picked":"SKIP","floor":14.0},{"not_picked":["Bludgeon","Corruption"],"picked":"Offering","floor":16.0},{"not_picked":["Seeing Red","True Grit+1"],"picked":"Ghostly Armor","floor":18.0},{"not_picked":["Dropkick","Thunderclap"],"picked":"Metallicize","floor":23.0},{"not_picked":["Rage","Infernal Blade"],"picked":"Shrug It Off","floor":25.0},{"not_picked":["Dropkick","Armaments"],"picked":"Spot Weakness","floor":29.0},{"not_picked":["Armaments","Reckless Charge"],"picked":"Seeing Red","floor":31.0},{"not_picked":["Iron Wave+1","Flex+1","Sever Soul"],"picked":"SKIP","floor":35.0},{"not_picked":["Dual Wield+1","Rampage+1","Warcry"],"picked":"SKIP","floor":36.0},{"not_picked":["Carnage+1","Rage"],"picked":"Flex+1","floor":37.0},{"not_picked":["Sword Boomerang","Power Through"],"picked":"Feel No Pain","floor":40.0},{"not_picked":["Dark Embrace+1","Perfected Strike+1","Anger"],"picked":"SKIP","floor":42.0},{"not_picked":["Metallicize","Flex+1"],"picked":"Pommel Strike","floor":44.0},{"not_picked":["Thunderclap+1","Rupture+1"],"picked":"Demon Form","floor":45.0},{"not_picked":["Dual Wield","Thunderclap+1"],"picked":"Inflame","floor":48.0}],"player_experience":11649,"relics_obtained":[{"floor":9.0,"key":"Ancient Tea Set"},{"floor":12.0,"key":"Regal Pillow"},{"floor":23.0,"key":"Toy Ornithopter"},{"floor":26.0,"key":"Anchor"},{"floor":27.0,"key":"TungstenRod"},{"floor":40.0,"key":"Boot"},{"floor":42.0,"key":"Gremlin Horn"},{"floor":43.0,"key":"Bag of Marbles"},{"floor":47.0,"key":"Paper Frog"},{"floor":48.0,"key":"Calipers"}],"event_choices":[{"cards_removed":["Defend_R"],"damage_healed":0.0,"max_hp_gain":0.0,"max_hp_loss":0.0,"gold_gain":0.0,"event_name":"Living Wall","player_choice":"Forget","floor":3.0,"gold_loss":0.0,"damage_taken":0.0},{"damage_healed":0.0,"max_hp_gain":0.0,"max_hp_loss":0.0,"gold_gain":175.0,"event_name":"Liars Game","player_choice":"AGREE","floor":4.0,"gold_loss":0.0,"damage_taken":0.0,"cards_obtained":["Doubt"]},{"cards_removed":["Strike_R"],"damage_healed":0.0,"max_hp_gain":0.0,"max_hp_loss":0.0,"gold_gain":0.0,"event_name":"Golden Wing","player_choice":"Card Removal","floor":11.0,"gold_loss":0.0,"damage_taken":7.0},{"damage_healed":0.0,"max_hp_gain":0.0,"max_hp_loss":0.0,"gold_gain":0.0,"event_name":"Nest","player_choice":"Joined the Cult","floor":19.0,"gold_loss":0.0,"damage_taken":6.0,"cards_obtained":["RitualDagger"]},{"damage_healed":0.0,"max_hp_gain":0.0,"max_hp_loss":0.0,"gold_gain":0.0,"event_name":"Drug Dealer","player_choice":"Inject Mutagens","floor":20.0,"gold_loss":0.0,"damage_taken":0.0,"relics_obtained":["MutagenicStrength"]},{"damage_healed":0.0,"max_hp_gain":0.0,"max_hp_loss":0.0,"gold_gain":0.0,"event_name":"Addict","player_choice":"Obtained Relic","floor":21.0,"gold_loss":85.0,"damage_taken":0.0,"relics_obtained":["Centennial Puzzle"]},{"damage_healed":0.0,"max_hp_gain":0.0,"max_hp_loss":0.0,"gold_gain":270.0,"event_name":"Knowing Skull","player_choice":"GOLD GOLD GOLD ","floor":22.0,"potions_obtained":[],"gold_loss":0.0,"damage_taken":27.0,"cards_obtained":[]},{"damage_healed":0.0,"max_hp_gain":0.0,"max_hp_loss":4.0,"gold_gain":0.0,"event_name":"Winding Halls","player_choice":"Max HP","floor":38.0,"gold_loss":0.0,"damage_taken":0.0},{"damage_healed":0.0,"max_hp_gain":0.0,"max_hp_loss":0.0,"gold_gain":0.0,"event_name":"Mysterious Sphere","player_choice":"Fight","floor":48.0,"gold_loss":0.0,"damage_taken":0.0}],"is_beta":false,"boss_relics":[{"not_picked":["Runic Pyramid","Snecko Eye"],"picked":"SlaversCollar"},{"not_picked":["Fusion Hammer","SacredBark"],"picked":"Coffee Dripper"}],"items_purged_floors":[13,30,39],"is_endless":false,"potions_floor_spawned":[2,5,7,8,14,23,33,35,37,42,48],"ascension_level":0}}