{"host":"3z9xbwjeimmg738z","time":1608865861,"event":{"mods":["2.2 Compatiblity","Act Like it!","AlwaysNeverKeys","Aspiration","Bard","Bartender","BaseMod","Beaked The Cultist","Better Altar","Better Match","Better Note","Better Sensory Stone","Better Skull","Better Third Choice","CapriCore","ChefMod","Colored Powertips","Defuse TimeMaze Blight","Dio Mod","Displayed Cursed Tome","Emptier Cage","Faster Ascension Climbing","Fiend Mod","Gensokyo","GifTheSpireLib","Hallownest","Hubris","JesterMod","KinomotoSakuraMod(????)","Koishi","Mari Mod (Legacy)","Mari\u0027s V1 Patch","Marisa????????","Minty Spire (QoL Compilation)","Pale of the Ancients","Permanent Neow","Replay The Spire","Robot Space Explorer","Shop Mod","StSLib","Stuff the Spire","The Accelerator","The Construct","The Immortal","The Marked","The Mystic","The Saiyan","The Servant 0.9.4","TheArtist","Uncapped","Wandering Minibosses","vexMod"],"gold_per_floor":[90,90,90,90,40,66,95,124,124,124,140,140,90,124,124,227,227,242,242,30,280,293,325,250,265,340,340,359,403,403,440,440,537,537,553,553,553,487,487,523,539,566,590,590,617,231,282,292,292,298,304,330,330,28,28,58,58,58,58,76],"floor_reached":61,"playtime":6763,"items_purged":["Saiyan:SAIYA_Strike"],"score":1687,"play_id":"9341d91b-dff7-4f29-a3c6-ddb30d7a5fc9","local_time":"20201224191101","daily_mods":["ControlledChaos"],"is_ascension_mode":true,"campfire_choices":[{"data":"Saiyan:PlotArmor","floor":12,"key":"SMITH"},{"data":"Saiyan:Medicine","floor":15,"key":"SMITH"},{"data":"Saiyan:SenzuBean","floor":27,"key":"SMITH"},{"floor":30,"key":"REST"},{"data":"Saiyan:HyperTimeChamber","floor":32,"key":"SMITH"},{"data":"Saiyan:SuperSaiyanForm","floor":44,"key":"SMITH"},{"data":"Saiyan:TurtleShell","floor":55,"key":"SMITH"},{"floor":57,"key":"REST"}],"circlet_count":0,"master_deck":["Saiyan:SAIYA_Strike","Saiyan:SAIYA_Strike","Saiyan:SAIYA_Defend","Saiyan:SAIYA_Defend+1","Saiyan:SAIYA_Defend","Saiyan:SAIYA_Defend","Saiyan:KaioKen","Saiyan:RuthlessBlow","Saiyan:Medicine+1","Saiyan:TurtleShell+1","Saiyan:Quickening","Saiyan:ConcussiveBlow","Saiyan:PlotArmor+1","Saiyan:PlotArmor","Saiyan:SenzuBean+1","Saiyan:WarmUp+1","StuffTheSpire:Ambrosia+1","Saiyan:SuperSaiyanForm+1","Saiyan:PlotArmor+1","Pot Of Greed+1","Pot Of Greed","Saiyan:HyperTimeChamber+1","Saiyan:EnergyBlast","Apotheosis+1","Saiyan:Medicine+1"],"relics":["SaiyanSoul","SaiyanHeart","Frozen Eye","Ring of Hypnosis","Mango","Omamori","Smiling Mask","ReplayTheSpireMod:Lightbulb","Molten Egg 2","Matryoshka","vexMod:MemoryStick","Anchor","CeramicFish","Potion Belt","ReplayFunnel","Juzu Bracelet","Centennial Puzzle","Mirror","Blue Doll","Grinning Jar","ReplayTheSpireMod:TigerMarble","StuffTheSpire:Gunfinga","StuffTheSpire:Mouthbags","Sozu","Dream Catcher","hubris:Icosahedron","Ancient Tea Set","PreservedInsect","Regal Pillow","Kunai","StuffTheSpire:PointBlank","Cleaning_Rag","Art of War","War Paint","Toxic Egg 2","ReplayTheSpireMod:ShopPack","Replay:Bandana","hubris:SlimyHat","paleoftheancients:Timepiece","paleoftheancients:KeyRelic","Mercury Hourglass","aspiration:Lifesprig","hubris:Towel","Ice Cream","paleoftheancients:SoulOfTheHexaghost","aspiration:FrozenJewel"],"acts_visited":["Gensokyo:Gensokyo","Gensokyo:Gensokyoer","Gensokyo:Gensokyoest","paleoftheancients:PaleOfTheAncients"],"potions_floor_usage":[6,7,14,18,25,33,42,56],"damage_taken":[{"damage":0,"enemies":"Gensokyo:3_Fairies","floor":1,"turns":4},{"damage":10,"enemies":"Gensokyo:Cirno","floor":6,"turns":6},{"damage":12,"enemies":"Gensokyo:Mamizou","floor":7,"turns":20},{"damage":14,"enemies":"Gensokyo:Cirno","floor":8,"turns":8},{"damage":2,"enemies":"Gensokyo:Gryphon","floor":11,"turns":6},{"damage":9,"enemies":"Gensokyo:Aya","floor":14,"turns":6},{"damage":10,"enemies":"Gensokyo:Yukari","floor":16,"turns":14},{"damage":13,"enemies":"Gensokyo:2_Gloops","floor":18,"turns":14},{"damage":1,"enemies":"Gensokyo:CosmicMonolith","floor":22,"turns":13},{"damage":16,"enemies":"Gensokyo:Reisen","floor":23,"turns":17},{"damage":19,"enemies":"Gensokyo:Wraith","floor":25,"turns":14},{"damage":6,"enemies":"Gensokyo:Monolith_and_Dog","floor":28,"turns":14},{"damage":64,"enemies":"Gensokyo:Koishi","floor":29,"turns":17},{"damage":18,"enemies":"Gensokyo:Tenshi","floor":31,"turns":15},{"damage":33,"enemies":"Gensokyo:Kaguya","floor":33,"turns":24},{"damage":0,"enemies":"Gensokyo:3_Boulders","floor":35,"turns":11},{"damage":0,"enemies":"Gensokyo:Doremy","floor":40,"turns":9},{"damage":0,"enemies":"Gensokyo:3_Bats","floor":41,"turns":7},{"damage":0,"enemies":"Gensokyo:Kasen","floor":42,"turns":7},{"damage":3,"enemies":"Gensokyo:Marisa","floor":45,"turns":10},{"damage":0,"enemies":"Gensokyo:SeedOfUnknown","floor":48,"turns":12},{"damage":8,"enemies":"Gensokyo:Shinki","floor":50,"turns":16},{"damage":126,"enemies":"Gensokyo:Shinki","floor":51,"turns":11},{"damage":0,"enemies":"Gensokyo:Shinki","floor":52,"turns":17},{"damage":110,"enemies":"Gensokyo:Shinki","floor":56,"turns":13},{"damage":0,"enemies":"paleoftheancients:N","floor":60,"turns":16}],"seed_played":"7400588696554086994","potions_obtained":[{"floor":1,"key":"Fire Potion"},{"floor":6,"key":"Swift Potion"},{"floor":11,"key":"Energy Potion"},{"floor":14,"key":"Dexterity Potion"},{"floor":18,"key":"SkillPotion"},{"floor":29,"key":"Swift Potion"},{"floor":31,"key":"Energy Potion"}],"is_trial":true,"path_per_floor":["M","?","?","?","$","E","?","E","T","$","M","R","$","E","R","B",null,"M","?","$","?","M","E","?","M","T","R","M","E","R","E","R","B",null,"M","?","?","?","?","E","M","E","T","R","E","$","T","M","R","B","M","M","?","$","R","M","R","T","?","B",null],"character_chosen":"SAIYAJIN","items_purchased":["Saiyan:TurtleShell","Saiyan:SuperSaiyanForm","Anchor","Toxic Egg 2","ReplayTheSpireMod:ShopPack","Ice Cream"],"campfire_rested":2,"item_purchase_floors":[5,20,20,46,46,54],"current_hp_per_floor":[62,62,55,55,55,50,42,31,31,31,34,34,34,31,31,34,85,76,76,76,76,83,83,83,70,70,70,74,24,51,45,45,31,95,99,99,99,99,99,102,105,108,108,108,107,107,107,112,112,114,116,119,119,119,119,69,120,120,120,124],"gold":76,"neow_bonus":"","is_daily":false,"chose_seed":false,"campfire_upgraded":6,"win_rate":0.0,"timestamp":1608865861,"path_taken":["M","?","?","?","$","E","?","E","T","?","M","R","$","E","R","BOSS","M","?","$","?","M","E","?","M","T","R","M","E","R","E","R","BOSS","M","?","?","?","?","E","M","E","T","R","E","$","?","M","R","BOSS","M","M","?","$","R","M","R","T","?","BOSS"],"items_purchased_type":["Card","Card","Relic","Relic","Relic","Relic"],"build_version":"2020-12-22","purchased_purges":1,"victory":true,"max_hp_per_floor":[62,62,76,76,76,78,79,79,79,79,81,81,81,81,81,85,85,86,86,86,81,83,87,87,89,89,89,90,92,92,93,93,95,95,99,99,99,99,99,102,105,108,108,108,110,110,110,112,112,114,116,119,119,119,119,121,121,121,121,124],"card_choices":[{"not_picked":["Saiyan:Reset","Saiyan:Planning"],"picked":"Saiyan:Medicine","floor":1},{"not_picked":["Saiyan:AugmentedBlast","Saiyan:ConcussiveBlow"],"picked":"Saiyan:Quickening","floor":6},{"not_picked":["Saiyan:ExpandingShockwave","Saiyan:BackAttack"],"picked":"Saiyan:ConcussiveBlow","floor":7},{"not_picked":["Saiyan:Scouter","Saiyan:MeteorDash","Saiyan:BackAttack"],"picked":"SKIP","floor":8},{"not_picked":["Saiyan:ExtremeSpeed","Saiyan:Pacing"],"picked":"Saiyan:PlotArmor","floor":11},{"not_picked":["Saiyan:Flurry+1","Saiyan:Quickening"],"picked":"Saiyan:PlotArmor","floor":14},{"not_picked":["Saiyan:SolarFlare","Saiyan:TransfigurationBeam+1"],"picked":"Saiyan:SenzuBean","floor":16},{"not_picked":["Saiyan:Medicine","Saiyan:PowerUp"],"picked":"Saiyan:WarmUp+1","floor":18},{"not_picked":["StuffTheSpire:Vigor","StuffTheSpire:CelestialWarden"],"picked":"StuffTheSpire:Ambrosia","floor":19},{"not_picked":["Saiyan:MeteorDash+1","Saiyan:TheBomb","Saiyan:ExtremeSpeed"],"picked":"SKIP","floor":22},{"not_picked":["Saiyan:MeteorDash+1","Saiyan:TheBomb","Saiyan:ExtremeSpeed"],"picked":"SKIP","floor":22},{"not_picked":["Saiyan:BackAttack+1","Saiyan:Planning","Saiyan:SoulSpice"],"picked":"SKIP","floor":23},{"not_picked":["Saiyan:KiStrike+1","Saiyan:ReverberatingForce+1","Saiyan:Endure"],"picked":"SKIP","floor":25},{"not_picked":["Saiyan:KiStrike+1","Saiyan:DrainingStrike+1"],"picked":"Saiyan:PlotArmor+1","floor":28},{"not_picked":["Saiyan:LastResort+1","Saiyan:DoubleMasenko+1","Saiyan:Overexert"],"picked":"SKIP","floor":29},{"not_picked":["Saiyan:ExpandingShockwave+1","Saiyan:SpiritSword+1"],"picked":"Saiyan:HyperTimeChamber","floor":31},{"not_picked":["Saiyan:BigBangAttack+1","Saiyan:MeteorDash+1","Saiyan:Pacing"],"picked":"SKIP","floor":35},{"not_picked":["hubris:EnhanceAbility+1","ReplayTheSpireMod:Necrogeddon+1"],"picked":"Apotheosis+1","floor":38},{"not_picked":["Saiyan:TransfigurationBeam+1","Saiyan:MindBoom"],"picked":"Saiyan:Medicine+1","floor":40},{"not_picked":["Saiyan:ThirstForFight+1","Saiyan:DragonRadar+1","Saiyan:KiExplosion+1"],"picked":"SKIP","floor":41},{"not_picked":["Saiyan:Medicine+1","Saiyan:Fly+1","Saiyan:ThirstForFight+1"],"picked":"SKIP","floor":42},{"not_picked":["Saiyan:TransfigurationBeam+1","Saiyan:Planning+1","Saiyan:KiStrike+1"],"picked":"SKIP","floor":45},{"not_picked":["Saiyan:ExpandingShockwave+1","Saiyan:MeteorDash+1","Saiyan:FingerParry+1"],"picked":"SKIP","floor":48},{"not_picked":["Saiyan:Pacing+1","Saiyan:GhostAttack+1","Saiyan:PowerUp+1"],"picked":"SKIP","floor":52},{"not_picked":["Saiyan:Flurry+1","Saiyan:DragonFist+1","Saiyan:Pacing+1"],"picked":"SKIP","floor":56}],"player_experience":441807,"relics_obtained":[{"floor":2,"key":"Ring of Hypnosis"},{"floor":6,"key":"Omamori"},{"floor":7,"key":"Smiling Mask"},{"floor":7,"key":"ReplayTheSpireMod:Lightbulb"},{"floor":8,"key":"aspiration:ChemicalBlood"},{"floor":9,"key":"Molten Egg 2"},{"floor":14,"key":"Matryoshka"},{"floor":18,"key":"vexMod:MemoryStick"},{"floor":22,"key":"CeramicFish"},{"floor":23,"key":"Potion Belt"},{"floor":23,"key":"ReplayFunnel"},{"floor":25,"key":"Juzu Bracelet"},{"floor":26,"key":"Centennial Puzzle"},{"floor":26,"key":"Mirror"},{"floor":28,"key":"Blue Doll"},{"floor":29,"key":"Grinning Jar"},{"floor":29,"key":"ReplayTheSpireMod:TigerMarble"},{"floor":31,"key":"StuffTheSpire:Gunfinga"},{"floor":33,"key":"StuffTheSpire:Mouthbags"},{"floor":35,"key":"Dream Catcher"},{"floor":40,"key":"Ancient Tea Set"},{"floor":40,"key":"PreservedInsect"},{"floor":41,"key":"Regal Pillow"},{"floor":42,"key":"Kunai"},{"floor":43,"key":"StuffTheSpire:PointBlank"},{"floor":43,"key":"Cleaning_Rag"},{"floor":45,"key":"Art of War"},{"floor":45,"key":"War Paint"},{"floor":47,"key":"Replay:Bandana"},{"floor":48,"key":"hubris:SlimyHat"},{"floor":52,"key":"aspiration:Lifesprig"},{"floor":56,"key":"paleoftheancients:SoulOfTheHexaghost"},{"floor":58,"key":"aspiration:FrozenJewel"}],"event_choices":[{"damage_healed":0,"gold_gain":0,"player_choice":"2","damage_taken":0,"max_hp_gain":0,"max_hp_loss":0,"event_name":"betterMatch:BetterMatch","floor":24,"gold_loss":0,"cards_obtained":["betterMatch:ColorlessUncommonCard"]},{"damage_healed":0,"gold_gain":0,"player_choice":"2","damage_taken":0,"max_hp_gain":0,"max_hp_loss":0,"event_name":"betterMatch:BetterMatch","floor":38,"gold_loss":0,"cards_obtained":["betterMatch:ColorlessRareCard"]}],"is_beta":false,"boss_relics":[{"not_picked":["Velvet Choker","Ring of Chaos","ReplayTheSpireMod:DimensionalGlitch"]},{"not_picked":["Empty Cage","StuffTheSpire:ModemDavis"],"picked":"Sozu"}],"items_purged_floors":[13],"is_endless":false,"potions_floor_spawned":[1,6,11,14,18,29,31,41,42,56],"ascension_level":1}}