{"host":"y89x8uui45kcjy42","time":1608863362,"event":{"mods":["2.2 Compatiblity","BaseMod","CapriCore","Colored Map","Colored Powertips","Custom Start","Friendly Minions","Highlight Path","Keyboard Shortcuts","Minty Spire (QoL Compilation)","Relic Stats","Slay the Relics Exporter","StSLib","SuperFastMode","The Bug Knight","Waifu the Spire"],"gold_per_floor":[119,69,69,69,82,108,108,164,187,201,201,476,0,10,10,108,108,127,146,166,91,61,61,93,93,93,93,125,139,139,152,152,251,251,251],"floor_reached":34,"playtime":1326,"items_purged":["Regret"],"score":513,"play_id":"2a246154-7bb1-4206-968b-b7882184ed53","local_time":"20201225112922","is_ascension_mode":false,"campfire_choices":[{"data":"HollowMod:NewJinnsSoul","floor":7.0,"key":"SMITH"},{"data":"HollowMod:SoulStrike","floor":11.0,"key":"SMITH"},{"data":"HollowMod:DesolateDive","floor":15.0,"key":"SMITH"},{"data":"HollowMod:PogoStrike","floor":23,"key":"SMITH"},{"data":"HollowMod:FocusHealStart","floor":25,"key":"SMITH"},{"data":"HollowMod:LifebloodCore","floor":27,"key":"SMITH"},{"data":"HollowMod:HuntersJournal","floor":32,"key":"SMITH"}],"circlet_count":0,"master_deck":["HollowMod:NailStrikeStart","HollowMod:NailStrikeStart","HollowMod:NailStrikeStart","HollowMod:QuickDashStart","HollowMod:QuickDashStart","HollowMod:QuickDashStart","HollowMod:FocusHealStart+1","HollowMod:PogoStrike+1","HollowMod:SoulStrike+1","HollowMod:NewJinnsSoul+1","HollowMod:DesolateDive+1","HollowMod:LifebloodCore+1","HollowMod:LifebloodCocoon+1","HollowMod:HuntersJournal+1"],"relics":["HollowMod:VesselMask","HollowMod:KingsSoulRelic","HollowMod:DelicateFlower","HollowMod:MillibellesNoteRelic","HollowMod:QueensCombRelic","HollowMod:JonisBlessing","HollowMod:StagPassRelic","HollowMod:MantisClawRelic","HollowMod:LumaflyLanternRelic","HollowMod:PaleOreRelic","HollowMod:LifeEnderRelic","HollowMod:IsmasTear","HollowMod:KingsBrand","Potion Belt","Juzu Bracelet","Akabeko","MealTicket","StrikeDummy","ClockworkSouvenir","Coffee Dripper","WingedGreaves","Mummified Hand","Tiny Chest","MutagenicStrength"],"acts_visited":["Exordium","TheCity","TheBeyond"],"potions_floor_usage":[24],"damage_taken":[{"damage":0.0,"enemies":"2 Louse","floor":1.0,"turns":2.0},{"damage":0.0,"enemies":"Jaw Worm","floor":5.0,"turns":2.0},{"damage":1.0,"enemies":"HollowMod:MossKnight","floor":6.0,"turns":7.0},{"damage":0.0,"enemies":"3 Sentries","floor":8.0,"turns":7.0},{"damage":0.0,"enemies":"Cultist","floor":10.0,"turns":3.0},{"damage":0.0,"enemies":"Blue Slaver","floor":14.0,"turns":2.0},{"damage":0.0,"enemies":"Hexaghost","floor":16.0,"turns":9.0},{"damage":0.0,"enemies":"Chosen","floor":18.0,"turns":3.0},{"damage":0.0,"enemies":"3 Byrds","floor":19.0,"turns":4.0},{"damage":0,"enemies":"Centurion and Healer","floor":20,"turns":6},{"damage":0,"enemies":"HollowMod:Nosk","floor":24,"turns":5},{"damage":24,"enemies":"Gremlin Leader","floor":28,"turns":4},{"damage":0,"enemies":"Snecko","floor":29,"turns":3},{"damage":0,"enemies":"Shelled Parasite and Fungi","floor":31,"turns":3},{"damage":0,"enemies":"Collector","floor":33,"turns":7}],"seed_played":"-4752943313800115967","potions_obtained":[{"floor":1.0,"key":"Swift Potion"},{"floor":14.0,"key":"Regen Potion"},{"floor":16.0,"key":"Ancient Potion"},{"floor":18.0,"key":"LiquidBronze"},{"floor":22,"key":"Energy Potion"},{"floor":22,"key":"Fruit Juice"},{"floor":24,"key":"SteroidPotion"}],"is_trial":true,"path_per_floor":["M","?","?","$","M","E","R","?","T","M","R","?","$","M","R","B",null,"M","M","M","?","?","R","E","R","T","R","E","M","?","M","R","B",null],"character_chosen":"THE_BUGKNIGHT","items_purchased":["StrikeDummy","ClockworkSouvenir"],"campfire_rested":0,"item_purchase_floors":[13,13],"current_hp_per_floor":[50,50,50,50,50,49,49,49,49,49,49,49,50,50,50,50,50,50,50,50,50,50,50,55,55,55,55,31,31,31,31,31,31,55,55],"gold":251,"neow_bonus":"","is_daily":false,"chose_seed":false,"campfire_upgraded":7,"win_rate":0.0,"timestamp":1608863362,"path_taken":["M","?","?","$","?","E","R","?","T","M","R","?","$","M","R","BOSS","M","M","M","?","?","R","E","R","T","R","E","M","?","M","R","BOSS"],"items_purchased_type":["Relic","Relic"],"build_version":"2020-12-22","purchased_purges":1,"victory":false,"max_hp_per_floor":[50,50,50,50,50,50,50,50,50,50,50,50,50,50,50,50,50,50,50,50,50,50,50,55,55,55,55,55,55,55,55,55,55,55,55],"relic_stats":{"counters":[15,67],"Mummified Hand":[0],"MealTicket":1,"Tiny Chest":0,"Juzu Bracelet":2,"obtain_stats":[{"Potion Belt":3,"HollowMod:QueensCombRelic":0,"HollowMod:LifeEnderRelic":0,"HollowMod:LumaflyLanternRelic":0,"HollowMod:JonisBlessing":0,"HollowMod:VesselMask":0,"HollowMod:IsmasTear":0,"Juzu Bracelet":6,"HollowMod:DelicateFlower":0,"HollowMod:MillibellesNoteRelic":0,"HollowMod:StagPassRelic":0,"HollowMod:KingsBrand":0,"Akabeko":8,"ClockworkSouvenir":13,"Mummified Hand":26,"MutagenicStrength":30,"MealTicket":9,"Tiny Chest":28,"WingedGreaves":24,"Coffee Dripper":17,"HollowMod:PaleOreRelic":0,"HollowMod:MantisClawRelic":0,"StrikeDummy":13,"HollowMod:KingsSoulRelic":0},{"Potion Belt":1,"HollowMod:QueensCombRelic":0,"HollowMod:LifeEnderRelic":0,"HollowMod:LumaflyLanternRelic":0,"HollowMod:JonisBlessing":0,"HollowMod:VesselMask":0,"HollowMod:IsmasTear":0,"Juzu Bracelet":3,"HollowMod:DelicateFlower":0,"HollowMod:MillibellesNoteRelic":0,"HollowMod:StagPassRelic":0,"HollowMod:KingsBrand":0,"Akabeko":4,"ClockworkSouvenir":5,"Mummified Hand":11,"MutagenicStrength":13,"MealTicket":4,"Tiny Chest":12,"WingedGreaves":11,"Coffee Dripper":7,"HollowMod:PaleOreRelic":0,"HollowMod:MantisClawRelic":0,"StrikeDummy":5,"HollowMod:KingsSoulRelic":0},{"Potion Belt":2,"HollowMod:QueensCombRelic":0,"HollowMod:LifeEnderRelic":0,"HollowMod:LumaflyLanternRelic":0,"HollowMod:JonisBlessing":0,"HollowMod:VesselMask":0,"HollowMod:IsmasTear":0,"Juzu Bracelet":11,"HollowMod:DelicateFlower":0,"HollowMod:MillibellesNoteRelic":0,"HollowMod:StagPassRelic":0,"HollowMod:KingsBrand":0,"Akabeko":18,"ClockworkSouvenir":21,"Mummified Hand":50,"MutagenicStrength":57,"MealTicket":18,"Tiny Chest":54,"WingedGreaves":50,"Coffee Dripper":32,"HollowMod:PaleOreRelic":0,"HollowMod:MantisClawRelic":0,"StrikeDummy":21,"HollowMod:KingsSoulRelic":0}]},"card_choices":[{"not_picked":["HollowMod:SoulVessel","HollowMod:SoulShaman"],"picked":"HollowMod:SoulStrike","floor":1.0},{"not_picked":["HollowMod:InfectedCysts","HollowMod:SiblingsShadow"],"picked":"HollowMod:NewJinnsSoul","floor":5.0},{"not_picked":["HollowMod:CycloneSlash","HollowMod:WraithStrike","HollowMod:VengefulVoid"],"picked":"SKIP","floor":6.0},{"not_picked":["HollowMod:BrokenVessel","HollowMod:SharpenedNail","HollowMod:ShapeofUnn"],"picked":"SKIP","floor":10.0},{"not_picked":["HollowMod:DescendingDark","HollowMod:DoubleDash"],"picked":"HollowMod:DesolateDive","floor":14.0},{"not_picked":["HollowMod:HornetsHelp","HollowMod:ElderbugsWisdom"],"picked":"HollowMod:LifebloodCore","floor":16.0},{"not_picked":["HollowMod:QuirrelsAssistance","HollowMod:InfectionAssault"],"picked":"HollowMod:LifebloodCocoon+1","floor":18.0},{"not_picked":["HollowMod:InfectedCysts","HollowMod:BaldurShell","HollowMod:LifebloodCocoon+1"],"picked":"SKIP","floor":19},{"not_picked":["HollowMod:ChannelNail","HollowMod:LifebloodCocoon","HollowMod:SoulSplash"],"picked":"SKIP","floor":20},{"not_picked":["HollowMod:VengefulSpirit","HollowMod:SharpenedNail","HollowMod:NewGlowingWomb"],"picked":"SKIP","floor":24},{"not_picked":["HollowMod:SharpenedNail","HollowMod:NewLittleFool","HollowMod:CoiledNail"],"picked":"SKIP","floor":28},{"not_picked":["HollowMod:SoulShaman","HollowMod:SoulSplash"],"picked":"HollowMod:HuntersJournal","floor":29},{"not_picked":["HollowMod:NewGlowingWomb","HollowMod:NewLittleFool","HollowMod:DescendingDark"],"picked":"SKIP","floor":31}],"player_experience":552127,"relics_obtained":[{"floor":6.0,"key":"Juzu Bracelet"},{"floor":8.0,"key":"Akabeko"},{"floor":9.0,"key":"MealTicket"},{"floor":24,"key":"WingedGreaves"},{"floor":26,"key":"Mummified Hand"},{"floor":28,"key":"Tiny Chest"}],"event_choices":[{"cards_removed":["HollowMod:NailStrikeStart"],"damage_healed":0.0,"max_hp_gain":0.0,"max_hp_loss":0.0,"gold_gain":0.0,"event_name":"The Cleric","player_choice":"Card Removal","floor":2.0,"gold_loss":50.0,"damage_taken":0.0},{"damage_healed":0.0,"max_hp_gain":0.0,"max_hp_loss":0.0,"gold_gain":0.0,"event_name":"WeMeetAgain","player_choice":"Gave Potion","floor":3.0,"gold_loss":0.0,"damage_taken":0.0,"relics_obtained":["Potion Belt"]},{"damage_healed":0.0,"max_hp_gain":0.0,"max_hp_loss":0.0,"gold_gain":30.0,"event_name":"Dead Adventurer","player_choice":"Searched \u00273\u0027 times","floor":8.0,"gold_loss":0.0,"damage_taken":0.0},{"damage_healed":0.0,"max_hp_gain":0.0,"max_hp_loss":0.0,"gold_gain":275.0,"event_name":"Golden Shrine","player_choice":"Desecrate","floor":12.0,"gold_loss":0.0,"damage_taken":0.0,"cards_obtained":["Regret"]},{"cards_removed":["HollowMod:QuickDashStart"],"damage_healed":0,"gold_gain":0,"player_choice":"Gave Gold","damage_taken":0,"max_hp_gain":0,"max_hp_loss":0,"event_name":"Beggar","floor":21,"gold_loss":75},{"damage_healed":0,"gold_gain":0,"player_choice":"Bought 2 Potions","damage_taken":0,"max_hp_gain":0,"max_hp_loss":0,"event_name":"The Woman in Blue","floor":22,"gold_loss":0},{"damage_healed":0,"gold_gain":0,"player_choice":"Inject Mutagens","damage_taken":0,"relics_obtained":["MutagenicStrength"],"max_hp_gain":0,"max_hp_loss":0,"event_name":"Drug Dealer","floor":30,"gold_loss":0}],"is_beta":false,"boss_relics":[{"not_picked":["Philosopher\u0027s Stone","Calling Bell"],"picked":"Coffee Dripper"},{"not_picked":["Runic Pyramid","Velvet Choker","HollowMod:VoidIdolRelic"]}],"items_purged_floors":[13],"is_endless":false,"potions_floor_spawned":[1,14,16,18,24,31],"ascension_level":0}}