{"host":"1zjc08c6hob33401","time":1608930130,"event":{"mods":["AchievementEnabler","Act Like it!","Aspiration","BaseMod","Downfall","Energized Spire","GifTheSpireLib","Hermit","Hubris","Infinite Spire","Jedi Mod","Jorbs\u0027s Wanderer Trilogy","Minty Spire (QoL Compilation)","Pale of the Ancients","Quick Restart","Replay The Spire","Retaliation","Shop Mod","StSLib","Stuff the Spire","Swap Starting Deck Mod","The Blue Laboratory","The Gatherer","The Runesmith","Wandering Minibosses","[IsaacMod]????"],"gold_per_floor":[114,130,130,55,71,71,96,96,120,120,120],"floor_reached":10,"playtime":1123,"items_purged":["Runesmith:Defend_RS"],"score":69,"play_id":"49e6902a-d02a-4a05-a982-6b07bd055cf7","local_time":"20201225230210","is_ascension_mode":true,"campfire_choices":[{"data":"ReplayTheSpireMod:??????????????????????","floor":6.0,"key":"SMITH"},{"data":"Runesmith:CraftIndustria","floor":8,"key":"SMITH"}],"circlet_count":0,"master_deck":["Runesmith:Strike_RS","Runesmith:Strike_RS","Runesmith:Strike_RS","Runesmith:Strike_RS","Runesmith:Defend_RS","Runesmith:Defend_RS","Runesmith:Defend_RS","Runesmith:CraftFirestone","Runesmith:Fortify","DDmod:MulticlassingSkill","Runesmith:Reinforce","Runesmith:CraftIndustria+1","ReplayTheSpireMod:??????????????????????+1","Runesmith:Attraction","Runesmith:EnergizedChisel","stsjorbsmod:Procrastination"],"relics":["Runesmith:BrokenRuby","HushsDoor","GnawedLeaf","aspiration:ChemicalBlood","Art of War"],"acts_visited":["Exordium"],"potions_floor_usage":[7,7,7],"damage_taken":[{"damage":2.0,"enemies":"Small Slimes","floor":1.0,"turns":3.0},{"damage":9.0,"enemies":"Jaw Worm","floor":2.0,"turns":4.0},{"damage":6.0,"enemies":"Cultist","floor":5.0,"turns":3.0},{"damage":12,"enemies":"Gremlin Nob","floor":7,"turns":3},{"damage":25,"enemies":"3 Sentries","floor":10,"turns":6}],"seed_played":"-6811196096154187921","potions_obtained":[{"floor":1.0,"key":"Cursed Concoction"},{"floor":2.0,"key":"FearPotion"},{"floor":5.0,"key":"BlessingOfTheForge"}],"is_trial":false,"path_per_floor":["M","M","?","$","M","R","E","R","T","E"],"character_chosen":"RUNESMITH_CLASS","items_purchased":[],"campfire_rested":0,"item_purchase_floors":[],"current_hp_per_floor":[68,59,42,42,36,36,24,24,24,0,0],"gold":120,"neow_bonus":"RANDOM_COLORLESS","is_daily":false,"chose_seed":false,"campfire_upgraded":2,"win_rate":0.0,"timestamp":1608930130,"path_taken":["M","M","?","$","M","R","E","R","T","E"],"items_purchased_type":[],"build_version":"2020-12-22","purchased_purges":1,"victory":false,"max_hp_per_floor":[70,70,70,70,70,70,70,70,70,70,70],"card_choices":[{"not_picked":["expansioncontent:GuardianWhirl","Mind Blast"],"picked":"DDmod:MulticlassingSkill","floor":0.0},{"not_picked":["Runesmith:Repurpose","Runesmith:HeatedChisel"],"picked":"Runesmith:Reinforce","floor":1.0},{"not_picked":["Runesmith:EnergizedChisel","Runesmith:Electrocute"],"picked":"Runesmith:CraftIndustria","floor":2.0},{"not_picked":["infinitespire:SealOfDarkness+","ReplayTheSpireMod:Book of Names"],"picked":"ReplayTheSpireMod:??????????????????????","floor":3.0},{"not_picked":["Runesmith:CraftReservo","Runesmith:Overpower"],"picked":"Runesmith:Attraction","floor":5.0},{"not_picked":["Runesmith:StaticCage","Runesmith:Grindstone"],"picked":"Runesmith:EnergizedChisel","floor":7}],"player_experience":480598,"relics_obtained":[{"floor":7,"key":"aspiration:ChemicalBlood"},{"floor":9,"key":"Art of War"}],"event_choices":[],"is_beta":false,"boss_relics":[],"items_purged_floors":[4],"is_endless":false,"potions_floor_spawned":[1,2,5],"killed_by":"3 Sentries","ascension_level":1}}