{"host":"j5gdvqtwmxqn6tw6","time":1608904738,"event":{"mods":["BaseMod","Colored Map","Colored Powertips","Downfall","Minty Spire (QoL Compilation)","Replay The Spire","StSLib","SuperFastMode"],"gold_per_floor":[99,111,130,150,150,150,219,219,239,40,72,172,172,200,215,319,319,319,338,338,356,356,356,438,438,455,470,501,501,527,527,540,636,636,636,656,676,676,15,15,15,15,25,36,62,62,47,47,64,64],"floor_reached":51,"playtime":2283,"items_purged":["Hallucinations","Pain"],"score":800,"play_id":"725a0d8f-c373-4693-8c03-2639b19ba022","local_time":"20201225145858","is_ascension_mode":false,"campfire_choices":[{"data":"Guardian:TwinSlam","floor":1,"key":"SMITH"},{"data":"Guardian:DecasProtection","floor":8,"key":"SMITH"},{"data":"Guardian:SpikerProtocol","floor":13,"key":"SMITH"},{"floor":18,"key":"DIG"},{"data":"Guardian:ArmoredProtocol","floor":25,"key":"SMITH"},{"data":"Guardian:ShieldCharger","floor":29,"key":"SMITH"},{"data":"Guardian:SphericShield","floor":35,"key":"SMITH"},{"data":"Guardian:SpikerProtocol","floor":40,"key":"SMITH"},{"data":"Guardian:FloatingOrbs","floor":46,"key":"SMITH"}],"circlet_count":0,"master_deck":["Guardian:Strike_Guardian+1","Guardian:Strike_Guardian+1","Guardian:Strike_Guardian+1","Guardian:Strike_Guardian+1","Guardian:Defend_Guardian","Guardian:Defend_Guardian","Guardian:Defend_Guardian","Guardian:Defend_Guardian","Guardian:CurlUp","Guardian:TwinSlam+1","Guardian:ShieldCharger+1","Guardian:DecasProtection+1","Guardian:SpikerProtocol+1","Guardian:FloatingOrbs+1","Guardian:ArmoredProtocol+1","Guardian:DonusPower+1","Guardian:Planning+1","Guardian:SpikerProtocol+1","Guardian:RollAttack+1","Guardian:SphericShield+1","Guardian:ArmoredProtocol+1","Guardian:Gem_Blue","Guardian:FloatingOrbs+1","Guardian:Gem_Red","expansioncontent:AwakenDeath+1","Guardian:ShieldCharger+1"],"relics":["Guardian:ModeShifter","Thread and Needle","downfall:BrokenWingStatue","Mercury Hourglass","ReplayTheSpireMod:CursedCoin","ReplayTheSpireMod:Ninjato","Replay:Bottled Eggs","Boot","Black Star","Dream Catcher","Pen Nib","Matryoshka","Frozen Egg 2","Chameleon Ring","Oddly Smooth Stone","StoneCalendar","Sozu","OrangePellets","Onion Ring","Whetstone","Garlic","Toy Ornithopter","Pet Ghost","MealTicket"],"acts_visited":["Exordium","TheCity","TheBeyond"],"potions_floor_usage":[16,16,26,30,33,33,50],"damage_taken":[{"damage":0,"enemies":"2 Louse","floor":2,"turns":2},{"damage":0,"enemies":"Jaw Worm","floor":3,"turns":4},{"damage":0,"enemies":"Cultist","floor":4,"turns":3},{"damage":0,"enemies":"Blue Slaver","floor":9,"turns":3},{"damage":0,"enemies":"downfall:FleeingMerchant","floor":10,"turns":4},{"damage":0,"enemies":"Lagavulin","floor":11,"turns":6},{"damage":1,"enemies":"Replay:BlueRogue","floor":14,"turns":6},{"damage":3,"enemies":"Red Slaver","floor":15,"turns":2},{"damage":2,"enemies":"downfall:Ironclad","floor":16,"turns":7},{"damage":0,"enemies":"3 Byrds","floor":19,"turns":2},{"damage":0,"enemies":"Shell Parasite","floor":21,"turns":5},{"damage":2,"enemies":"Snake Plant","floor":26,"turns":3},{"damage":2,"enemies":"Snecko","floor":27,"turns":5},{"damage":9,"enemies":"Replay:Snechameleon","floor":28,"turns":4},{"damage":18,"enemies":"Slavers","floor":30,"turns":5},{"damage":0,"enemies":"Sentry and Sphere","floor":32,"turns":4},{"damage":30,"enemies":"downfall:Watcher","floor":33,"turns":9},{"damage":0,"enemies":"3 Shapes","floor":36,"turns":4},{"damage":0,"enemies":"3 Darklings","floor":37,"turns":5},{"damage":3,"enemies":"downfall:FleeingMerchant","floor":39,"turns":4},{"damage":0,"enemies":"Maw","floor":43,"turns":7},{"damage":9,"enemies":"Jaw Worm Horde","floor":44,"turns":4},{"damage":5,"enemies":"R_Hoarder","floor":45,"turns":7},{"damage":0,"enemies":"downfall:FleeingMerchant","floor":47,"turns":4},{"damage":0,"enemies":"Sphere and 2 Shapes","floor":49,"turns":3},{"damage":0,"enemies":"downfall:Defect","floor":50,"turns":8}],"seed_played":"-1209567103144169397","potions_obtained":[{"floor":11,"key":"Explosive Potion"},{"floor":14,"key":"Strength Potion"},{"floor":16,"key":"sneckomod:MuddlingPotion"},{"floor":19,"key":"champ:CounterPotion"},{"floor":27,"key":"Regen Potion"},{"floor":30,"key":"BlessingOfTheForge"},{"floor":33,"key":"Dexterity Potion"}],"is_trial":false,"path_per_floor":["R","M","M","M","?","?","T","R","M","$","E","?","R","E","M","B",null,"R_BF","M","?","M","?","?","T","R","M","M","E","R","E","?","M","B",null,"R","M","M","?","$","R","T","?","M","M","E","R","$","?","M","B",null],"character_chosen":"GUARDIAN","items_purchased":["ReplayTheSpireMod:CursedCoin","ReplayTheSpireMod:Ninjato","OrangePellets","Onion Ring","Whetstone"],"campfire_rested":0,"item_purchase_floors":[10,10,39,39,39],"current_hp_per_floor":[72,72,72,72,72,72,72,72,72,72,72,72,72,71,68,66,72,72,72,72,72,72,72,72,72,70,68,59,59,63,63,63,33,72,72,72,72,82,79,79,79,79,79,70,65,65,80,80,80,82],"gold":64,"neow_bonus":"ONE_RARE_RELIC","is_daily":false,"chose_seed":false,"campfire_upgraded":8,"win_rate":0.0,"timestamp":1608904738,"path_taken":["R","M","M","M","?","?","T","R","?","$","E","?","R","E","M","BOSS","R_BF","M","?","?","?","?","T","R","M","?","E","R","E","?","M","BOSS","R","M","M","?","$","R","T","?","M","M","E","R","$","?","M","BOSS"],"items_purchased_type":["Relic","Relic","Relic","Relic","Relic"],"build_version":"2020-12-22","purchased_purges":2,"victory":true,"max_hp_per_floor":[72,72,72,72,72,72,72,72,72,72,72,72,72,72,72,72,72,72,72,72,72,72,72,72,72,72,72,72,72,72,72,72,72,72,72,72,72,82,82,82,82,82,82,82,82,82,82,82,82,82],"card_choices":[{"not_picked":["Guardian:ChargeCore","Guardian:Gem_Cyan"],"picked":"Guardian:ShieldCharger","floor":2},{"not_picked":["Guardian:Incinerate","Guardian:Gem_Green"],"picked":"Guardian:DecasProtection","floor":3},{"not_picked":["Guardian:Gem_Blue","Guardian:Recover"],"picked":"Guardian:Gem_Cyan","floor":4},{"not_picked":["Guardian:RollAttack","Guardian:ChargeUp"],"picked":"Guardian:SpikerProtocol","floor":9},{"not_picked":["Guardian:PiercingHide","Guardian:TemporalShield","Guardian:Incinerate"],"picked":"SKIP","floor":10},{"not_picked":["Guardian:TemporalStrike","Guardian:PrimingBeam"],"picked":"Guardian:FloatingOrbs","floor":11},{"not_picked":["Guardian:TimeCapacitor","Guardian:TemporalStrike"],"picked":"Guardian:ArmoredProtocol","floor":14},{"not_picked":["Guardian:TimeBomb","Guardian:Gem_Lightblue"],"picked":"Guardian:DonusPower","floor":15},{"not_picked":["Guardian:GemFinder","Guardian:AncientConstruct"],"picked":"Guardian:Gem_Orange","floor":16},{"not_picked":["Guardian:Reroute","Guardian:SentryBeam+1","Guardian:WalkerClaw"],"picked":"SKIP","floor":19},{"not_picked":["Guardian:WalkerClaw","Guardian:Gem_Cyan"],"picked":"Guardian:Planning+1","floor":21},{"not_picked":["Guardian:Gem_Cyan","Guardian:PolyBeam","Guardian:VentSteam"],"picked":"SKIP","floor":26},{"not_picked":["Guardian:Preprogram","Guardian:Repulse"],"picked":"Guardian:SpikerProtocol","floor":27},{"not_picked":["Guardian:RevengeProtocol+1","Guardian:TimeBomb"],"picked":"Guardian:RollAttack+1","floor":28},{"not_picked":["Guardian:HyperBeam_Guardian","Guardian:ConstructionForm+1"],"picked":"Guardian:Gem_Orange","floor":30},{"not_picked":["Guardian:RollAttack","Guardian:BronzeOrb","Guardian:Reroute"],"picked":"SKIP","floor":32},{"not_picked":["Guardian:Gem_Synthetic","Guardian:ConstructionForm+1"],"picked":"Guardian:SphericShield","floor":33},{"not_picked":["Guardian:Reroute+1","Guardian:BronzeOrb"],"picked":"Guardian:ArmoredProtocol+1","floor":36},{"not_picked":["Guardian:Planning","Guardian:TemporalShield+1","Guardian:MultiBeam"],"picked":"SKIP","floor":37},{"not_picked":["Guardian:CrystalBeam","Guardian:Gem_Cyan"],"picked":"Guardian:Gem_Blue","floor":39},{"not_picked":["Guardian:Planning+1","Guardian:TimeCapacitor+1","Guardian:TemporalShield+1"],"picked":"SKIP","floor":43},{"not_picked":["Guardian:PrismaticBeam","Guardian:PrimingBeam"],"picked":"Guardian:FloatingOrbs+1","floor":44},{"not_picked":["Guardian:ShieldSpikes+1","Guardian:CrystalBeam","Guardian:PolyBeam+1"],"picked":"SKIP","floor":45},{"not_picked":["Guardian:ConstructionForm+1","Guardian:Planning"],"picked":"Guardian:Gem_Red","floor":47},{"not_picked":["expansioncontent:PrepareCrush","expansioncontent:FaceSlap"],"picked":"expansioncontent:AwakenDeath+1","floor":48},{"not_picked":["Guardian:GuardianWhirl+1","Guardian:TemporalShield"],"picked":"Guardian:ShieldCharger+1","floor":49}],"player_experience":40833,"relics_obtained":[{"floor":7,"key":"Mercury Hourglass"},{"floor":11,"key":"Replay:Bottled Eggs"},{"floor":14,"key":"Boot"},{"floor":18,"key":"Dream Catcher"},{"floor":24,"key":"Matryoshka"},{"floor":28,"key":"Frozen Egg 2"},{"floor":28,"key":"Chameleon Ring"},{"floor":30,"key":"Oddly Smooth Stone"},{"floor":30,"key":"StoneCalendar"},{"floor":41,"key":"Garlic"},{"floor":41,"key":"Toy Ornithopter"},{"floor":45,"key":"Pet Ghost"},{"floor":45,"key":"MealTicket"}],"event_choices":[{"damage_healed":0,"gold_gain":0,"player_choice":"Ignored","damage_taken":0,"max_hp_gain":0,"max_hp_loss":0,"event_name":"Vampires","floor":31,"gold_loss":0}],"is_beta":false,"boss_relics":[{"not_picked":["ChewingGum","Calling Bell"],"picked":"Black Star"},{"not_picked":["Abe\u0027s Treasure","Replay:Ancient Bell"],"picked":"Sozu"}],"items_purged_floors":[10,39],"is_endless":false,"potions_floor_spawned":[11,14,16,19,27,30,33,37,43,44],"ascension_level":0}}