{"host":"zxkjcgzis4pm3za5","time":1608884374,"event":{"mods":["AchievementEnabler","BaseMod","Colored Map","Colored Powertips","Minty Spire (QoL Compilation)","Quick Restart","RNG Fix","Random Character Button","StSLib"],"gold_per_floor":[369,369,385,385,360,393,403,436,436,436,611,622,322,347,347,444,444,460,385,395,395,395,395,428,428,428,428,428,454,404,416,416,516,516,531,335,335,352,266,266,266,292,317,331,331,331,331,346,346,346,346,346,24,57,57,57],"floor_reached":55,"playtime":2631,"items_purged":["Doubt","Accuracy"],"score":1123,"play_id":"7330cd5a-5f80-4255-b027-26dfe9758851","local_time":"20201225134934","is_ascension_mode":true,"campfire_choices":[{"data":"Cloak And Dagger","floor":10.0,"key":"SMITH"},{"data":"Footwork","floor":15.0,"key":"SMITH"},{"data":"A Thousand Cuts","floor":23.0,"key":"SMITH"},{"floor":28.0,"key":"REST"},{"data":"Well Laid Plans","floor":32.0,"key":"SMITH"},{"floor":40,"key":"RECALL"},{"data":"Blade Dance","floor":46,"key":"SMITH"},{"data":"Die Die Die","floor":49,"key":"SMITH"},{"data":"Neutralize","floor":52,"key":"SMITH"}],"circlet_count":0,"master_deck":["AscendersBane","Strike_G+1","Strike_G+1","Strike_G+1","Strike_G+1","Strike_G+1","Defend_G+1","Defend_G+1","Defend_G+1","Defend_G+1","Defend_G+1","Survivor","Neutralize+1","Dagger Spray","Blade Dance+1","Sucker Punch","Blade Dance+1","Cloak And Dagger+1","Well Laid Plans+1","Footwork+1","A Thousand Cuts+1","Leg Sweep","Outmaneuver+1","Backstab+1","Cloak And Dagger+1","Terror","Dodge and Roll","Die Die Die+1","Finesse","Good Instincts","Finesse","Blur","PiercingWail","Footwork","Phantasmal Killer"],"relics":["Ring of the Serpent","Spirit Poop","Darkstone Periapt","Eternal Feather","Meat on the Bone","ClockworkSouvenir","Akabeko","Nilry\u0027s Codex","Shuriken","Calipers","Oddly Smooth Stone","Sozu","Unceasing Top","Bottled Flame","Pear","Blue Candle"],"acts_visited":["Exordium","TheCity","TheBeyond","TheEnding"],"potions_floor_usage":[45,55,55],"damage_taken":[{"damage":0.0,"enemies":"Small Slimes","floor":1.0,"turns":5.0},{"damage":1.0,"enemies":"Jaw Worm","floor":3.0,"turns":3.0},{"damage":53.0,"enemies":"Lagavulin","floor":6.0,"turns":9.0},{"damage":0.0,"enemies":"2 Louse","floor":7.0,"turns":2.0},{"damage":21.0,"enemies":"3 Sentries","floor":8.0,"turns":7.0},{"damage":0.0,"enemies":"Looter","floor":12.0,"turns":2.0},{"damage":22.0,"enemies":"Gremlin Nob","floor":14.0,"turns":3.0},{"damage":13.0,"enemies":"Hexaghost","floor":16.0,"turns":12.0},{"damage":15.0,"enemies":"Shell Parasite","floor":18.0,"turns":6.0},{"damage":0.0,"enemies":"3 Byrds","floor":20.0,"turns":4.0},{"damage":49.0,"enemies":"Slavers","floor":24.0,"turns":4.0},{"damage":2.0,"enemies":"Book of Stabbing","floor":29.0,"turns":7.0},{"damage":15.0,"enemies":"Snake Plant","floor":31.0,"turns":4.0},{"damage":7,"enemies":"Champ","floor":33,"turns":10},{"damage":0,"enemies":"3 Shapes","floor":35,"turns":4},{"damage":0,"enemies":"Orb Walker","floor":38,"turns":3},{"damage":25,"enemies":"Reptomancer","floor":42,"turns":7},{"damage":4,"enemies":"Jaw Worm Horde","floor":44,"turns":5},{"damage":0,"enemies":"Writhing Mass","floor":45,"turns":1},{"damage":8,"enemies":"Transient","floor":48,"turns":5},{"damage":12,"enemies":"Awakened One","floor":50,"turns":15},{"damage":54,"enemies":"Shield and Spear","floor":54,"turns":9},{"damage":44,"enemies":"The Heart","floor":55,"turns":13}],"seed_played":"-6893585292362873344","potions_obtained":[{"floor":3.0,"key":"SkillPotion"},{"floor":6.0,"key":"FairyPotion"},{"floor":12.0,"key":"Strength Potion"},{"floor":14.0,"key":"SkillPotion"},{"floor":18.0,"key":"Swift Potion"},{"floor":24.0,"key":"SmokeBomb"},{"floor":33,"key":"Dexterity Potion"}],"is_trial":false,"path_per_floor":["M","?","M","?","$","E","M","E","T","R","?","M","$","E","R","B",null,"M","$","M","?","$","R","E","?","T","?","R","E","$","M","R","B",null,"M","$","?","M","$","R","?","E","T","M","M","R","T","M","R","B",null,"R","$","E","B"],"character_chosen":"THE_SILENT","items_purchased":["Sucker Punch","ClockworkSouvenir","Footwork","Accuracy","Swift Potion","Finesse","Good Instincts","Footwork","Pear"],"campfire_rested":1,"item_purchase_floors":[5,13,13,19,30,36,39,53,53],"current_hp_per_floor":[63,63,62,62,62,9,9,11,11,20,26,38,38,28,40,39,67,52,52,52,36,36,51,14,14,14,14,51,49,49,46,61,54,71,71,71,71,71,71,76,76,51,51,47,47,65,65,57,75,63,73,76,86,44,0,0],"gold":57,"neow_bonus":"TWO_FIFTY_GOLD","is_daily":false,"chose_seed":false,"campfire_upgraded":7,"win_rate":0.0,"timestamp":1608884374,"path_taken":["M","?","M","?","$","E","M","E","T","R","?","M","$","E","R","BOSS","M","$","M","?","$","R","E","?","T","?","R","E","$","M","R","BOSS","M","$","?","M","?","R","?","E","T","M","M","R","?","M","R","BOSS","R","$","E","BOSS"],"items_purchased_type":["Card","Relic","Card","Card","Potion","Card","Card","Card","Relic"],"build_version":"2020-12-22","purchased_purges":2,"victory":false,"max_hp_per_floor":[70,70,70,70,70,70,70,70,70,70,76,76,76,76,76,76,76,76,76,76,76,76,76,76,76,76,76,76,76,76,76,76,76,76,76,76,76,76,76,76,76,76,76,76,76,76,76,76,76,76,76,76,86,86,86,86],"card_choices":[{"not_picked":["Bane","Flying Knee"],"picked":"Dagger Spray","floor":1.0},{"not_picked":["Blur","Endless Agony"],"picked":"Blade Dance","floor":3.0},{"not_picked":["Eviscerate","Quick Slash"],"picked":"Blade Dance","floor":6.0},{"not_picked":["Storm of Steel","Flying Knee"],"picked":"Cloak And Dagger","floor":7.0},{"not_picked":["Sucker Punch","Dagger Throw"],"picked":"Caltrops","floor":8.0},{"not_picked":["Sucker Punch","Tactician"],"picked":"Well Laid Plans","floor":12.0},{"not_picked":["Tactician","Deadly Poison","Caltrops"],"picked":"SKIP","floor":14.0},{"not_picked":["Venomology","Corpse Explosion"],"picked":"A Thousand Cuts","floor":16.0},{"not_picked":["Blade Dance","Underhanded Strike"],"picked":"Leg Sweep","floor":18.0},{"not_picked":["Crippling Poison","Catalyst"],"picked":"Outmaneuver+1","floor":20.0},{"not_picked":["Expertise","Quick Slash"],"picked":"Backstab+1","floor":24.0},{"not_picked":["Tools of the Trade","Envenom"],"picked":"Terror","floor":29.0},{"not_picked":["Deadly Poison","Underhanded Strike+1"],"picked":"Dodge and Roll","floor":31.0},{"not_picked":["Wraith Form v2","Venomology"],"picked":"Die Die Die","floor":33},{"not_picked":["Dodge and Roll+1","Bane+1","Sucker Punch+1"],"picked":"SKIP","floor":35},{"not_picked":["Skewer","Quick Slash","Masterful Stab+1"],"picked":"SKIP","floor":38},{"not_picked":["Panacea","Discovery"],"picked":"Finesse","floor":41},{"not_picked":["Phantasmal Killer","Sucker Punch"],"picked":"Blur","floor":42},{"not_picked":["Blade Dance","Noxious Fumes+1"],"picked":"PiercingWail","floor":44},{"not_picked":["Slice","Noxious Fumes+1","Outmaneuver+1"],"picked":"SKIP","floor":48},{"not_picked":["Corpse Explosion","Dagger Spray+1"],"picked":"Phantasmal Killer","floor":54}],"player_experience":145603,"relics_obtained":[{"floor":6.0,"key":"Darkstone Periapt"},{"floor":8.0,"key":"Eternal Feather"},{"floor":9.0,"key":"Meat on the Bone"},{"floor":14.0,"key":"Akabeko"},{"floor":21.0,"key":"Nilry\u0027s Codex"},{"floor":24.0,"key":"Shuriken"},{"floor":26.0,"key":"Calipers"},{"floor":29.0,"key":"Oddly Smooth Stone"},{"floor":42,"key":"Unceasing Top"},{"floor":47,"key":"Bottled Flame"},{"floor":54,"key":"Blue Candle"}],"event_choices":[{"cards_removed":["Injury"],"damage_healed":0.0,"max_hp_gain":0.0,"max_hp_loss":0.0,"gold_gain":0.0,"event_name":"Bonfire Elementals","player_choice":"Offered Curse","floor":2.0,"gold_loss":0.0,"damage_taken":0.0,"relics_obtained":["Spirit Poop"]},{"damage_healed":0.0,"max_hp_gain":0.0,"max_hp_loss":0.0,"gold_gain":0.0,"event_name":"Living Wall","player_choice":"Grow","floor":4.0,"gold_loss":0.0,"damage_taken":0.0,"cards_upgraded":["Blade Dance"]},{"damage_healed":0.0,"max_hp_gain":0.0,"max_hp_loss":0.0,"gold_gain":175.0,"event_name":"Liars Game","player_choice":"AGREE","floor":11.0,"gold_loss":0.0,"damage_taken":0.0,"cards_obtained":["Doubt"]},{"damage_healed":0.0,"max_hp_gain":0.0,"max_hp_loss":0.0,"gold_gain":0.0,"event_name":"Cursed Tome","player_choice":"Obtained Book","floor":21.0,"gold_loss":0.0,"damage_taken":16.0},{"damage_healed":0.0,"max_hp_gain":0.0,"max_hp_loss":0.0,"gold_gain":0.0,"event_name":"Back to Basics","player_choice":"Simplicity","floor":25.0,"gold_loss":0.0,"damage_taken":0.0,"cards_upgraded":["Strike_G","Strike_G","Strike_G","Strike_G","Strike_G","Defend_G","Defend_G","Defend_G","Defend_G","Defend_G"]},{"damage_healed":0.0,"max_hp_gain":0.0,"max_hp_loss":0.0,"gold_gain":0.0,"event_name":"Duplicator","player_choice":"Copied","floor":27.0,"gold_loss":0.0,"damage_taken":0.0,"cards_obtained":["Cloak And Dagger"]},{"cards_removed":["Caltrops"],"damage_healed":0,"gold_gain":0,"player_choice":"Removed Power","damage_taken":0,"max_hp_gain":0,"max_hp_loss":0,"event_name":"Falling","floor":37,"gold_loss":0},{"damage_healed":0,"gold_gain":0,"player_choice":"Memory 1","damage_taken":0,"max_hp_gain":0,"max_hp_loss":0,"event_name":"SensoryStone","floor":41,"gold_loss":0}],"is_beta":false,"boss_relics":[{"not_picked":["Astrolabe","Busted Crown"],"picked":"Ring of the Serpent"},{"not_picked":["SlaversCollar","Fusion Hammer"],"picked":"Sozu"}],"items_purged_floors":[13,36],"is_endless":false,"potions_floor_spawned":[3,6,12,14,18,24,33,45,48,54],"killed_by":"The Heart","ascension_level":10}}