{"host":"cij6922spxtbkai3","time":1608880133,"event":{"mods":["2.2 Compatiblity","AchievementEnabler","BaseMod","Colored Map","DeckTracker","Highlight Path","Keyboard Shortcuts","Minty Spire (QoL Compilation)","Permanent Neow","Quick Restart","Rare Cards Sparkle","SuperFastMode","everything is the same but u backflip on backflip"],"gold_per_floor":[114,127,145,0,0,0,34,54,54,54,54,78,90,112,112,214,214,229,6,24,44,44,78,78,78],"floor_reached":24,"playtime":1061,"items_purged":["Defend_R","Strike_R"],"score":216,"play_id":"4f547e0e-0c14-4969-8a2f-a25c7db88b05","local_time":"20201225160853","is_ascension_mode":false,"campfire_choices":[{"data":"Flex","floor":6,"key":"SMITH"},{"data":"Infernal Blade","floor":15,"key":"SMITH"}],"circlet_count":0,"master_deck":["Strike_R","Strike_R","Defend_R","Defend_R","Defend_R","Bash","Bludgeon+1","Flex+1","Heavy Blade+1","Shrug It Off","Pummel","Spot Weakness","Infernal Blade+1","Battle Trance","Impatience","Headbutt","Shame","Heavy Blade"],"relics":["Burning Blood","Toy Ornithopter","Anchor","Dream Catcher","Odd Mushroom","SacredBark","Kunai","Ancient Tea Set"],"acts_visited":["Exordium","TheCity"],"potions_floor_usage":[16,16,21],"damage_taken":[{"damage":0,"enemies":"Cultist","floor":1,"turns":2},{"damage":0,"enemies":"Small Slimes","floor":2,"turns":2},{"damage":3,"enemies":"Jaw Worm","floor":3,"turns":2},{"damage":23,"enemies":"Gremlin Nob","floor":7,"turns":4},{"damage":7,"enemies":"Blue Slaver","floor":8,"turns":2},{"damage":7,"enemies":"Lots of Slimes","floor":13,"turns":4},{"damage":26,"enemies":"The Mushroom Lair","floor":14,"turns":5},{"damage":47,"enemies":"The Guardian","floor":16,"turns":10},{"damage":12,"enemies":"Shell Parasite","floor":18,"turns":4},{"damage":0,"enemies":"2 Thieves","floor":20,"turns":2},{"damage":14,"enemies":"Centurion and Healer","floor":21,"turns":3},{"damage":75,"enemies":"Book of Stabbing","floor":23,"turns":6}],"seed_played":"5862004268895720573","potions_obtained":[{"floor":2,"key":"SpeedPotion"},{"floor":7,"key":"SkillPotion"},{"floor":13,"key":"GamblersBrew"},{"floor":14,"key":"FairyPotion"},{"floor":16,"key":"EssenceOfSteel"},{"floor":18,"key":"Energy Potion"}],"is_trial":false,"path_per_floor":["M","M","M","$","?","R","E","M","T","?","$","T","M","?","R","B",null,"M","$","M","M","?","E","?"],"character_chosen":"IRONCLAD","items_purchased":["Pummel","Battle Trance","Impatience"],"campfire_rested":0,"item_purchase_floors":[4,19,19],"current_hp_per_floor":[62,68,71,71,55,55,38,37,37,42,42,42,41,21,21,16,85,79,79,85,77,77,8,8,8],"gold":78,"neow_bonus":"TRANSFORM_TWO_CARDS","is_daily":false,"chose_seed":false,"campfire_upgraded":2,"win_rate":0.0,"timestamp":1608880133,"path_taken":["M","M","M","$","?","R","E","M","T","?","?","?","?","?","R","BOSS","M","$","M","M","?","E","?"],"items_purchased_type":["Card","Card","Card"],"build_version":"2020-12-22","purchased_purges":2,"victory":false,"max_hp_per_floor":[80,80,80,80,80,80,80,80,80,85,85,85,85,85,85,85,85,85,85,85,85,85,85,85,85],"card_choices":[{"not_picked":["Clash","Wild Strike"],"picked":"Heavy Blade","floor":1},{"not_picked":["True Grit","Rage"],"picked":"Shrug It Off","floor":2},{"not_picked":["Blood for Blood","Second Wind","Warcry"],"picked":"SKIP","floor":3},{"not_picked":["Twin Strike","Perfected Strike"],"picked":"Spot Weakness","floor":7},{"not_picked":["Wild Strike","Cleave"],"picked":"Infernal Blade","floor":8},{"not_picked":["Body Slam","Perfected Strike","Clash"],"picked":"SKIP","floor":13},{"not_picked":["Searing Blow","Anger","Body Slam"],"picked":"SKIP","floor":18},{"not_picked":["Anger","Shockwave"],"picked":"Headbutt","floor":20},{"not_picked":["Flame Barrier","Pummel","Warcry"],"picked":"SKIP","floor":21},{"not_picked":["Iron Wave","True Grit"],"picked":"Heavy Blade","floor":23}],"player_experience":14786,"relics_obtained":[{"floor":7,"key":"Toy Ornithopter"},{"floor":9,"key":"Anchor"},{"floor":12,"key":"Dream Catcher"},{"floor":14,"key":"Odd Mushroom"},{"floor":23,"key":"Ancient Tea Set"}],"event_choices":[{"damage_healed":0,"gold_gain":0,"player_choice":"Entered Light","damage_taken":16,"max_hp_gain":0,"max_hp_loss":0,"event_name":"Shining Light","floor":5,"gold_loss":0,"cards_upgraded":["Bludgeon","Heavy Blade"]},{"damage_healed":0,"gold_gain":0,"player_choice":"Donut","damage_taken":0,"max_hp_gain":5,"max_hp_loss":0,"event_name":"Big Fish","floor":10,"gold_loss":0},{"damage_healed":0,"gold_gain":0,"player_choice":"Fought Mushrooms","damage_taken":0,"max_hp_gain":0,"max_hp_loss":0,"event_name":"Mushrooms","floor":14,"gold_loss":0},{"damage_healed":0,"gold_gain":0,"player_choice":"Stole Relic","damage_taken":0,"relics_obtained":["Kunai"],"max_hp_gain":0,"max_hp_loss":0,"event_name":"Addict","floor":22,"gold_loss":0,"cards_obtained":["Shame"]}],"is_beta":false,"boss_relics":[{"not_picked":["Fusion Hammer","Cursed Key"],"picked":"SacredBark"}],"items_purged_floors":[4,19],"is_endless":false,"potions_floor_spawned":[2,7,13,14,16,18],"ascension_level":0}}