{"host":"pgqkv8mh62pnrbci","time":1608894044,"event":{"mods":["2.2 Compatiblity","AchievementEnabler","BaseMod","Custom Start","DeckTracker","Marisa£¨Ùöéë¡¡Øª×âÞÞ£©","Minty Spire (QoL Compilation)","StSLib","SuperFastMode","¡¼?Úª?ø«¡½REMEMod"],"gold_per_floor":[10,21,32,51,68,16,16,36,36,95,108,108,128,185,185,312,312,384,427,462,527,47,47,134,148,148,148,148,73,73,73,73,174,174,193,193,247,247,247,247,264,305,305,365,380,71,83,142,142,142],"floor_reached":51,"playtime":3082,"items_purged":[],"score":939,"play_id":"38c4abca-813c-4004-bc98-2939072393a8","local_time":"20201225200044","is_ascension_mode":false,"campfire_choices":[{"data":"WitchOfGreed","floor":7.0,"key":"SMITH"},{"data":"MagicChant","floor":12.0,"key":"SMITH"},{"data":"DarkMatter","floor":15.0,"key":"SMITH"},{"data":"PropBag","floor":23.0,"key":"SMITH"},{"data":"UltimateShortwave","floor":27.0,"key":"SMITH"},{"data":"REME_Flogging","floor":32.0,"key":"SMITH"},{"data":"SatelliteIllusion","floor":40,"key":"SMITH"},{"data":"Secret Weapon","floor":49,"key":"SMITH"}],"circlet_count":0,"master_deck":["Strike_MRS","Strike_MRS","Strike_MRS","Defend_MRS","Defend_MRS","Defend_MRS","Defend_MRS","MasterSpark","UpSweep","REME_Flogging+1","Glass Knife","OortCloud","ChargingUp","6A","SprinkleStarSeal","MilkyWay","WitchOfGreed+1","Parasite","Parasite","DarkMatter+1","ManaConvection","MagicChant+1","SporeBomb","PropBag+1","UltimateShortwave+1","OpenUniverse+1","Orbital","Acceleration","OrrerysSun","BigCrunch","MeteoricShower+1","DeepEcoloBomb","SatelliteIllusion+1","REME_ProfessionalPlagiarism","Madness","Madness","Secret Weapon+1","Singularity","TreasureHunter","Dramatic Entrance+1","CarveReality+1"],"relics":["MiniHakkero","REME_ComplimentaryCards","ShroomBag","Centennial Puzzle","MealTicket","Singing Bowl","Coffee Dripper","Mummified Hand","Tiny Chest","Toy Ornithopter","REME_HourglassOfDeath","Bottled Lightning","REME_LowDesire","Potion Belt","Dream Catcher","Thread and Needle","Question Card","Shuriken","Bag of Preparation","PrismaticShard","Kunai"],"acts_visited":["Exordium","TheCity","TheBeyond"],"potions_floor_usage":[37,37,37,44,45,47,48,48,50,50,50,50,50,50,50],"damage_taken":[{"damage":0.0,"enemies":"Small Slimes","floor":1.0,"turns":2.0},{"damage":0.0,"enemies":"2 Louse","floor":2.0,"turns":3.0},{"damage":1.0,"enemies":"Jaw Worm","floor":3.0,"turns":2.0},{"damage":0.0,"enemies":"Lots of Slimes","floor":4.0,"turns":3.0},{"damage":4.0,"enemies":"Exordium Wildlife","floor":5.0,"turns":3.0},{"damage":2.0,"enemies":"The Mushroom Lair","floor":8.0,"turns":4.0},{"damage":0.0,"enemies":"Lagavulin","floor":10.0,"turns":5.0},{"damage":0.0,"enemies":"Red Slaver","floor":11.0,"turns":2.0},{"damage":2.0,"enemies":"Exordium Thugs","floor":13.0,"turns":2.0},{"damage":6.0,"enemies":"3 Sentries","floor":14.0,"turns":5.0},{"damage":24.0,"enemies":"Hexaghost","floor":16.0,"turns":9.0},{"damage":18.0,"enemies":"2 Thieves","floor":18.0,"turns":4.0},{"damage":9.0,"enemies":"Shell Parasite","floor":19.0,"turns":5.0},{"damage":0.0,"enemies":"Sentry and Sphere","floor":20.0,"turns":3.0},{"damage":15.0,"enemies":"Snake Plant","floor":21.0,"turns":3.0},{"damage":19.0,"enemies":"REME_1_Revenger","floor":24.0,"turns":4.0},{"damage":0.0,"enemies":"Centurion and Healer","floor":25.0,"turns":4.0},{"damage":0.0,"enemies":"Champ","floor":33.0,"turns":8.0},{"damage":7,"enemies":"3 Darklings","floor":35,"turns":2},{"damage":16,"enemies":"2 Orb Walkers","floor":37,"turns":2},{"damage":5,"enemies":"3 Shapes","floor":41,"turns":2},{"damage":15,"enemies":"Jaw Worm Horde","floor":42,"turns":2},{"damage":0,"enemies":"Giant Head","floor":44,"turns":5},{"damage":0,"enemies":"Sphere and 2 Shapes","floor":45,"turns":3},{"damage":4,"enemies":"3 Darklings","floor":47,"turns":3},{"damage":0,"enemies":"Nemesis","floor":48,"turns":4},{"damage":4,"enemies":"Donu and Deca","floor":50,"turns":3}],"seed_played":"-726128197186958472","potions_obtained":[{"floor":1.0,"key":"SneckoOil"},{"floor":3.0,"key":"Block Potion"},{"floor":8.0,"key":"LiquidMemories"},{"floor":10.0,"key":"FearPotion"},{"floor":10.0,"key":"Explosive Potion"},{"floor":13.0,"key":"LiquidBronze"},{"floor":14.0,"key":"Block Potion"},{"floor":14.0,"key":"EssenceOfSteel"},{"floor":16.0,"key":"REME_GoldPotion"},{"floor":18.0,"key":"GamblersBrew"},{"floor":19.0,"key":"AttackPotion"},{"floor":20.0,"key":"REME_GoldPotion"},{"floor":21.0,"key":"REME_GoldPotion"},{"floor":21.0,"key":"LiquidMemories"},{"floor":24.0,"key":"SkillPotion"},{"floor":24.0,"key":"ColorlessPotion"},{"floor":25.0,"key":"DuplicationPotion"},{"floor":35,"key":"EntropicBrew"},{"floor":42,"key":"Explosive Potion"},{"floor":42,"key":"BottledSpark"},{"floor":44,"key":"Dexterity Potion"},{"floor":45,"key":"Swift Potion"},{"floor":48,"key":"AttackPotion"}],"is_trial":false,"path_per_floor":["M","M","M","M","M","$","R","?","T","E","M","R","M","E","R","B",null,"M","M","M","M","$","R","E","M","T","R","?","?","?","T","R","B",null,"M","?","?","?","T","R","M","M","T","E","M","$","M","E","R","B",null],"character_chosen":"MARISA","items_purchased":["WitchOfGreed","Mummified Hand","Tiny Chest","OrrerysSun","PrismaticShard","TreasureHunter"],"campfire_rested":0,"item_purchase_floors":[6,22,22,22,46,46],"current_hp_per_floor":[75,75,74,74,70,70,70,68,68,72,74,74,73,69,69,49,75,61,56,60,49,64,64,49,58,58,58,44,44,44,44,44,61,82,77,67,70,70,70,70,65,52,52,63,70,85,86,88,88,88],"gold":142,"neow_bonus":"RANDOM_COLORLESS_2","is_daily":false,"chose_seed":false,"campfire_upgraded":8,"win_rate":0.0,"timestamp":1608894044,"path_taken":["M","M","M","M","M","$","R","?","T","E","M","R","M","E","R","BOSS","M","M","M","M","$","R","E","M","T","R","?","?","?","?","R","BOSS","M","?","?","?","?","R","M","M","T","E","M","$","M","E","R","BOSS"],"items_purchased_type":["Card","Relic","Relic","Card","Relic","Card"],"build_version":"2020-12-22","purchased_purges":0,"victory":true,"max_hp_per_floor":[75,75,75,75,75,75,75,75,75,75,75,75,75,75,75,75,75,77,77,77,77,77,77,77,77,77,77,82,82,82,82,82,82,82,82,82,84,84,84,84,84,86,86,88,88,88,88,88,88,88],"card_choices":[{"not_picked":["REME_WheelOfFate","Secret Weapon"],"picked":"REME_Flogging","floor":0.0},{"not_picked":["DC","NonDirectionalLaser"],"picked":"OortCloud","floor":1.0},{"not_picked":["GalacticHalo","PowerUp"],"picked":"ChargingUp","floor":2.0},{"not_picked":["DoubleSpark","DarkSpark"],"picked":"6A","floor":3.0},{"not_picked":["MysteriousBeam","SuperNova"],"picked":"SprinkleStarSeal","floor":4.0},{"not_picked":["MysteriousBeam","GalacticHalo"],"picked":"MilkyWay","floor":5.0},{"not_picked":["WitchLeyline","PulseMagic"],"picked":"DarkMatter","floor":8.0},{"not_picked":["GasGiant","BlazeAway"],"picked":"ManaConvection","floor":10.0},{"not_picked":["DC","AsteroidBelt"],"picked":"MagicChant","floor":11.0},{"not_picked":["RefractionSpark","SprinkleStarSeal"],"picked":"SporeBomb","floor":13.0},{"not_picked":["SuperNova","WitchLeyline"],"picked":"PropBag","floor":14.0},{"not_picked":["SatelliteIllusion","BinaryStars"],"picked":"UltimateShortwave","floor":16.0},{"not_picked":["StarBarrage","ShootingEcho","6A+1"],"picked":"Singing Bowl","floor":18.0},{"not_picked":["IllusionStar","PowerUp"],"picked":"OpenUniverse+1","floor":19.0},{"not_picked":["GrandCross+1","DoubleSpark"],"picked":"Orbital","floor":20.0},{"not_picked":["DarkSpark+1","SprinkleStarSeal"],"picked":"Acceleration","floor":21.0},{"not_picked":["Occultation","LuminesStrike"],"picked":"BigCrunch","floor":24.0},{"not_picked":["SporeBomb","GalacticHalo"],"picked":"MeteoricShower+1","floor":25.0},{"not_picked":["MaximisePower","ManaRampage"],"picked":"SatelliteIllusion","floor":33.0},{"not_picked":["DC","SprinkleStarSeal+1","PowerUp"],"picked":"REME_ProfessionalPlagiarism","floor":35},{"not_picked":["StarBarrage","ManaConvection+1","DeepEcoloBomb","Swift Strike+1"],"picked":"Singing Bowl","floor":37},{"not_picked":["UnstableBomb+1","IllusionStar+1","MilkyWay","SprinkleStarSeal"],"picked":"Secret Weapon","floor":41},{"not_picked":["GravityBeat+1","IllusionStar","AsteroidBelt","ChargingUp","Mayhem"],"picked":"Singing Bowl","floor":42},{"not_picked":["GrandCross+1","MysteriousBeam+1","FairyDestructionRay","LuminesStrike","Mayhem"],"picked":"Singing Bowl","floor":44},{"not_picked":["AlicesGift","StarBarrage","MagicAbsorber+1","REME_FirmDetermination"],"picked":"Singularity","floor":45},{"not_picked":["Ghostly Armor+1","Poisoned Stab","Unload","Acrobatics+1"],"picked":"Dramatic Entrance+1","floor":47},{"not_picked":["Prostrate+1","GasGiant","Go for the Eyes+1","Purity+1"],"picked":"CarveReality+1","floor":48}],"player_experience":575655,"relics_obtained":[{"floor":8.0,"key":"ShroomBag"},{"floor":9.0,"key":"Centennial Puzzle"},{"floor":10.0,"key":"MealTicket"},{"floor":14.0,"key":"Singing Bowl"},{"floor":24.0,"key":"Toy Ornithopter"},{"floor":26.0,"key":"REME_HourglassOfDeath"},{"floor":31.0,"key":"Bottled Lightning"},{"floor":34,"key":"Potion Belt"},{"floor":34,"key":"Dream Catcher"},{"floor":37,"key":"Thread and Needle"},{"floor":39,"key":"Question Card"},{"floor":43,"key":"Shuriken"},{"floor":44,"key":"Bag of Preparation"},{"floor":48,"key":"Kunai"}],"event_choices":[{"damage_healed":0.0,"max_hp_gain":0.0,"max_hp_loss":0.0,"gold_gain":0.0,"event_name":"Mushrooms_MRS","player_choice":"Fought Mushrooms","floor":8.0,"gold_loss":0.0,"damage_taken":0.0},{"damage_healed":0.0,"max_hp_gain":5.0,"max_hp_loss":0.0,"gold_gain":0.0,"event_name":"Forgotten Altar","player_choice":"Shed Blood","floor":28.0,"gold_loss":0.0,"damage_taken":19.0},{"cards_removed":["Strike_MRS"],"damage_healed":0.0,"max_hp_gain":0.0,"max_hp_loss":0.0,"gold_gain":0.0,"event_name":"Beggar","player_choice":"Gave Gold","floor":29.0,"gold_loss":75.0,"damage_taken":0.0},{"damage_healed":0.0,"max_hp_gain":0.0,"max_hp_loss":0.0,"gold_gain":0.0,"event_name":"The Library","player_choice":"Read","floor":30.0,"gold_loss":0.0,"damage_taken":0.0,"cards_obtained":["DeepEcoloBomb"]},{"damage_healed":0,"gold_gain":0,"player_choice":"Embrace Madness","damage_taken":10,"max_hp_gain":0,"max_hp_loss":0,"event_name":"Winding Halls","floor":36,"gold_loss":0,"cards_obtained":["Madness","Madness"]},{"damage_healed":0,"gold_gain":0,"player_choice":"Fight","damage_taken":0,"max_hp_gain":0,"max_hp_loss":0,"event_name":"Mysterious Sphere","floor":37,"gold_loss":0},{"damage_healed":0,"gold_gain":0,"player_choice":"Ignored","damage_taken":0,"max_hp_gain":0,"max_hp_loss":0,"event_name":"Tomb of Lord Red Mask","floor":38,"gold_loss":0}],"is_beta":false,"boss_relics":[{"not_picked":["SlaversCollar","Calling Bell"],"picked":"Coffee Dripper"},{"not_picked":["BewitchedHakkero","Pandora\u0027s Box"],"picked":"REME_LowDesire"}],"items_purged_floors":[],"is_endless":false,"potions_floor_spawned":[1,3,8,10,13,14,21,24,25,35,42,44,45],"ascension_level":0}}