{"host":"1kq2ingo3j45gyyp","time":1608870215,"event":{"mods":["BaseMod","Better Note","Better Third Choice","Minty Spire (QoL Compilation)","StSLib","The Gatherer"],"gold_per_floor":[114,114,129,54,69,99,114,144,144,174,138,168,168,168,168,268,268,283,283,283,283,104,104,134,134,184,223,143,158,188,138,138,247,297,330,80,80,80,95,134,134,182,207,207,246,96,96,135,135,135],"floor_reached":51,"playtime":1680,"items_purged":["Gatherer:SaveValuables"],"score":1016,"play_id":"ae8a68e2-222c-4ad0-a762-1b419826068f","local_time":"20201224232335","daily_mods":["Draft","Purple Cards","Elite Swarm"],"is_ascension_mode":false,"metric_token":401,"campfire_choices":[{"data":"Gatherer:HeartToFruit","floor":15,"key":"SMITH"},{"data":"Apotheosis","floor":23,"key":"SMITH"},{"data":"Sadistic Nature","floor":25,"key":"SMITH"},{"data":"Gatherer:MindSearch","floor":32,"key":"SMITH"},{"data":"Gatherer:GrowBook","floor":41,"key":"SMITH"},{"data":"Gatherer:PoisonMastery","floor":44,"key":"SMITH"},{"data":"Gatherer:Overflowing","floor":47,"key":"SMITH"},{"data":"Gatherer:PoisonMastery","floor":49,"key":"SMITH"}],"circlet_count":0,"master_deck":["Gatherer:CollectorsShot","Gatherer:Polymorphism","Gatherer:FlowerBeam","Gatherer:TacticalStrike","Gatherer:FruitForce","Gatherer:RottenStipe","Gatherer:AromaProtection+1","Gatherer:Misfortune","Gatherer:QuickSynthesis","Gatherer:AcidicSpray","Gatherer:ScherryThrow","Gatherer:WoolGloves","Gatherer:Snatch","Gatherer:PotentialSlash","Gatherer:FragileHammer","Gatherer:Bulldoze","Gatherer:ScentOfRosmari","Gatherer:HeartToFruit+1","Sadistic Nature+1","Gatherer:Duality","Apotheosis+1","Gatherer:ColorfulGarden+1","Flash of Steel","Hologram","Gatherer:Pollute","Noxious Fumes+1","Gatherer:PoisonMastery+1","Gatherer:Overflowing+1","Gatherer:PoisonMastery+1"],"relics":["Gatherer:AlchemyBag","Vajra","Potion Belt","Pear","InkBottle","betterThird:SlimedRelic","Gatherer:MistGenerator","Runic Dome","Centennial Puzzle","CeramicFish","HornCleat","Turnip","Tiny House","Gatherer:FlyingFruit","Dead Branch","Blue Candle","Bronze Scales","Orichalcum","Lee\u0027s Waffle","Anchor"],"acts_visited":["Exordium","TheCity","TheBeyond"],"potions_floor_usage":[27,29,39,50,50],"damage_taken":[{"damage":0,"enemies":"Small Slimes","floor":1,"turns":1},{"damage":0,"enemies":"Cultist","floor":3,"turns":2},{"damage":1,"enemies":"2 Louse","floor":5,"turns":2},{"damage":1,"enemies":"3 Sentries","floor":6,"turns":4},{"damage":0,"enemies":"Large Slime","floor":7,"turns":3},{"damage":4,"enemies":"Gremlin Nob","floor":8,"turns":3},{"damage":10,"enemies":"Lagavulin","floor":10,"turns":4},{"damage":0,"enemies":"Gremlin Nob","floor":12,"turns":2},{"damage":0,"enemies":"Slime Boss","floor":16,"turns":2},{"damage":0,"enemies":"Shell Parasite","floor":18,"turns":3},{"damage":22,"enemies":"Gremlin Leader","floor":24,"turns":5},{"damage":13,"enemies":"Book of Stabbing","floor":27,"turns":3},{"damage":0,"enemies":"Spheric Guardian","floor":29,"turns":1},{"damage":8,"enemies":"Slavers","floor":30,"turns":3},{"damage":0,"enemies":"Champ","floor":33,"turns":8},{"damage":0,"enemies":"3 Darklings","floor":35,"turns":3},{"damage":0,"enemies":"Orb Walker","floor":39,"turns":2},{"damage":11,"enemies":"Reptomancer","floor":40,"turns":3},{"damage":12,"enemies":"Nemesis","floor":42,"turns":5},{"damage":7,"enemies":"Reptomancer","floor":45,"turns":4},{"damage":4,"enemies":"Giant Head","floor":48,"turns":5},{"damage":9,"enemies":"Donu and Deca","floor":50,"turns":4}],"seed_played":"-567031674859551473","potions_obtained":[{"floor":7,"key":"FearPotion"},{"floor":10,"key":"LiquidBronze"},{"floor":12,"key":"Dexterity Potion"},{"floor":16,"key":"BottledMiracle"},{"floor":29,"key":"Strength Potion"},{"floor":30,"key":"Swift Potion"},{"floor":33,"key":"Poison Potion"},{"floor":39,"key":"Regen Potion"}],"is_trial":false,"path_per_floor":["M","?","M","$","M","E","M","E","T","E","?","E","?","?","R","B",null,"M","?","?","?","$","R","E","R","T","E","$","M","E","?","R","B",null,"M","$","?","?","M","E","R","E","T","R","E","$","R","E","R","B",null],"character_chosen":"THE_GATHERER","items_purchased":["Apotheosis","Flash of Steel","Gatherer:FlyingFruit","Lee\u0027s Waffle"],"campfire_rested":0,"item_purchase_floors":[22,28,36,46],"current_hp_per_floor":[76,76,76,76,75,74,74,70,80,73,62,62,67,67,67,67,94,94,94,94,94,94,94,76,76,76,63,63,67,63,63,63,67,115,115,115,115,115,123,116,116,108,108,108,105,142,142,138,138,133],"gold":135,"neow_bonus":"","is_daily":true,"chose_seed":false,"campfire_upgraded":8,"win_rate":0.0,"timestamp":1608870215,"path_taken":["M","?","?","$","M","E","M","E","T","E","?","E","?","?","R","BOSS","M","?","?","?","$","R","E","R","T","E","?","?","E","?","R","BOSS","M","$","?","?","?","E","R","E","T","R","E","$","R","E","R","BOSS"],"items_purchased_type":["Card","Card","Relic","Relic"],"build_version":"2020-12-22","purchased_purges":1,"victory":true,"max_hp_per_floor":[76,76,76,76,76,76,76,76,86,89,89,89,94,94,94,94,94,94,94,94,94,94,94,98,98,98,98,98,102,106,106,106,110,115,115,115,115,115,123,127,127,131,131,131,135,142,142,142,142,146],"card_choices":[{"not_picked":["Gatherer:CarefulStrike","Gatherer:AcidicSpray"],"picked":"Gatherer:CollectorsShot","floor":0},{"not_picked":["Gatherer:FeelingFine","Gatherer:BambuSword"],"picked":"Gatherer:Polymorphism","floor":0},{"not_picked":["Gatherer:Duality","Gatherer:FlowerFalling"],"picked":"Gatherer:FlowerBeam","floor":0},{"not_picked":["Gatherer:FlowerBeam","Gatherer:DrugPower"],"picked":"Gatherer:TacticalStrike","floor":0},{"not_picked":["Gatherer:FlowerFalling","Gatherer:Misfortune"],"picked":"Gatherer:FruitForce","floor":0},{"not_picked":["Gatherer:EnergyBasket","Gatherer:WoolGloves"],"picked":"Gatherer:CarefulStrike","floor":0},{"not_picked":["Gatherer:Convert","Gatherer:FlowerShield"],"picked":"Gatherer:RottenStipe","floor":0},{"not_picked":["Gatherer:GatherMaterial","Gatherer:CarefulStrike"],"picked":"Gatherer:AromaProtection","floor":0},{"not_picked":["Gatherer:AlchemyTrial","Gatherer:FlowerFalling"],"picked":"Gatherer:Misfortune","floor":0},{"not_picked":["Gatherer:Snatch","Gatherer:Transmute"],"picked":"Gatherer:QuickSynthesis","floor":0},{"not_picked":["Gatherer:AromaProtection","Gatherer:Frenzy"],"picked":"Gatherer:AcidicSpray","floor":0},{"not_picked":["Gatherer:Nutrients","Gatherer:Uplift"],"picked":"Gatherer:ScherryThrow","floor":0},{"not_picked":["Gatherer:AcidicSpray","Gatherer:QuickSynthesis"],"picked":"Gatherer:WoolGloves","floor":0},{"not_picked":["Gatherer:RottenStipe","Gatherer:WoolGloves"],"picked":"Gatherer:SaveValuables","floor":0},{"not_picked":["Gatherer:Duplicator","Gatherer:AcidicSpray"],"picked":"Gatherer:Snatch","floor":0},{"not_picked":["Gatherer:GatherMaterial","Gatherer:QuickSynthesis","Gatherer:Misfortune"],"picked":"SKIP","floor":1},{"not_picked":["Gatherer:SmartManeuver","Gatherer:Duality"],"picked":"Gatherer:PotentialSlash","floor":3},{"not_picked":["Gatherer:GatherMaterial","Gatherer:TacticalStrike"],"picked":"Gatherer:FragileHammer","floor":5},{"not_picked":["Gatherer:FlamingBottle","Gatherer:LuckyClover"],"picked":"Gatherer:Bulldoze","floor":6},{"not_picked":["Gatherer:ScherryThrow","Gatherer:RottenStipe"],"picked":"Gatherer:ScentOfRosmari","floor":7},{"not_picked":["Gatherer:CursedBlade","Gatherer:LuckyClover"],"picked":"Gatherer:HeartToFruit","floor":8},{"not_picked":["Gatherer:ScrollOfPurity","Gatherer:BlackTea"],"picked":"Gatherer:GrowBook","floor":10},{"not_picked":["Gatherer:StoneFence","Gatherer:LuckyClover","Gatherer:FinishingStrike"],"picked":"SKIP","floor":12},{"not_picked":["Gatherer:Herbalism","Gatherer:ScrollOfWall+1","Gatherer:CarefulStrike"],"picked":"SKIP","floor":18},{"not_picked":["Gatherer:FinishingStrike","Gatherer:Bulldoze"],"picked":"Gatherer:MindSearch","floor":24},{"not_picked":["Gatherer:LuckyClover","Gatherer:StoneFence"],"picked":"Gatherer:ColorfulGarden","floor":27},{"not_picked":["Gatherer:FlowerFalling+1","Gatherer:FlowerShield","Gatherer:Snatch"],"picked":"SKIP","floor":29},{"not_picked":["Gatherer:Examine","Gatherer:HeartToFruit","Gatherer:FlamingBottle"],"picked":"SKIP","floor":30},{"not_picked":["Gatherer:ColorfulGarden","Gatherer:BlackTea"],"picked":"Gatherer:GrowBook","floor":33},{"not_picked":["Gatherer:WoolGloves+1","Gatherer:FlowerFalling"],"picked":"Gatherer:Pollute","floor":35},{"not_picked":["Gatherer:EchoOfNature+1","Gatherer:CollectorsShot","Gatherer:PotentialSlash+1"],"picked":"SKIP","floor":39},{"not_picked":["Gatherer:ColorfulGarden","Gatherer:Examine"],"picked":"Gatherer:GrowBook","floor":40},{"not_picked":["Gatherer:CursedBlade","Gatherer:MindSearch"],"picked":"Gatherer:PoisonMastery","floor":42},{"not_picked":["Gatherer:StoneFence","Gatherer:ScrollOfPurity"],"picked":"Gatherer:Overflowing","floor":45},{"not_picked":["Gatherer:Overflowing","Gatherer:BlackTea"],"picked":"Gatherer:PoisonMastery","floor":48}],"player_experience":821043,"relics_obtained":[{"floor":6,"key":"Vajra"},{"floor":8,"key":"Potion Belt"},{"floor":9,"key":"Pear"},{"floor":10,"key":"InkBottle"},{"floor":12,"key":"Gatherer:MistGenerator"},{"floor":24,"key":"Centennial Puzzle"},{"floor":26,"key":"CeramicFish"},{"floor":27,"key":"HornCleat"},{"floor":30,"key":"Turnip"},{"floor":40,"key":"Dead Branch"},{"floor":42,"key":"Blue Candle"},{"floor":43,"key":"Bronze Scales"},{"floor":45,"key":"Orichalcum"},{"floor":48,"key":"Anchor"}],"event_choices":[{"damage_healed":0,"gold_gain":0,"player_choice":"Ignored","damage_taken":0,"max_hp_gain":0,"max_hp_loss":0,"event_name":"Gatherer:BottleCollector","floor":2,"gold_loss":0},{"damage_healed":0,"gold_gain":0,"player_choice":"Slimed","damage_taken":11,"max_hp_gain":0,"max_hp_loss":0,"event_name":"betterThird:BetterGoop","floor":11,"gold_loss":36},{"damage_healed":0,"gold_gain":0,"player_choice":"Donut","damage_taken":0,"max_hp_gain":5,"max_hp_loss":0,"event_name":"Big Fish","floor":13,"gold_loss":0},{"damage_healed":0,"gold_gain":0,"player_choice":"Leave","damage_taken":0,"max_hp_gain":0,"max_hp_loss":0,"event_name":"The Cleric","floor":14,"gold_loss":0},{"damage_healed":0,"gold_gain":0,"player_choice":"Ignored","damage_taken":0,"max_hp_gain":0,"max_hp_loss":0,"event_name":"Ghosts","floor":19,"gold_loss":0},{"cards_removed":["Gatherer:CarefulStrike"],"damage_healed":0,"gold_gain":0,"player_choice":"Elegance","damage_taken":0,"max_hp_gain":0,"max_hp_loss":0,"event_name":"betterThird:BetterWriting","floor":20,"gold_loss":0},{"damage_healed":0,"gold_gain":0,"player_choice":"Read","damage_taken":0,"max_hp_gain":0,"max_hp_loss":0,"event_name":"The Library","floor":21,"gold_loss":0,"cards_obtained":["Gatherer:Duality"]},{"damage_healed":0,"gold_gain":0,"player_choice":"Bet on Murderer","damage_taken":0,"max_hp_gain":0,"max_hp_loss":0,"event_name":"The Joust","floor":31,"gold_loss":50},{"cards_removed":["Gatherer:MindSearch"],"damage_healed":0,"gold_gain":0,"player_choice":"Removed Skill","damage_taken":0,"max_hp_gain":0,"max_hp_loss":0,"event_name":"Falling","floor":37,"gold_loss":0},{"damage_healed":0,"gold_gain":0,"player_choice":"Forge","damage_taken":0,"max_hp_gain":0,"max_hp_loss":0,"event_name":"Accursed Blacksmith","floor":38,"gold_loss":0,"cards_upgraded":["Gatherer:ColorfulGarden"]}],"is_beta":false,"boss_relics":[{"not_picked":["Ectoplasm","Fusion Hammer"],"picked":"Runic Dome"},{"not_picked":["SlaversCollar","Sozu"],"picked":"Tiny House"}],"items_purged_floors":[4],"is_endless":false,"potions_floor_spawned":[7,10,12,16,29,30,33,39,40],"ascension_level":0}}