{"host":"jm9833yuloeli2yd","time":1608864804,"event":{"mods":["AchievementEnabler","BaseMod","Better Altar","Better Match","Better Note","Better Sensory Stone","Better Skull","Better Third Choice","Better Vampires","BetterRewards","Colored Map","Colored Powertips","DeckTracker","Hubris","Marked Mod","Minty Spire (QoL Compilation)","Permanent Neow","Quick Restart","StSLib","SuperFastMode"],"gold_per_floor":[109,109,122,138,188,188,202,237,237,253,253,281,29,29,29,145,145,162,162,52,85,10,10,10],"floor_reached":23,"playtime":619,"items_purged":["Strike_B"],"score":398,"play_id":"680b8f5b-bc49-4cd5-aa20-ccae34459571","local_time":"20201224215324","is_ascension_mode":true,"campfire_choices":[{"data":"Beam Cell","floor":6.0,"key":"SMITH"},{"data":"Consume","floor":11.0,"key":"SMITH"},{"data":"Zap","floor":15.0,"key":"SMITH"}],"circlet_count":0,"master_deck":["AscendersBane","Strike_B","Defend_B","Defend_B","Defend_B","Defend_B","Zap+1","Dualcast","Beam Cell+1","Barrage","FTL","Cold Snap","Consume+1","Reboot","FTL","Steam","Tempest","HandOfGreed","Fission+1","Hologram","Reboot"],"relics":["Cracked Core","The Courier","Torii","Inserter","hubris:Icosahedron"],"acts_visited":["Exordium","TheCity"],"potions_floor_usage":[16,23],"damage_taken":[{"damage":0.0,"enemies":"Small Slimes","floor":1.0,"turns":2.0},{"damage":2.0,"enemies":"Jaw Worm","floor":3.0,"turns":3.0},{"damage":0.0,"enemies":"Cultist","floor":4.0,"turns":3.0},{"damage":13.0,"enemies":"Blue Slaver","floor":7.0,"turns":3.0},{"damage":8.0,"enemies":"Gremlin Nob","floor":8.0,"turns":3.0},{"damage":1.0,"enemies":"Exordium Thugs","floor":10.0,"turns":3.0},{"damage":10.0,"enemies":"Lagavulin","floor":12.0,"turns":6.0},{"damage":21,"enemies":"Slime Boss","floor":16,"turns":9},{"damage":31,"enemies":"Spheric Guardian","floor":18,"turns":8},{"damage":21,"enemies":"3 Byrds","floor":21,"turns":6},{"damage":32,"enemies":"Gremlin Leader","floor":23,"turns":2}],"seed_played":"8115908433982172594","potions_obtained":[{"floor":7.0,"key":"GamblersBrew"},{"floor":10.0,"key":"Energy Potion"},{"floor":14.0,"key":"FairyPotion"},{"floor":16,"key":"PotionOfCapacity"}],"is_trial":false,"path_per_floor":["M","?","M","M","?","R","M","E","T","M","R","E","$","?","R","B",null,"M","?","?","M","?","E"],"character_chosen":"DEFECT","items_purchased":["HandOfGreed","Dexterity Potion"],"campfire_rested":0,"item_purchase_floors":[13,13],"current_hp_per_floor":[64,64,62,62,62,62,49,41,41,40,40,30,30,30,30,9,56,25,25,25,4,4,0,0],"gold":10,"neow_bonus":"THREE_CARDS","is_daily":false,"chose_seed":false,"campfire_upgraded":3,"win_rate":0.0,"timestamp":1608864804,"path_taken":["M","?","M","M","?","R","M","E","T","?","R","E","$","?","R","BOSS","M","?","?","?","?","E"],"items_purchased_type":["Card","Potion"],"build_version":"2020-12-22","purchased_purges":1,"victory":false,"max_hp_per_floor":[71,71,71,71,71,71,71,71,71,71,71,71,71,71,71,71,71,71,71,71,71,71,71,71],"card_choices":[{"not_picked":["Coolheaded","Hologram"],"picked":"Beam Cell","floor":0.0},{"not_picked":["Turbo","Rebound"],"picked":"Barrage","floor":1.0},{"not_picked":["Genetic Algorithm","Ball Lightning"],"picked":"Cold Snap","floor":3.0},{"not_picked":["Conserve Battery","Melter"],"picked":"Consume","floor":4.0},{"not_picked":["Leap","Steam"],"picked":"Reboot","floor":7.0},{"not_picked":["Rip and Tear","Beam Cell"],"picked":"FTL","floor":8.0},{"not_picked":["Sweeping Beam","Go for the Eyes"],"picked":"Steam","floor":10.0},{"not_picked":["Beam Cell","Redo"],"picked":"Tempest","floor":12.0},{"not_picked":["Meteor Strike","hubris:SpecializedCircuitry"],"picked":"Fission","floor":16},{"not_picked":["Rebound+1","Go for the Eyes"],"picked":"Hologram","floor":18},{"not_picked":["Leap","Hologram"],"picked":"Reboot","floor":21}],"player_experience":1156563,"relics_obtained":[{"floor":8.0,"key":"The Courier"},{"floor":12.0,"key":"Torii"}],"event_choices":[{"damage_healed":0.0,"max_hp_gain":0.0,"max_hp_loss":0.0,"gold_gain":50.0,"event_name":"Golden Shrine","player_choice":"Pray","floor":5.0,"gold_loss":0.0,"damage_taken":0.0},{"damage_healed":0.0,"max_hp_gain":0.0,"max_hp_loss":0.0,"gold_gain":0.0,"event_name":"Lab","player_choice":"Got Potions","floor":14.0,"gold_loss":0.0,"damage_taken":0.0},{"cards_removed":["Strike_B"],"damage_healed":0,"gold_gain":0,"player_choice":"Upgrade and Remove","damage_taken":0,"max_hp_gain":0,"max_hp_loss":0,"event_name":"Designer","floor":20,"gold_loss":110,"cards_upgraded":["Fission"]},{"cards_removed":["Strike_B"],"damage_healed":0,"gold_gain":0,"player_choice":"Gave Gold","damage_taken":0,"max_hp_gain":0,"max_hp_loss":0,"event_name":"Beggar","floor":22,"gold_loss":75}],"is_beta":false,"boss_relics":[{"not_picked":["Runic Pyramid","hubris:CrackedHourglass"],"picked":"Inserter"}],"items_purged_floors":[13],"is_endless":false,"potions_floor_spawned":[7,10,16],"killed_by":"Gremlin Leader","ascension_level":20}}