{"host":"7o30bgpqouqblh42","time":1608854894,"event":{"mods":["AchievementEnabler","Aspiration","BaseMod","Colored Map","Downfall","Highlight Path","Minty Spire (QoL Compilation)","StSLib","SuperFastMode"],"gold_per_floor":[99,99,199,299,147,172,197,372,396,246,258,258,258,34,49,153,153,153,171,171,171,31,31,31,31,47,47,80,80,80,80,80],"floor_reached":30,"playtime":1513,"items_purged":["Slimebound:Strike_Slimebound","Doubt","Slimebound:BestDefense"],"score":302,"play_id":"4366db6e-b0b2-461f-b02f-170da4afe23b","local_time":"20201224190814","is_ascension_mode":true,"campfire_choices":[{"floor":1,"key":"RECALL"},{"data":"Slimebound:SlimeBarrage","floor":10,"key":"SMITH"},{"data":"Slimebound:OozeBath","floor":13,"key":"SMITH"},{"data":"Slimebound:Prepare","floor":18,"key":"SMITH"},{"data":"Slimebound:SelfFormingGoo","floor":23,"key":"SMITH"},{"data":"Slimebound:Darklings","floor":27,"key":"SMITH"}],"circlet_count":0,"master_deck":["Slimebound:Tackle+1","Slimebound:Split+1","Slimebound:CorrosiveSpit","Slimebound:SlimeBarrage+1","Slimebound:SplitBruiser","Slimebound:OozeBath+1","Slimebound:SplitLeeching+1","Slimebound:GrowthPunch","Slimebound:ForwardTackle","Slimebound:LevelUp","Slimebound:SplitAcid","Slimebound:PrepareCrush","Slimebound:SlimeBrawl","Slimebound:CheckThePlaybook","Slimebound:Darklings+1","Slimebound:SelfFormingGoo+1","Slimebound:Prepare+1","Slimebound:SlimeSpikes","Slimebound:ServeAndProtect","Slimebound:SlimeSlap+1"],"relics":["Slimebound:AbsorbEndCombat","downfall:HeartsMalice","Calipers","Omamori","downfall:HeartBlessingRed","downfall:HeartBlessingBlue","Pandora\u0027s Box","Molten Egg 2","Incense Burner"],"acts_visited":["Exordium","TheCity"],"potions_floor_usage":[26,28,28,30],"damage_taken":[{"damage":0,"enemies":"2 Louse","floor":2,"turns":1},{"damage":0,"enemies":"downfall:FleeingMerchant","floor":5,"turns":1},{"damage":0,"enemies":"Lagavulin","floor":6,"turns":1},{"damage":7,"enemies":"Small Slimes","floor":11,"turns":3},{"damage":16,"enemies":"downfall:FleeingMerchant","floor":14,"turns":4},{"damage":8,"enemies":"Cultist","floor":15,"turns":3},{"damage":31,"enemies":"downfall:Ironclad","floor":16,"turns":6},{"damage":23,"enemies":"Spheric Guardian","floor":19,"turns":3},{"damage":22,"enemies":"downfall:FleeingMerchant","floor":22,"turns":4},{"damage":49,"enemies":"Shell Parasite","floor":26,"turns":4},{"damage":44,"enemies":"Book of Stabbing","floor":28,"turns":5},{"damage":34,"enemies":"Shelled Parasite and Fungi","floor":30,"turns":1}],"seed_played":"2764163936245216187","potions_obtained":[{"floor":11,"key":"Regen Potion"},{"floor":15,"key":"PowerPotion"},{"floor":16,"key":"BlessingOfTheForge"},{"floor":19,"key":"Slimebound:SlimedPotion"},{"floor":26,"key":"Block Potion"},{"floor":28,"key":"AttackPotion"}],"is_trial":false,"path_per_floor":["R","M","?","?","$","E","T","?","T","R","M","?","R","$","M","B",null,"R","M","?","?","$","R","T","?","M","R","E","?","M"],"character_chosen":"SLIMEBOUND","items_purchased":["Slimebound:OozeBath","Slimebound:LevelUp","Slimebound:SplitLeeching"],"campfire_rested":0,"item_purchase_floors":[5,14,14],"current_hp_per_floor":[60,60,60,60,60,60,60,60,60,70,70,70,70,68,68,67,70,70,63,70,70,67,67,67,67,52,52,24,24,0,0,0],"gold":80,"neow_bonus":"THREE_ENEMY_KILL","is_daily":false,"chose_seed":false,"campfire_upgraded":5,"win_rate":0.0,"timestamp":1608854894,"path_taken":["R","M","?","?","$","E","T","?","?","R","?","?","R","$","M","BOSS","R","M","?","?","$","R","T","?","?","R","E","?","M"],"items_purchased_type":["Card","Card","Card"],"build_version":"2020-12-22","purchased_purges":3,"victory":false,"max_hp_per_floor":[60,60,60,60,60,60,60,60,60,70,70,70,70,70,70,70,70,70,70,70,70,70,70,70,70,70,70,70,70,70,70,70],"card_choices":[{"not_picked":["Slimebound:RollThrough","Slimebound:HauntingLick"],"picked":"Slimebound:SlimeBarrage","floor":2},{"not_picked":["Slimebound:ComboTackle","Slimebound:Nibble"],"picked":"Slimebound:SplitBruiser","floor":5},{"not_picked":["Slimebound:FormOfPuddle","Slimebound:Schlurp"],"picked":"Slimebound:SplitLeeching","floor":6},{"not_picked":["Slimebound:Grow","Slimebound:DisruptingSlam"],"picked":"Slimebound:GrowthPunch","floor":11},{"not_picked":["Slimebound:SpikyOuterGoop","Slimebound:Recollect"],"picked":"Slimebound:ForwardTackle","floor":14},{"not_picked":["Slimebound:Nibble","Slimebound:ServeAndProtect"],"picked":"Slimebound:SplitAcid","floor":15},{"not_picked":["Slimebound:LeechLife","Slimebound:Darklings"],"picked":"Slimebound:PrepareCrush","floor":16},{"not_picked":["Slimebound:HungryTackle+1","Slimebound:RollThrough+1"],"picked":"Slimebound:SlimeSpikes","floor":19},{"not_picked":["Slimebound:GrowthPunch","Slimebound:Nibble"],"picked":"Slimebound:ServeAndProtect","floor":22},{"not_picked":["Slimebound:DisruptingSlam+1","Slimebound:MegaLick","Slimebound:Chomp+1"],"picked":"SKIP","floor":26},{"not_picked":["Slimebound:Schlurp","Slimebound:PressTheAttack+1"],"picked":"Slimebound:SlimeSlap+1","floor":28}],"player_experience":140306,"relics_obtained":[{"floor":6,"key":"Calipers"},{"floor":9,"key":"Omamori"},{"floor":24,"key":"Molten Egg 2"},{"floor":28,"key":"Incense Burner"}],"event_choices":[{"cards_removed":["Slimebound:SplitLeeching"],"damage_healed":0,"gold_gain":0,"player_choice":"Purged","damage_taken":0,"max_hp_gain":0,"max_hp_loss":0,"event_name":"Purifier","floor":25,"gold_loss":0}],"is_beta":false,"boss_relics":[{"not_picked":["Slimebound:TarBlob","Tiny House"],"picked":"Pandora\u0027s Box"}],"items_purged_floors":[5,14,22],"is_endless":false,"potions_floor_spawned":[11,15,16,19,26,28],"killed_by":"Shelled Parasite and Fungi","ascension_level":3}}