{"host":"pg2biz4zy3df4ctj","time":1608876173,"event":{"mods":["BaseMod","Minty Spire (QoL Compilation)","Quick Restart","Random Character Button"],"gold_per_floor":[16,33,43,56,56,85,85,119,167,167,167],"floor_reached":10,"playtime":341,"items_purged":[],"score":129,"play_id":"ae8f18c8-5424-4e0a-8941-bb10f59a7380","local_time":"20201224220253","is_ascension_mode":true,"campfire_choices":[{"data":"Noxious Fumes","floor":7.0,"key":"SMITH"}],"circlet_count":0,"master_deck":["AscendersBane","Strike_G","Strike_G","Strike_G","Strike_G","Strike_G","Defend_G","Defend_G","Defend_G","Defend_G","Defend_G","Survivor","Neutralize","Deadly Poison","Dagger Spray","Noxious Fumes+1","Catalyst","Dagger Spray"],"relics":["Ring of the Snake","Gambling Chip","Shuriken","Paper Crane"],"acts_visited":["Exordium"],"potions_floor_usage":[8],"damage_taken":[{"damage":1.0,"enemies":"Cultist","floor":1.0,"turns":4.0},{"damage":1.0,"enemies":"Jaw Worm","floor":2.0,"turns":4.0},{"damage":0.0,"enemies":"Small Slimes","floor":3.0,"turns":3.0},{"damage":4.0,"enemies":"Looter","floor":4.0,"turns":5.0},{"damage":14.0,"enemies":"Gremlin Nob","floor":6.0,"turns":5.0},{"damage":22,"enemies":"Lagavulin","floor":8,"turns":6},{"damage":22,"enemies":"3 Sentries","floor":10,"turns":4}],"seed_played":"7528786203817124370","potions_obtained":[{"floor":2.0,"key":"PowerPotion"},{"floor":6.0,"key":"Poison Potion"}],"is_trial":false,"path_per_floor":["M","M","M","M","$","E","R","E","T","E"],"character_chosen":"THE_SILENT","items_purchased":[],"campfire_rested":0,"item_purchase_floors":[],"current_hp_per_floor":[62,61,61,57,57,43,43,21,21,0,0],"gold":167,"neow_bonus":"ONE_RARE_RELIC","is_daily":false,"chose_seed":false,"campfire_upgraded":1,"win_rate":0.0,"timestamp":1608876173,"path_taken":["M","?","M","M","?","E","R","E","T","E"],"items_purchased_type":[],"build_version":"2020-12-22","purchased_purges":0,"victory":false,"max_hp_per_floor":[70,70,70,70,70,70,70,70,70,70,70],"card_choices":[{"not_picked":["Prepared","Sucker Punch"],"picked":"Deadly Poison","floor":1.0},{"not_picked":["Poisoned Stab","Slice"],"picked":"Dagger Spray","floor":2.0},{"not_picked":["Choke","Blade Dance"],"picked":"Noxious Fumes","floor":3.0},{"not_picked":["Dagger Throw","Adrenaline"],"picked":"Catalyst","floor":4.0},{"not_picked":["Tactician","Outmaneuver"],"picked":"Dagger Spray","floor":6.0},{"not_picked":["Acrobatics","Deflect","Outmaneuver"],"picked":"SKIP","floor":8}],"player_experience":571519,"relics_obtained":[{"floor":6.0,"key":"Shuriken"},{"floor":8,"key":"Paper Crane"}],"event_choices":[],"is_beta":false,"boss_relics":[],"items_purged_floors":[],"is_endless":false,"potions_floor_spawned":[2,6],"killed_by":"3 Sentries","ascension_level":13}}