{"host":"e4hse1vg61zltgzv","time":1608858360,"event":{"mods":["AchievementEnabler","BaseMod","Block Reminder","Colored Map","DeckTracker","GifTheSpireLib","Minty Spire (QoL Compilation)","Rare Cards Sparkle","StSLib","SuperFastMode","everything is the same but u backflip on backflip"],"gold_per_floor":[115,135,146,165,165,165,176,176,176,203,223,251,134,165,165,240,240,253,153,153,170,170,170,199,210,210,210,228,239,269,279,279,355,355,371,387,687,702,722,755,755,790,871,771,788,788,816,827,827,827,827,827,827,25,52,52,52],"floor_reached":56,"playtime":2251,"items_purged":["Dagger Spray","Flying Knee","Phantasmal Killer+1"],"score":2877,"play_id":"19d7b18a-4833-48cf-a97c-62777d432465","local_time":"20201225100600","is_ascension_mode":true,"campfire_choices":[{"data":"Eviscerate","floor":6.0,"key":"SMITH"},{"data":"Reflex","floor":8.0,"key":"SMITH"},{"data":"Phantasmal Killer","floor":15.0,"key":"SMITH"},{"floor":23.0,"key":"RECALL"},{"data":"After Image","floor":32.0,"key":"SMITH"},{"data":"Backflip","floor":41.0,"key":"SMITH"},{"floor":49,"key":"REST"},{"floor":53,"key":"REST"}],"circlet_count":0,"master_deck":["Reflex+1","After Image+1","Eviscerate+1","Backflip+1","Deflect+1","Blur+1","Calculated Gamble+1","Escape Plan+1","Malaise+1","Adrenaline+1"],"relics":["Ring of the Snake","Pandora\u0027s Box","Toxic Egg 2","HornCleat","Pen Nib","Akabeko","Runic Pyramid","The Courier","Snake Skull","TungstenRod","Toy Ornithopter","Black Star","Old Coin","WristBlade","StrikeDummy","Bottled Lightning","Centennial Puzzle","Torii","Mango","Strawberry","Bag of Marbles","Mummified Hand","OrangePellets","Letter Opener","Vajra","Mercury Hourglass","StoneCalendar","Medical Kit","Tough Bandages"],"acts_visited":["Exordium","TheCity","TheBeyond","TheEnding"],"potions_floor_usage":[],"damage_taken":[{"damage":3.0,"enemies":"Cultist","floor":1.0,"turns":3.0},{"damage":0.0,"enemies":"2 Louse","floor":2.0,"turns":2.0},{"damage":0.0,"enemies":"Jaw Worm","floor":3.0,"turns":3.0},{"damage":3.0,"enemies":"Looter","floor":4.0,"turns":2.0},{"damage":11.0,"enemies":"Exordium Wildlife","floor":7.0,"turns":5.0},{"damage":2.0,"enemies":"Gremlin Nob","floor":10.0,"turns":4.0},{"damage":0.0,"enemies":"Blue Slaver","floor":11.0,"turns":4.0},{"damage":0.0,"enemies":"Lagavulin","floor":12.0,"turns":6.0},{"damage":0.0,"enemies":"Gremlin Nob","floor":14.0,"turns":3.0},{"damage":12.0,"enemies":"Slime Boss","floor":16.0,"turns":10.0},{"damage":0.0,"enemies":"Shell Parasite","floor":18.0,"turns":3.0},{"damage":0.0,"enemies":"Chosen","floor":21.0,"turns":2.0},{"damage":0.0,"enemies":"Slavers","floor":24.0,"turns":4.0},{"damage":0.0,"enemies":"Sentry and Sphere","floor":25.0,"turns":3.0},{"damage":0.0,"enemies":"Snake Plant","floor":28.0,"turns":3.0},{"damage":0.0,"enemies":"Centurion and Healer","floor":29.0,"turns":3.0},{"damage":0.0,"enemies":"Gremlin Leader","floor":30.0,"turns":6.0},{"damage":0.0,"enemies":"Chosen and Byrds","floor":31.0,"turns":6.0},{"damage":0.0,"enemies":"Automaton","floor":33.0,"turns":2.0},{"damage":0.0,"enemies":"Orb Walker","floor":35.0,"turns":2.0},{"damage":0.0,"enemies":"3 Shapes","floor":36.0,"turns":1.0},{"damage":0.0,"enemies":"Writhing Mass","floor":38.0,"turns":2.0},{"damage":0.0,"enemies":"Transient","floor":39.0,"turns":2.0},{"damage":0.0,"enemies":"Nemesis","floor":40.0,"turns":1.0},{"damage":0.0,"enemies":"Giant Head","floor":42.0,"turns":1.0},{"damage":0,"enemies":"Spire Growth","floor":45,"turns":1},{"damage":0,"enemies":"Nemesis","floor":47,"turns":1},{"damage":0,"enemies":"4 Shapes","floor":48,"turns":1},{"damage":0,"enemies":"Awakened One","floor":50,"turns":2},{"damage":0,"enemies":"Donu and Deca","floor":51,"turns":1},{"damage":0,"enemies":"Shield and Spear","floor":55,"turns":1},{"damage":0,"enemies":"The Heart","floor":56,"turns":3}],"seed_played":"2694698028910436339","potions_obtained":[{"floor":1.0,"key":"AttackPotion"},{"floor":7.0,"key":"Block Potion"},{"floor":12.0,"key":"Weak Potion"},{"floor":14.0,"key":"Energy Potion"},{"floor":16.0,"key":"Energy Potion"},{"floor":28.0,"key":"Ancient Potion"},{"floor":39.0,"key":"AttackPotion"},{"floor":42.0,"key":"DuplicationPotion"}],"is_trial":false,"path_per_floor":["M","M","M","M","?","R","M","R","T","E","M","E","$","E","R","B",null,"M","$","?","M","T","R","E","M","T","?","M","M","E","M","R","B",null,"M","M","?","M","M","E","R","E","T","$","M","?","E","M","R","B","B",null,"R","$","E","B"],"character_chosen":"THE_SILENT","items_purchased":["Calculated Gamble+1","Bag of Marbles","Mummified Hand","OrangePellets","Letter Opener","Vajra"],"campfire_rested":2,"item_purchase_floors":[13,54,54,54,54,54],"current_hp_per_floor":[41,41,41,38,38,38,27,27,27,25,25,25,25,25,25,13,53,53,53,53,53,53,53,53,53,53,53,53,53,53,53,53,53,63,63,63,63,63,63,63,63,63,63,63,63,63,84,84,84,84,84,84,84,84,84,84,84],"gold":52,"neow_bonus":"THREE_RARE_CARDS","is_daily":false,"chose_seed":false,"campfire_upgraded":5,"win_rate":0.0,"timestamp":1608858360,"path_taken":["M","M","M","M","?","R","M","R","T","E","M","E","$","E","R","BOSS","M","?","?","M","?","R","E","M","T","?","?","M","E","M","R","BOSS","M","M","?","?","M","E","R","E","T","$","M","?","E","M","R","BOSS","BOSS","R","$","E","BOSS"],"items_purchased_type":["Card","Relic","Relic","Relic","Relic","Relic"],"build_version":"2020-12-22","purchased_purges":3,"victory":false,"max_hp_per_floor":[66,66,66,66,66,66,66,66,66,66,66,66,66,66,66,66,66,66,66,66,66,66,66,66,66,66,66,66,66,66,66,66,66,66,66,66,66,66,66,66,66,66,66,66,66,63,84,84,84,84,84,84,84,84,84,84,84],"card_choices":[{"not_picked":["Doppelganger","Wraith Form v2"],"picked":"After Image","floor":0.0},{"not_picked":["All Out Attack","Flying Knee"],"picked":"Eviscerate","floor":1.0},{"not_picked":["Heel Hook","Flying Knee","Underhanded Strike"],"picked":"SKIP","floor":2.0},{"not_picked":["PiercingWail","Outmaneuver"],"picked":"Backflip","floor":3.0},{"not_picked":["Poisoned Stab","Bouncing Flask","Outmaneuver"],"picked":"SKIP","floor":4.0},{"not_picked":["Reflex","Cloak And Dagger","Leg Sweep"],"picked":"SKIP","floor":7.0},{"not_picked":["Deflect+1","Quick Slash","Bane"],"picked":"SKIP","floor":10.0},{"not_picked":["Quick Slash","Bane"],"picked":"Deflect+1","floor":10.0},{"not_picked":["Distraction+1","Flying Knee"],"picked":"Blur+1","floor":11.0},{"not_picked":["Flying Knee","Cloak And Dagger+1","PiercingWail+1"],"picked":"SKIP","floor":12.0},{"not_picked":["Blade Dance+1","Backflip+1","Dagger Throw"],"picked":"SKIP","floor":14.0},{"not_picked":["Backflip+1","Caltrops","Blade Dance+1"],"picked":"SKIP","floor":18.0},{"not_picked":["PiercingWail+1","Storm of Steel+1","Underhanded Strike+1"],"picked":"SKIP","floor":21.0},{"not_picked":["Terror+1","Deflect+1","Sucker Punch"],"picked":"SKIP","floor":24.0},{"not_picked":["Outmaneuver+1","Bane","Deadly Poison+1"],"picked":"SKIP","floor":25.0},{"not_picked":["PiercingWail+1","Dagger Spray","Terror+1"],"picked":"SKIP","floor":28.0},{"not_picked":["Heel Hook","Escape Plan+1"],"picked":"Malaise+1","floor":29.0},{"not_picked":["Bane+1","Poisoned Stab","Doppelganger+1"],"picked":"SKIP","floor":30.0},{"not_picked":["Endless Agony","Outmaneuver+1","Backflip+1"],"picked":"SKIP","floor":31.0},{"not_picked":["Malaise+1","Burst+1"],"picked":"Adrenaline+1","floor":33.0},{"not_picked":["Setup+1","Deadly Poison+1","Cloak And Dagger+1"],"picked":"SKIP","floor":35.0},{"not_picked":["PiercingWail+1","Slice","Blade Dance+1"],"picked":"SKIP","floor":36.0},{"not_picked":["Leg Sweep+1","Predator","Noxious Fumes"],"picked":"SKIP","floor":38.0},{"not_picked":["Bouncing Flask+1","Cloak And Dagger+1","Catalyst+1"],"picked":"SKIP","floor":39.0},{"not_picked":["Slice","Quick Slash","Night Terror+1"],"picked":"SKIP","floor":40.0},{"not_picked":["Well Laid Plans","Choke","Infinite Blades+1"],"picked":"SKIP","floor":42.0},{"not_picked":["Masterful Stab+1","Sucker Punch","Noxious Fumes"],"picked":"SKIP","floor":45},{"not_picked":["Outmaneuver+1","PiercingWail+1","Heel Hook+1"],"picked":"SKIP","floor":47},{"not_picked":["Bane","Dodge and Roll+1","Deflect+1"],"picked":"SKIP","floor":48},{"not_picked":["Burst+1","Storm of Steel+1","Backstab"],"picked":"SKIP","floor":55}],"player_experience":755594,"relics_obtained":[{"floor":9.0,"key":"Toxic Egg 2"},{"floor":10.0,"key":"HornCleat"},{"floor":12.0,"key":"Pen Nib"},{"floor":14.0,"key":"Akabeko"},{"floor":22.0,"key":"The Courier"},{"floor":24.0,"key":"Snake Skull"},{"floor":26.0,"key":"TungstenRod"},{"floor":30.0,"key":"Toy Ornithopter"},{"floor":40.0,"key":"StrikeDummy"},{"floor":40.0,"key":"Bottled Lightning"},{"floor":42.0,"key":"Centennial Puzzle"},{"floor":42.0,"key":"Torii"},{"floor":47,"key":"Mango"},{"floor":47,"key":"Strawberry"},{"floor":55,"key":"Mercury Hourglass"},{"floor":55,"key":"StoneCalendar"}],"event_choices":[{"cards_removed":["Sucker Punch"],"damage_healed":0.0,"max_hp_gain":0.0,"max_hp_loss":0.0,"gold_gain":0.0,"event_name":"Purifier","player_choice":"Purged","floor":5.0,"gold_loss":0.0,"damage_taken":0.0},{"damage_healed":0.0,"max_hp_gain":0.0,"max_hp_loss":0.0,"gold_gain":0.0,"cards_transformed":["Sucker Punch","Bouncing Flask"],"event_name":"Drug Dealer","player_choice":"Became Test Subject","floor":20.0,"gold_loss":0.0,"damage_taken":0.0,"cards_obtained":["Setup","Escape Plan"]},{"damage_healed":0.0,"max_hp_gain":0.0,"max_hp_loss":0.0,"gold_gain":0.0,"event_name":"Cursed Tome","player_choice":"Ignored","floor":27.0,"gold_loss":0.0,"damage_taken":0.0},{"damage_healed":0.0,"max_hp_gain":0.0,"max_hp_loss":0.0,"gold_gain":0.0,"event_name":"WeMeetAgain","player_choice":"Gave Potion","floor":37.0,"gold_loss":0.0,"damage_taken":0.0,"relics_obtained":["Old Coin"]},{"damage_healed":0,"gold_gain":0,"player_choice":"Max HP","damage_taken":0,"max_hp_gain":0,"max_hp_loss":3,"event_name":"Winding Halls","floor":46,"gold_loss":0}],"is_beta":false,"boss_relics":[{"not_picked":["Cursed Key","Ectoplasm"],"picked":"Runic Pyramid"},{"not_picked":["SacredBark","Ring of the Serpent"],"picked":"Black Star"}],"items_purged_floors":[13,19,44],"is_endless":false,"potions_floor_spawned":[1,7,12,14,16,18,28,33,39,40,42,48],"killed_by":"The Heart","ascension_level":20}}