{"host":"5bdt6s51dmpd4l3v","time":1608896567,"event":{"mods":["AchievementEnabler","BaseMod","Colored Map","Colored Powertips","Highlight Path","Minty Spire (QoL Compilation)","Quick Restart","Rare Cards Sparkle","StSLib"],"gold_per_floor":[110,182,21,37,8,8,27,27,54,80,28,103,117,129,129,201,201,221,221,221,235,20,20,20,20],"floor_reached":24,"playtime":470,"items_purged":[],"score":349,"play_id":"9f5ca1e0-733a-4e2b-aabe-a132ac17981f","local_time":"20201225194247","is_ascension_mode":true,"campfire_choices":[{"data":"Flex","floor":6.0,"key":"SMITH"},{"data":"Shockwave","floor":8.0,"key":"SMITH"},{"data":"Berserk","floor":15.0,"key":"SMITH"},{"floor":23,"key":"REST"}],"circlet_count":0,"master_deck":["AscendersBane","Strike_R","Strike_R","Strike_R","Strike_R","Strike_R","Defend_R","Defend_R","Defend_R","Defend_R","Bash","Hemokinesis","Inflame","Shockwave+1","Flex+1","Pummel","Headbutt","Twin Strike","Berserk+1","Double Tap","Reaper","Sword Boomerang"],"relics":["Burning Blood","Tiny Chest","Dream Catcher","Mark of Pain","Nloth\u0027s Gift","Strange Spoon"],"acts_visited":["Exordium","TheCity"],"potions_floor_usage":[24],"damage_taken":[{"damage":0.0,"enemies":"Cultist","floor":1.0,"turns":1.0},{"damage":0.0,"enemies":"Small Slimes","floor":4.0,"turns":1.0},{"damage":0.0,"enemies":"Jaw Worm","floor":7.0,"turns":1.0},{"damage":15.0,"enemies":"Gremlin Nob","floor":10.0,"turns":3.0},{"damage":4.0,"enemies":"Exordium Thugs","floor":13.0,"turns":3.0},{"damage":10.0,"enemies":"Looter","floor":14.0,"turns":2.0},{"damage":5.0,"enemies":"Slime Boss","floor":16.0,"turns":6.0},{"damage":36.0,"enemies":"2 Thieves","floor":18.0,"turns":4.0},{"damage":43.0,"enemies":"Chosen","floor":21.0,"turns":5.0},{"damage":41,"enemies":"Slavers","floor":24,"turns":2}],"seed_played":"-7572621180365121895","potions_obtained":[{"floor":4.0,"key":"LiquidBronze"},{"floor":10.0,"key":"EssenceOfSteel"},{"floor":14.0,"key":"EntropicBrew"},{"floor":16.0,"key":"BloodPotion"}],"is_trial":false,"path_per_floor":["M","?","$","M","$","R","M","R","T","E","$","?","M","M","R","B",null,"M","?","$","M","$","R","E"],"character_chosen":"IRONCLAD","items_purchased":["Inflame","Shockwave","Flex","Twin Strike","Strange Spoon","Block Potion"],"campfire_rested":1,"item_purchase_floors":[3,3,5,11,22,22],"current_hp_per_floor":[74,74,74,75,75,75,75,75,75,66,66,55,57,53,53,54,70,55,55,55,18,18,40,0,0],"gold":20,"neow_bonus":"THREE_ENEMY_KILL","is_daily":false,"chose_seed":false,"campfire_upgraded":3,"win_rate":0.0,"timestamp":1608896567,"path_taken":["M","?","$","M","$","R","M","R","T","E","$","?","M","M","R","BOSS","M","?","?","M","$","R","E"],"items_purchased_type":["Card","Card","Card","Card","Relic","Potion"],"build_version":"2020-12-22","purchased_purges":0,"victory":false,"max_hp_per_floor":[75,75,75,75,75,75,75,75,75,75,75,75,75,75,75,75,75,75,75,75,75,75,75,75,75],"card_choices":[{"not_picked":["Warcry","Feel No Pain"],"picked":"Hemokinesis","floor":1.0},{"not_picked":["Blood for Blood","Second Wind","True Grit"],"picked":"SKIP","floor":4.0},{"not_picked":["Disarm","Clothesline"],"picked":"Pummel","floor":7.0},{"not_picked":["Shrug It Off","Disarm"],"picked":"Headbutt","floor":10.0},{"not_picked":["Shrug It Off","Clothesline"],"picked":"Berserk","floor":13.0},{"not_picked":["Flex","Perfected Strike","Body Slam"],"picked":"SKIP","floor":14.0},{"not_picked":["Bludgeon","Berserk"],"picked":"Double Tap","floor":16.0},{"not_picked":["Havoc+1","Twin Strike","Body Slam"],"picked":"SKIP","floor":18.0},{"not_picked":["Pommel Strike","Wild Strike"],"picked":"Reaper","floor":21.0},{"not_picked":["Shrug It Off","Heavy Blade"],"picked":"Sword Boomerang","floor":23}],"player_experience":235879,"relics_obtained":[{"floor":9.0,"key":"Tiny Chest"},{"floor":10.0,"key":"Dream Catcher"}],"event_choices":[{"damage_healed":0.0,"max_hp_gain":0.0,"max_hp_loss":0.0,"gold_gain":72.0,"event_name":"Golden Wing","player_choice":"Gained Gold","floor":2.0,"gold_loss":0.0,"damage_taken":0.0},{"damage_healed":0.0,"max_hp_gain":0.0,"max_hp_loss":0.0,"gold_gain":75.0,"event_name":"World of Goop","player_choice":"Gather Gold","floor":12.0,"gold_loss":0.0,"damage_taken":11.0},{"damage_healed":0.0,"max_hp_gain":0.0,"max_hp_loss":0.0,"gold_gain":0.0,"event_name":"N\u0027loth","player_choice":"Traded Relic","floor":19.0,"relics_lost":["NeowsBlessing"],"gold_loss":0.0,"damage_taken":0.0,"relics_obtained":["Nloth\u0027s Gift"]}],"is_beta":false,"boss_relics":[{"not_picked":["Astrolabe","Empty Cage"],"picked":"Mark of Pain"}],"items_purged_floors":[],"is_endless":false,"potions_floor_spawned":[4,10,14,16],"killed_by":"Slavers","ascension_level":16}}