{"host":"wfy07lporsqrbz3r","time":1608900044,"event":{"mods":["BaseMod","Minty Spire (QoL Compilation)","Replay The Spire","StSLib"],"gold_per_floor":[109,123,142,154,164,164,164,164],"floor_reached":7,"playtime":234,"items_purged":[],"score":90,"play_id":"bef508ed-2a33-474a-9f6c-d16e25312e37","local_time":"20201225204044","is_ascension_mode":true,"campfire_choices":[{"data":"Neutralize","floor":6,"key":"SMITH"}],"circlet_count":0,"master_deck":["AscendersBane","Strike_G","Strike_G","Strike_G","Strike_G","Strike_G","Defend_G","Defend_G","Defend_G","Defend_G","Defend_G","Survivor","Neutralize+1","Blade Dance","Choke","ReplayTheSpireMod:Shiv Toss","Heel Hook","ReplayTheSpireMod:Speed Training"],"relics":["Ring of the Snake","NeowsBlessing"],"acts_visited":["Exordium"],"potions_floor_usage":[4,7],"damage_taken":[{"damage":0,"enemies":"2 Louse","floor":1,"turns":1},{"damage":0,"enemies":"Small Slimes","floor":2,"turns":1},{"damage":0,"enemies":"Jaw Worm","floor":3,"turns":1},{"damage":25,"enemies":"Exordium Thugs","floor":4,"turns":6},{"damage":0,"enemies":"2 Fungi Beasts","floor":5,"turns":3},{"damage":28,"enemies":"Lagavulin","floor":7,"turns":11}],"seed_played":"5256939797665995171","potions_obtained":[{"floor":1,"key":"ColorlessPotion"},{"floor":2,"key":"Ancient Potion"},{"floor":3,"key":"Weak Potion"}],"is_trial":false,"path_per_floor":["M","M","M","M","M","R","E"],"character_chosen":"THE_SILENT","items_purchased":[],"campfire_rested":0,"item_purchase_floors":[],"current_hp_per_floor":[59,59,59,34,34,34,6,6],"gold":164,"neow_bonus":"THREE_ENEMY_KILL","is_daily":false,"chose_seed":false,"campfire_upgraded":1,"win_rate":0.0,"timestamp":1608900044,"path_taken":["M","M","M","M","M","R","E"],"items_purchased_type":[],"build_version":"2020-12-22","purchased_purges":0,"victory":false,"max_hp_per_floor":[66,66,66,66,66,66,66,66],"card_choices":[{"not_picked":["Accuracy","Deadly Poison"],"picked":"Blade Dance","floor":1},{"not_picked":["Eviscerate","Footwork"],"picked":"Choke","floor":2},{"not_picked":["Cloak And Dagger","Dodge and Roll"],"picked":"ReplayTheSpireMod:Shiv Toss","floor":3},{"not_picked":["Deadly Poison","Blur"],"picked":"Heel Hook","floor":4},{"not_picked":["Deadly Poison","Dodge and Roll"],"picked":"ReplayTheSpireMod:Speed Training","floor":5}],"player_experience":715649,"relics_obtained":[],"event_choices":[],"is_beta":false,"boss_relics":[],"items_purged_floors":[],"is_endless":false,"potions_floor_spawned":[1,2,3],"killed_by":"Lagavulin","ascension_level":20}}