{"host":"dth8fvkfiulu86fi","time":1608899200,"event":{"mods":["2.2 Compatiblity","AchievementEnabler","BaseMod","Better Third Choice","Colored Map","Colored Powertips","Minty Spire (QoL Compilation)","Rare Cards Sparkle","StSLib","SuperFastMode","Synergy Search"],"gold_per_floor":[114,114,129,144,159,159,9,39,39,69,144,174,174,124,124,224,224,239,239,139,139,115,115,145,160,210,225,255,180,180,5,5,105,105,129,129,129,154,154,184,184,214,214,214,229,4,34,34,43,43],"floor_reached":51,"playtime":2092,"items_purged":[],"score":983,"play_id":"c5dfca28-6320-453d-8c86-a43797f70582","local_time":"20201225132640","daily_mods":["Draft","Hoarder","Elite Swarm"],"is_ascension_mode":false,"campfire_choices":[{"data":"Seeing Red","floor":6.0,"key":"SMITH"},{"data":"Seeing Red","floor":15.0,"key":"SMITH"},{"data":"Seeing Red","floor":23,"key":"SMITH"},{"floor":30,"key":"REST"},{"floor":32,"key":"REST"},{"floor":41,"key":"REST"},{"floor":44,"key":"REST"},{"floor":49,"key":"REST"}],"circlet_count":0,"master_deck":["Iron Wave","Iron Wave","Iron Wave","Reckless Charge","Reckless Charge","Reckless Charge","Flame Barrier","Flame Barrier","Flame Barrier","Iron Wave","Iron Wave","Iron Wave","Bloodletting","Bloodletting","Bloodletting","Cleave","Cleave","Cleave","Cleave","Cleave","Cleave","Power Through+1","Power Through","Power Through","Seeing Red","Seeing Red","Seeing Red+1","Clash","Clash","Clash","Perfected Strike","Perfected Strike","Perfected Strike","Wild Strike","Wild Strike","Wild Strike","Iron Wave","Iron Wave","Iron Wave","Disarm","Disarm","Disarm","Clash","Clash","Clash","Seeing Red+1","Seeing Red+1","Seeing Red+1","Demon Form","Demon Form","Demon Form","Flex","Flex","Flex","Iron Wave+1","Iron Wave+1","Iron Wave+1","Reckless Charge+1","Reckless Charge+1","Reckless Charge+1","Anger+1","Anger+1","Anger+1","Bloodletting","Bloodletting","Bloodletting"],"relics":["Burning Blood","Membership Card","Vajra","Pear","Potion Belt","InkBottle","SacredBark","War Paint","Red Skull","Centennial Puzzle","CeramicFish","StoneCalendar","Busted Crown","Bronze Scales","HornCleat","Magic Flower","Orichalcum","Dream Catcher","Bottled Lightning","CaptainsWheel"],"acts_visited":["Exordium","TheCity","TheBeyond"],"potions_floor_usage":[25,27,28,42,47,47,50,50,50,50,50,50,50,50,50],"damage_taken":[{"damage":0.0,"enemies":"Small Slimes","floor":1.0,"turns":2.0},{"damage":0.0,"enemies":"Cultist","floor":3.0,"turns":3.0},{"damage":3.0,"enemies":"2 Louse","floor":4.0,"turns":1.0},{"damage":4.0,"enemies":"Large Slime","floor":5.0,"turns":7.0},{"damage":10.0,"enemies":"3 Sentries","floor":8.0,"turns":5.0},{"damage":3.0,"enemies":"Gremlin Nob","floor":10.0,"turns":3.0},{"damage":11.0,"enemies":"Lagavulin","floor":12.0,"turns":5.0},{"damage":21.0,"enemies":"Slime Boss","floor":16.0,"turns":12.0},{"damage":10.0,"enemies":"Shell Parasite","floor":18.0,"turns":4.0},{"damage":32,"enemies":"Gremlin Leader","floor":24,"turns":6},{"damage":3,"enemies":"Spheric Guardian","floor":25,"turns":3},{"damage":0,"enemies":"3 Cultists","floor":27,"turns":2},{"damage":39,"enemies":"Book of Stabbing","floor":28,"turns":6},{"damage":14,"enemies":"Champ","floor":33,"turns":9},{"damage":9,"enemies":"3 Darklings","floor":35,"turns":4},{"damage":47,"enemies":"Reptomancer","floor":40,"turns":6},{"damage":20,"enemies":"Nemesis","floor":42,"turns":7},{"damage":5,"enemies":"Orb Walker","floor":45,"turns":3},{"damage":13,"enemies":"Reptomancer","floor":47,"turns":6},{"damage":26,"enemies":"Donu and Deca","floor":50,"turns":6}],"seed_played":"-567031674859551473","potions_obtained":[{"floor":4.0,"key":"SteroidPotion"},{"floor":5.0,"key":"ColorlessPotion"},{"floor":8.0,"key":"Regen Potion"},{"floor":12.0,"key":"Block Potion"},{"floor":24,"key":"FearPotion"},{"floor":25,"key":"Strength Potion"},{"floor":28,"key":"Block Potion"},{"floor":40,"key":"EssenceOfSteel"},{"floor":45,"key":"Strength Potion"},{"floor":47,"key":"Weak Potion"},{"floor":48,"key":"Fire Potion"},{"floor":48,"key":"EntropicBrew"}],"is_trial":false,"path_per_floor":["M","?","M","M","M","R","$","E","T","E","?","E","?","?","R","B",null,"M","?","$","?","$","R","E","M","T","M","E","?","R","$","R","B",null,"M","$","?","T","?","E","R","E","T","R","M","$","E","?","R","B",null],"character_chosen":"IRONCLAD","items_purchased":["Membership Card","War Paint","SteroidPotion","Flex","StoneCalendar","Swift Potion","Dream Catcher","Bottled Lightning","SteroidPotion"],"campfire_rested":5,"item_purchase_floors":[7,20,20,22,31,31,46,46,46],"current_hp_per_floor":[80,80,80,80,80,80,80,76,86,89,78,73,78,78,78,63,95,91,91,91,91,91,91,65,68,68,74,41,41,69,69,95,87,95,92,92,90,90,81,40,67,53,53,80,84,84,80,80,90,73],"gold":43,"neow_bonus":"","is_daily":true,"chose_seed":false,"campfire_upgraded":3,"win_rate":0.0,"timestamp":1608899200,"path_taken":["M","?","M","M","?","R","$","E","T","E","?","E","?","?","R","BOSS","M","?","$","?","$","R","E","M","T","M","E","?","R","$","R","BOSS","M","$","?","?","?","E","R","E","T","R","?","$","E","?","R","BOSS"],"items_purchased_type":["Relic","Relic","Potion","Card","Relic","Potion","Relic","Relic","Potion"],"build_version":"2020-12-22","purchased_purges":0,"victory":true,"max_hp_per_floor":[80,80,80,80,80,80,80,80,90,90,90,90,95,95,95,95,95,95,95,95,95,95,95,95,95,95,95,95,95,95,95,95,95,95,95,95,90,90,90,90,90,90,90,90,90,90,90,90,90,90],"card_choices":[{"not_picked":["Havoc","Warcry"],"picked":"Iron Wave","floor":0.0},{"not_picked":["Pommel Strike","Seeing Red"],"picked":"Reckless Charge","floor":0.0},{"not_picked":["Searing Blow","Thunderclap"],"picked":"Flame Barrier","floor":0.0},{"not_picked":["Sentinel","Heavy Blade"],"picked":"Iron Wave","floor":0.0},{"not_picked":["Clothesline","Heavy Blade"],"picked":"Bloodletting","floor":0.0},{"not_picked":["Dual Wield","Heavy Blade"],"picked":"Cleave","floor":0.0},{"not_picked":["Heavy Blade","Clash"],"picked":"Cleave","floor":0.0},{"not_picked":["Shrug It Off","Flex"],"picked":"Power Through","floor":0.0},{"not_picked":["Heavy Blade","Combust"],"picked":"Seeing Red","floor":0.0},{"not_picked":["Armaments","Sword Boomerang"],"picked":"Clash","floor":0.0},{"not_picked":["Seeing Red","Thunderclap"],"picked":"Perfected Strike","floor":0.0},{"not_picked":["Dual Wield","Dropkick"],"picked":"Wild Strike","floor":0.0},{"not_picked":["Cleave","Havoc"],"picked":"Iron Wave","floor":0.0},{"not_picked":["Havoc","Body Slam"],"picked":"Disarm","floor":0.0},{"not_picked":["Armaments","Rupture"],"picked":"Clash","floor":0.0},{"not_picked":["Thunderclap","Combust","Sentinel"],"picked":"SKIP","floor":1.0},{"not_picked":["Entrench","Shrug It Off","Heavy Blade"],"picked":"SKIP","floor":3.0},{"not_picked":["Shrug It Off","Heavy Blade"],"picked":"Seeing Red","floor":4.0},{"not_picked":["Clothesline","Searing Blow","Heavy Blade"],"picked":"SKIP","floor":5.0},{"not_picked":["Juggernaut","Barricade","Immolate"],"picked":"SKIP","floor":8.0},{"not_picked":["Exhume","Bludgeon","Brutality"],"picked":"SKIP","floor":10.0},{"not_picked":["Impervious","Brutality","Immolate"],"picked":"SKIP","floor":12.0},{"not_picked":["Offering","Exhume"],"picked":"Demon Form","floor":16.0},{"not_picked":["Disarm","Dual Wield+1","Sword Boomerang"],"picked":"SKIP","floor":18.0},{"not_picked":["Impervious","Offering","Barricade"],"picked":"SKIP","floor":24},{"not_picked":["Pommel Strike","Twin Strike+1"],"picked":"Iron Wave+1","floor":25},{"not_picked":["Cleave","Shockwave"],"picked":"Reckless Charge+1","floor":27},{"not_picked":["Brutality","Corruption","Limit Break"],"picked":"SKIP","floor":28},{"not_picked":[],"picked":"Anger+1","floor":35},{"not_picked":["Berserk"],"picked":"SKIP","floor":40},{"not_picked":["Juggernaut"],"picked":"SKIP","floor":42},{"not_picked":["Iron Wave"],"picked":"SKIP","floor":45},{"not_picked":["Impervious"],"picked":"SKIP","floor":47},{"not_picked":[],"picked":"Bloodletting","floor":49}],"player_experience":1117400,"relics_obtained":[{"floor":8.0,"key":"Vajra"},{"floor":9.0,"key":"Pear"},{"floor":10.0,"key":"Potion Belt"},{"floor":12.0,"key":"InkBottle"},{"floor":24,"key":"Red Skull"},{"floor":26,"key":"Centennial Puzzle"},{"floor":28,"key":"CeramicFish"},{"floor":38,"key":"Bronze Scales"},{"floor":40,"key":"HornCleat"},{"floor":42,"key":"Magic Flower"},{"floor":43,"key":"Orichalcum"},{"floor":47,"key":"CaptainsWheel"}],"event_choices":[{"damage_healed":0.0,"max_hp_gain":0.0,"max_hp_loss":0.0,"gold_gain":0.0,"event_name":"Wheel of Change","player_choice":"Cursed","floor":2.0,"gold_loss":0.0,"damage_taken":0.0,"cards_obtained":["Decay"]},{"damage_healed":0.0,"max_hp_gain":0.0,"max_hp_loss":0.0,"gold_gain":75.0,"event_name":"betterThird:BetterGoop","player_choice":"Gold","floor":11.0,"gold_loss":0.0,"damage_taken":11.0},{"damage_healed":0.0,"max_hp_gain":5.0,"max_hp_loss":0.0,"gold_gain":0.0,"event_name":"Big Fish","player_choice":"Donut","floor":13.0,"gold_loss":0.0,"damage_taken":0.0},{"cards_removed":["Decay"],"damage_healed":0.0,"max_hp_gain":0.0,"max_hp_loss":0.0,"gold_gain":0.0,"event_name":"The Cleric","player_choice":"Card Removal","floor":14.0,"gold_loss":50.0,"damage_taken":0.0},{"damage_healed":0.0,"max_hp_gain":0.0,"max_hp_loss":0.0,"gold_gain":0.0,"event_name":"Ghosts","player_choice":"Ignored","floor":19.0,"gold_loss":0.0,"damage_taken":0.0},{"cards_removed":["Decay"],"damage_healed":0,"gold_gain":0,"player_choice":"Elegance","damage_taken":0,"max_hp_gain":0,"max_hp_loss":0,"event_name":"betterThird:BetterWriting","floor":21,"gold_loss":0},{"cards_removed":["Decay"],"damage_healed":0,"gold_gain":0,"player_choice":"Gave Gold","damage_taken":0,"max_hp_gain":0,"max_hp_loss":0,"event_name":"Beggar","floor":29,"gold_loss":75},{"damage_healed":0,"gold_gain":0,"player_choice":"Max HP","damage_taken":0,"max_hp_gain":0,"max_hp_loss":5,"event_name":"Winding Halls","floor":37,"gold_loss":0},{"damage_healed":0,"gold_gain":0,"player_choice":"Damaged","damage_taken":9,"max_hp_gain":0,"max_hp_loss":0,"event_name":"Wheel of Change","floor":39,"gold_loss":0},{"damage_healed":0,"gold_gain":0,"player_choice":"Got Potions","damage_taken":0,"max_hp_gain":0,"max_hp_loss":0,"event_name":"Lab","floor":48,"gold_loss":0}],"is_beta":false,"boss_relics":[{"not_picked":["Black Star","Astrolabe"],"picked":"SacredBark"},{"not_picked":["Cursed Key","Coffee Dripper"],"picked":"Busted Crown"}],"items_purged_floors":[],"is_endless":false,"potions_floor_spawned":[4,5,8,12,24,25,28,40,45,47],"ascension_level":0}}