{"host":"1qxljlv0g0hslid3","time":1608861438,"event":{"mods":["2.2 Compatiblity","AchievementEnabler","Act Like it!","Astrologer","BaseMod","Beaked The Cultist","BetterRewards","Clawfect","Conspire","Custom Start","Dio Mod","Elementarium","Energized Spire","Googly Eyes","GungeonMod","Hallownest","Hermit","Hero for Fun","Highlight Path","HololiveMod","Hubris","Infinite Spire","Jorbs\u0027s Wanderer Trilogy","Magitek Elite","Marisa????????","Minty Spire (QoL Compilation)","Prisma Mod","Remilia??????","Replay The Spire","Shop Mod","StSLib","The Administrix","The Animator","The Bug Knight","The Cursed","The Death Knight","The Elementalist","The Hierophant","The Jungle","The Necromancer","The Runesmith","The Senshi","The Servant 0.9.4","Wandering Minibosses","everything is the same but u backflip on backflip","slay the spire mod where everything is the same but ironclad has a cowboy hat"],"gold_per_floor":[117,117,132,132,132,162,59,110,110,153,188,222,261,261,261,388,388,430,467,502,502,502,593,593,593,593,642,729,729,635,654,654,793,793,917,1004,1130,1130,1202,1202,1002,1002,1002,1186,1186,1331,1323,1323],"floor_reached":47,"playtime":3004,"items_purged":[],"score":840,"play_id":"8697a60a-72f3-4851-bc0e-4d485064524d","local_time":"20201224195718","is_ascension_mode":false,"campfire_choices":[{"data":"hubris:InfiniteBlow+21","floor":15,"key":"SMITH"},{"data":"hubris:InfiniteBlow+22","floor":24,"key":"SMITH"},{"data":"hubris:InfiniteBlow+23","floor":29,"key":"SMITH"},{"data":"hubris:InfiniteBlow+24","floor":32,"key":"SMITH"},{"data":"hubris:InfiniteBlow+25","floor":40,"key":"SMITH"},{"data":"hubris:InfiniteBlow+26","floor":45,"key":"SMITH"}],"circlet_count":0,"master_deck":["hierophant:Strike_Hierophant","hierophant:Strike_Hierophant","hierophant:Strike_Hierophant","hierophant:Strike_Hierophant","hierophant:Punish","hierophant:Defend_Hierophant","hierophant:Defend_Hierophant","hierophant:Defend_Hierophant","hierophant:Defend_Hierophant","hierophant:ChurchCoffers","hierophant:Smite+1","hierophant:DivineIntervention","hierophant:HolyVerse","hierophant:HolyVerse","hierophant:RustyCrate","hierophant:Doubloon","hierophant:Doubloon","hierophant:PassingBell","hierophant:HolyVerse","hubris:InfiniteBlow+27","hierophant:Smite","hierophant:RustyCrate+1","hierophant:Doubloon","hierophant:Doubloon","hierophant:Smite","hierophant:Doubloon","hierophant:Charity+1","hierophant:MorningPrayer","hierophant:HolyVerse","hierophant:EyeForCoin","hierophant:Doubloon","hierophant:Doubloon","hierophant:Doubloon","hierophant:CursedGold+1","hierophant:Doubloon","hierophant:Doubloon","hierophant:EyeForCoin+1","conspire:SpireCoStock","conspire:SpireCoStock","conspire:SpireCoStock","conspire:SpireCoStock","hierophant:Doubloon+1","hierophant:Doubloon","hierophant:Doubloon"],"relics":["hierophant:PropheticMaskRelic","NeowsBlessing","conspire:DecoderRing","PreservedInsect","Runesmith:Locket","Singing Bowl","hubris:MysteriousPyramids","Question Card","Runesmith:UraniumAnvil","Tintinnabulum","Runic Dome","hubris:HerbalPaste","Runesmith:AutoHammer","conspire:BottledYoYo","Blood Vial","infinitespire:EvilPickle","Painkiller Herb","Mythril_Glove","Ornamental Fan"],"acts_visited":["Exordium","TheCity","TheBeyond"],"potions_floor_usage":[33,33,46,46],"damage_taken":[{"damage":0,"enemies":"2 Louse","floor":1,"turns":1},{"damage":0,"enemies":"Cultist","floor":3,"turns":1},{"damage":0,"enemies":"Gremlin Nob","floor":6,"turns":1},{"damage":0,"enemies":"3 Sentries","floor":8,"turns":1},{"damage":14,"enemies":"Gremlin Nob","floor":10,"turns":3},{"damage":0,"enemies":"Small Slimes","floor":11,"turns":1},{"damage":6,"enemies":"Exordium Thugs","floor":12,"turns":4},{"damage":0,"enemies":"Looter","floor":13,"turns":1},{"damage":0,"enemies":"Slime Boss","floor":16,"turns":1},{"damage":12,"enemies":"conspire:FuzzyDice","floor":18,"turns":4},{"damage":0,"enemies":"Shell Parasite","floor":19,"turns":1},{"damage":31,"enemies":"Snake Plant","floor":20,"turns":3},{"damage":20,"enemies":"Book of Stabbing","floor":23,"turns":2},{"damage":0,"enemies":"Centurion and Healer","floor":27,"turns":3},{"damage":0,"enemies":"conspire:Head Lice","floor":28,"turns":1},{"damage":15,"enemies":"conspire:HollyBat","floor":31,"turns":6},{"damage":30,"enemies":"Pondfish","floor":33,"turns":6},{"damage":0,"enemies":"Orb Walker","floor":35,"turns":2},{"damage":12,"enemies":"3 Darklings","floor":36,"turns":2},{"damage":5,"enemies":"Sphere and 2 Shapes","floor":37,"turns":2},{"damage":46,"enemies":"Transient","floor":39,"turns":5},{"damage":0,"enemies":"Nightmare","floor":44,"turns":1},{"damage":58,"enemies":"HollowMod:SlobberingHusk","floor":46,"turns":5},{"damage":25,"enemies":"conspire:MimicChest","floor":47,"turns":2}],"seed_played":"-3606785734316005646","potions_obtained":[{"floor":1,"key":"AttackPotion"},{"floor":8,"key":"Dexterity Potion"},{"floor":11,"key":"Adrenaline Potion"},{"floor":12,"key":"ColorlessPotion"},{"floor":33,"key":"Swift Potion"},{"floor":35,"key":"PowerPotion"},{"floor":46,"key":"SteroidPotion"}],"is_trial":false,"path_per_floor":["M","?","M","?","?","E","$","E","T","E","M","M","M","?","R","B",null,"M","M","M","?","AVR","E","R","?","T","M","E","R","$","M","R","B",null,"?","?","?","?","?","T","?","AVR","T","NM","T","?","?"],"character_chosen":"HIEROPHANT","items_purchased":["hierophant:HolyVerse","hierophant:RustyCrate","hierophant:MorningPrayer","hierophant:HolyVerse"],"campfire_rested":0,"item_purchase_floors":[7,7,30,30],"current_hp_per_floor":[75,75,75,75,75,75,75,77,77,65,65,61,61,40,40,42,83,71,73,42,42,43,27,28,29,30,39,40,41,42,36,37,18,89,91,81,86,87,50,51,52,53,54,59,60,13,0,0],"gold":1323,"neow_bonus":"THREE_ENEMY_KILL","is_daily":false,"chose_seed":false,"campfire_upgraded":6,"win_rate":0.0,"timestamp":1608861438,"path_taken":["M","?","?","?","?","E","$","E","T","E","?","M","M","?","R","BOSS","M","M","M","?","AVR","E","R","?","T","M","E","R","$","M","R","BOSS","?","?","?","?","?","T","?","AVR","T","NM","T","?","?"],"items_purchased_type":["Card","Card","Card","Card"],"build_version":"2020-12-22","purchased_purges":0,"victory":false,"max_hp_per_floor":[75,75,75,75,75,75,75,77,77,79,79,81,81,81,81,83,83,83,85,85,85,85,85,85,85,85,87,87,87,87,87,87,89,89,91,91,93,93,93,93,93,93,93,95,95,97,97,97],"card_choices":[{"not_picked":["hierophant:Alms","hierophant:HammerAndAnvil"],"picked":"hierophant:Smite","floor":1},{"not_picked":["hierophant:ThreeLashes","hierophant:MirrorShield"],"picked":"hierophant:DivineIntervention","floor":3},{"not_picked":["hierophant:Invocation","hierophant:FieryStrike"],"picked":"hierophant:HolyVerse","floor":6},{"not_picked":["hierophant:Chorus","hierophant:Empathy","hierophant:Community"],"picked":"Singing Bowl","floor":8},{"not_picked":["hierophant:Doubloon","hierophant:AuricBeam","hierophant:Blessing"],"picked":"Singing Bowl","floor":10},{"not_picked":["hierophant:Sermon","hierophant:DisplayOfPower","hierophant:FieryStrike"],"picked":"hierophant:PassingBell","floor":11},{"not_picked":["hierophant:Racketeering","hierophant:HammerAndAnvil","hierophant:AuricBeam","hierophant:SealAway"],"picked":"Singing Bowl","floor":12},{"not_picked":["hierophant:FaithHealing","hierophant:Determination","hierophant:Purify"],"picked":"hierophant:HolyVerse","floor":13},{"not_picked":["ReplayTheSpireMod:??????????????????????","ReplayTheSpireMod:Black Plague"],"picked":"hubris:InfiniteBlow+21","floor":14},{"not_picked":["hierophant:MintersHammer","hierophant:Cornucopia","hierophant:WrathOfGod","hierophant:Invocation"],"picked":"Singing Bowl","floor":16},{"not_picked":["hierophant:FlamingChariot","hierophant:Zeal","hierophant:HammerAndAnvil"],"picked":"hierophant:Smite","floor":18},{"not_picked":["hierophant:HammerAndAnvil","hierophant:Sermon+1","hierophant:Glossolalia+1","hierophant:OrnateJavelin+1"],"picked":"Singing Bowl","floor":19},{"not_picked":["hierophant:ConvertCurrency","hierophant:Dazzle","hierophant:HammerAndAnvil"],"picked":"hierophant:RustyCrate+1","floor":20},{"not_picked":["hierophant:DivineIntervention","hierophant:MirrorShield","hierophant:Purify+1"],"picked":"hierophant:Smite","floor":23},{"not_picked":["hierophant:Invocation","hierophant:Shelter+1","hierophant:SealAway","hierophant:Remorse+1"],"picked":"Singing Bowl","floor":27},{"not_picked":["hierophant:HammerAndAnvil","hierophant:Shelter","hierophant:Smite+1"],"picked":"hierophant:Charity+1","floor":28},{"not_picked":["hierophant:DisplayOfPower+1","hierophant:Community","hierophant:Anathema"],"picked":"hierophant:EyeForCoin","floor":31},{"not_picked":["hierophant:Batter","hierophant:DeathKnell","hierophant:Levitation","hierophant:Cornucopia"],"picked":"Singing Bowl","floor":33},{"not_picked":["hierophant:ArchangelShield+1","hierophant:Rebuild","hierophant:Remorse","hierophant:Purify"],"picked":"Singing Bowl","floor":35},{"not_picked":["hierophant:OrnateBuckler+1","hierophant:Upheaval+1","hierophant:Sermon"],"picked":"hierophant:CursedGold+1","floor":36},{"not_picked":["hierophant:Empathy","hierophant:OrnateJavelin","hierophant:Sermon","hierophant:FlamingChariot"],"picked":"Singing Bowl","floor":37},{"not_picked":["hierophant:MorningPrayer","hierophant:Martyrdom+1","hierophant:Chorus"],"picked":"hierophant:EyeForCoin+1","floor":39},{"not_picked":["hierophant:Shelter","hierophant:FlamingChariot+1","hierophant:RustyCrate+1","hierophant:SecretStash+1"],"picked":"Singing Bowl","floor":44},{"not_picked":["hierophant:FieryStrike","hierophant:RepressedViolence+1","hierophant:RustyCrate+1","hierophant:Mercenaries+1"],"picked":"Singing Bowl","floor":46}],"player_experience":541598,"relics_obtained":[{"floor":4,"key":"conspire:DecoderRing"},{"floor":6,"key":"Runesmith:Locket"},{"floor":8,"key":"Singing Bowl"},{"floor":9,"key":"hubris:MysteriousPyramids"},{"floor":10,"key":"Question Card"},{"floor":23,"key":"Runesmith:AutoHammer"},{"floor":26,"key":"conspire:BottledYoYo"},{"floor":28,"key":"Blood Vial"},{"floor":44,"key":"Ornamental Fan"}],"event_choices":[{"damage_healed":0,"gold_gain":0,"player_choice":"Forge","damage_taken":0,"max_hp_gain":0,"max_hp_loss":0,"event_name":"Accursed Blacksmith","floor":2,"gold_loss":0,"cards_upgraded":["hierophant:Smite"]},{"damage_healed":0,"gold_gain":0,"player_choice":"Gave Potion","damage_taken":0,"relics_obtained":["PreservedInsect"],"max_hp_gain":0,"max_hp_loss":0,"event_name":"WeMeetAgain","floor":5,"gold_loss":0},{"damage_healed":0,"gold_gain":0,"player_choice":"Ignored","damage_taken":0,"max_hp_gain":0,"max_hp_loss":0,"event_name":"Ghosts","floor":25,"gold_loss":0},{"damage_healed":0,"gold_gain":0,"player_choice":"Ignored","damage_taken":0,"max_hp_gain":0,"max_hp_loss":0,"event_name":"Tomb of Lord Red Mask","floor":38,"gold_loss":0},{"damage_healed":0,"gold_gain":0,"player_choice":"Invest 4","damage_taken":0,"max_hp_gain":0,"max_hp_loss":0,"event_name":"conspire:Investor","floor":41,"gold_loss":0}],"is_beta":false,"boss_relics":[{"not_picked":["Astrolabe","hubris:GrandSneckoEye"],"picked":"Runesmith:UraniumAnvil"},{"not_picked":["infinitespire:Cupcake","Runic Pyramid"],"picked":"Painkiller Herb"}],"items_purged_floors":[],"is_endless":false,"potions_floor_spawned":[1,8,11,12,19,20,31,33,35,37,46],"killed_by":"conspire:MimicChest","ascension_level":0}}