{"host":"m94dsuwomejivryp","time":1608869777,"event":{"mods":["AchievementEnabler","BaseMod","Minty Spire (QoL Compilation)","StSLib","SuperFastMode"],"gold_per_floor":[116,191,191,252,302,336,349,349,376,920,940,955,968,988,988,1093,1093,1111,1086,1136,1147,1197,1224,1224,1292,1292,1292,1308,1358,1386,1436,1436,1533,1533,1544,0,50,625,641,641,40,90,90,190,190,210,241,253,253,253,253,253,1097,1123,1123],"floor_reached":56,"playtime":1531,"items_purged":["Writhe","Madness+1"],"score":1415,"play_id":"00ef5036-e37b-4a3b-bd66-39a454ce154f","local_time":"20201225131617","is_ascension_mode":false,"campfire_choices":[{"data":"Infernal Blade","floor":8,"key":"SMITH"},{"floor":15,"key":"RECALL"},{"data":"Demon Form","floor":24,"key":"SMITH"},{"data":"Flex","floor":27,"key":"SMITH"},{"data":"Anger","floor":32,"key":"SMITH"},{"data":"Offering","floor":40,"key":"SMITH"},{"data":"Magnetism","floor":45,"key":"SMITH"},{"data":"Madness","floor":49,"key":"SMITH"},{"data":"Madness","floor":52,"key":"SMITH"}],"circlet_count":0,"master_deck":["Clash+1","Clash+1","Clash+1","Clash+1","Clash+1","Clash+1","Clash+1","Clash+1","Anger+1","Infernal Blade+1","Anger+1","Master of Strategy+1","Master of Strategy+1","Demon Form+1","Flex+1","Offering+1","Anger+1","Flash of Steel","Magnetism+1","Madness+1","Consecrate+1","Flash of Steel+1"],"relics":["Black Blood","Ginger","SsserpentHead","Toy Ornithopter","Happy Flower","Toolbox","Whetstone","Centennial Puzzle","Philosopher\u0027s Stone","Boot","Sundial","PreservedInsect","Red Skull","Red Mask","HandDrill","Anchor","Lizard Tail","Ice Cream","Blood Vial","PrismaticShard","Bottled Tornado","Gambling Chip","Dream Catcher","Chemical X","Self Forming Clay","Pen Nib","Bronze Scales"],"acts_visited":["Exordium","TheCity","TheBeyond","TheEnding"],"potions_floor_usage":[6,16,16,23,33,44,47,54],"damage_taken":[{"damage":0,"enemies":"Jaw Worm","floor":1,"turns":1},{"damage":0,"enemies":"2 Louse","floor":4,"turns":1},{"damage":12,"enemies":"3 Sentries","floor":6,"turns":2},{"damage":0,"enemies":"Cultist","floor":7,"turns":1},{"damage":0,"enemies":"Exordium Wildlife","floor":11,"turns":1},{"damage":3,"enemies":"Exordium Thugs","floor":12,"turns":1},{"damage":3,"enemies":"Large Slime","floor":13,"turns":1},{"damage":6,"enemies":"Gremlin Gang","floor":14,"turns":1},{"damage":28,"enemies":"Hexaghost","floor":16,"turns":3},{"damage":3,"enemies":"2 Thieves","floor":18,"turns":1},{"damage":10,"enemies":"Chosen","floor":21,"turns":2},{"damage":0,"enemies":"Slavers","floor":23,"turns":1},{"damage":0,"enemies":"Snake Plant","floor":25,"turns":1},{"damage":0,"enemies":"Chosen and Byrds","floor":28,"turns":1},{"damage":0,"enemies":"Gremlin Leader","floor":30,"turns":1},{"damage":19,"enemies":"Collector","floor":33,"turns":6},{"damage":22,"enemies":"Orb Walker","floor":35,"turns":2},{"damage":6,"enemies":"3 Shapes","floor":39,"turns":1},{"damage":6,"enemies":"Mind Bloom Boss Battle","floor":44,"turns":2},{"damage":2,"enemies":"Writhing Mass","floor":46,"turns":2},{"damage":11,"enemies":"Nemesis","floor":47,"turns":3},{"damage":6,"enemies":"Spire Growth","floor":48,"turns":1},{"damage":118,"enemies":"Time Eater","floor":50,"turns":5},{"damage":68,"enemies":"Shield and Spear","floor":54,"turns":4},{"damage":109,"enemies":"The Heart","floor":55,"turns":7}],"seed_played":"-7150606292927236482","potions_obtained":[{"floor":1,"key":"PowerPotion"},{"floor":4,"key":"Block Potion"},{"floor":7,"key":"PowerPotion"},{"floor":16,"key":"Strength Potion"},{"floor":21,"key":"SteroidPotion"},{"floor":22,"key":"Energy Potion"},{"floor":22,"key":"ColorlessPotion"},{"floor":22,"key":"FairyPotion"},{"floor":25,"key":"SkillPotion"},{"floor":33,"key":"DistilledChaos"},{"floor":46,"key":"DuplicationPotion"},{"floor":48,"key":"Block Potion"}],"is_trial":false,"path_per_floor":["M","?","?","M","T","E","M","R","T","$","M","M","M","M","R","B",null,"M","?","?","M","?","E","R","M","T","R","M","?","E","?","R","B",null,"M","?","?","$","M","R","$","?","T","?","R","M","E","M","R","B",null,"R","$","E","B",null],"character_chosen":"IRONCLAD","items_purchased":["Toolbox","Whetstone","Centennial Puzzle","HandDrill","Anchor","Lizard Tail","Flash of Steel","Magnetism","Ice Cream","Blood Vial","PrismaticShard","Chemical X","Self Forming Clay","Pen Nib"],"campfire_rested":0,"item_purchase_floors":[10,10,10,38,38,38,38,38,41,41,41,53,53,53],"current_hp_per_floor":[72,61,61,67,67,61,67,67,67,67,72,72,72,72,72,53,72,72,72,72,68,68,72,72,72,72,72,72,72,72,72,72,59,72,62,62,62,62,68,68,68,59,59,72,72,72,72,72,72,48,72,72,72,16,48],"gold":1123,"neow_bonus":"ONE_RARE_RELIC","is_daily":false,"chose_seed":false,"campfire_upgraded":8,"win_rate":0.0,"timestamp":1608869777,"path_taken":["M","?","?","?","?","E","M","R","T","$","M","M","M","M","R","BOSS","M","?","?","M","?","E","R","?","T","R","M","?","E","?","R","BOSS","M","?","?","$","M","R","$","?","T","?","R","M","E","M","R","BOSS","R","$","E","BOSS"],"items_purchased_type":["Relic","Relic","Relic","Relic","Relic","Relic","Card","Card","Relic","Relic","Relic","Relic","Relic","Relic"],"build_version":"2020-12-22","purchased_purges":2,"victory":true,"max_hp_per_floor":[72,72,72,72,72,72,72,72,72,72,72,72,72,72,72,72,72,72,72,72,72,72,72,72,72,72,72,72,72,72,72,72,72,72,72,72,72,72,72,72,72,72,72,72,72,72,72,72,72,72,72,72,72,72,72],"card_choices":[{"not_picked":["Searing Blow","Havoc"],"picked":"Bloodletting","floor":1},{"not_picked":["Iron Wave","Clothesline","Evolve"],"picked":"SKIP","floor":4},{"not_picked":["Headbutt","Clothesline"],"picked":"Anger","floor":6},{"not_picked":["Evolve","Iron Wave"],"picked":"Infernal Blade","floor":7},{"not_picked":["Sever Soul","True Grit","Impervious"],"picked":"SKIP","floor":11},{"not_picked":["Iron Wave","Havoc"],"picked":"Anger","floor":12},{"not_picked":["Havoc","Thunderclap","Body Slam"],"picked":"SKIP","floor":13},{"not_picked":["Intimidate","Carnage","Second Wind"],"picked":"SKIP","floor":14},{"not_picked":["Exhume","Corruption"],"picked":"Demon Form","floor":16},{"not_picked":["Shrug It Off+1","True Grit","Dual Wield+1"],"picked":"SKIP","floor":18},{"not_picked":["Power Through","True Grit"],"picked":"Flex","floor":21},{"not_picked":["Headbutt","Intimidate+1","Entrench+1"],"picked":"SKIP","floor":23},{"not_picked":["Cleave","Disarm","Metallicize"],"picked":"SKIP","floor":25},{"not_picked":["Twin Strike+1","Iron Wave","Shrug It Off"],"picked":"SKIP","floor":28},{"not_picked":["Reaper","Dual Wield+1","Cleave+1"],"picked":"SKIP","floor":30},{"not_picked":["Brutality","Juggernaut"],"picked":"Offering","floor":33},{"not_picked":["Iron Wave","Armaments"],"picked":"Anger+1","floor":35},{"not_picked":["Sword Boomerang+1","Cleave","Heavy Blade"],"picked":"SKIP","floor":39},{"not_picked":["Crescendo","InnerPeace+1"],"picked":"Consecrate+1","floor":46},{"not_picked":["Protect","ReachHeaven+1"],"picked":"Flash of Steel+1","floor":47},{"not_picked":["Consecrate","Go for the Eyes+1","Blizzard+1"],"picked":"SKIP","floor":48},{"not_picked":["Armaments","Carnage","Finisher"],"picked":"SKIP","floor":54}],"player_experience":171644,"relics_obtained":[{"floor":6,"key":"Toy Ornithopter"},{"floor":9,"key":"Happy Flower"},{"floor":23,"key":"Boot"},{"floor":26,"key":"Sundial"},{"floor":30,"key":"PreservedInsect"},{"floor":43,"key":"Bottled Tornado"},{"floor":44,"key":"Gambling Chip"},{"floor":47,"key":"Dream Catcher"},{"floor":54,"key":"Bronze Scales"}],"event_choices":[{"damage_healed":0,"gold_gain":75,"player_choice":"Gather Gold","damage_taken":11,"max_hp_gain":0,"max_hp_loss":0,"event_name":"World of Goop","floor":2,"gold_loss":0},{"damage_healed":0,"gold_gain":0,"player_choice":"Trade","damage_taken":0,"relics_obtained":["SsserpentHead"],"max_hp_gain":0,"max_hp_loss":0,"event_name":"FaceTrader","floor":3,"gold_loss":0},{"cards_removed":["Bloodletting"],"damage_healed":0,"gold_gain":0,"player_choice":"Gave Gold","damage_taken":0,"max_hp_gain":0,"max_hp_loss":0,"event_name":"Beggar","floor":19,"gold_loss":75},{"cards_removed":["Master of Strategy"],"damage_healed":0,"gold_gain":0,"player_choice":"Elegance","damage_taken":0,"max_hp_gain":0,"max_hp_loss":0,"event_name":"Back to Basics","floor":20,"gold_loss":0},{"damage_healed":0,"gold_gain":0,"player_choice":"Got Potions","damage_taken":0,"max_hp_gain":0,"max_hp_loss":0,"event_name":"Lab","floor":22,"gold_loss":0},{"damage_healed":0,"gold_gain":0,"player_choice":"Ignored","damage_taken":0,"max_hp_gain":0,"max_hp_loss":0,"event_name":"Ghosts","floor":29,"gold_loss":0},{"damage_healed":0,"gold_gain":0,"player_choice":"Opened","damage_taken":0,"relics_obtained":["Red Skull"],"max_hp_gain":0,"max_hp_loss":0,"event_name":"The Mausoleum","floor":31,"gold_loss":0,"cards_obtained":["Writhe"]},{"damage_healed":0,"gold_gain":0,"player_choice":"Paid","damage_taken":0,"relics_obtained":["Red Mask"],"max_hp_gain":0,"max_hp_loss":0,"event_name":"Tomb of Lord Red Mask","floor":36,"gold_loss":1594},{"cards_removed":["Clash"],"damage_healed":0,"gold_gain":0,"player_choice":"Removed Attack","damage_taken":0,"max_hp_gain":0,"max_hp_loss":0,"event_name":"Falling","floor":37,"gold_loss":0},{"damage_healed":0,"gold_gain":0,"player_choice":"Embrace Madness","damage_taken":9,"max_hp_gain":0,"max_hp_loss":0,"event_name":"Winding Halls","floor":42,"gold_loss":0,"cards_obtained":["Madness","Madness"]},{"damage_healed":0,"gold_gain":0,"player_choice":"Fight","damage_taken":0,"max_hp_gain":0,"max_hp_loss":0,"event_name":"MindBloom","floor":44,"gold_loss":0}],"is_beta":false,"boss_relics":[{"not_picked":["Ectoplasm","Fusion Hammer"],"picked":"Philosopher\u0027s Stone"},{"not_picked":["Cursed Key","SlaversCollar"],"picked":"Black Blood"}],"items_purged_floors":[38,53],"is_endless":false,"potions_floor_spawned":[1,4,7,16,18,21,25,33,46,48],"ascension_level":0}}