{"host":"i3iesnh100m6i1gd","time":1608874054,"event":{"mods":["BaseMod","Colored Powertips","Downfall","Minty Spire (QoL Compilation)","Replay The Spire","StSLib"],"gold_per_floor":[99,109,123,142,160,260,283,283,309,321,337,351,378,391,405,507,507,507,524,632,650,151,186,186,111,111,176,252,85,99,159,225,265,265,265],"floor_reached":33,"playtime":3993,"items_purged":["hexamod:Defend","hexamod:Defend"],"score":397,"play_id":"8abe95c3-ef5d-4627-a41e-20c5391e5e0a","local_time":"20201224212734","is_ascension_mode":true,"campfire_choices":[{"data":"hexamod:Float","floor":1,"key":"SMITH"},{"data":"hexamod:SkipABeat","floor":18,"key":"SMITH"},{"floor":25,"key":"DIG"}],"circlet_count":0,"master_deck":["hexamod:Strike","hexamod:Strike","hexamod:Defend","hexamod:Defend","hexamod:Sear","hexamod:Float+1","hexamod:FlamesFromBeyond","hexamod:GhostLash+1","hexamod:SpectralAdrenaline","hexamod:NightmareStrike","hexamod:RetreatToShadows","hexamod:GhostOfSpirePresent","hexamod:FirstSeal","hexamod:TimeWarp","hexamod:SkipABeat+1","hexamod:DynamicBlow","hexamod:Hexaguard","hexamod:BacktrackSmack","hexamod:SpectersWail","hexamod:VolcanoVisage","hexamod:SecondSeal","hexamod:Rewind+1","hexamod:PowerFromBeyond+1","hexamod:GhostLash+1","hexamod:EtherealExpedition","hexamod:EmpoweredFlame","hexamod:Hexaguard","hexamod:StepThrough","hexamod:FastForward+1","hexamod:ThermalTransfer+1","hexamod:Again+1","hexamod:BacktrackSmack","hexamod:SoulSteal","hexamod:ThirdSeal","hexamod:SpectersWail","hexamod:NightmareStrike","hexamod:Hexaguard","hexamod:GhostLash","hexamod:EtherealExpedition","hexamod:SoulSteal+1"],"relics":["hexamod:SpiritBrand","Omamori","hexamod:MatchstickCase","Happy Flower","Ring of Chaos","Shovel","Replay:Bottled Snecko","Replay:Rubber Ducky","hexamod:SoulConsumer","downfall:HeartBlessingBlue","Pen Nib","downfall:KnowingSkull","Durian","BargainBundle"],"acts_visited":["Exordium","TheCity"],"potions_floor_usage":[9,19,33],"damage_taken":[{"damage":4,"enemies":"Small Slimes","floor":2,"turns":4},{"damage":0,"enemies":"2 Louse","floor":3,"turns":3},{"damage":0,"enemies":"Jaw Worm","floor":4,"turns":3},{"damage":6,"enemies":"Large Slime","floor":5,"turns":5},{"damage":7,"enemies":"downfall:Heads","floor":6,"turns":4},{"damage":7,"enemies":"Gremlin Nob","floor":9,"turns":3},{"damage":0,"enemies":"3 Louse","floor":10,"turns":3},{"damage":8,"enemies":"Lots of Slimes","floor":11,"turns":4},{"damage":6,"enemies":"Red Slaver","floor":12,"turns":3},{"damage":9,"enemies":"Lagavulin","floor":13,"turns":4},{"damage":2,"enemies":"2 Fungi Beasts","floor":14,"turns":3},{"damage":11,"enemies":"Large Slime","floor":15,"turns":6},{"damage":20,"enemies":"downfall:Silent","floor":16,"turns":6},{"damage":3,"enemies":"3 Byrds","floor":19,"turns":4},{"damage":55,"enemies":"downfall:Defect","floor":20,"turns":7},{"damage":0,"enemies":"Chosen","floor":21,"turns":3},{"damage":6,"enemies":"downfall:FleeingMerchant","floor":22,"turns":4},{"damage":6,"enemies":"Replay:Snechameleon","floor":23,"turns":6},{"damage":14,"enemies":"Centurion and Healer","floor":27,"turns":5},{"damage":24,"enemies":"Slavers","floor":28,"turns":4},{"damage":3,"enemies":"downfall:FleeingMerchant","floor":29,"turns":4},{"damage":5,"enemies":"Snecko","floor":30,"turns":4},{"damage":3,"enemies":"Snake Plant","floor":31,"turns":3},{"damage":3,"enemies":"Chosen and Byrds","floor":32,"turns":3},{"damage":39,"enemies":"downfall:Ironclad","floor":33,"turns":4}],"seed_played":"-6034895962497530908","potions_obtained":[{"floor":2,"key":"hexamod:DoubleChargePotion"},{"floor":5,"key":"SneckoOil"},{"floor":11,"key":"DuplicationPotion"},{"floor":14,"key":"Strength Potion"},{"floor":19,"key":"SpeedPotion"},{"floor":21,"key":"Languid Potion"},{"floor":23,"key":"Strength Potion"},{"floor":28,"key":"Dexterity Potion"}],"is_trial":false,"path_per_floor":["R","M","M","M","M","?","T","?","E","M","M","M","E","M","M","B",null,"R","M","?","M","$","E","T","R","?","M","E","$","M","M","M","B"],"character_chosen":"THE_SPIRIT","items_purchased":["hexamod:EtherealExpedition","Replay:Rubber Ducky","hexamod:EmpoweredFlame","hexamod:Hexaguard","hexamod:StepThrough","BargainBundle","hexamod:SoulSteal","hexamod:ThirdSeal","hexamod:SpectersWail","hexamod:NightmareStrike"],"campfire_rested":0,"item_purchase_floors":[22,22,22,22,22,29,29,29,29,29],"current_hp_per_floor":[77,73,73,73,67,60,60,53,53,60,59,60,58,56,52,39,77,77,77,29,36,37,38,38,48,41,34,22,26,28,32,36,0,0,0],"gold":265,"neow_bonus":"TEN_PERCENT_HP_BONUS","is_daily":false,"chose_seed":false,"campfire_upgraded":2,"win_rate":0.0,"timestamp":1608874054,"path_taken":["R","M","M","M","M","?","T","?","E","?","M","M","E","M","M","BOSS","R","M","?","M","$","E","T","R","?","M","E","$","M","M","M","BOSS"],"items_purchased_type":["Card","Relic","Card","Card","Card","Relic","Card","Card","Card","Card"],"build_version":"2020-12-22","purchased_purges":2,"victory":false,"max_hp_per_floor":[77,77,77,77,77,77,77,77,77,77,77,77,77,77,77,77,77,77,77,77,77,77,77,77,87,87,87,92,92,92,92,92,92,92,92],"card_choices":[{"not_picked":["hexamod:SpectersWail","hexamod:PhantomCloak"],"picked":"hexamod:FlamesFromBeyond","floor":2},{"not_picked":["hexamod:ShieldOfDarkness","hexamod:HauntingEcho"],"picked":"hexamod:GhostLash","floor":3},{"not_picked":["hexamod:HauntingEcho","hexamod:ThermalTransfer"],"picked":"hexamod:SpectralAdrenaline","floor":4},{"not_picked":["hexamod:PhantomCloak","hexamod:HauntingEcho"],"picked":"hexamod:NightmareStrike","floor":5},{"not_picked":["hexamod:Toasty","hexamod:GhostLash"],"picked":"hexamod:GhostOfSpirePresent","floor":6},{"not_picked":["hexamod:ShieldOfDarkness","hexamod:PhantomCloak"],"picked":"hexamod:TimeWarp","floor":9},{"not_picked":["hexamod:SpectralSpark","hexamod:HeatShield"],"picked":"hexamod:SkipABeat","floor":10},{"not_picked":["hexamod:NightmareStrike","hexamod:Hexaguard"],"picked":"hexamod:DynamicBlow","floor":11},{"not_picked":["hexamod:Haunt","hexamod:RadiantFlame"],"picked":"hexamod:Hexaguard","floor":12},{"not_picked":["hexamod:GhostflameBarrier","hexamod:RadiantFlame"],"picked":"hexamod:BacktrackSmack","floor":13},{"not_picked":["hexamod:StepThrough","hexamod:FastForward"],"picked":"hexamod:SpectersWail","floor":14},{"not_picked":["hexamod:BurningTouch","hexamod:GhostflameBarrier","hexamod:ChargedBarrage"],"picked":"SKIP","floor":15},{"not_picked":["hexamod:GhostflameInferno","hexamod:TurnItUp"],"picked":"hexamod:VolcanoVisage","floor":16},{"not_picked":["hexamod:BurningTouch","hexamod:GhostOfSpirePresent"],"picked":"hexamod:SecondSeal","floor":19},{"not_picked":["hexamod:SuperheatedStrike","hexamod:FastForward"],"picked":"hexamod:Rewind+1","floor":20},{"not_picked":["hexamod:AdvancingGuard","hexamod:GhostflameBarrier+1"],"picked":"hexamod:PowerFromBeyond+1","floor":21},{"not_picked":["hexamod:PhantomCloak","hexamod:Hexaguard"],"picked":"hexamod:GhostLash+1","floor":22},{"not_picked":["hexamod:HeatShield+1","hexamod:RainOfEmbers"],"picked":"hexamod:FastForward+1","floor":23},{"not_picked":["hexamod:GhostLash","hexamod:GhostOfSpirePresent"],"picked":"hexamod:ThermalTransfer+1","floor":27},{"not_picked":["hexamod:Rewind","hexamod:SwordOfDarkness"],"picked":"hexamod:Again+1","floor":28},{"not_picked":["hexamod:ThermalTransfer","hexamod:FastForward+1"],"picked":"hexamod:BacktrackSmack","floor":29},{"not_picked":["hexamod:Firestarter","hexamod:FlamesFromBeyond"],"picked":"hexamod:Hexaguard","floor":30},{"not_picked":["hexamod:AdvancingGuard+1","hexamod:SuperheatedStrike+1"],"picked":"hexamod:GhostLash","floor":31},{"not_picked":["hexamod:GhostLash","hexamod:Incineration+1"],"picked":"hexamod:EtherealExpedition","floor":31},{"not_picked":["hexamod:BacktrackSmack","hexamod:Hexaguard"],"picked":"hexamod:SoulSteal+1","floor":32}],"player_experience":97634,"relics_obtained":[{"floor":7,"key":"Omamori"},{"floor":9,"key":"hexamod:MatchstickCase"},{"floor":13,"key":"Happy Flower"},{"floor":20,"key":"Shovel"},{"floor":20,"key":"Replay:Bottled Snecko"},{"floor":23,"key":"hexamod:SoulConsumer"},{"floor":25,"key":"Pen Nib"},{"floor":28,"key":"Durian"}],"event_choices":[],"is_beta":false,"boss_relics":[{"not_picked":["SlaversCollar","Fusion Hammer"],"picked":"Ring of Chaos"}],"items_purged_floors":[22,29],"is_endless":false,"potions_floor_spawned":[2,5,11,14,15,19,21,23,28],"killed_by":"downfall:Ironclad","ascension_level":1}}