{"host":"vc42n08di9czm3e7","time":1608871037,"event":{"mods":["AchievementEnabler","Act Like it!","BaseMod","Colored Powertips","Downfall","Friendly Minions","GifTheSpireLib","Hubris","Minty Spire (QoL Compilation)","Rare Cards Sparkle","StSLib"],"gold_per_floor":[99,99,99,99,63,94,146,71,71,71,89,51,71,88,107,107,107,107],"floor_reached":16,"playtime":840,"items_purged":[],"score":98,"play_id":"b028bd4a-511d-4322-ace4-f4be66fa3114","local_time":"20201224233717","is_ascension_mode":false,"campfire_choices":[{"floor":1,"key":"RECALL"},{"floor":8,"key":"REST"}],"circlet_count":0,"master_deck":["Slimebound:Strike_Slimebound","Slimebound:Strike_Slimebound","Slimebound:Strike_Slimebound","Slimebound:Tackle","Slimebound:Defend_Slimebound","Slimebound:Defend_Slimebound","Slimebound:Defend_Slimebound","Slimebound:Defend_Slimebound","Slimebound:Split","Slimebound:CorrosiveSpit","Slimebound:ProtectTheBoss","Slimebound:Repurpose","Slimebound:Dissolve","Slimebound:OozeBath","Slimebound:SplitAcid","Slimebound:SpikyOuterGoop","Slimebound:FinishingTackle","Slimebound:GoopSpray","Slimebound:SlimeSpikes","Slimebound:SplitLeeching"],"relics":["Slimebound:AbsorbEndCombat","downfall:HeartsMalice","Matryoshka","Potion Belt","Bag of Preparation","downfall:HeartBlessingRed"],"acts_visited":["Exordium"],"potions_floor_usage":[16,16],"damage_taken":[{"damage":0,"enemies":"Small Slimes","floor":2,"turns":1},{"damage":0,"enemies":"Cultist","floor":4,"turns":1},{"damage":0,"enemies":"downfall:FleeingMerchant","floor":5,"turns":1},{"damage":58,"enemies":"Lagavulin","floor":6,"turns":8},{"damage":4,"enemies":"2 Louse","floor":11,"turns":4},{"damage":8,"enemies":"downfall:FleeingMerchant","floor":12,"turns":4},{"damage":17,"enemies":"Exordium Wildlife","floor":13,"turns":3},{"damage":9,"enemies":"Lots of Slimes","floor":14,"turns":3},{"damage":20,"enemies":"3 Louse","floor":15,"turns":4},{"damage":54,"enemies":"downfall:Defect","floor":16,"turns":8}],"seed_played":"-8307583099055050067","potions_obtained":[{"floor":6,"key":"Slimebound:SpawnSlimePotion"},{"floor":13,"key":"BlessingOfTheForge"},{"floor":14,"key":"GamblersBrew"}],"is_trial":false,"path_per_floor":["R","M","?","M","$","E","T","R","?","?","M","$","M","M","M","B"],"character_chosen":"SLIMEBOUND","items_purchased":["Slimebound:Dissolve","Slimebound:FinishingTackle"],"campfire_rested":1,"item_purchase_floors":[5,12],"current_hp_per_floor":[60,60,60,60,60,15,15,33,33,33,39,45,40,43,33,0,0,0],"gold":107,"neow_bonus":"THREE_ENEMY_KILL","is_daily":false,"chose_seed":false,"campfire_upgraded":0,"win_rate":0.0,"timestamp":1608871037,"path_taken":["R","M","?","M","?","E","T","R","?","?","M","$","M","M","M","BOSS"],"items_purchased_type":["Card","Card"],"build_version":"2020-12-22","purchased_purges":0,"victory":false,"max_hp_per_floor":[60,60,60,60,60,60,60,60,60,60,60,60,60,60,60,60,60,60],"card_choices":[{"not_picked":["Slimebound:PressTheAttack","Slimebound:GrowthPunch"],"picked":"Slimebound:HauntingLick","floor":2},{"not_picked":["Slimebound:SplitMire","Slimebound:PressTheAttack"],"picked":"Slimebound:ProtectTheBoss","floor":4},{"not_picked":["Slimebound:SplitMire","Slimebound:PressTheAttack"],"picked":"Slimebound:Repurpose","floor":5},{"not_picked":["Slimebound:ViciousTackle","Slimebound:LeechEnergy"],"picked":"Slimebound:OozeBath","floor":6},{"not_picked":["Slimebound:SlimeTap","Slimebound:ForwardTackle"],"picked":"Slimebound:SplitAcid","floor":11},{"not_picked":["Slimebound:PressTheAttack","Slimebound:SplitMire"],"picked":"Slimebound:SpikyOuterGoop","floor":12},{"not_picked":["Slimebound:ComboTackle","Slimebound:LeechEnergy"],"picked":"Slimebound:GoopSpray","floor":13},{"not_picked":["Slimebound:Schlurp","Slimebound:FinishingTackle"],"picked":"Slimebound:SlimeSpikes","floor":14},{"not_picked":["Slimebound:Nibble","Slimebound:BestDefense"],"picked":"Slimebound:SplitLeeching","floor":15}],"player_experience":210057,"relics_obtained":[{"floor":6,"key":"Matryoshka"},{"floor":7,"key":"Potion Belt"},{"floor":7,"key":"Bag of Preparation"}],"event_choices":[{"cards_removed":["Slimebound:HauntingLick"],"damage_healed":0,"gold_gain":0,"player_choice":"Offered Uncommon","damage_taken":0,"max_hp_gain":0,"max_hp_loss":0,"event_name":"Bonfire Elementals","floor":3,"gold_loss":0}],"is_beta":false,"boss_relics":[],"items_purged_floors":[],"is_endless":false,"potions_floor_spawned":[6,13,14],"killed_by":"downfall:Defect","ascension_level":0}}