{"host":"v1m5rkjj38qutr02","time":1608884949,"event":{"mods":["Act Like it!","BaseMod","Conspire","Gensokyo","GungeonMod","Hallownest","Minty Spire (QoL Compilation)","Replay The Spire","StSLib","The Bug Knight","Youmu£®ªÍ∆«—˝√Œ£©"],"gold_per_floor":[111,111,130,130,80,113,113,127,153,153,168,168,14,25,25,25,25],"floor_reached":16,"playtime":428,"items_purged":[],"score":142,"play_id":"bd72af25-a6b4-46db-aca1-6cde73c996eb","local_time":"20201225162909","is_ascension_mode":true,"campfire_choices":[{"data":"Worship","floor":12,"key":"SMITH"},{"data":"MentalFortress","floor":15,"key":"SMITH"}],"circlet_count":0,"master_deck":["Strike_P","Strike_P","Defend_P","Defend_P","Defend_P","Defend_P","Eruption","Vigilance","Vengeance","Crescendo+1","SpiritShield+1","InnerPeace","Worship+1","Prostrate","MentalFortress+1","Indignation"],"relics":["PureWater","NeowsBlessing","Mirror","Damaru"],"acts_visited":["Exordium"],"potions_floor_usage":[10,14],"damage_taken":[{"damage":0.0,"enemies":"Small Slimes","floor":1.0,"turns":2.0},{"damage":0.0,"enemies":"Cultist","floor":3.0,"turns":1.0},{"damage":0.0,"enemies":"Gremlin Nob","floor":6.0,"turns":1.0},{"damage":0.0,"enemies":"Jaw Worm","floor":8.0,"turns":4.0},{"damage":0,"enemies":"Lagavulin","floor":10,"turns":1},{"damage":0,"enemies":"2 Fungi Beasts","floor":11,"turns":5},{"damage":13,"enemies":"Exordium Thugs","floor":14,"turns":7},{"damage":0,"enemies":"Fading Forest","floor":16,"turns":3}],"seed_played":"-4142700935325181559","potions_obtained":[{"floor":1.0,"key":"Elixir"},{"floor":2.0,"key":"SmokeBomb"},{"floor":2.0,"key":"DistilledChaos"},{"floor":11,"key":"FearPotion"}],"is_trial":false,"path_per_floor":["M","?","M","?","?","E","?","M","T","E","M","R","$","M","R","B"],"character_chosen":"WATCHER","items_purchased":["MentalFortress","Indignation"],"campfire_rested":0,"item_purchase_floors":[13,13],"current_hp_per_floor":[72,72,72,72,72,72,72,72,72,72,72,72,72,59,59,59,59],"gold":25,"neow_bonus":"THREE_ENEMY_KILL","is_daily":false,"chose_seed":false,"campfire_upgraded":2,"win_rate":0.0,"timestamp":1608884949,"path_taken":["M","?","?","?","?","E","?","M","T","E","?","R","$","M","R","BOSS"],"items_purchased_type":["Card","Card"],"build_version":"2020-12-22","purchased_purges":0,"victory":false,"max_hp_per_floor":[72,72,72,72,72,72,72,72,72,72,72,72,72,72,72,72,72],"card_choices":[{"not_picked":["Replay:BluntJabs","Weave"],"picked":"Vengeance","floor":1.0},{"not_picked":["Meditate","Collect"],"picked":"Crescendo","floor":3.0},{"not_picked":["Consecrate","Vault"],"picked":"InnerPeace","floor":6.0},{"not_picked":["WindmillStrike","Replay:AtTheReady"],"picked":"Worship","floor":8.0},{"not_picked":["CrushJoints","Replay:BluntJabs"],"picked":"Prostrate","floor":11},{"not_picked":["MentalFortress","EmptyBody","BowlingBash"],"picked":"SKIP","floor":14}],"player_experience":381437,"relics_obtained":[{"floor":6.0,"key":"Mirror"},{"floor":9.0,"key":"Damaru"}],"event_choices":[{"damage_healed":0.0,"max_hp_gain":0.0,"max_hp_loss":0.0,"gold_gain":0.0,"event_name":"Lab","player_choice":"Got Potions","floor":2.0,"gold_loss":0.0,"damage_taken":0.0},{"cards_removed":["Strike_P"],"damage_healed":0.0,"max_hp_gain":0.0,"max_hp_loss":0.0,"gold_gain":0.0,"event_name":"The Cleric","player_choice":"Card Removal","floor":5.0,"gold_loss":50.0,"damage_taken":0.0},{"damage_healed":0.0,"max_hp_gain":0.0,"max_hp_loss":0.0,"gold_gain":0.0,"event_name":"Accursed Blacksmith","player_choice":"Forge","floor":7.0,"gold_loss":0.0,"damage_taken":0.0,"cards_upgraded":["Crescendo"]}],"is_beta":false,"boss_relics":[],"items_purged_floors":[],"is_endless":false,"potions_floor_spawned":[1,8,11],"killed_by":"Fading Forest","ascension_level":1}}