{"host":"wfy07lporsqrbz3r","time":1608898974,"event":{"mods":["BaseMod","Minty Spire (QoL Compilation)","Replay The Spire","StSLib"],"gold_per_floor":[116,116,133,133,145,170,170,170,170],"floor_reached":8,"playtime":181,"items_purged":[],"score":112,"play_id":"e5e33805-2f63-4290-be1f-34f24e53ce13","local_time":"20201225202254","is_ascension_mode":true,"campfire_choices":[{"floor":7,"key":"REST"}],"circlet_count":0,"master_deck":["AscendersBane","Strike_G","Strike_G","Strike_G","Strike_G","Defend_G","Defend_G","Defend_G","Defend_G","Survivor","Neutralize","Predator","ReplayTheSpireMod:Tripwire","Bullet Time","Underhanded Strike","Malaise"],"relics":["Ring of the Snake","NeowsBlessing","Ancient Tea Set"],"acts_visited":["Exordium"],"potions_floor_usage":[8],"damage_taken":[{"damage":0,"enemies":"Small Slimes","floor":1,"turns":1},{"damage":0,"enemies":"Cultist","floor":3,"turns":1},{"damage":0,"enemies":"Jaw Worm","floor":5,"turns":1},{"damage":44,"enemies":"3 Sentries","floor":6,"turns":12},{"damage":22,"enemies":"Gremlin Nob","floor":8,"turns":5}],"seed_played":"-5150593632362830558","potions_obtained":[{"floor":1,"key":"Elixir"},{"floor":3,"key":"Energy Potion"}],"is_trial":false,"path_per_floor":["M","?","M","?","M","E","R","E"],"character_chosen":"THE_SILENT","items_purchased":[],"campfire_rested":1,"item_purchase_floors":[],"current_hp_per_floor":[59,59,59,59,59,15,34,12,12],"gold":170,"neow_bonus":"THREE_ENEMY_KILL","is_daily":false,"chose_seed":false,"campfire_upgraded":0,"win_rate":0.0,"timestamp":1608898974,"path_taken":["M","?","?","?","?","E","R","E"],"items_purchased_type":[],"build_version":"2020-12-22","purchased_purges":0,"victory":false,"max_hp_per_floor":[66,66,66,66,66,66,66,66,66],"card_choices":[{"not_picked":["Dodge and Roll","Outmaneuver"],"picked":"Predator","floor":1},{"not_picked":["Acrobatics","Sucker Punch"],"picked":"Bullet Time","floor":3},{"not_picked":["Cloak And Dagger","Blur"],"picked":"Underhanded Strike","floor":5},{"not_picked":["Dagger Spray","PiercingWail"],"picked":"Malaise","floor":6}],"player_experience":714680,"relics_obtained":[{"floor":6,"key":"Ancient Tea Set"}],"event_choices":[{"damage_healed":0,"gold_gain":0,"cards_transformed":["Strike_G"],"player_choice":"Transformed","damage_taken":0,"max_hp_gain":0,"max_hp_loss":0,"event_name":"Transmorgrifier","floor":2,"gold_loss":0,"cards_obtained":["ReplayTheSpireMod:Tripwire"]},{"cards_removed":["Defend_G"],"damage_healed":0,"gold_gain":0,"player_choice":"Offered Basic","damage_taken":0,"max_hp_gain":0,"max_hp_loss":0,"event_name":"Bonfire Elementals","floor":4,"gold_loss":0}],"is_beta":false,"boss_relics":[],"items_purged_floors":[],"is_endless":false,"potions_floor_spawned":[1,3],"killed_by":"Gremlin Nob","ascension_level":20}}