{"host":"kiah4uoohy01p0hv","time":1608904391,"event":{"mods":["AchievementEnabler","Aspiration","BaseMod","BetterRewards","CCEM","Colored Map","Colored Powertips","Conspire","Highlight Path","Hubris","Infinite Spire","Minty Spire (QoL Compilation)","Permanent Neow","Replay The Spire","Spicy Shops","Spikes Relics","StSLib"],"gold_per_floor":[116,116,116,116,129,129,162,180,180,180,198,214,214,314,314,314,314],"floor_reached":16,"playtime":927,"items_purged":[],"score":100,"play_id":"1d8d688e-de7f-47b1-a2e8-814a286b800f","local_time":"20201225235311","is_ascension_mode":false,"campfire_choices":[{"data":"Ragnarok","floor":6,"key":"SMITH"},{"data":"Eruption","floor":10,"key":"SMITH"},{"floor":15,"key":"DIG"}],"circlet_count":0,"master_deck":["Strike_P","Strike_P","Strike_P","Strike_P","Defend_P","Defend_P","Defend_P","Defend_P","Eruption+1","Vigilance","Ragnarok+1","Regret","TalkToTheHand","WaveOfTheHand","Prostrate","Evaluate"],"relics":["PureWater","Tiny Chest","Replay:Kaleidoscope","FaceOfCleric","Potion Belt","Snack Pack","hubris:DeckOfHolding","Toy Ornithopter"],"acts_visited":["Exordium"],"potions_floor_usage":[7,16],"damage_taken":[{"damage":0,"enemies":"Jaw Worm","floor":1,"turns":3},{"damage":0,"enemies":"2 Louse","floor":5,"turns":1},{"damage":34,"enemies":"3 Sentries","floor":7,"turns":5},{"damage":0,"enemies":"Cultist","floor":8,"turns":2},{"damage":3,"enemies":"Looter","floor":11,"turns":2},{"damage":12,"enemies":"3 Louse","floor":12,"turns":2},{"damage":33,"enemies":"Hexaghost","floor":16,"turns":9}],"seed_played":"7554946550755074627","potions_obtained":[{"floor":5,"key":"CultistPotion"},{"floor":12,"key":"Ancient Potion"}],"is_trial":false,"path_per_floor":["M","?","?","?","M","R","E","M","T","R","M","M","T","?","R_BF","B"],"character_chosen":"WATCHER","items_purchased":[],"campfire_rested":0,"item_purchase_floors":[],"current_hp_per_floor":[72,72,72,72,73,73,40,41,41,41,39,28,28,28,28,0,0],"gold":314,"neow_bonus":"ONE_RANDOM_RARE_CARD","is_daily":false,"chose_seed":false,"campfire_upgraded":2,"win_rate":0.0,"timestamp":1608904391,"path_taken":["M","?","?","?","M","R","E","M","T","R","?","M","?","?","R_BF","BOSS"],"items_purchased_type":[],"build_version":"2020-12-22","purchased_purges":0,"victory":false,"max_hp_per_floor":[72,72,72,72,73,73,74,75,75,75,76,77,77,77,77,77,77],"card_choices":[{"not_picked":["ClearTheMind","Nirvana","Fasting2"],"picked":"SKIP","floor":1},{"not_picked":["Halt","SashWhip","Protect"],"picked":"SKIP","floor":5},{"not_picked":["CutThroughFate","FlyingSleeves"],"picked":"TalkToTheHand","floor":7},{"not_picked":["CutThroughFate","ThirdEye"],"picked":"WaveOfTheHand","floor":8},{"not_picked":["WindmillStrike","ClearTheMind"],"picked":"Prostrate","floor":11},{"not_picked":["Protect","CrushJoints"],"picked":"Evaluate","floor":12}],"player_experience":223430,"relics_obtained":[{"floor":3,"key":"Replay:Kaleidoscope"},{"floor":7,"key":"Potion Belt"},{"floor":9,"key":"Snack Pack"},{"floor":13,"key":"hubris:DeckOfHolding"},{"floor":15,"key":"Toy Ornithopter"}],"event_choices":[{"damage_healed":0,"gold_gain":0,"player_choice":"Box","damage_taken":0,"relics_obtained":["Tiny Chest"],"max_hp_gain":0,"max_hp_loss":0,"event_name":"Big Fish","floor":2,"gold_loss":0,"cards_obtained":["Regret"]},{"damage_healed":0,"gold_gain":0,"player_choice":"Trade","damage_taken":0,"relics_obtained":["FaceOfCleric"],"max_hp_gain":0,"max_hp_loss":0,"event_name":"FaceTrader","floor":4,"gold_loss":0},{"damage_healed":0,"gold_gain":100,"player_choice":"Pray","damage_taken":0,"max_hp_gain":0,"max_hp_loss":0,"event_name":"Golden Shrine","floor":14,"gold_loss":0}],"is_beta":false,"boss_relics":[],"items_purged_floors":[],"is_endless":false,"potions_floor_spawned":[5,12],"killed_by":"Hexaghost","ascension_level":0}}