{"host":"30jsp143e4v19aze","time":1608931465,"event":{"mods":["BaseMod","Colored Map","Colored Powertips","Curses Come First","DeckTracker","Highlight Path","Minty Spire (QoL Compilation)","Quick Restart","Relic Stats","StSLib","everything is the same but u backflip on backflip","slay the spire mod where everything is the same but ironclad has a cowboy hat"],"gold_per_floor":[112,122,132,282,297,297,257,257,307,60,93,110,110,136,136,210,210,223,223,223,36,52,86,96,96,96,124,137,137,168,83,83,159,159,173,183,183,198,198,420,445,445,445,470,503,517,552,570,570,570,570],"floor_reached":50,"playtime":4440,"items_purged":["Doubt"],"score":1381,"play_id":"1d5e3518-1b81-4ae2-a756-58a904dd9ff0","local_time":"20201225222425","is_ascension_mode":true,"campfire_choices":[{"data":"Skewer","floor":6.0,"key":"SMITH"},{"data":"Glass Knife","floor":15.0,"key":"SMITH"},{"data":"Adrenaline","floor":25.0,"key":"SMITH"},{"data":"Crippling Poison","floor":29.0,"key":"SMITH"},{"data":"Well Laid Plans","floor":32.0,"key":"SMITH"},{"floor":42.0,"key":"RECALL"},{"floor":49.0,"key":"DIG"}],"circlet_count":0,"master_deck":["AscendersBane","Strike_G","Strike_G","Strike_G+1","Strike_G","Defend_G","Defend_G","Defend_G","Defend_G","Defend_G","Survivor","Neutralize","Skewer+1","PiercingWail","Flying Knee+1","Deadly Poison","Terror","Glass Knife+1","Die Die Die","Ghostly","Ghostly","Ghostly","Crippling Poison+1","PiercingWail","Adrenaline+1","Leg Sweep","Well Laid Plans+1","Doppelganger","Bouncing Flask+1"],"relics":["Ring of the Snake","WarpedTongs","Art of War","Sling","Whetstone","FossilizedHelix","Sozu","Chemical X","Akabeko","Bottled Lightning","Centennial Puzzle","Red Mask","Bag of Marbles","Busted Crown","Singing Bowl","Shovel","Bottled Tornado","Juzu Bracelet","Dead Branch"],"acts_visited":["Exordium","TheCity","TheBeyond"],"potions_floor_usage":[],"damage_taken":[{"damage":1.0,"enemies":"2 Louse","floor":1.0,"turns":5.0},{"damage":1.0,"enemies":"Cultist","floor":2.0,"turns":4.0},{"damage":4.0,"enemies":"Jaw Worm","floor":3.0,"turns":7.0},{"damage":13.0,"enemies":"Large Slime","floor":5.0,"turns":10.0},{"damage":0.0,"enemies":"Looter","floor":7.0,"turns":4.0},{"damage":15.0,"enemies":"3 Sentries","floor":11.0,"turns":7.0},{"damage":9.0,"enemies":"Blue Slaver","floor":12.0,"turns":4.0},{"damage":8.0,"enemies":"Gremlin Nob","floor":14.0,"turns":3.0},{"damage":4.0,"enemies":"Hexaghost","floor":16.0,"turns":9.0},{"damage":0.0,"enemies":"Chosen","floor":18.0,"turns":2.0},{"damage":0.0,"enemies":"Shell Parasite","floor":22.0,"turns":4.0},{"damage":0.0,"enemies":"Gremlin Leader","floor":23.0,"turns":4.0},{"damage":0.0,"enemies":"Snake Plant","floor":24.0,"turns":1.0},{"damage":0.0,"enemies":"Slavers","floor":27.0,"turns":3.0},{"damage":0.0,"enemies":"Cultist and Chosen","floor":28.0,"turns":3.0},{"damage":0.0,"enemies":"Masked Bandits","floor":30.0,"turns":3.0},{"damage":22.0,"enemies":"Champ","floor":33.0,"turns":14.0},{"damage":0.0,"enemies":"3 Darklings","floor":35.0,"turns":3.0},{"damage":0.0,"enemies":"3 Shapes","floor":36.0,"turns":6.0},{"damage":0.0,"enemies":"Transient","floor":38.0,"turns":6.0},{"damage":0.0,"enemies":"Nemesis","floor":41.0,"turns":9.0},{"damage":0.0,"enemies":"Mind Bloom Boss Battle","floor":44.0,"turns":2.0},{"damage":18.0,"enemies":"Giant Head","floor":45.0,"turns":7.0},{"damage":0.0,"enemies":"Writhing Mass","floor":46.0,"turns":3.0},{"damage":0.0,"enemies":"Reptomancer","floor":47.0,"turns":5.0},{"damage":0.0,"enemies":"3 Darklings","floor":48.0,"turns":2.0},{"damage":21,"enemies":"Time Eater","floor":50,"turns":9}],"seed_played":"5926309006086987057","potions_obtained":[{"floor":1.0,"key":"FearPotion"},{"floor":2.0,"key":"PowerPotion"},{"floor":5.0,"key":"Block Potion"}],"is_trial":false,"path_per_floor":["M","M","M","?","M","R","M","?","T","$","E","M","?","E","R","B",null,"M","?","?","$","M","E","M","R","T","E","M","R","?","?","R","B",null,"M","M","?","M","?","?","E","R","T","?","E","M","E","M","R","B"],"character_chosen":"THE_SILENT","items_purchased":["Sling","Chemical X","PiercingWail"],"campfire_rested":0,"item_purchase_floors":[10,21,21],"current_hp_per_floor":[64,63,59,59,46,46,46,46,46,46,31,22,15,7,7,3,55,55,36,36,36,36,36,36,36,36,36,36,36,36,36,36,14,31,31,31,31,31,26,26,28,28,28,30,14,16,18,20,20,0,0],"gold":570,"neow_bonus":"TEN_PERCENT_HP_BONUS","is_daily":false,"chose_seed":false,"campfire_upgraded":5,"win_rate":0.0,"timestamp":1608931465,"path_taken":["M","M","M","?","M","R","M","?","T","$","E","?","?","E","R","BOSS","M","?","?","$","M","E","M","R","T","E","M","R","?","?","R","BOSS","M","M","?","M","?","?","E","R","T","?","E","M","E","M","R","BOSS"],"items_purchased_type":["Relic","Relic","Card"],"build_version":"2020-12-22","purchased_purges":1,"victory":false,"max_hp_per_floor":[72,72,72,72,72,72,72,72,72,72,72,72,72,72,72,72,72,72,36,36,36,36,36,36,36,36,36,36,36,36,36,36,36,36,36,36,36,36,36,36,38,38,38,40,42,44,46,48,48,48,48],"relic_stats":{"Singing Bowl":12,"counters":[27,139],"Dead Branch":[11],"Juzu Bracelet":0,"Whetstone":["Flying Knee","Strike_G"],"WarpedTongs":[108],"Sozu":6,"Centennial Puzzle":[9],"Busted Crown":22,"Shovel":1,"Art of War":[31],"Chemical X":[30],"obtain_stats":[{"Singing Bowl":41,"Dead Branch":49,"Juzu Bracelet":47,"Whetstone":11,"Bottled Tornado":45,"Sling":10,"Akabeko":23,"WarpedTongs":8,"Sozu":17,"Centennial Puzzle":27,"Busted Crown":34,"Shovel":44,"Art of War":9,"Red Mask":30,"Bag of Marbles":31,"Chemical X":21,"Bottled Lightning":26,"FossilizedHelix":14,"Ring of the Snake":0},{"Singing Bowl":21,"Dead Branch":26,"Juzu Bracelet":25,"Whetstone":6,"Bottled Tornado":23,"Sling":5,"Akabeko":12,"WarpedTongs":5,"Sozu":9,"Centennial Puzzle":14,"Busted Crown":17,"Shovel":22,"Art of War":5,"Red Mask":16,"Bag of Marbles":16,"Chemical X":10,"Bottled Lightning":13,"FossilizedHelix":8,"Ring of the Snake":0},{"Singing Bowl":111,"Dead Branch":130,"Juzu Bracelet":128,"Whetstone":37,"Bottled Tornado":120,"Sling":30,"Akabeko":63,"WarpedTongs":30,"Sozu":53,"Centennial Puzzle":67,"Busted Crown":87,"Shovel":113,"Art of War":30,"Red Mask":73,"Bag of Marbles":73,"Chemical X":55,"Bottled Lightning":64,"FossilizedHelix":44,"Ring of the Snake":0}],"Ring of the Snake":[54]},"card_choices":[{"not_picked":["Masterful Stab","Deadly Poison"],"picked":"Skewer","floor":1.0},{"not_picked":["Tactician","Quick Slash"],"picked":"PiercingWail","floor":2.0},{"not_picked":["Skewer","Slice","Deadly Poison"],"picked":"SKIP","floor":3.0},{"not_picked":["Dodge and Roll","Accuracy"],"picked":"Flying Knee","floor":5.0},{"not_picked":["Underhanded Strike","Flying Knee"],"picked":"Deadly Poison","floor":7.0},{"not_picked":["Quick Slash","Flying Knee","Dagger Throw"],"picked":"SKIP","floor":11.0},{"not_picked":["Skewer","Dash"],"picked":"Terror","floor":12.0},{"not_picked":["Catalyst","Concentrate"],"picked":"Glass Knife","floor":14.0},{"not_picked":["Night Terror","Burst"],"picked":"Die Die Die","floor":16.0},{"not_picked":["Eviscerate","Cloak And Dagger","Dagger Throw"],"picked":"SKIP","floor":18.0},{"not_picked":["Riddle With Holes","Deadly Poison","Dodge and Roll"],"picked":"SKIP","floor":22.0},{"not_picked":["Riddle With Holes","Deadly Poison","Dodge and Roll"],"picked":"SKIP","floor":22.0},{"not_picked":["Tactician","Reflex","Prepared"],"picked":"SKIP","floor":23.0},{"not_picked":["Infinite Blades","Blade Dance"],"picked":"Adrenaline","floor":24.0},{"not_picked":["Grand Finale","Dodge and Roll+1","Predator"],"picked":"SKIP","floor":27.0},{"not_picked":["Bane","Heel Hook"],"picked":"Leg Sweep","floor":28.0},{"not_picked":["Flying Knee","Bane"],"picked":"Well Laid Plans","floor":30.0},{"not_picked":["Die Die Die","Bullet Time"],"picked":"Doppelganger","floor":33.0},{"not_picked":[],"picked":"Bouncing Flask+1","floor":35.0},{"not_picked":["Tactician+1"],"picked":"SKIP","floor":36.0},{"not_picked":["Deflect"],"picked":"SKIP","floor":38.0},{"not_picked":["Poisoned Stab"],"picked":"Singing Bowl","floor":41.0},{"not_picked":["Quick Slash"],"picked":"Singing Bowl","floor":44.0},{"not_picked":["Choke"],"picked":"Singing Bowl","floor":45.0},{"not_picked":["Masterful Stab"],"picked":"Singing Bowl","floor":46.0},{"not_picked":["Riddle With Holes"],"picked":"Singing Bowl","floor":47.0},{"not_picked":["Finisher+1"],"picked":"Singing Bowl","floor":48.0}],"player_experience":3200321,"relics_obtained":[{"floor":9.0,"key":"Art of War"},{"floor":11.0,"key":"Whetstone"},{"floor":14.0,"key":"FossilizedHelix"},{"floor":23.0,"key":"Akabeko"},{"floor":26.0,"key":"Bottled Lightning"},{"floor":27.0,"key":"Centennial Puzzle"},{"floor":30.0,"key":"Red Mask"},{"floor":41.0,"key":"Singing Bowl"},{"floor":44.0,"key":"Shovel"},{"floor":45.0,"key":"Bottled Tornado"},{"floor":47.0,"key":"Juzu Bracelet"},{"floor":49.0,"key":"Dead Branch"}],"event_choices":[{"damage_healed":0.0,"max_hp_gain":0.0,"max_hp_loss":0.0,"gold_gain":150.0,"event_name":"Liars Game","player_choice":"AGREE","floor":4.0,"gold_loss":0.0,"damage_taken":0.0,"cards_obtained":["Doubt"]},{"damage_healed":0.0,"max_hp_gain":0.0,"max_hp_loss":0.0,"gold_gain":0.0,"event_name":"Accursed Blacksmith","player_choice":"Rummage","floor":8.0,"gold_loss":0.0,"damage_taken":0.0,"relics_obtained":["WarpedTongs"],"cards_obtained":["Pain"]},{"cards_removed":["Pain"],"damage_healed":0.0,"max_hp_gain":0.0,"max_hp_loss":0.0,"gold_gain":0.0,"event_name":"Golden Wing","player_choice":"Card Removal","floor":13.0,"gold_loss":0.0,"damage_taken":7.0},{"damage_healed":0.0,"max_hp_gain":0.0,"max_hp_loss":36.0,"gold_gain":0.0,"event_name":"Ghosts","player_choice":"Became a Ghost","floor":19.0,"gold_loss":0.0,"damage_taken":0.0,"cards_obtained":["Ghostly","Ghostly","Ghostly"]},{"damage_healed":0.0,"max_hp_gain":0.0,"max_hp_loss":0.0,"gold_gain":0.0,"event_name":"The Library","player_choice":"Read","floor":20.0,"gold_loss":0.0,"damage_taken":0.0,"cards_obtained":["Crippling Poison"]},{"damage_healed":0.0,"max_hp_gain":0.0,"max_hp_loss":0.0,"gold_gain":0.0,"event_name":"Masked Bandits","player_choice":"Fought Bandits","floor":30.0,"gold_loss":0.0,"damage_taken":0.0},{"damage_healed":0.0,"max_hp_gain":0.0,"max_hp_loss":0.0,"gold_gain":0.0,"event_name":"Addict","player_choice":"Obtained Relic","floor":31.0,"gold_loss":85.0,"damage_taken":0.0,"relics_obtained":["Bag of Marbles"]},{"cards_removed":["Strike_G"],"damage_healed":0.0,"max_hp_gain":0.0,"max_hp_loss":0.0,"gold_gain":0.0,"event_name":"Falling","player_choice":"Removed Attack","floor":37.0,"gold_loss":0.0,"damage_taken":0.0},{"damage_healed":0.0,"max_hp_gain":0.0,"max_hp_loss":0.0,"gold_gain":0.0,"event_name":"SensoryStone","player_choice":"Memory 2","floor":39.0,"gold_loss":0.0,"damage_taken":5.0},{"damage_healed":0.0,"max_hp_gain":0.0,"max_hp_loss":0.0,"gold_gain":222.0,"event_name":"Tomb of Lord Red Mask","player_choice":"Wore Mask","floor":40.0,"gold_loss":0.0,"damage_taken":0.0},{"damage_healed":0.0,"max_hp_gain":0.0,"max_hp_loss":0.0,"gold_gain":0.0,"event_name":"MindBloom","player_choice":"Fight","floor":44.0,"gold_loss":0.0,"damage_taken":0.0}],"is_beta":false,"boss_relics":[{"not_picked":["Velvet Choker","Runic Pyramid"],"picked":"Sozu"},{"not_picked":["Black Star","Ring of the Serpent"],"picked":"Busted Crown"}],"items_purged_floors":[10],"is_endless":false,"potions_floor_spawned":[1,2,5,22,30,44,46,47,48],"killed_by":"Time Eater","ascension_level":20}}