{"host":"agbyy69nq62afhwx","time":1608892263,"event":{"mods":["BaseMod","Colored Map","Highlight Path","Keyboard Shortcuts","Minty Spire (QoL Compilation)","Quick Restart","StSLib","SuperFastMode","everything is the same but u backflip on backflip"],"gold_per_floor":[37,67,123,223,258,258,328,328,380,431,431,477,99,139,139,242,242,278,308,347,363,395,395,324,324,392,427,462,499,529,11,11,127,127,163,176,196,115,115,115,164,180,180,180,233,108,141,0,0,20],"floor_reached":51,"playtime":2196,"items_purged":["Strike_G","Strike_G","Strike_G"],"score":1273,"play_id":"39e001f2-c3c4-4b8a-b598-2d3a19f42f01","local_time":"20201225193103","is_ascension_mode":true,"campfire_choices":[{"data":"Tactician","floor":6.0,"key":"SMITH"},{"floor":8.0,"key":"REST"},{"data":"Accuracy","floor":11.0,"key":"SMITH"},{"data":"Cloak And Dagger","floor":15.0,"key":"SMITH"},{"floor":23.0,"key":"REST"},{"data":"Cloak And Dagger","floor":25.0,"key":"SMITH"},{"data":"Calculated Gamble","floor":32.0,"key":"SMITH"},{"data":"Reflex","floor":40.0,"key":"SMITH"},{"data":"Reflex","floor":44.0,"key":"SMITH"},{"data":"Neutralize","floor":49,"key":"SMITH"}],"circlet_count":0,"master_deck":["Defend_G","Defend_G","Defend_G","Defend_G","Survivor","Neutralize+1","HandOfGreed","Dagger Throw","Cloak And Dagger+1","Tactician+1","Unload","Accuracy+1","Cloak And Dagger+1","Well Laid Plans","Envenom","Tools of the Trade+1","Escape Plan+1","Phantasmal Killer+1","Acrobatics+1","Prepared+1","Calculated Gamble+1","Reflex+1","Blade Dance+1","After Image","Reflex+1","Calculated Gamble+1"],"relics":["Ring of the Snake","Eternal Feather","Happy Flower","Toy Ornithopter","StoneCalendar","Medical Kit","Potion Belt","Astrolabe","Bag of Preparation","Bottled Flame","Bag of Marbles","White Beast Statue","Runic Pyramid","Strawberry","Lantern","HornCleat","Red Mask"],"acts_visited":["Exordium","TheCity","TheBeyond"],"potions_floor_usage":[],"damage_taken":[{"damage":5.0,"enemies":"Cultist","floor":1.0,"turns":4.0},{"damage":0.0,"enemies":"Small Slimes","floor":2.0,"turns":3.0},{"damage":1.0,"enemies":"2 Louse","floor":3.0,"turns":4.0},{"damage":0.0,"enemies":"2 Fungi Beasts","floor":5.0,"turns":4.0},{"damage":30.0,"enemies":"3 Sentries","floor":7.0,"turns":10.0},{"damage":6.0,"enemies":"Lagavulin","floor":10.0,"turns":5.0},{"damage":17.0,"enemies":"Gremlin Nob","floor":12.0,"turns":4.0},{"damage":7.0,"enemies":"Large Slime","floor":14.0,"turns":6.0},{"damage":21.0,"enemies":"Slime Boss","floor":16.0,"turns":7.0},{"damage":30.0,"enemies":"3 Byrds","floor":18.0,"turns":7.0},{"damage":12.0,"enemies":"2 Thieves","floor":19.0,"turns":4.0},{"damage":10.0,"enemies":"3 Cultists","floor":20.0,"turns":4.0},{"damage":14.0,"enemies":"Snake Plant","floor":21.0,"turns":4.0},{"damage":0.0,"enemies":"Sentry and Sphere","floor":22.0,"turns":3.0},{"damage":14.0,"enemies":"Cultist and Chosen","floor":27.0,"turns":5.0},{"damage":3.0,"enemies":"Shelled Parasite and Fungi","floor":28.0,"turns":3.0},{"damage":0.0,"enemies":"Chosen and Byrds","floor":29.0,"turns":3.0},{"damage":2.0,"enemies":"Book of Stabbing","floor":30.0,"turns":3.0},{"damage":8.0,"enemies":"Automaton","floor":33.0,"turns":4.0},{"damage":0.0,"enemies":"Orb Walker","floor":35.0,"turns":2.0},{"damage":0.0,"enemies":"3 Darklings","floor":36.0,"turns":3.0},{"damage":0.0,"enemies":"Transient","floor":37.0,"turns":5.0},{"damage":0.0,"enemies":"Nemesis","floor":41.0,"turns":3.0},{"damage":0.0,"enemies":"Jaw Worm Horde","floor":42.0,"turns":2.0},{"damage":0,"enemies":"Giant Head","floor":45,"turns":3},{"damage":0,"enemies":"Sphere and 2 Shapes","floor":47,"turns":2},{"damage":0,"enemies":"Awakened One","floor":50,"turns":5}],"seed_played":"8738502771651880753","potions_obtained":[{"floor":5.0,"key":"Strength Potion"},{"floor":7.0,"key":"SpeedPotion"},{"floor":10.0,"key":"SpeedPotion"},{"floor":12.0,"key":"CultistPotion"},{"floor":14.0,"key":"LiquidMemories"},{"floor":19.0,"key":"Dexterity Potion"},{"floor":21.0,"key":"DistilledChaos"},{"floor":28.0,"key":"Dexterity Potion"},{"floor":29.0,"key":"Explosive Potion"},{"floor":30.0,"key":"ColorlessPotion"},{"floor":35.0,"key":"SkillPotion"},{"floor":37.0,"key":"FairyPotion"}],"is_trial":false,"path_per_floor":["M","M","M","?","M","R","E","R","T","E","R","E","$","M","R","B",null,"M","M","M","M","M","R","?","R","T","M","M","M","E","$","R","B",null,"M","M","M","$","?","R","E","M","T","R","E","$","M","?","R","B",null],"character_chosen":"THE_SILENT","items_purchased":["Medical Kit","Potion Belt","White Beast Statue","GhostInAJar","CunningPotion","Reflex"],"campfire_rested":2,"item_purchase_floors":[13,13,31,31,31,38],"current_hp_per_floor":[58,58,57,57,57,57,27,57,57,51,60,43,43,41,50,34,61,31,19,14,5,10,43,43,55,55,41,38,38,41,41,53,45,64,64,64,64,64,64,66,73,73,73,73,73,73,73,73,73,73],"gold":20,"neow_bonus":"RANDOM_COLORLESS_2","is_daily":false,"chose_seed":false,"campfire_upgraded":8,"win_rate":0.0,"timestamp":1608892263,"path_taken":["M","M","M","?","M","R","E","R","T","E","R","E","?","M","R","BOSS","M","M","M","?","M","R","?","R","T","M","M","M","E","$","R","BOSS","M","?","M","$","?","R","E","M","T","R","E","$","M","?","R","BOSS"],"items_purchased_type":["Relic","Relic","Relic","Potion","Potion","Card"],"build_version":"2020-12-22","purchased_purges":3,"victory":true,"max_hp_per_floor":[70,70,70,70,70,70,70,70,70,70,70,70,70,70,70,70,70,70,70,70,70,70,70,70,70,70,70,70,70,70,70,70,70,70,70,70,70,70,66,66,73,73,73,73,73,73,73,73,73,73],"card_choices":[{"not_picked":["Secret Technique","Chrysalis"],"picked":"HandOfGreed","floor":0.0},{"not_picked":["Choke","Deflect"],"picked":"Dagger Throw","floor":1.0},{"not_picked":["All Out Attack","Underhanded Strike"],"picked":"Cloak And Dagger","floor":2.0},{"not_picked":["Masterful Stab","Finisher","Sucker Punch"],"picked":"SKIP","floor":3.0},{"not_picked":["PiercingWail","Flying Knee"],"picked":"Tactician","floor":5.0},{"not_picked":["PiercingWail","Burst"],"picked":"Unload","floor":7.0},{"not_picked":["Blade Dance","Malaise"],"picked":"Accuracy","floor":10.0},{"not_picked":["Bane","Dash"],"picked":"Cloak And Dagger","floor":12.0},{"not_picked":["Cloak And Dagger","Dodge and Roll"],"picked":"Well Laid Plans","floor":14.0},{"not_picked":["Die Die Die","After Image"],"picked":"Envenom","floor":16.0},{"not_picked":["Outmaneuver","Prepared+1"],"picked":"Acrobatics+1","floor":18.0},{"not_picked":["Poisoned Stab","All Out Attack","Deflect"],"picked":"SKIP","floor":19.0},{"not_picked":["Finisher","Poisoned Stab+1","Dodge and Roll"],"picked":"SKIP","floor":20.0},{"not_picked":["Expertise","Distraction","Flying Knee"],"picked":"SKIP","floor":21.0},{"not_picked":["Accuracy","Quick Slash"],"picked":"Prepared+1","floor":22.0},{"not_picked":["Dagger Spray","Prepared"],"picked":"Calculated Gamble","floor":27.0},{"not_picked":["Flechettes","Accuracy"],"picked":"Reflex","floor":28.0},{"not_picked":["Dagger Spray+1","Outmaneuver"],"picked":"Blade Dance+1","floor":29.0},{"not_picked":["Dagger Throw+1","Bane","Quick Slash"],"picked":"SKIP","floor":30.0},{"not_picked":["Venomology","Die Die Die"],"picked":"After Image","floor":33.0},{"not_picked":["Prepared","Eviscerate+1","Poisoned Stab+1"],"picked":"SKIP","floor":35.0},{"not_picked":["Calculated Gamble","Prepared","Poisoned Stab"],"picked":"SKIP","floor":36.0},{"not_picked":["Distraction+1","Dagger Throw+1","Leg Sweep"],"picked":"SKIP","floor":37.0},{"not_picked":["Blade Dance","Leg Sweep+1","Underhanded Strike+1"],"picked":"SKIP","floor":41.0},{"not_picked":["Setup","Adrenaline"],"picked":"Calculated Gamble+1","floor":42.0},{"not_picked":["Catalyst","Outmaneuver+1","Poisoned Stab"],"picked":"SKIP","floor":45},{"not_picked":["Caltrops","Concentrate+1","Poisoned Stab"],"picked":"SKIP","floor":47}],"player_experience":367784,"relics_obtained":[{"floor":7.0,"key":"Eternal Feather"},{"floor":9.0,"key":"Happy Flower"},{"floor":10.0,"key":"Toy Ornithopter"},{"floor":12.0,"key":"StoneCalendar"},{"floor":26.0,"key":"Bottled Flame"},{"floor":30.0,"key":"Bag of Marbles"},{"floor":41.0,"key":"Strawberry"},{"floor":43.0,"key":"Lantern"},{"floor":45,"key":"HornCleat"}],"event_choices":[{"damage_healed":0.0,"max_hp_gain":0.0,"max_hp_loss":0.0,"gold_gain":100.0,"event_name":"Golden Shrine","player_choice":"Pray","floor":4.0,"gold_loss":0.0,"damage_taken":0.0},{"damage_healed":0.0,"max_hp_gain":0.0,"max_hp_loss":0.0,"gold_gain":0.0,"event_name":"WeMeetAgain","player_choice":"Paid Gold","floor":24.0,"gold_loss":71.0,"damage_taken":0.0,"relics_obtained":["Bag of Preparation"]},{"damage_healed":0.0,"max_hp_gain":0.0,"max_hp_loss":4.0,"gold_gain":0.0,"event_name":"Winding Halls","player_choice":"Max HP","floor":39.0,"gold_loss":0.0,"damage_taken":0.0},{"damage_healed":0,"gold_gain":0,"player_choice":"Paid","damage_taken":0,"relics_obtained":["Red Mask"],"max_hp_gain":0,"max_hp_loss":0,"event_name":"Tomb of Lord Red Mask","floor":48,"gold_loss":141}],"is_beta":false,"boss_relics":[{"not_picked":["Coffee Dripper","Snecko Eye"],"picked":"Astrolabe"},{"not_picked":["Philosopher\u0027s Stone","SlaversCollar"],"picked":"Runic Pyramid"}],"items_purged_floors":[13,31,46],"is_endless":false,"potions_floor_spawned":[5,7,10,12,14,19,21,28,29,30,33,35,36,37,41,42,45,47],"ascension_level":9}}