{"host":"uflv0e3ja7hvnij7","time":1608928089,"event":{"mods":["Aspiration","BaseMod","Better Altar","Better Match","Better Note","Better Sensory Stone","Better Skull","Better Third Choice","Conspire","Downfall","Hubris","Infinite Spire","Minty Spire (QoL Compilation)","Permanent Neow","StSLib"],"gold_per_floor":[217,127,139,159,159,159,188,188,188,188,197,230,258,183,183,183,183],"floor_reached":16,"playtime":843,"items_purged":["Parasite"],"score":124,"play_id":"7b6dcfc7-6c3a-41c6-a1cb-622c056fc78a","local_time":"20201225152809","is_ascension_mode":true,"campfire_choices":[{"data":"Eruption","floor":6,"key":"SMITH"},{"floor":8,"key":"REST"},{"floor":15,"key":"REST"}],"circlet_count":0,"master_deck":["Strike_P","Strike_P","Strike_P","Defend_P","Defend_P","Eruption+1","Vigilance","FlurryOfBlows","Swift Strike","Protect","Flying Knee","Leg Sweep","Wireheading","ClearTheMind"],"relics":["PureWater","GoldenEye","CeramicFish","Omamori"],"acts_visited":["Exordium"],"potions_floor_usage":[7],"damage_taken":[{"damage":0,"enemies":"Cultist","floor":1,"turns":3},{"damage":3,"enemies":"2 Louse","floor":3,"turns":3},{"damage":0,"enemies":"Small Slimes","floor":4,"turns":2},{"damage":32,"enemies":"3 Sentries","floor":7,"turns":8},{"damage":68,"enemies":"Lagavulin","floor":12,"turns":6},{"damage":0,"enemies":"Exordium Wildlife","floor":13,"turns":3},{"damage":22,"enemies":"The Guardian","floor":16,"turns":6}],"seed_played":"-8404093874326138581","potions_obtained":[{"floor":4,"key":"Weak Potion"},{"floor":7,"key":"Explosive Potion"},{"floor":13,"key":"BottledMiracle"}],"is_trial":false,"path_per_floor":["M","$","M","M","?","R","E","R","T","?","?","E","M","$","R","B"],"character_chosen":"WATCHER","items_purchased":["Swift Strike"],"campfire_rested":2,"item_purchase_floors":[2],"current_hp_per_floor":[72,72,69,69,69,69,37,58,58,51,69,1,1,1,21,0,0],"gold":183,"neow_bonus":"HUNDRED_GOLD","is_daily":false,"chose_seed":false,"campfire_upgraded":1,"win_rate":0.0,"timestamp":1608928089,"path_taken":["M","$","M","M","?","R","E","R","T","?","?","E","?","$","R","BOSS"],"items_purchased_type":["Card"],"build_version":"2020-12-22","purchased_purges":1,"victory":false,"max_hp_per_floor":[72,72,72,72,72,72,72,72,72,72,72,72,72,69,69,69,69],"card_choices":[{"not_picked":["JustLucky","FollowUp"],"picked":"FlurryOfBlows","floor":1},{"not_picked":["BowlingBash","WheelKick","DeceiveReality"],"picked":"SKIP","floor":3},{"not_picked":["Weave","EmptyBody"],"picked":"Protect","floor":4},{"not_picked":["Sanctity","Crescendo"],"picked":"Wireheading","floor":7},{"not_picked":["ForeignInfluence","Swivel","Perseverance"],"picked":"SKIP","floor":12},{"not_picked":["Evaluate","Crescendo"],"picked":"ClearTheMind","floor":13}],"player_experience":377876,"relics_obtained":[{"floor":7,"key":"GoldenEye"},{"floor":9,"key":"CeramicFish"},{"floor":12,"key":"Omamori"}],"event_choices":[{"cards_removed":["Reflex"],"damage_healed":0,"gold_gain":0,"player_choice":"Card Removal","damage_taken":7,"max_hp_gain":0,"max_hp_loss":0,"event_name":"Golden Wing","floor":10,"gold_loss":0},{"damage_healed":18,"gold_gain":0,"player_choice":"Healed and dodged fight","damage_taken":0,"max_hp_gain":0,"max_hp_loss":0,"event_name":"Mushrooms","floor":11,"gold_loss":0,"cards_obtained":["Parasite"]}],"is_beta":false,"boss_relics":[],"items_purged_floors":[14],"is_endless":false,"potions_floor_spawned":[4,7,13],"killed_by":"The Guardian","ascension_level":3}}