{"host":"gkh5j5k5w4qf7k7n","time":1608876263,"event":{"mods":["2.2 Compatiblity","AchievementEnabler","Arknights The Spire","BaseMod","Colored Map","Colored Powertips","GifTheSpireLib","Keyboard Shortcuts","Minty Spire (QoL Compilation)","Quick Restart","StSLib","SuperFastMode","The Construct","The Dragon Tamer","The Marked","TheBandit","¡¼?Úª?ø«¡½REMEMod"],"gold_per_floor":[117,137,137,137,153,197,197,42,67,86,86,101,121,121,121],"floor_reached":14,"playtime":401,"items_purged":["Pain"],"score":92,"play_id":"3e5e464d-f022-4e58-aaa1-699f6d71f289","local_time":"20201225150423","is_ascension_mode":false,"campfire_choices":[{"data":"ats:Emotion Absorption","floor":11,"key":"SMITH"}],"circlet_count":0,"master_deck":["ats:Strike C","ats:Strike G","ats:Strike S","ats:Armor Crushing Shot","ats:Defend","ats:Defend","ats:Defend","ats:Defend","ats:Emotion Absorption+1","ats:Ambush","ats:Burning Ground","ats:Explosion Area Strengthen","ats:Very Hot Blade"],"relics":["ats:Sanity","REME_ComplimentaryCards","NeowsBlessing","Golden Idol","ats:Originium","Bronze Scales","WarpedTongs","ats:Ability Aura"],"acts_visited":["Exordium"],"potions_floor_usage":[14],"damage_taken":[{"damage":0,"enemies":"2 Louse","floor":1,"turns":1},{"damage":0,"enemies":"Small Slimes","floor":2,"turns":1},{"damage":0,"enemies":"Cultist","floor":5,"turns":1},{"damage":27,"enemies":"3 Sentries","floor":6,"turns":5},{"damage":10,"enemies":"Lots of Slimes","floor":10,"turns":3},{"damage":10,"enemies":"Looter","floor":12,"turns":3},{"damage":10,"enemies":"Exordium Wildlife","floor":13,"turns":3},{"damage":18,"enemies":"Lagavulin","floor":14,"turns":5}],"seed_played":"2161578219270205893","potions_obtained":[{"floor":5,"key":"Dexterity Potion"},{"floor":6,"key":"Strength Potion"},{"floor":13,"key":"Explosive Potion"}],"is_trial":false,"path_per_floor":["M","M","?","?","M","E","?","$","T","M","R","M","M","E"],"character_chosen":"DOCTOR_CLASS","items_purchased":["ats:Very Hot Blade"],"campfire_rested":0,"item_purchase_floors":[8],"current_hp_per_floor":[72,72,65,65,65,38,38,38,38,28,28,18,8,0,0],"gold":121,"neow_bonus":"THREE_ENEMY_KILL","is_daily":false,"chose_seed":false,"campfire_upgraded":1,"win_rate":0.0,"timestamp":1608876263,"path_taken":["M","M","?","?","M","E","?","$","T","?","R","M","?","E"],"items_purchased_type":["Card"],"build_version":"2020-12-22","purchased_purges":1,"victory":false,"max_hp_per_floor":[72,72,72,67,67,67,67,67,67,67,67,67,67,67,67],"card_choices":[{"not_picked":["ats:Thermite Blade","ats:Leaping Hammer"],"picked":"ats:Burning Ground","floor":1},{"not_picked":["ats:Childhood Dance","ats:Revitalization","ats:Healing Drone"],"picked":"SKIP","floor":2},{"not_picked":["ats:Ignite","ats:Shell Defense"],"picked":"ats:Explosion Area Strengthen","floor":5},{"not_picked":["ats:Powerful Strike","ats:Directed Diagnosis","ats:Curse Doll"],"picked":"SKIP","floor":6},{"not_picked":["ats:Flexible Camouflage","ats:Red Shift","ats:Fractured Body"],"picked":"SKIP","floor":10},{"not_picked":["ats:Assault Order","ats:Leaping Hammer","ats:Cat Scratch"],"picked":"SKIP","floor":12},{"not_picked":["ats:Red Shift","ats:Powerful Strike","ats:Magnetic Hammer"],"picked":"SKIP","floor":13}],"player_experience":931066,"relics_obtained":[{"floor":6,"key":"ats:Originium"},{"floor":6,"key":"Bronze Scales"},{"floor":9,"key":"ats:Ability Aura"}],"event_choices":[{"cards_removed":["ats:Strike V"],"damage_healed":0,"gold_gain":0,"player_choice":"Card Removal","damage_taken":7,"max_hp_gain":0,"max_hp_loss":0,"event_name":"Golden Wing","floor":3,"gold_loss":0},{"damage_healed":0,"gold_gain":0,"player_choice":"Lose Max HP","damage_taken":0,"relics_obtained":["Golden Idol"],"max_hp_gain":0,"max_hp_loss":5,"event_name":"Golden Idol","floor":4,"gold_loss":0},{"damage_healed":0,"gold_gain":0,"player_choice":"Rummage","damage_taken":0,"relics_obtained":["WarpedTongs"],"max_hp_gain":0,"max_hp_loss":0,"event_name":"Accursed Blacksmith","floor":7,"gold_loss":0,"cards_obtained":["Pain"]}],"is_beta":false,"boss_relics":[],"items_purged_floors":[8],"is_endless":false,"potions_floor_spawned":[5,6,13],"killed_by":"Lagavulin","ascension_level":0}}