{"host":"65a95dzim48ko8ke","time":1608899601,"event":{"mods":["BaseMod","DeckTracker","Minty Spire (QoL Compilation)","Quick Restart","Rare Cards Sparkle","Slay-I","Spicy Shops","StSLib"],"gold_per_floor":[119,194,207,207,230,230,271,294,294,374,374,397,415,440,440,440,440],"floor_reached":16,"playtime":906,"items_purged":[],"score":130,"play_id":"2af1bcc2-78af-47fc-a475-f472f89829a6","local_time":"20201225213321","is_ascension_mode":true,"campfire_choices":[{"data":"Neutralize","floor":6,"key":"SMITH"},{"floor":15,"key":"REST"}],"circlet_count":0,"master_deck":["Strike_G","Strike_G","Strike_G","Defend_G","Defend_G","Defend_G","Defend_G","Defend_G","Survivor","Neutralize+1","Doubt","Blur","Deflect","Poisoned Stab","Slice","Poisoned Stab","Dagger Spray","Catalyst","Phantasmal Killer","Poisoned Stab","Blade Dance","Noxious Fumes"],"relics":["Ring of the Snake","Golden Idol","Ornamental Fan","Matryoshka","Bottled Lightning","Smiling Mask","Blood Vial"],"acts_visited":["Exordium"],"potions_floor_usage":[7,10,10,10],"damage_taken":[{"damage":1,"enemies":"2 Louse","floor":1,"turns":6},{"damage":8,"enemies":"Jaw Worm","floor":3,"turns":8},{"damage":0,"enemies":"Cultist","floor":5,"turns":4},{"damage":14,"enemies":"Gremlin Nob","floor":7,"turns":5},{"damage":0,"enemies":"Large Slime","floor":8,"turns":5},{"damage":25,"enemies":"Gremlin Nob","floor":10,"turns":5},{"damage":0,"enemies":"Gremlin Gang","floor":12,"turns":4},{"damage":0,"enemies":"Red Slaver","floor":13,"turns":2},{"damage":1,"enemies":"Exordium Thugs","floor":14,"turns":4},{"damage":36,"enemies":"The Guardian","floor":16,"turns":9}],"seed_played":"-7586983116612574001","potions_obtained":[{"floor":1,"key":"Strength Potion"},{"floor":7,"key":"LiquidMemories"},{"floor":8,"key":"EntropicBrew"}],"is_trial":false,"path_per_floor":["M","?","M","?","M","R","E","M","T","?","T","M","M","M","R","B"],"character_chosen":"THE_SILENT","items_purchased":[],"campfire_rested":1,"item_purchase_floors":[],"current_hp_per_floor":[69,58,50,33,33,33,19,19,19,8,8,10,12,13,34,0,0],"gold":440,"neow_bonus":"TRANSFORM_TWO_CARDS","is_daily":false,"chose_seed":false,"campfire_upgraded":1,"win_rate":0.0,"timestamp":1608899601,"path_taken":["M","?","M","?","M","R","E","M","T","?","?","M","?","M","R","BOSS"],"items_purchased_type":[],"build_version":"2020-12-22","purchased_purges":0,"victory":false,"max_hp_per_floor":[70,70,70,70,70,70,70,70,70,70,70,70,70,70,70,70,70],"card_choices":[{"not_picked":["Deadly Poison","Deflect"],"picked":"Poisoned Stab","floor":1},{"not_picked":["Quick Slash","Dagger Spray"],"picked":"Slice","floor":3},{"not_picked":["Calculated Gamble","Slice"],"picked":"Poisoned Stab","floor":5},{"not_picked":["Acrobatics","Deadly Poison"],"picked":"Dagger Spray","floor":7},{"not_picked":["Blade Dance","Accuracy"],"picked":"Catalyst","floor":8},{"not_picked":["Quick Slash","Prepared"],"picked":"Phantasmal Killer","floor":10},{"not_picked":["Slice","Sucker Punch"],"picked":"Poisoned Stab","floor":12},{"not_picked":["Prepared","Expertise"],"picked":"Blade Dance","floor":13},{"not_picked":["Acrobatics","Deadly Poison"],"picked":"Noxious Fumes","floor":14}],"player_experience":265485,"relics_obtained":[{"floor":7,"key":"Ornamental Fan"},{"floor":9,"key":"Matryoshka"},{"floor":10,"key":"Bottled Lightning"},{"floor":11,"key":"Smiling Mask"},{"floor":11,"key":"Blood Vial"}],"event_choices":[{"damage_healed":0,"gold_gain":75,"player_choice":"Gather Gold","damage_taken":11,"max_hp_gain":0,"max_hp_loss":0,"event_name":"World of Goop","floor":2,"gold_loss":0},{"damage_healed":0,"gold_gain":0,"player_choice":"Take Damage","damage_taken":17,"relics_obtained":["Golden Idol"],"max_hp_gain":0,"max_hp_loss":0,"event_name":"Golden Idol","floor":4,"gold_loss":0},{"damage_healed":0,"gold_gain":0,"player_choice":"Searched \u00271\u0027 times","damage_taken":0,"max_hp_gain":0,"max_hp_loss":0,"event_name":"Dead Adventurer","floor":10,"gold_loss":0}],"is_beta":false,"boss_relics":[],"items_purged_floors":[],"is_endless":false,"potions_floor_spawned":[1,7,8],"killed_by":"The Guardian","ascension_level":5}}