{"host":"nox","time":1608914088,"event":{"mods":["Act Like it!","Aspiration","BaseMod","Better Altar","Better Match","Better Note","Better Sensory Stone","Better Skull","Better Third Choice","BetterRewards","Colored Powertips","Conspire","Energized Spire","GifTheSpireLib","Hubris","Infinite Spire","Minty Spire (QoL Compilation)","Pale of the Ancients","Quick Restart","Rare Cards Sparkle","Replay The Spire","Shop Mod","Spikes Relics","StSLib","Stuff the Spire","SuperFastMode","The Alterego","vexMod"],"gold_per_floor":[117,133,144,144,219,119,129,4,4,4,38,113,138,138,138,234,234,244,259,259,272,212,212,241,87,138,150,162,174,186,208,220,334,346,391,448,501,562,624,636,707,719,801,879,891,976,988,1000,1012,1024,1036,1048,1711,1850,1850],"floor_reached":56,"playtime":3135,"items_purged":["Strike_B","Strike_B","Strike_B","Strike_B"],"score":2330,"play_id":"86807f69-f4f2-4100-ab27-b5524edb0000","local_time":"20201225233448","is_ascension_mode":true,"campfire_choices":[{"data":"BlessedFruit","floor":10.0,"key":"SMITH"},{"data":"Hologram","floor":23.0,"key":"SMITH"},{"data":"Defend_B","floor":29.0,"key":"SMITH"},{"data":"infinitespire:NeuralNetwork","floor":32.0,"key":"SMITH"},{"floor":40.0,"key":"REST"},{"floor":49.0,"key":"RECALL"},{"floor":52.0,"key":"REST"}],"circlet_count":0,"master_deck":["Defend_B+1","Defend_B","Defend_B","Zap","Dualcast","Sweeping Beam+1","Gash","Sweeping Beam+1","BlessedFruit+1","BlessedFruit+1","Gash","Hologram+1","ReplayGash+1","Beam Cell+1","Reforge","Secret Weapon","Assess","infinitespire:NeuralNetwork+1","Mirror Shield","ReplayTheSpireMod:Calculation Training+1","ReplayGash","Conserve Battery+1","Double Energy","Leap+1","conspire:Rain","Gash","Panache"],"relics":["hubris:ScarierMask","Bronze Scales","conspire:RunicOctahedron","infinitespire:EvilPickle","hubris:Zylophone","RoseTintedShades","conspire:GlowingRock","MerchantsRug","hubris:NiceRug","hubris:SoftwareUpdate","aspiration:TomeofQuesting","StuffTheSpire:BottledEssence","StuffTheSpire:Gunfinga"],"acts_visited":["Exordium","TheCity","TheBeyond","TheEnding"],"potions_floor_usage":[55,55,55],"damage_taken":[{"damage":2.0,"enemies":"Jaw Worm","floor":1.0,"turns":3.0},{"damage":3.0,"enemies":"conspire:RoseBush","floor":2.0,"turns":3.0},{"damage":0.0,"enemies":"Cultist","floor":3.0,"turns":2.0},{"damage":8.0,"enemies":"2 Fungi Beasts","floor":7.0,"turns":3.0},{"damage":5.0,"enemies":"Replay:BlueRogue","floor":11.0,"turns":5.0},{"damage":10.0,"enemies":"Lagavulin","floor":13.0,"turns":4.0},{"damage":54.0,"enemies":"Hexaghost","floor":16.0,"turns":9.0},{"damage":2.0,"enemies":"Chosen","floor":18.0,"turns":4.0},{"damage":7.0,"enemies":"3 Byrds","floor":19.0,"turns":3.0},{"damage":2.0,"enemies":"Cultist and Chosen","floor":21.0,"turns":4.0},{"damage":37.0,"enemies":"conspire:SneckoGhost","floor":24.0,"turns":7.0},{"damage":19.0,"enemies":"Snake Plant","floor":31.0,"turns":3.0},{"damage":59.0,"enemies":"Pondfish","floor":33.0,"turns":8.0},{"damage":11.0,"enemies":"3 Shapes","floor":35.0,"turns":2.0},{"damage":6.0,"enemies":"Orb Walker","floor":36.0,"turns":3.0},{"damage":4.0,"enemies":"Transient","floor":37.0,"turns":5.0},{"damage":9.0,"enemies":"2 Orb Walkers","floor":38.0,"turns":3.0},{"damage":19.0,"enemies":"3 Darklings","floor":41.0,"turns":2.0},{"damage":22.0,"enemies":"Sphere and 2 Shapes","floor":44.0,"turns":2.0},{"damage":23.0,"enemies":"Spire Growth","floor":46.0,"turns":4.0},{"damage":17.0,"enemies":"conspire:OrnateMirror","floor":50.0,"turns":6.0},{"damage":90.0,"enemies":"hubris:Merchant","floor":53.0,"turns":6.0},{"damage":0.0,"enemies":"Shield and Spear","floor":54.0,"turns":3.0},{"damage":24,"enemies":"The Heart","floor":55,"turns":6}],"seed_played":"5503630554122496793","potions_obtained":[{"floor":1.0,"key":"Adrenaline Potion"},{"floor":3.0,"key":"Weak Potion"},{"floor":7.0,"key":"Elixir"},{"floor":18.0,"key":"Flashbang"},{"floor":31.0,"key":"Ancient Potion"},{"floor":33.0,"key":"Flashbang"},{"floor":53.0,"key":"Dexterity Potion"},{"floor":53.0,"key":"EssenceOfSteel"}],"is_trial":false,"path_per_floor":["M","M","M","AVR","?","$","M","$","T","R","E","T","E","?","R","B",null,"M","M","?","M","$","R","E","$","T","?","$","R","AVR","M","R","B",null,"M","M","M","?","?","R","M","?","T","M","$","M","T","?","R","B",null,"R","$","E","B",null],"character_chosen":"DEFECT","items_purchased":["Sweeping Beam+1","Gash","ReplayGash+1","hubris:EmptyBottle","MerchantsRug"],"campfire_rested":2,"item_purchase_floors":[0,0,22,25,53],"current_hp_per_floor":[66,63,63,63,52,52,46,46,46,46,44,44,37,37,61,11,68,70,67,105,107,107,107,74,74,74,74,74,74,74,59,59,4,92,85,83,83,78,44,85,70,70,70,52,52,33,33,33,33,20,120,153,67,73,57],"gold":1850,"neow_bonus":"","is_daily":false,"chose_seed":false,"campfire_upgraded":4,"win_rate":0.0,"timestamp":1608914088,"path_taken":["M","M","M","AVR","?","$","M","$","T","R","E","?","E","?","R","BOSS","M","M","?","M","?","R","E","$","T","?","$","R","AVR","M","R","BOSS","M","?","M","?","?","R","?","?","T","M","$","?","?","?","R","BOSS","R","$","E","BOSS"],"items_purchased_type":["Card","Card","Card","Relic","Relic"],"build_version":"2020-11-17","purchased_purges":4,"victory":true,"max_hp_per_floor":[75,75,75,75,75,75,77,77,77,77,80,80,83,83,83,87,87,91,95,105,109,109,109,113,113,113,113,113,113,113,117,117,121,121,125,129,133,137,137,137,141,141,141,145,145,149,149,149,149,153,153,153,157,163,171],"card_choices":[{"not_picked":["Cold Snap","Hologram"],"picked":"Sweeping Beam","floor":1.0},{"not_picked":["Stack","Rip and Tear","Time Bomb"],"picked":"SKIP","floor":2.0},{"not_picked":["Hologram","Beam Cell","Stack"],"picked":"SKIP","floor":3.0},{"not_picked":["Turbo","Crystallizer"],"picked":"Gash","floor":7.0},{"not_picked":["BootSequence","StuffTheSpire:LoadUp","Blizzard"],"picked":"SKIP","floor":11.0},{"not_picked":["BootSequence","StuffTheSpire:LoadUp","Blizzard"],"picked":"SKIP","floor":11.0},{"not_picked":["Cold Snap","ReplayTheSpireMod:Omega Cannon","Sweeping Beam"],"picked":"SKIP","floor":13.0},{"not_picked":["Meteor Strike","Amplify"],"picked":"Seek","floor":16.0},{"not_picked":["BootSequence","Tempest","StuffTheSpire:Synthwave"],"picked":"SKIP","floor":18.0},{"not_picked":["Genetic Algorithm","Loop"],"picked":"Hologram","floor":19.0},{"not_picked":["Loop","Ball Lightning","Doom and Gloom"],"picked":"SKIP","floor":21.0},{"not_picked":["StuffTheSpire:CleanHardDrive","StuffTheSpire:LoadUp"],"picked":"Beam Cell+1","floor":24.0},{"not_picked":["Thinking Ahead","StuffTheSpire:Recharge"],"picked":"Reforge","floor":30.0},{"not_picked":["Swift Strike","Enlightenment"],"picked":"Secret Weapon","floor":30.0},{"not_picked":["Survey Options","Specialist"],"picked":"Assess","floor":30.0},{"not_picked":["aspiration:Polymerization","Redo","Go for the Eyes"],"picked":"SKIP","floor":31.0},{"not_picked":["Thunder Strike","Buffer"],"picked":"Mirror Shield","floor":33.0},{"not_picked":["Genetic Algorithm","Steam","Streamline+1"],"picked":"SKIP","floor":35.0},{"not_picked":["Ball Lightning","Sweeping Beam"],"picked":"ReplayTheSpireMod:Calculation Training+1","floor":36.0},{"not_picked":["Streamline+1","hubris:DoWhile"],"picked":"ReplayGash","floor":37.0},{"not_picked":["ReplayTheSpireMod:Reroute Power","conspire:Rain"],"picked":"Conserve Battery+1","floor":38.0},{"not_picked":["Coolheaded+1","ReplayTheSpireMod:Omega Cannon"],"picked":"Double Energy","floor":39.0},{"not_picked":["Thunder Strike","Steam+1"],"picked":"Leap+1","floor":39.0},{"not_picked":["Coolheaded+1","Beam Cell","FIFO Queue+1"],"picked":"SKIP","floor":41.0},{"not_picked":["Buffer","Coolheaded+1"],"picked":"conspire:Rain","floor":44.0},{"not_picked":["Consume+1","ReplayTheSpireMod:Repulse+1","StuffTheSpire:GlassShard+1"],"picked":"SKIP","floor":46.0},{"not_picked":[],"picked":"Gash","floor":53.0},{"not_picked":[],"picked":"Panache","floor":53.0},{"not_picked":["Lockon"],"picked":"SKIP","floor":53.0},{"not_picked":["Turbo"],"picked":"SKIP","floor":53.0},{"not_picked":["BasicCrystalCard"],"picked":"SKIP","floor":53.0},{"not_picked":["DiskWipe"],"picked":"SKIP","floor":53.0},{"not_picked":["Madness"],"picked":"SKIP","floor":53.0},{"not_picked":["StuffTheSpire:CleanHardDrive","ReplaySort+1","Turbo"],"picked":"SKIP","floor":54.0}],"player_experience":254819,"relics_obtained":[{"floor":11.0,"key":"Vajra"},{"floor":12.0,"key":"hubris:CrystalStatue"},{"floor":13.0,"key":"hubris:CuriousFeather"},{"floor":24.0,"key":"Bronze Scales"},{"floor":26.0,"key":"MawBank"},{"floor":38.0,"key":"hubris:Zylophone"},{"floor":39.0,"key":"RoseTintedShades"},{"floor":43.0,"key":"StuffTheSpire:PointBlank"},{"floor":47.0,"key":"conspire:GlowingRock"},{"floor":53.0,"key":"hubris:SoftwareUpdate"},{"floor":53.0,"key":"aspiration:TomeofQuesting"},{"floor":53.0,"key":"StuffTheSpire:BottledEssence"},{"floor":54.0,"key":"StuffTheSpire:Gunfinga"}],"event_choices":[{"damage_healed":0.0,"max_hp_gain":0.0,"max_hp_loss":0.0,"gold_gain":75.0,"event_name":"betterThird:BetterGoop","player_choice":"Gold","floor":5.0,"gold_loss":0.0,"damage_taken":11.0},{"cards_removed":["Seek"],"damage_healed":28.0,"max_hp_gain":10.0,"max_hp_loss":0.0,"gold_gain":0.0,"event_name":"Bonfire Elementals","player_choice":"Offered Rare","floor":20.0,"gold_loss":0.0,"damage_taken":0.0},{"damage_healed":0.0,"max_hp_gain":0.0,"max_hp_loss":0.0,"gold_gain":0.0,"event_name":"N\u0027loth","player_choice":"Traded Relic","floor":27.0,"relics_lost":["hubris:EmptyBottle"],"gold_loss":0.0,"damage_taken":0.0,"relics_obtained":["Nloth\u0027s Gift"]},{"damage_healed":0.0,"max_hp_gain":0.0,"max_hp_loss":0.0,"gold_gain":0.0,"event_name":"Mysterious Sphere","player_choice":"Fight","floor":38.0,"gold_loss":0.0,"damage_taken":0.0},{"cards_removed":["Defend_B"],"damage_healed":0.0,"max_hp_gain":0.0,"max_hp_loss":0.0,"gold_gain":0.0,"event_name":"Purifier","player_choice":"Purged","floor":42.0,"gold_loss":0.0,"damage_taken":0.0},{"damage_healed":0.0,"max_hp_gain":0.0,"max_hp_loss":0.0,"gold_gain":3.0,"event_name":"betterStone:BetterStone","player_choice":"1","floor":48.0,"gold_loss":0.0,"damage_taken":0.0}],"is_beta":true,"boss_relics":[{"not_picked":["FrozenCore","energizedSpire:CursedPentagram"],"picked":"hubris:ScarierMask"},{"not_picked":["Replay:Bronze Core","Honey Jar"],"picked":"conspire:RunicOctahedron"}],"items_purged_floors":[0,4,6,8],"is_endless":false,"potions_floor_spawned":[1,3,7,18,31,33,37,38,46],"ascension_level":7}}