{"host":"htqwg582tjjtn9p7","time":1608900873,"event":{"mods":["2.2 Compatiblity","AchievementEnabler","Act Like it!","Aspiration","BaseMod","Better Third Choice","Colored Map","Conspire","Curses Come First","Displayed Cursed Tome","Energized Spire","Force Act Four","GifTheSpireLib","Hermit","Highlight Path","JesterMod","Mad Scientist","Minty Spire (QoL Compilation)","Pale of the Ancients","Permanent Neow","Random Character Button","Relic Stats","Replay The Spire","Robot Space Explorer","Somnambulant","Spicy Shops","Spikes Relics","StSLib","Stuff the Spire","The Blue Laboratory","The Disciple","The Dragon Tamer","The Forsaken","The Gatherer","The Judge","The Jungle","The Marked","The Runesmith","The Servant 0.9.4"],"gold_per_floor":[119,119,70,70,70,70,82,82,82,107,122,136,136,149,149,222,222,239,9,9,9],"floor_reached":20,"playtime":665,"items_purged":[],"score":301,"play_id":"622b6ef0-85b1-41b9-a729-eadaffd43ce0","local_time":"20201225135433","is_ascension_mode":true,"campfire_choices":[{"floor":6,"key":"REST"},{"floor":8,"key":"REST"},{"floor":13,"key":"REST"},{"data":"conspire:DoublingDagger","floor":15,"key":"SMITH"}],"circlet_count":0,"master_deck":["AscendersBane","Strike_G","Strike_G","Strike_G","Strike_G","Defend_G","Defend_G+1","Defend_G","Defend_G","Defend_G","Survivor","Neutralize","Cloak And Dagger+1","Poisoned Stab","conspire:DoublingDagger+1","Noxious Fumes","Hidden Blade","Dagger Throw","Tools of the Trade","Deflect+1","Accuracy","Backflip","Backflip"],"relics":["conspire:RoyalGoblet","betterThird:SlimedRelic","BlackRope","Snack Pack","Pen Nib","energizedSpire:CursedPentagram","Membership Card"],"acts_visited":["Exordium","TheCity"],"potions_floor_usage":[10,16],"damage_taken":[{"damage":10,"enemies":"Jaw Worm","floor":1,"turns":5},{"damage":8,"enemies":"Small Slimes","floor":7,"turns":6},{"damage":21,"enemies":"3 Sentries","floor":10,"turns":9},{"damage":1,"enemies":"2 Louse","floor":11,"turns":5},{"damage":0,"enemies":"Looter","floor":12,"turns":4},{"damage":5,"enemies":"Blue Slaver","floor":14,"turns":4},{"damage":47,"enemies":"Slime Boss","floor":16,"turns":14},{"damage":31,"enemies":"3 Byrds","floor":18,"turns":6},{"damage":36,"enemies":"Chosen","floor":20,"turns":6}],"seed_played":"-135950779545164343","potions_obtained":[{"floor":1,"key":"Death Potion"},{"floor":11,"key":"SpeedPotion"}],"is_trial":false,"path_per_floor":["M","?","?","?","T","R","M","R","T","E","M","M","R","M","R","B",null,"M","$","M"],"character_chosen":"THE_SILENT","items_purchased":["Membership Card","Accuracy","Backflip","blueLaboratory:ArtistsPotion"],"campfire_rested":3,"item_purchase_floors":[19,19,19,19],"current_hp_per_floor":[49,42,31,11,11,30,22,41,41,24,23,23,42,41,41,8,52,29,29,0,0],"gold":9,"neow_bonus":"BOSS_RELIC","is_daily":false,"chose_seed":false,"campfire_upgraded":1,"win_rate":0.0,"timestamp":1608900873,"path_taken":["M","?","?","?","?","R","M","R","T","E","M","M","R","M","R","BOSS","M","$","M"],"items_purchased_type":["Relic","Card","Card","Potion"],"build_version":"2020-12-22","purchased_purges":0,"victory":false,"max_hp_per_floor":[66,66,66,66,66,66,66,66,66,66,66,66,66,66,66,66,66,66,66,66,66],"relic_stats":{"counters":[9,59],"Pen Nib":[9],"obtain_stats":[{"energizedSpire:CursedPentagram":17,"conspire:RoyalGoblet":0,"betterThird:SlimedRelic":3,"Pen Nib":10,"Snack Pack":9,"BlackRope":5,"Membership Card":19,"Ring of the Snake":0},{"energizedSpire:CursedPentagram":7,"conspire:RoyalGoblet":0,"betterThird:SlimedRelic":1,"Pen Nib":3,"Snack Pack":2,"BlackRope":1,"Membership Card":8,"Ring of the Snake":0},{"energizedSpire:CursedPentagram":47,"conspire:RoyalGoblet":0,"betterThird:SlimedRelic":5,"Pen Nib":20,"Snack Pack":11,"BlackRope":5,"Membership Card":53,"Ring of the Snake":0}]},"card_choices":[{"not_picked":["StuffTheSpire:Shiver","StuffTheSpire:BumpUp"],"picked":"Cloak And Dagger","floor":1},{"not_picked":["Slice","Flechettes"],"picked":"Poisoned Stab","floor":7},{"not_picked":["Riddle With Holes","Acrobatics"],"picked":"conspire:DoublingDagger","floor":10},{"not_picked":["StuffTheSpire:Injection","Glass Knife"],"picked":"Noxious Fumes","floor":11},{"not_picked":["Deflect","Deadly Poison"],"picked":"Hidden Blade","floor":12},{"not_picked":["Poisoned Stab","Sucker Punch"],"picked":"Dagger Throw","floor":14},{"not_picked":["Grand Finale","Night Terror"],"picked":"Tools of the Trade","floor":16},{"not_picked":["Predator","Sucker Punch"],"picked":"Deflect+1","floor":18}],"player_experience":1785077,"relics_obtained":[{"floor":5,"key":"BlackRope"},{"floor":9,"key":"Snack Pack"},{"floor":10,"key":"Pen Nib"}],"event_choices":[{"cards_removed":["Strike_G"],"damage_healed":0,"gold_gain":0,"player_choice":"Card Removal","damage_taken":7,"max_hp_gain":0,"max_hp_loss":0,"event_name":"Golden Wing","floor":2,"gold_loss":0},{"damage_healed":0,"gold_gain":0,"player_choice":"Slimed","damage_taken":11,"max_hp_gain":0,"max_hp_loss":0,"event_name":"betterThird:BetterGoop","floor":3,"gold_loss":49},{"damage_healed":31,"gold_gain":0,"player_choice":"Upgrade","damage_taken":20,"max_hp_gain":0,"max_hp_loss":66,"event_name":"betterThird:BetterShining","floor":4,"gold_loss":0,"cards_upgraded":["Defend_G","Cloak And Dagger"]}],"is_beta":false,"boss_relics":[{"not_picked":["Snecko Eye","aspiration:RunicSpoon"],"picked":"energizedSpire:CursedPentagram"}],"items_purged_floors":[],"is_endless":false,"potions_floor_spawned":[1,11],"killed_by":"Chosen","ascension_level":15}}