{"host":"0azimyi6n3ugndj4","time":1608908311,"event":{"mods":["2.2 Compatiblity","BaseMod","Bestiary","Conspire","Curses Come First","Defuse TimeMaze Blight","Hyrulean Relics","Infinite Spire","Minty Spire (QoL Compilation)","Relic Stats","Replay The Spire","StSLib","SuperFastMode","Uncapped","¡¼?Úª?ø«¡½REMEMod"],"gold_per_floor":[132,132,132,32,32,137,137,221,268,325,325,361,439,167,167,398,398,428,348,348,399,399,504,603,603,603],"floor_reached":25,"playtime":580,"items_purged":[],"score":765,"play_id":"32c1ed5b-f6ed-4f25-88c7-0771274ead81","local_time":"20201225235831","daily_mods":["SealedDeck","Hoarder","Insanity","Chimera","Specialized","Vintage","ControlledChaos","Allstar","Diverse","Colorless Cards","Heirloom","Time Dilation","Flight","Binary","Elite Swarm","Lethality","Midas","Night Terrors","Binary"],"is_ascension_mode":true,"campfire_choices":[],"circlet_count":0,"master_deck":["Demon Form","Wraith Form v2","Echo Form","DevaForm","AscendersBane","Bash","Survivor","Zap","Eruption","Strike_R","Strike_G","Strike_B","Defend_R","Defend_G","Defend_P","Underhanded Strike","FollowUp","Pommel Strike","Cold Snap","White Noise","Sweeping Beam","Chaos","Quick Slash","FollowUp","ForeignInfluence","Bane","Cleave","Prepared","Double Energy","Reckless Charge","Consecrate","Flex","Flying Knee","Anger","Replay:Undeath\u0027s Touch","Rebound","Flying Knee","Blade Dance","Prepared","Underhanded Strike","Halt","Consecrate","ThirdEye","EmptyFist","ReplayTheSpireMod:Uncanny Aura","PiercingWail","Wild Strike","Second Wind","Streamline","ReplayTheSpireMod:Shiv Toss","Accuracy","PiercingWail","Flame Barrier","Cold Snap","Endless Agony","Rebound","Body Slam","ReplayTheSpireMod:System Scan","Havoc","Escape Plan","Dagger Throw","Darkness","SashWhip","Fasting2","ConjureBlade","ConjureBlade","ConjureBlade","ConjureBlade","ConjureBlade","ConjureBlade","ConjureBlade","ConjureBlade","ConjureBlade","ConjureBlade","ConjureBlade","ConjureBlade","ConjureBlade","ConjureBlade","ConjureBlade","REME_TwoStrings","REME_TwoStrings","REME_TwoStrings","Fusion","Fusion","Fusion","Storm","Storm","Storm","Run Through","Run Through","Run Through","BowlingBash","BowlingBash","BowlingBash","Prepared","Prepared","Prepared","Rip and Tear","Rip and Tear","Rip and Tear","Iron Wave","Iron Wave","Iron Wave","Carnage","Carnage","Carnage","BasicCrystalCard","BasicCrystalCard","BasicCrystalCard","Sentinel","Sentinel","Sentinel","Ghostly","Ghostly","Ghostly","ReplayReversal+1","ReplayReversal+1","ReplayReversal+1","Underhanded Strike","Underhanded Strike","Underhanded Strike","Decay","Decay","Decay"],"relics":["Ring of the Snake","Frozen Eye","Busted Crown","REME_ComplimentaryCards","FossilizedHelix","Pondfish Scales","infinitespire:Cubic Diamond","MealTicket","zeldaRelics:CourageTriforce","Nunchaku","zeldaRelics:WisdomTriforce","The Courier","Odd Mushroom","Champion Belt","Philosopher\u0027s Stone","Replay:Kaleidoscope","infinitespire:CursedDice"],"acts_visited":["Exordium","TheCity"],"potions_floor_usage":[23,24],"damage_taken":[{"damage":10,"enemies":"conspire:RoseBush","floor":1,"turns":2},{"damage":30,"enemies":"3 Sentries","floor":6,"turns":8},{"damage":0,"enemies":"Lagavulin","floor":8,"turns":4},{"damage":0,"enemies":"2 Louse","floor":10,"turns":2},{"damage":0,"enemies":"Jaw Worm","floor":12,"turns":1},{"damage":9,"enemies":"The Mushroom Lair","floor":13,"turns":3},{"damage":0,"enemies":"Slime Boss","floor":16,"turns":6},{"damage":0,"enemies":"Chosen","floor":18,"turns":3},{"damage":0,"enemies":"Shell Parasite","floor":21,"turns":2},{"damage":51,"enemies":"REME_1_Revenger","floor":23,"turns":4},{"damage":24,"enemies":"Nightmare","floor":24,"turns":6},{"damage":27,"enemies":"Snake Plant","floor":25,"turns":3}],"seed_played":"4559023715284077396","potions_obtained":[{"floor":10,"key":"BlessingOfTheForge"},{"floor":12,"key":"Strength Potion"},{"floor":16,"key":"Adrenaline Potion"},{"floor":18,"key":"Block Potion"}],"is_trial":true,"path_per_floor":["M","?","?","?","$","E","$","E","T","M","T","M","?","$","R","B",null,"M","?","?","M","?","E","NM","M"],"character_chosen":"IRONCLAD","items_purchased":["Champion Belt"],"campfire_rested":0,"item_purchase_floors":[14],"current_hp_per_floor":[64,64,46,46,61,31,46,46,46,46,46,46,37,52,52,52,69,69,69,69,69,69,18,27,0,0],"gold":603,"neow_bonus":"","is_daily":false,"chose_seed":false,"campfire_upgraded":0,"win_rate":0.0,"timestamp":1608908311,"path_taken":["M","?","?","?","?","E","$","E","T","?","?","M","?","$","R","BOSS","M","?","?","?","?","E","NM","?"],"items_purchased_type":["Relic"],"build_version":"2020-12-22","purchased_purges":0,"victory":false,"max_hp_per_floor":[75,75,75,75,75,75,75,75,75,75,75,75,75,75,75,75,75,75,75,75,75,75,75,75,75,75],"relic_stats":{"Nunchaku":[6],"Busted Crown":18,"counters":[12,44],"MealTicket":45,"Champion Belt":[0],"obtain_stats":[{"zeldaRelics:WisdomPiece":11,"infinitespire:CursedDice":21,"infinitespire:Cubic Diamond":2,"The Courier":12,"Replay:Kaleidoscope":18,"Odd Mushroom":13,"Burning Blood":0,"zeldaRelics:CourageTriforce":9,"zeldaRelics:WisdomTriforce":24,"Frozen Eye":0,"Pondfish Scales":1,"Nunchaku":10,"Busted Crown":0,"MealTicket":3,"Philosopher\u0027s Stone":17,"zeldaRelics:CouragePiece":6,"Champion Belt":14,"FossilizedHelix":0,"REME_ComplimentaryCards":0,"Ring of the Snake":2},{"zeldaRelics:WisdomPiece":4,"infinitespire:CursedDice":9,"infinitespire:Cubic Diamond":1,"The Courier":5,"Replay:Kaleidoscope":8,"Odd Mushroom":6,"Burning Blood":0,"zeldaRelics:CourageTriforce":3,"zeldaRelics:WisdomTriforce":11,"Frozen Eye":0,"Pondfish Scales":1,"Nunchaku":4,"Busted Crown":0,"MealTicket":1,"Philosopher\u0027s Stone":7,"zeldaRelics:CouragePiece":2,"Champion Belt":6,"FossilizedHelix":0,"REME_ComplimentaryCards":0,"Ring of the Snake":1},{"zeldaRelics:WisdomPiece":16,"infinitespire:CursedDice":31,"infinitespire:Cubic Diamond":2,"The Courier":17,"Replay:Kaleidoscope":29,"Odd Mushroom":20,"Burning Blood":0,"zeldaRelics:CourageTriforce":14,"zeldaRelics:WisdomTriforce":41,"Frozen Eye":0,"Pondfish Scales":2,"Nunchaku":16,"Busted Crown":0,"MealTicket":2,"Philosopher\u0027s Stone":26,"zeldaRelics:CouragePiece":10,"Champion Belt":20,"FossilizedHelix":0,"REME_ComplimentaryCards":0,"Ring of the Snake":2}],"Ring of the Snake":[22]},"card_choices":[],"player_experience":1422508,"relics_obtained":[{"floor":1,"key":"Pondfish Scales"},{"floor":6,"key":"zeldaRelics:CouragePiece"},{"floor":8,"key":"zeldaRelics:CouragePiece"},{"floor":9,"key":"zeldaRelics:CouragePiece"},{"floor":10,"key":"Nunchaku"},{"floor":11,"key":"zeldaRelics:WisdomPiece"},{"floor":12,"key":"The Courier"},{"floor":13,"key":"Odd Mushroom"},{"floor":18,"key":"Replay:Kaleidoscope"},{"floor":21,"key":"infinitespire:CursedDice"},{"floor":23,"key":"zeldaRelics:WisdomPiece"},{"floor":24,"key":"zeldaRelics:WisdomPiece"}],"event_choices":[{"damage_healed":0,"gold_gain":0,"player_choice":"Success","damage_taken":18,"relics_obtained":["MealTicket"],"max_hp_gain":0,"max_hp_loss":0,"event_name":"Scrap Ooze","floor":3,"gold_loss":0},{"damage_healed":0,"gold_gain":0,"player_choice":"Argue","damage_taken":0,"max_hp_gain":0,"max_hp_loss":0,"event_name":"conspire:LoneGhost","floor":4,"gold_loss":0},{"damage_healed":0,"gold_gain":0,"player_choice":"Fought Mushrooms","damage_taken":0,"max_hp_gain":0,"max_hp_loss":0,"event_name":"Mushrooms","floor":13,"gold_loss":0},{"damage_healed":0,"gold_gain":0,"player_choice":"Read","damage_taken":0,"max_hp_gain":0,"max_hp_loss":0,"event_name":"The Library","floor":20,"gold_loss":0,"cards_obtained":["Underhanded Strike"]},{"damage_healed":0,"gold_gain":0,"player_choice":"Cursed","damage_taken":0,"max_hp_gain":0,"max_hp_loss":0,"event_name":"Wheel of Change","floor":22,"gold_loss":0,"cards_obtained":["Decay"]}],"is_beta":false,"boss_relics":[{"not_picked":["Empty Cage","Honey Jar"],"picked":"Philosopher\u0027s Stone"}],"items_purged_floors":[],"is_endless":true,"potions_floor_spawned":[10,12,16,18],"killed_by":"Snake Plant","ascension_level":20}}