{"host":"640uue19m79c7wbt","time":1608879410,"event":{"mods":["BaseMod","Colored Map","Googly Eyes","Highlight Path","Minty Spire (QoL Compilation)","Quick Restart","StSLib"],"gold_per_floor":[109,119,219,238,238,238,272,284,308,308,46,58,58,58,58,135,135,155,155,70,70,14,14,24,42,67,17,17,45,45,45,45,45,45],"floor_reached":33,"playtime":1073,"items_purged":["Strike_G"],"score":522,"play_id":"36f5be1d-7027-4f57-834e-3405623e0b76","local_time":"20201225015650","is_ascension_mode":true,"campfire_choices":[{"data":"Bouncing Flask","floor":6.0,"key":"SMITH"},{"data":"Tactician","floor":10.0,"key":"SMITH"},{"floor":15,"key":"REST"},{"floor":23,"key":"REST"},{"floor":28,"key":"REST"},{"floor":32,"key":"REST"}],"circlet_count":0,"master_deck":["AscendersBane","Strike_G","Strike_G","Strike_G","Defend_G","Defend_G","Defend_G","Defend_G","Defend_G","Survivor","Neutralize","Blade Dance","Footwork","Leg Sweep","Bouncing Flask+1","Well Laid Plans","Tactician+1","Dagger Throw","Eviscerate","Unload","Slice+1","Necronomicurse","Underhanded Strike","Terror","Choke+1","A Thousand Cuts","Eviscerate"],"relics":["Ring of the Snake","NeowsBlessing","Ancient Tea Set","Bag of Preparation","Vajra","HoveringKite","Necronomicon","Smiling Mask","PreservedInsect","Bottled Tornado"],"acts_visited":["Exordium","TheCity"],"potions_floor_usage":[16,16,29,29],"damage_taken":[{"damage":0.0,"enemies":"Small Slimes","floor":1.0,"turns":1.0},{"damage":0.0,"enemies":"Cultist","floor":2.0,"turns":1.0},{"damage":0.0,"enemies":"2 Louse","floor":4.0,"turns":1.0},{"damage":13.0,"enemies":"Lagavulin","floor":7.0,"turns":4.0},{"damage":3.0,"enemies":"2 Fungi Beasts","floor":8.0,"turns":3.0},{"damage":0.0,"enemies":"Blue Slaver","floor":12.0,"turns":2.0},{"damage":18,"enemies":"Hexaghost","floor":16,"turns":7},{"damage":22,"enemies":"3 Byrds","floor":18,"turns":6},{"damage":7,"enemies":"Shell Parasite","floor":24,"turns":3},{"damage":6,"enemies":"Snake Plant","floor":25,"turns":4},{"damage":13,"enemies":"Slavers","floor":29,"turns":3},{"damage":48,"enemies":"Automaton","floor":33,"turns":6}],"seed_played":"-7381172230279104330","potions_obtained":[{"floor":2.0,"key":"SkillPotion"},{"floor":4.0,"key":"BlessingOfTheForge"},{"floor":7.0,"key":"Swift Potion"},{"floor":8.0,"key":"PowerPotion"},{"floor":24,"key":"Explosive Potion"},{"floor":25,"key":"DistilledChaos"}],"is_trial":false,"path_per_floor":["M","M","?","M","?","R","E","M","T","R","$","M","?","?","R","B",null,"M","?","?","?","$","R","M","M","T","$","R","E","?","?","R","B"],"character_chosen":"THE_SILENT","items_purchased":["Dagger Throw","Eviscerate","Vajra","Underhanded Strike"],"campfire_rested":4,"item_purchase_floors":[11,11,11,22],"current_hp_per_floor":[59,59,59,59,59,59,46,43,43,43,43,43,43,43,62,44,61,39,18,18,18,18,37,30,24,24,24,43,30,30,21,40,0,0],"gold":45,"neow_bonus":"THREE_ENEMY_KILL","is_daily":false,"chose_seed":false,"campfire_upgraded":2,"win_rate":0.0,"timestamp":1608879410,"path_taken":["M","M","?","?","?","R","E","?","T","R","?","M","?","?","R","BOSS","M","?","?","?","$","R","M","M","T","$","R","E","?","?","R","BOSS"],"items_purchased_type":["Card","Card","Relic","Card"],"build_version":"2020-12-22","purchased_purges":1,"victory":false,"max_hp_per_floor":[66,66,66,66,66,66,66,66,66,66,66,66,66,66,66,66,66,66,66,66,66,66,66,66,66,66,66,66,66,66,66,66,66,66],"card_choices":[{"not_picked":["Flying Knee","Reflex"],"picked":"Blade Dance","floor":1.0},{"not_picked":["Dash","Flying Knee"],"picked":"Footwork","floor":2.0},{"not_picked":["Acrobatics","All Out Attack"],"picked":"Leg Sweep","floor":4.0},{"not_picked":["Caltrops","Dagger Throw"],"picked":"Well Laid Plans","floor":7.0},{"not_picked":["Caltrops","Flying Knee"],"picked":"Tactician","floor":8.0},{"not_picked":["Quick Slash","Underhanded Strike"],"picked":"Well Laid Plans","floor":12.0},{"not_picked":["A Thousand Cuts","Malaise"],"picked":"Unload","floor":16},{"not_picked":["PiercingWail","Bane"],"picked":"Slice+1","floor":18},{"not_picked":["All Out Attack","Bane"],"picked":"Terror","floor":24},{"not_picked":["Prepared","Concentrate"],"picked":"Choke+1","floor":25},{"not_picked":["Slice","Sucker Punch"],"picked":"A Thousand Cuts","floor":29}],"player_experience":1228193,"relics_obtained":[{"floor":7.0,"key":"Ancient Tea Set"},{"floor":9.0,"key":"Bag of Preparation"},{"floor":19,"key":"Necronomicon"},{"floor":26,"key":"PreservedInsect"},{"floor":29,"key":"Bottled Tornado"}],"event_choices":[{"damage_healed":0.0,"max_hp_gain":0.0,"max_hp_loss":0.0,"gold_gain":100.0,"event_name":"Wheel of Change","player_choice":"Gold","floor":3.0,"gold_loss":0.0,"damage_taken":0.0},{"damage_healed":0.0,"max_hp_gain":0.0,"max_hp_loss":0.0,"gold_gain":0.0,"cards_transformed":["Strike_G"],"event_name":"Transmorgrifier","player_choice":"Transformed","floor":5.0,"gold_loss":0.0,"damage_taken":0.0,"cards_obtained":["Bouncing Flask"]},{"cards_removed":["Well Laid Plans"],"damage_healed":0.0,"max_hp_gain":0.0,"max_hp_loss":0.0,"gold_gain":0.0,"event_name":"Living Wall","player_choice":"Forget","floor":13.0,"gold_loss":0.0,"damage_taken":0.0},{"damage_healed":0,"gold_gain":0,"player_choice":"Ignored","damage_taken":0,"max_hp_gain":0,"max_hp_loss":0,"event_name":"Shining Light","floor":14,"gold_loss":0},{"damage_healed":0,"gold_gain":0,"player_choice":"Obtained Book","damage_taken":21,"max_hp_gain":0,"max_hp_loss":0,"event_name":"Cursed Tome","floor":19,"gold_loss":0},{"damage_healed":0,"gold_gain":0,"player_choice":"Obtained Relic","damage_taken":0,"relics_obtained":["Smiling Mask"],"max_hp_gain":0,"max_hp_loss":0,"event_name":"Addict","floor":20,"gold_loss":85},{"damage_healed":0,"gold_gain":0,"player_choice":"Ignored","damage_taken":0,"max_hp_gain":0,"max_hp_loss":0,"event_name":"Ghosts","floor":21,"gold_loss":0},{"damage_healed":0,"gold_gain":0,"player_choice":"Read","damage_taken":0,"max_hp_gain":0,"max_hp_loss":0,"event_name":"The Library","floor":30,"gold_loss":0,"cards_obtained":["Eviscerate"]},{"damage_healed":0,"gold_gain":0,"player_choice":"Damaged","damage_taken":9,"max_hp_gain":0,"max_hp_loss":0,"event_name":"Wheel of Change","floor":31,"gold_loss":0}],"is_beta":false,"boss_relics":[{"not_picked":["Empty Cage","Ectoplasm"],"picked":"HoveringKite"}],"items_purged_floors":[27],"is_endless":false,"potions_floor_spawned":[2,4,7,8,24,25],"killed_by":"Automaton","ascension_level":20}}