{"host":"nkolxg4se00n20yf","time":1608938496,"event":{"mods":["BaseMod","CatGirl Mod","Chen","Colored Map","Colored Powertips","Downfall","Friendly Minions","Infinite Spire","Kiyohime????","Marisa????????","Minty Spire (QoL Compilation)","StSLib","Td1madao Mod","The Administrix","The Cursed","The Exalted","The Hierophant","The Servant 0.9.4"],"gold_per_floor":[116,132,132,132,149,181,199,225,225,225,225,225,237,269,269,342,342,359,359,53,69,69,101,113,63,87,114,114,114,130,461,461,542,542,563,635,635,649,649,649,266,283,283,283,324,324,346,346,346,362,362],"floor_reached":50,"playtime":3155,"items_purged":["Normality"],"score":1118,"play_id":"f887b1a3-05ee-41ac-800a-2de72e5c32cd","local_time":"20201226002136","is_ascension_mode":true,"campfire_choices":[{"floor":10.0,"key":"REST"},{"floor":12.0,"key":"REST"},{"floor":15.0,"key":"REST"},{"floor":29.0,"key":"REST"},{"floor":32.0,"key":"REST"},{"floor":40.0,"key":"REST"},{"floor":44.0,"key":"REST"},{"floor":46.0,"key":"REST"},{"floor":49.0,"key":"REST"}],"circlet_count":0,"master_deck":["AscendersBane","Strike_G+1","Strike_G+1","Strike_G+1","Strike_G+1","Strike_G+1","Defend_G+1","Defend_G+1","Defend_G+1","Defend_G+1","Survivor+1","Neutralize+1","PiercingWail+1","Choke+1","infinitespire:Punishment+1","Acrobatics+1","Poisoned Stab+1","Heel Hook+1","All Out Attack+1","Endless Agony+1","Phantasmal Killer+1","Distraction+1","Quick Slash+1","Prepared+1","Accuracy+1","Infinite Blades+1","Noxious Fumes+1","Corpse Explosion+1","Predator+1","Flying Knee+1","Outmaneuver+1","Crippling Poison+1"],"relics":["Ring of the Snake","Centennial Puzzle","Smiling Mask","Art of War","infinitespire:Eraser","Anchor","infinitespire:Bottled Soul","Black Star","Bromod:ArcaneConsequence","infinitespire:Satchel","infinitespire:Midas Blood","Matryoshka","Nunchaku","Bromod:ArcaneMomentum","Dream Catcher","Bromod:ArcaneNullifier","Bromod:ArcaneTempo","StoneCalendar","Bag of Marbles","Old Coin","HoveringKite","CatCart","Membership Card","Strawberry","Turnip","Juzu Bracelet","Pen Nib","Singing Bowl","Mark of the Bloom"],"acts_visited":["Exordium","TheCity","TheBeyond"],"potions_floor_usage":[],"damage_taken":[{"damage":4.0,"enemies":"Small Slimes","floor":1.0,"turns":4.0},{"damage":7.0,"enemies":"Jaw Worm","floor":2.0,"turns":5.0},{"damage":0.0,"enemies":"2 Louse","floor":5.0,"turns":2.0},{"damage":7.0,"enemies":"3 Sentries","floor":6.0,"turns":5.0},{"damage":6.0,"enemies":"Lots of Slimes","floor":7.0,"turns":4.0},{"damage":0.0,"enemies":"Lagavulin","floor":8.0,"turns":4.0},{"damage":1.0,"enemies":"Looter","floor":13.0,"turns":3.0},{"damage":16.0,"enemies":"Gremlin Nob","floor":14.0,"turns":3.0},{"damage":30.0,"enemies":"The Guardian","floor":16.0,"turns":8.0},{"damage":0.0,"enemies":"Spheric Guardian","floor":18.0,"turns":1.0},{"damage":9.0,"enemies":"3 Byrds","floor":21.0,"turns":5.0},{"damage":10.0,"enemies":"Gremlin Leader","floor":23.0,"turns":4.0},{"damage":18.0,"enemies":"Snecko","floor":24.0,"turns":3.0},{"damage":1.0,"enemies":"Slavers","floor":27.0,"turns":6.0},{"damage":5.0,"enemies":"Centurion and Healer","floor":30.0,"turns":4.0},{"damage":15.0,"enemies":"Book of Stabbing","floor":31.0,"turns":5.0},{"damage":31.0,"enemies":"Automaton","floor":33.0,"turns":8.0},{"damage":3.0,"enemies":"3 Shapes","floor":35.0,"turns":5.0},{"damage":43.0,"enemies":"Orin","floor":36.0,"turns":13.0},{"damage":0.0,"enemies":"Orb Walker","floor":38.0,"turns":2.0},{"damage":12.0,"enemies":"3 Darklings","floor":42.0,"turns":3.0},{"damage":50.0,"enemies":"Giant Head","floor":45.0,"turns":7.0},{"damage":9.0,"enemies":"Jaw Worm Horde","floor":47.0,"turns":2.0},{"damage":66,"enemies":"Time Eater","floor":50,"turns":7}],"seed_played":"-8210672187293055028","potions_obtained":[{"floor":2.0,"key":"ColorlessPotion"},{"floor":5.0,"key":"FearPotion"},{"floor":13.0,"key":"Weak Potion"},{"floor":16.0,"key":"champ:CounterPotion"},{"floor":21.0,"key":"Guardian:BlockOnCardUsePotion"},{"floor":23.0,"key":"sneckomod:MuddlingPotion"},{"floor":27.0,"key":"champ:CounterPotion"},{"floor":30.0,"key":"CultistPotion"},{"floor":38.0,"key":"Weak Potion"}],"is_trial":false,"path_per_floor":["M","M","?","?","M","E","M","E","T","R","?","R","M","E","R","B",null,"M","?","$","M","?","E","M","$","T","E","T","R","M","E","R","B",null,"M","?","?","M","?","R","$","M","T","R","E","R","M","?","R","B"],"character_chosen":"THE_SILENT","items_purchased":["Bromod:ArcaneConsequence","infinitespire:Satchel","Membership Card","Strawberry","Turnip","Crippling Poison"],"campfire_rested":9,"item_purchase_floors":[20,20,41,41,41,41],"current_hp_per_floor":[55,48,48,37,37,30,24,24,24,43,23,42,41,25,44,14,53,53,53,53,44,44,34,16,16,16,15,15,34,29,14,33,2,50,47,4,4,4,4,23,30,18,18,39,38,62,55,55,55,0,0],"gold":362,"neow_bonus":"RANDOM_COMMON_RELIC","is_daily":false,"chose_seed":false,"campfire_upgraded":0,"win_rate":0.0,"timestamp":1608938496,"path_taken":["M","M","?","?","M","E","M","E","T","R","?","R","M","E","R","BOSS","M","?","$","?","?","E","?","$","T","E","?","R","M","E","R","BOSS","M","?","?","M","?","R","$","M","T","R","E","R","M","?","R","BOSS"],"items_purchased_type":["Relic","Relic","Relic","Relic","Relic","Card"],"build_version":"2020-12-22","purchased_purges":1,"victory":false,"max_hp_per_floor":[66,66,66,66,66,66,66,66,66,66,66,66,66,66,66,66,66,66,66,66,66,66,66,66,66,66,66,66,66,66,66,66,66,66,66,66,66,66,66,66,73,73,73,73,75,77,79,79,81,81,81],"card_choices":[{"not_picked":["Acrobatics","Deadly Poison"],"picked":"PiercingWail","floor":1.0},{"not_picked":["Riddle With Holes","Slice"],"picked":"Choke","floor":2.0},{"not_picked":["infinitespire:DeathsTouch","infinitespire:Starlight"],"picked":"infinitespire:Punishment","floor":3.0},{"not_picked":["Cloak And Dagger","Predator"],"picked":"Acrobatics","floor":5.0},{"not_picked":["Sucker Punch","Expertise"],"picked":"Poisoned Stab","floor":6.0},{"not_picked":["Bane","Blade Dance","PiercingWail"],"picked":"SKIP","floor":7.0},{"not_picked":["Sucker Punch","Blur"],"picked":"Heel Hook","floor":8.0},{"not_picked":["Skewer","Prepared"],"picked":"All Out Attack","floor":13.0},{"not_picked":["Distraction","Slice"],"picked":"Endless Agony","floor":14.0},{"not_picked":["A Thousand Cuts","Die Die Die"],"picked":"Phantasmal Killer","floor":16.0},{"not_picked":["Prepared","Bouncing Flask"],"picked":"Distraction","floor":18.0},{"not_picked":["Sucker Punch","Poisoned Stab"],"picked":"Prepared+1","floor":21.0},{"not_picked":["Bane","Bouncing Flask"],"picked":"Infinite Blades","floor":23.0},{"not_picked":["Sucker Punch","Flechettes"],"picked":"Noxious Fumes","floor":24.0},{"not_picked":["Setup","Deadly Poison","Finisher"],"picked":"SKIP","floor":27.0},{"not_picked":["Caltrops","Flechettes+1","Prepared+1"],"picked":"SKIP","floor":30.0},{"not_picked":["Flechettes","Riddle With Holes","Acrobatics"],"picked":"SKIP","floor":31.0},{"not_picked":["Phantasmal Killer","Glass Knife"],"picked":"Corpse Explosion","floor":33.0},{"not_picked":["Deflect","All Out Attack+1"],"picked":"Predator+1","floor":35.0},{"not_picked":["Escape Plan","Infinite Blades"],"picked":"Flying Knee","floor":36.0},{"not_picked":["Poisoned Stab+1","Tactician+1"],"picked":"Outmaneuver","floor":38.0},{"not_picked":["Tactician","Outmaneuver","Cloak And Dagger+1"],"picked":"SKIP","floor":42.0},{"not_picked":["PiercingWail","Caltrops","Catalyst"],"picked":"Singing Bowl","floor":45.0},{"not_picked":["Distraction","All Out Attack","Dagger Spray+1"],"picked":"Singing Bowl","floor":46.0},{"not_picked":["Bouncing Flask+1","Sucker Punch","Prepared+1"],"picked":"Singing Bowl","floor":47.0},{"not_picked":["Deflect","Blade Dance","Deadly Poison"],"picked":"Singing Bowl","floor":49.0}],"player_experience":1048603,"relics_obtained":[{"floor":6.0,"key":"Art of War"},{"floor":8.0,"key":"infinitespire:Eraser"},{"floor":9.0,"key":"Anchor"},{"floor":14.0,"key":"infinitespire:Bottled Soul"},{"floor":23.0,"key":"infinitespire:Midas Blood"},{"floor":23.0,"key":"Matryoshka"},{"floor":26.0,"key":"Nunchaku"},{"floor":26.0,"key":"Bromod:ArcaneMomentum"},{"floor":27.0,"key":"Dream Catcher"},{"floor":27.0,"key":"Bromod:ArcaneNullifier"},{"floor":28.0,"key":"Bromod:ArcaneTempo"},{"floor":28.0,"key":"StoneCalendar"},{"floor":31.0,"key":"Bag of Marbles"},{"floor":31.0,"key":"Old Coin"},{"floor":36.0,"key":"CatCart"},{"floor":43.0,"key":"Juzu Bracelet"},{"floor":45.0,"key":"Pen Nib"},{"floor":45.0,"key":"Singing Bowl"}],"event_choices":[{"damage_healed":0.0,"max_hp_gain":0.0,"max_hp_loss":0.0,"gold_gain":0.0,"event_name":"Scrap Ooze","player_choice":"Success","floor":4.0,"gold_loss":0.0,"damage_taken":11.0,"relics_obtained":["Smiling Mask"]},{"damage_healed":0.0,"max_hp_gain":0.0,"max_hp_loss":0.0,"gold_gain":0.0,"event_name":"Shining Light","player_choice":"Entered Light","floor":11.0,"gold_loss":0.0,"damage_taken":20.0,"cards_upgraded":["Defend_G","Strike_G"]},{"damage_healed":0.0,"max_hp_gain":0.0,"max_hp_loss":0.0,"gold_gain":0.0,"event_name":"Match and Keep!","player_choice":"1 cards matched","floor":19.0,"gold_loss":0.0,"damage_taken":0.0,"cards_obtained":["Quick Slash"]},{"damage_healed":0.0,"max_hp_gain":0.0,"max_hp_loss":0.0,"gold_gain":0.0,"cards_transformed":["Defend_G"],"event_name":"Transmorgrifier","player_choice":"Transformed","floor":22.0,"gold_loss":0.0,"damage_taken":0.0,"cards_obtained":["Accuracy"]},{"damage_healed":0.0,"max_hp_gain":0.0,"max_hp_loss":0.0,"gold_gain":0.0,"event_name":"OrinTheCat","player_choice":"Fight","floor":36.0,"gold_loss":0.0,"damage_taken":0.0},{"damage_healed":0.0,"max_hp_gain":0.0,"max_hp_loss":0.0,"gold_gain":0.0,"event_name":"Mysterious Sphere","player_choice":"Ignored","floor":37.0,"gold_loss":0.0,"damage_taken":0.0},{"cards_removed":["Clumsy"],"damage_healed":0.0,"max_hp_gain":0.0,"max_hp_loss":0.0,"gold_gain":0.0,"event_name":"Purifier","player_choice":"Purged","floor":39.0,"gold_loss":0.0,"damage_taken":0.0},{"damage_healed":0.0,"max_hp_gain":0.0,"max_hp_loss":0.0,"gold_gain":0.0,"event_name":"MindBloom","player_choice":"Upgrade","floor":48.0,"gold_loss":0.0,"damage_taken":0.0,"cards_upgraded":["Strike_G","Strike_G","Strike_G","Strike_G","Defend_G","Defend_G","Defend_G","Survivor","Neutralize","PiercingWail","Choke","infinitespire:Punishment","Acrobatics","Poisoned Stab","Heel Hook","All Out Attack","Endless Agony","Phantasmal Killer","Distraction","Quick Slash","Accuracy","Infinite Blades","Noxious Fumes","Corpse Explosion","Flying Knee","Outmaneuver","Crippling Poison"],"relics_obtained":["Mark of the Bloom"]}],"is_beta":false,"boss_relics":[{"not_picked":["Pandora\u0027s Box","Philosopher\u0027s Stone"],"picked":"Black Star"},{"not_picked":["Bromod:ArcaneGrace","Velvet Choker"],"picked":"HoveringKite"}],"items_purged_floors":[25],"is_endless":false,"potions_floor_spawned":[2,5,13,16,21,23,27,30,38],"killed_by":"Time Eater","ascension_level":15}}