{"host":"w01zow3jg16g8jdh","time":1608912647,"event":{"mods":["AchievementEnabler","BaseMod","DeckTracker","Keyboard Shortcuts","Minty Spire (QoL Compilation)","Permanent Neow","StSLib","SuperFastMode"],"gold_per_floor":[110,110,126,51,51,51,63,75,75,85,103,103,118,18,18,96,96,114,125,137,137,137,137,164,177,225,225,225,225,225,240,240,317,317,327,343,343,357,375,400,175,175,244,274,291,291,291],"floor_reached":46,"playtime":1127,"items_purged":["Strike_G","Defend_G","Sucker Punch"],"score":1082,"play_id":"2bbb2f8a-694c-48ee-9972-7f438034108a","local_time":"20201226011047","is_ascension_mode":true,"campfire_choices":[{"data":"Dagger Spray","floor":6.0,"key":"SMITH"},{"floor":15.0,"key":"REST"},{"floor":23.0,"key":"REST"},{"floor":28.0,"key":"REST"},{"floor":32.0,"key":"REST"},{"data":"Acrobatics","floor":42.0,"key":"SMITH"}],"circlet_count":0,"master_deck":["AscendersBane","Survivor","Neutralize","Grand Finale","Well Laid Plans","Prepared","Crippling Poison","Venomology","Bullet Time","Adrenaline","Predator","Calculated Gamble","Dash","Acrobatics+1","Tactician","Prepared"],"relics":["Ring of the Snake","Juzu Bracelet","Gremlin Horn","Pandora\u0027s Box","Calipers","Centennial Puzzle","Art of War","SacredBark","Pocketwatch","Membership Card"],"acts_visited":["Exordium","TheCity","TheBeyond"],"potions_floor_usage":[46,46],"damage_taken":[{"damage":4.0,"enemies":"Small Slimes","floor":1.0,"turns":4.0},{"damage":11.0,"enemies":"Jaw Worm","floor":3.0,"turns":6.0},{"damage":0.0,"enemies":"2 Louse","floor":7.0,"turns":2.0},{"damage":0.0,"enemies":"Exordium Wildlife","floor":8.0,"turns":2.0},{"damage":2.0,"enemies":"Gremlin Gang","floor":10.0,"turns":3.0},{"damage":3.0,"enemies":"3 Louse","floor":11.0,"turns":3.0},{"damage":0.0,"enemies":"2 Fungi Beasts","floor":13.0,"turns":3.0},{"damage":23.0,"enemies":"Slime Boss","floor":16.0,"turns":5.0},{"damage":0.0,"enemies":"Spheric Guardian","floor":18.0,"turns":3.0},{"damage":0.0,"enemies":"2 Thieves","floor":19.0,"turns":2.0},{"damage":0.0,"enemies":"3 Cultists","floor":20.0,"turns":2.0},{"damage":32.0,"enemies":"Book of Stabbing","floor":24.0,"turns":5.0},{"damage":11.0,"enemies":"Snake Plant","floor":25.0,"turns":3.0},{"damage":8.0,"enemies":"Snecko","floor":31.0,"turns":3.0},{"damage":0.0,"enemies":"Collector","floor":33.0,"turns":4.0},{"damage":4.0,"enemies":"3 Shapes","floor":35.0,"turns":1.0},{"damage":2.0,"enemies":"Orb Walker","floor":36.0,"turns":2.0},{"damage":6.0,"enemies":"4 Shapes","floor":38.0,"turns":2.0},{"damage":22.0,"enemies":"Maw","floor":39.0,"turns":5.0},{"damage":0.0,"enemies":"Reptomancer","floor":40.0,"turns":3.0},{"damage":8.0,"enemies":"Spire Growth","floor":44.0,"turns":3.0},{"damage":0.0,"enemies":"3 Darklings","floor":45.0,"turns":2.0},{"damage":0,"enemies":"Nemesis","floor":46,"turns":5}],"seed_played":"-8197354447123577667","potions_obtained":[{"floor":3.0,"key":"CunningPotion"},{"floor":7.0,"key":"Fire Potion"},{"floor":16.0,"key":"LiquidMemories"},{"floor":36.0,"key":"DuplicationPotion"},{"floor":38.0,"key":"Explosive Potion"}],"is_trial":false,"path_per_floor":["M","?","M","$","?","R","M","M","T","M","M","?","M","$","R","B",null,"M","M","M","?","T","R","E","M","T","?","R","?","?","M","R","B",null,"M","M","?","M","M","E","$","R","T","M","M","E"],"character_chosen":"THE_SILENT","items_purchased":["Membership Card"],"campfire_rested":4,"item_purchase_floors":[41],"current_hp_per_floor":[55,60,49,49,49,49,49,49,49,47,44,26,26,26,45,22,54,54,54,54,36,36,57,25,14,14,14,35,35,35,27,48,48,65,61,59,59,53,31,31,31,31,31,23,23,23,23],"gold":291,"neow_bonus":"TRANSFORM_TWO_CARDS","is_daily":false,"chose_seed":false,"campfire_upgraded":2,"win_rate":0.0,"timestamp":1608912647,"path_taken":["M","?","M","?","?","R","M","M","T","M","M","?","M","?","R","BOSS","M","M","M","?","?","R","E","M","T","?","R","?","?","M","R","BOSS","M","M","?","M","M","E","$","R","T","M","M","E"],"items_purchased_type":["Relic"],"build_version":"2020-12-22","purchased_purges":3,"victory":false,"max_hp_per_floor":[60,65,65,65,65,65,65,65,65,65,65,65,65,65,65,65,65,65,65,65,70,70,70,70,70,70,70,70,70,70,70,70,70,70,70,70,70,70,70,70,70,70,70,70,70,70,70],"card_choices":[{"not_picked":["Deflect","Blade Dance"],"picked":"Dagger Spray","floor":1.0},{"not_picked":["Underhanded Strike","Slice","Concentrate"],"picked":"SKIP","floor":3.0},{"not_picked":["Riddle With Holes","Setup","Infinite Blades"],"picked":"SKIP","floor":7.0},{"not_picked":["Deadly Poison","Deflect"],"picked":"Well Laid Plans","floor":8.0},{"not_picked":["Expertise","Underhanded Strike"],"picked":"Prepared","floor":10.0},{"not_picked":["Riddle With Holes","Noxious Fumes","Flying Knee"],"picked":"SKIP","floor":11.0},{"not_picked":["Predator","Deadly Poison"],"picked":"Crippling Poison","floor":13.0},{"not_picked":["A Thousand Cuts","Tools of the Trade"],"picked":"Venomology","floor":16.0},{"not_picked":["Poisoned Stab","Well Laid Plans","Dagger Throw"],"picked":"SKIP","floor":18.0},{"not_picked":["Dagger Throw+1","Leg Sweep"],"picked":"Acrobatics","floor":19.0},{"not_picked":["Blade Dance","Dagger Throw","Deflect"],"picked":"SKIP","floor":20.0},{"not_picked":["Underhanded Strike+1","Endless Agony","Sucker Punch+1"],"picked":"SKIP","floor":24.0},{"not_picked":["Bane","Poisoned Stab+1","Bullet Time"],"picked":"SKIP","floor":25.0},{"not_picked":["Deadly Poison","Underhanded Strike"],"picked":"Tactician","floor":31.0},{"not_picked":["Quick Slash","Crippling Poison+1","Cloak And Dagger+1"],"picked":"SKIP","floor":35.0},{"not_picked":["Flechettes","Slice","Sucker Punch"],"picked":"SKIP","floor":36.0},{"not_picked":["Well Laid Plans","Distraction","Catalyst"],"picked":"SKIP","floor":38.0},{"not_picked":["Dagger Throw","Dodge and Roll"],"picked":"Prepared","floor":39.0},{"not_picked":["Glass Knife","Blade Dance","Bane"],"picked":"SKIP","floor":40.0},{"not_picked":["Bane+1","Sucker Punch","Cloak And Dagger+1"],"picked":"SKIP","floor":44.0},{"not_picked":["Choke","Escape Plan+1","Leg Sweep"],"picked":"SKIP","floor":45.0}],"player_experience":291125,"relics_obtained":[{"floor":9.0,"key":"Juzu Bracelet"},{"floor":22.0,"key":"Calipers"},{"floor":24.0,"key":"Centennial Puzzle"},{"floor":26.0,"key":"Art of War"},{"floor":40.0,"key":"Pocketwatch"}],"event_choices":[{"damage_healed":0.0,"max_hp_gain":5.0,"max_hp_loss":0.0,"gold_gain":0.0,"event_name":"Big Fish","player_choice":"Donut","floor":2.0,"gold_loss":0.0,"damage_taken":0.0},{"cards_removed":["Defend_G"],"damage_healed":0.0,"max_hp_gain":0.0,"max_hp_loss":0.0,"gold_gain":0.0,"event_name":"Living Wall","player_choice":"Forget","floor":5.0,"gold_loss":0.0,"damage_taken":0.0},{"damage_healed":0.0,"max_hp_gain":0.0,"max_hp_loss":0.0,"gold_gain":0.0,"event_name":"Scrap Ooze","player_choice":"Success","floor":12.0,"gold_loss":0.0,"damage_taken":18.0,"relics_obtained":["Gremlin Horn"]},{"damage_healed":0.0,"max_hp_gain":5.0,"max_hp_loss":0.0,"gold_gain":0.0,"event_name":"Forgotten Altar","player_choice":"Shed Blood","floor":21.0,"gold_loss":0.0,"damage_taken":23.0},{"damage_healed":0.0,"max_hp_gain":0.0,"max_hp_loss":0.0,"gold_gain":0.0,"event_name":"Cursed Tome","player_choice":"Ignored","floor":27.0,"gold_loss":0.0,"damage_taken":0.0},{"cards_removed":["Dagger Spray"],"damage_healed":0.0,"max_hp_gain":0.0,"max_hp_loss":0.0,"gold_gain":0.0,"event_name":"Back to Basics","player_choice":"Elegance","floor":29.0,"gold_loss":0.0,"damage_taken":0.0},{"damage_healed":0.0,"max_hp_gain":0.0,"max_hp_loss":0.0,"gold_gain":0.0,"event_name":"The Mausoleum","player_choice":"Ignored","floor":30.0,"gold_loss":0.0,"damage_taken":0.0},{"damage_healed":0.0,"max_hp_gain":0.0,"max_hp_loss":0.0,"gold_gain":0.0,"event_name":"Tomb of Lord Red Mask","player_choice":"Ignored","floor":37.0,"gold_loss":0.0,"damage_taken":0.0}],"is_beta":false,"boss_relics":[{"not_picked":["WristBlade","SlaversCollar"],"picked":"Pandora\u0027s Box"},{"not_picked":["Ring of the Serpent","Cursed Key"],"picked":"SacredBark"}],"items_purged_floors":[4,14,41],"is_endless":false,"potions_floor_spawned":[3,7,8,11,16,20,31,33,36,38],"killed_by":"Nemesis","ascension_level":20}}