{"host":"o54aw4mfims5m8ve","time":1608921822,"event":{"mods":["BaseMod","Downfall","Minty Spire (QoL Compilation)","StSLib","The Cursed","The Saiyan","The Senshi"],"gold_per_floor":[117,133,150,167,185,185,185,185],"floor_reached":7,"playtime":963,"items_purged":[],"score":47,"play_id":"af689df7-cc05-4be3-b4fe-f9d812817271","local_time":"20201225184342","is_ascension_mode":true,"campfire_choices":[{"data":"theSenshi:MoonCrystalPowerMakeUp","floor":6,"key":"SMITH"}],"circlet_count":0,"master_deck":["theSenshi:SailorKick","theSenshi:SailorKick","theSenshi:SailorKick","theSenshi:SailorKick","theSenshi:SailorBlock","theSenshi:SailorBlock","theSenshi:SailorBlock","theSenshi:SailorBlock","theSenshi:RoseThrow","theSenshi:MoonPrismPowerMakeUp","theSenshi:Sidestep","theSenshi:MoonsReflection","theSenshi:MoonCrystalPowerMakeUp+1","theSenshi:SaturnsMystery"],"relics":["theSenshi:TransformationBroochRelic","theSenshi:CrystalStarRelic"],"acts_visited":["Exordium"],"potions_floor_usage":[5],"damage_taken":[{"damage":0,"enemies":"Small Slimes","floor":1,"turns":4},{"damage":4,"enemies":"Jaw Worm","floor":2,"turns":4},{"damage":2,"enemies":"2 Louse","floor":3,"turns":4},{"damage":1,"enemies":"2 Fungi Beasts","floor":4,"turns":6},{"damage":34,"enemies":"Gremlin Gang","floor":5,"turns":10},{"damage":68,"enemies":"3 Sentries","floor":7,"turns":12}],"seed_played":"-8910287650626053876","potions_obtained":[{"floor":3,"key":"Block Potion"}],"is_trial":false,"path_per_floor":["M","M","M","M","M","R","E"],"character_chosen":"THE_SENSHI","items_purchased":[],"campfire_rested":0,"item_purchase_floors":[],"current_hp_per_floor":[75,71,71,72,42,42,0,0],"gold":185,"neow_bonus":"RANDOM_COMMON_RELIC","is_daily":false,"chose_seed":false,"campfire_upgraded":1,"win_rate":0.0,"timestamp":1608921822,"path_taken":["M","M","M","M","M","R","E"],"items_purchased_type":[],"build_version":"2020-12-22","purchased_purges":0,"victory":false,"max_hp_per_floor":[75,75,75,75,75,75,75,75],"card_choices":[{"not_picked":["theSenshi:EncouragingSpeech","theSenshi:SailorNeptuneAssists","theSenshi:LunasBite"],"picked":"SKIP","floor":1},{"not_picked":["theSenshi:MoonsReflection","theSenshi:TallSilhouette"],"picked":"theSenshi:Sidestep","floor":2},{"not_picked":["theSenshi:YouCanTalk","theSenshi:TuxedoSmokingBomber"],"picked":"theSenshi:MoonsReflection","floor":3},{"not_picked":["theSenshi:VenusGlamour","theSenshi:MoonsReflection"],"picked":"theSenshi:MoonCrystalPowerMakeUp","floor":4},{"not_picked":["theSenshi:SchoolBag","theSenshi:MoonTiaraMagic"],"picked":"theSenshi:SaturnsMystery","floor":5}],"player_experience":164836,"relics_obtained":[],"event_choices":[],"is_beta":false,"boss_relics":[],"items_purged_floors":[],"is_endless":false,"potions_floor_spawned":[3],"killed_by":"3 Sentries","ascension_level":1}}