{"host":"sabve5zmqufxyc5o","time":1608920820,"event":{"mods":["2.2 Compatiblity","AchievementEnabler","Act Like it!","BaseMod","Block Reminder","Colored Map","Colored Powertips","DeckTracker","KOR Keyword Fix","Keyboard Shortcuts","Minty Spire (QoL Compilation)","Quick Restart","Rare Cards Sparkle","Relic Stats","StSLib","SuperFastMode"],"gold_per_floor":[118,1,20,36,54,54,65,83,110,110,124,124,144,169,169,258,258,281,296,320,370,394,394,319,234,234,234,248,248,248],"floor_reached":29,"playtime":690,"items_purged":["Strike_G"],"score":446,"play_id":"5cc4aeb6-c74b-40b6-891a-dccd8cd3a2f2","local_time":"20201226032700","is_ascension_mode":true,"campfire_choices":[{"floor":10.0,"key":"REST"},{"floor":15.0,"key":"REST"},{"floor":23,"key":"REST"},{"data":"Prepared","floor":27,"key":"SMITH"}],"circlet_count":0,"master_deck":["AscendersBane","Strike_G","Strike_G","Defend_G","Defend_G","Defend_G","Defend_G","Defend_G","Survivor","Neutralize","Cloak And Dagger","Caltrops","Blade Dance","Acrobatics","Prepared+1","Glass Knife","Dagger Spray","Bouncing Flask","Backflip","Adrenaline","Backstab","Blade Dance+1","Eviscerate","Accuracy+1"],"relics":["Ring of the Snake","Bronze Scales","Golden Idol","Runic Pyramid","Omamori","Frozen Egg 2"],"acts_visited":["Exordium","TheCity"],"potions_floor_usage":[18,19,20],"damage_taken":[{"damage":10.0,"enemies":"Jaw Worm","floor":1.0,"turns":5.0},{"damage":1.0,"enemies":"2 Louse","floor":3.0,"turns":4.0},{"damage":6.0,"enemies":"Small Slimes","floor":4.0,"turns":4.0},{"damage":18.0,"enemies":"Gremlin Gang","floor":5.0,"turns":7.0},{"damage":2.0,"enemies":"Looter","floor":7.0,"turns":5.0},{"damage":10.0,"enemies":"3 Louse","floor":8.0,"turns":5.0},{"damage":0.0,"enemies":"2 Fungi Beasts","floor":11.0,"turns":3.0},{"damage":6.0,"enemies":"Blue Slaver","floor":13.0,"turns":4.0},{"damage":15.0,"enemies":"Exordium Wildlife","floor":14.0,"turns":4.0},{"damage":33.0,"enemies":"The Guardian","floor":16.0,"turns":11.0},{"damage":11,"enemies":"Spheric Guardian","floor":18,"turns":5},{"damage":10,"enemies":"Chosen","floor":19,"turns":4},{"damage":17,"enemies":"Centurion and Healer","floor":20,"turns":14},{"damage":13,"enemies":"Snake Plant","floor":22,"turns":4},{"damage":17,"enemies":"3 Cultists","floor":28,"turns":5},{"damage":27,"enemies":"Chosen and Byrds","floor":29,"turns":5}],"seed_played":"-2466496925806676453","potions_obtained":[{"floor":4.0,"key":"FairyPotion"},{"floor":7.0,"key":"SteroidPotion"},{"floor":14.0,"key":"SkillPotion"},{"floor":16.0,"key":"DistilledChaos"},{"floor":18,"key":"DuplicationPotion"},{"floor":19,"key":"Regen Potion"},{"floor":22,"key":"LiquidBronze"}],"is_trial":false,"path_per_floor":["M","$","M","M","M","?","M","M","T","R","M","?","M","M","R","B",null,"M","M","M","?","M","R","?","?","T","R","M","M"],"character_chosen":"THE_SILENT","items_purchased":["Caltrops"],"campfire_rested":3,"item_purchase_floors":[2],"current_hp_per_floor":[55,55,54,48,30,23,21,11,11,32,32,32,26,11,30,19,54,43,33,31,31,18,37,37,37,37,37,20,0,0],"gold":248,"neow_bonus":"TEN_PERCENT_HP_BONUS","is_daily":false,"chose_seed":false,"campfire_upgraded":1,"win_rate":0.0,"timestamp":1608920820,"path_taken":["M","$","M","M","M","?","M","M","T","R","M","?","M","M","R","BOSS","M","M","M","?","?","R","?","?","T","R","M","M"],"items_purchased_type":["Card"],"build_version":"2020-12-22","purchased_purges":1,"victory":false,"max_hp_per_floor":[72,72,72,72,72,72,72,72,72,72,72,65,65,65,65,65,65,65,65,65,65,65,65,65,65,65,65,65,65,65],"relic_stats":{"counters":[16,89],"Golden Idol":48,"Bronze Scales":[138],"obtain_stats":[{"Golden Idol":12,"Bronze Scales":9,"Omamori":25,"Frozen Egg 2":26,"Ring of the Snake":0,"Runic Pyramid":17},{"Golden Idol":7,"Bronze Scales":6,"Omamori":14,"Frozen Egg 2":14,"Ring of the Snake":0,"Runic Pyramid":10},{"Golden Idol":33,"Bronze Scales":30,"Omamori":79,"Frozen Egg 2":79,"Ring of the Snake":0,"Runic Pyramid":52}],"Ring of the Snake":[32]},"card_choices":[{"not_picked":["Deflect","Dagger Throw"],"picked":"Cloak And Dagger","floor":1.0},{"not_picked":["Slice","Dagger Spray"],"picked":"Blade Dance","floor":3.0},{"not_picked":["Accuracy","Well Laid Plans"],"picked":"Acrobatics","floor":4.0},{"not_picked":["Deflect","Flying Knee","Underhanded Strike"],"picked":"SKIP","floor":5.0},{"not_picked":["Quick Slash","Deflect"],"picked":"Prepared","floor":7.0},{"not_picked":["Expertise","Bane"],"picked":"Glass Knife","floor":8.0},{"not_picked":["Flying Knee","Deflect"],"picked":"Dagger Spray","floor":11.0},{"not_picked":["Dagger Spray","Prepared"],"picked":"Bouncing Flask","floor":13.0},{"not_picked":["Bane","Choke"],"picked":"Backflip","floor":14.0},{"not_picked":["Envenom","Glass Knife"],"picked":"Adrenaline","floor":16.0},{"not_picked":["Slice","Dagger Spray"],"picked":"Backstab","floor":18},{"not_picked":["Setup","PiercingWail+1"],"picked":"Blade Dance+1","floor":19},{"not_picked":["Outmaneuver","Predator","Acrobatics"],"picked":"SKIP","floor":20},{"not_picked":["Outmaneuver","Slice"],"picked":"Eviscerate","floor":22},{"not_picked":["Bane","Deflect"],"picked":"Accuracy+1","floor":28}],"player_experience":813165,"relics_obtained":[{"floor":9.0,"key":"Bronze Scales"},{"floor":26,"key":"Frozen Egg 2"}],"event_choices":[{"cards_removed":["Strike_G"],"damage_healed":0.0,"max_hp_gain":0.0,"max_hp_loss":0.0,"gold_gain":0.0,"event_name":"Golden Wing","player_choice":"Card Removal","floor":6.0,"gold_loss":0.0,"damage_taken":7.0},{"damage_healed":0.0,"max_hp_gain":0.0,"max_hp_loss":7.0,"gold_gain":0.0,"event_name":"Golden Idol","player_choice":"Lose Max HP","floor":12.0,"gold_loss":0.0,"damage_taken":0.0,"relics_obtained":["Golden Idol"]},{"damage_healed":0,"gold_gain":50,"player_choice":"Pray","damage_taken":0,"max_hp_gain":0,"max_hp_loss":0,"event_name":"Golden Shrine","floor":21,"gold_loss":0},{"cards_removed":["Strike_G"],"damage_healed":0,"gold_gain":0,"player_choice":"Gave Gold","damage_taken":0,"max_hp_gain":0,"max_hp_loss":0,"event_name":"Beggar","floor":24,"gold_loss":75},{"damage_healed":0,"gold_gain":0,"player_choice":"Obtained Relic","damage_taken":0,"relics_obtained":["Omamori"],"max_hp_gain":0,"max_hp_loss":0,"event_name":"Addict","floor":25,"gold_loss":85}],"is_beta":false,"boss_relics":[{"not_picked":["Ectoplasm","Pandora\u0027s Box"],"picked":"Runic Pyramid"}],"items_purged_floors":[2],"is_endless":false,"potions_floor_spawned":[4,7,11,14,16,18,19,22],"killed_by":"Chosen and Byrds","ascension_level":20}}