{"host":"0gwv7avfu8mbfkng","time":1608914850,"event":{"mods":["BaseMod","Challenge The Spire","Colored Map","Conspire","Infinite Spire","Jedi Mod","Minty Spire (QoL Compilation)","Spicy Shops","StSLib","The Blackbeard","TheWitcher","WarShipGirlsR/????R mod"],"gold_per_floor":[117,136,136,149,166,166,211,243,294,294,49,79,91,16,16,113,113,129,115,115,115],"floor_reached":20,"playtime":736,"items_purged":["Pain"],"score":218,"play_id":"8a301afb-13e0-4e12-a05d-bbbfd27b65ed","local_time":"20201225174730","is_ascension_mode":true,"campfire_choices":[{"data":"Doom and Gloom","floor":6,"key":"SMITH"},{"data":"Machine Learning","floor":10,"key":"SMITH"},{"data":"Zap","floor":15,"key":"SMITH"}],"circlet_count":0,"master_deck":["Strike_B","Strike_B","Strike_B","Strike_B","Defend_B","Defend_B","Defend_B","Defend_B","Zap+1","Dualcast","Doom and Gloom+1","Cold Snap","Machine Learning+1","jedi:darknesscall","Genetic Algorithm","Loop"],"relics":["SacredBark","Tiny Chest","Nunchaku","White Beast Statue","conspire:TreasureMap","Toy Ornithopter","conspire:SlowCooker"],"acts_visited":["Exordium","TheCity"],"potions_floor_usage":[8,12,12,13,16,18],"damage_taken":[{"damage":6,"enemies":"2 Louse","floor":1,"turns":2},{"damage":1,"enemies":"Cultist","floor":2,"turns":4},{"damage":2,"enemies":"Jaw Worm","floor":4,"turns":3},{"damage":5,"enemies":"Exordium Wildlife","floor":5,"turns":5},{"damage":11,"enemies":"Lagavulin","floor":8,"turns":6},{"damage":16,"enemies":"conspire:MimicChest","floor":12,"turns":6},{"damage":1,"enemies":"Blue Slaver","floor":13,"turns":2},{"damage":18,"enemies":"Slime Boss","floor":16,"turns":8},{"damage":10,"enemies":"Chosen","floor":18,"turns":6},{"damage":44,"enemies":"2 Thieves","floor":19,"turns":4},{"damage":18,"enemies":"Centurion and Healer","floor":20,"turns":1}],"seed_played":"3260836520604116889","potions_obtained":[{"floor":2,"key":"infinitespire:BlackPotion"},{"floor":5,"key":"SkillPotion"},{"floor":8,"key":"Fire Potion"},{"floor":12,"key":"DuplicationPotion"},{"floor":13,"key":"Dexterity Potion"},{"floor":16,"key":"SteroidPotion"},{"floor":18,"key":"Swift Potion"},{"floor":19,"key":"SpeedPotion"}],"is_trial":false,"path_per_floor":["M","M","?","M","M","R","T","E","T","R","$","?","M","$","R","B",null,"M","M","M"],"character_chosen":"DEFECT","items_purchased":["White Beast Statue","conspire:TreasureMap"],"campfire_rested":0,"item_purchase_floors":[11,11],"current_hp_per_floor":[69,68,73,71,66,66,66,55,55,55,55,39,43,43,43,30,64,59,15,0,0],"gold":115,"neow_bonus":"BOSS_RELIC","is_daily":false,"chose_seed":false,"campfire_upgraded":3,"win_rate":0.0,"timestamp":1608914850,"path_taken":["M","M","?","M","?","R","?","E","T","R","?","?","M","$","R","BOSS","M","M","?"],"items_purchased_type":["Relic","Relic"],"build_version":"2020-12-22","purchased_purges":1,"victory":false,"max_hp_per_floor":[75,75,75,75,75,75,75,75,75,75,75,75,75,75,75,75,75,75,75,75,75],"card_choices":[{"not_picked":["jedi:BurstLightning","Beam Cell"],"picked":"Conserve Battery","floor":1},{"not_picked":["Blizzard","jedi:sharpshooter","Conserve Battery"],"picked":"SKIP","floor":2},{"not_picked":["Turbo","Rebound"],"picked":"Doom and Gloom","floor":4},{"not_picked":["Rebound","Gash"],"picked":"Cold Snap","floor":5},{"not_picked":["Cold Snap","FTL"],"picked":"Machine Learning","floor":8},{"not_picked":["jedi:reiji","jedi:BurstFrost","Beam Cell"],"picked":"SKIP","floor":13},{"not_picked":["Fission","Seek"],"picked":"jedi:darknesscall","floor":16},{"not_picked":["Cold Snap","Leap"],"picked":"Genetic Algorithm","floor":18},{"not_picked":["Ball Lightning","Beam Cell+1"],"picked":"Loop","floor":19}],"player_experience":1035273,"relics_obtained":[{"floor":8,"key":"Tiny Chest"},{"floor":9,"key":"Nunchaku"},{"floor":12,"key":"Toy Ornithopter"}],"event_choices":[{"cards_removed":["Conserve Battery"],"damage_healed":5,"gold_gain":0,"player_choice":"Offered Common","damage_taken":0,"max_hp_gain":0,"max_hp_loss":0,"event_name":"Bonfire Elementals","floor":3,"gold_loss":0},{"cards_removed":["Conserve Battery"],"damage_healed":5,"gold_gain":0,"player_choice":"Offered Special","damage_taken":0,"max_hp_gain":0,"max_hp_loss":0,"event_name":"Bonfire Elementals","floor":3,"gold_loss":0}],"is_beta":false,"boss_relics":[{"not_picked":["Coffee Dripper","jedi:battlestandard"],"picked":"conspire:SlowCooker"}],"items_purged_floors":[14],"is_endless":false,"potions_floor_spawned":[2,5,8,12,13,16,18,19],"killed_by":"Centurion and Healer","ascension_level":5}}