{"host":"po71uejz0lbfxcew","time":1608885287,"event":{"mods":["ATMod(阿瑾Mod)","BaseMod","CapriCore","Friendly Minions","Koishi","Lobotomy","LobotomyExtend","Marisa（F雨　魔理沙）","Minty Spire (QoL Compilation)","MostiFishMod","Prisma Mod","Quick Restart","Reimu（博丽灵梦）","RumiaBox-露米娅的神秘盒子","StSLib","SuperFastMode","The Animator","The Immortal","TheSwordswoman","Waifu the Spire","WarShipGirlsR/战舰少女R mod","Yohane!","Youmu（魂魄妖梦）","Yuyuko","【东方二次创作】八云紫mod"],"gold_per_floor":[-1287,-1270,-1259,-1241,-1225,-1196,18,30,42,69,81,124,151,189,201,313,325,348,374,397,420,445,457,496,526,538,550,573,598,610,622,622],"floor_reached":31,"playtime":1191,"items_purged":[],"score":362,"play_id":"49d1eba7-2bd0-4c3c-9fa1-b0bf952a021a","local_time":"20201225163447","is_ascension_mode":false,"campfire_choices":[{"data":"Yohane:Ice_Cream_Assault","floor":8,"key":"SMITH"},{"data":"Yohane:Lust","floor":15,"key":"SMITH"},{"data":"Yohane:Little_Demon_Ruby","floor":23,"key":"SMITH"},{"data":"Yohane:Unstable_World","floor":27,"key":"SMITH"}],"circlet_count":0,"master_deck":[],"relics":["Yohane:AngelWings","DaveBox","AT_ATBox","AT_ArchangelStaff","SynthV:MejaisSoulstealer","SynthV:TestCard","MawBank","Bronze Scales","GodSword6","RedLine:ReiMu","GodSword4","Nunchaku"],"acts_visited":["Exordium","TheCity"],"potions_floor_usage":[14,20],"damage_taken":[{"damage":0,"enemies":"Cultist","floor":1,"turns":3},{"damage":1,"enemies":"Small Slimes","floor":2,"turns":2},{"damage":0,"enemies":"2 Louse","floor":3,"turns":2},{"damage":0,"enemies":"Red Slaver","floor":4,"turns":2},{"damage":6,"enemies":"3 Louse","floor":5,"turns":2},{"damage":2,"enemies":"3 Sentries","floor":6,"turns":6},{"damage":3,"enemies":"Looter","floor":7,"turns":2},{"damage":0,"enemies":"Large Slime","floor":10,"turns":3},{"damage":0,"enemies":"Lagavulin","floor":12,"turns":2},{"damage":0,"enemies":"Lots of Slimes","floor":13,"turns":2},{"damage":2,"enemies":"3 Sentries","floor":14,"turns":4},{"damage":0,"enemies":"Hexaghost","floor":16,"turns":5},{"damage":0,"enemies":"Spheric Guardian","floor":18,"turns":2},{"damage":7,"enemies":"Chosen","floor":19,"turns":2},{"damage":1,"enemies":"Sentry and Sphere","floor":20,"turns":3},{"damage":0,"enemies":"Snecko","floor":21,"turns":2},{"damage":12,"enemies":"Snake Plant","floor":22,"turns":3},{"damage":8,"enemies":"Slavers","floor":24,"turns":2},{"damage":10,"enemies":"Chosen and Byrds","floor":25,"turns":2},{"damage":0,"enemies":"Cultist and Chosen","floor":28,"turns":2},{"damage":18,"enemies":"Shelled Parasite and Fungi","floor":29,"turns":2},{"damage":12,"enemies":"Book of Stabbing","floor":31,"turns":2}],"seed_played":"4749522638551756598","potions_obtained":[{"floor":6,"key":"ColorlessPotion"},{"floor":7,"key":"ColorlessPotion"},{"floor":14,"key":"Fruit Juice"},{"floor":16,"key":"Regen Potion"},{"floor":18,"key":"CultistPotion"},{"floor":20,"key":"Fruit Juice"},{"floor":25,"key":"SteroidPotion"}],"is_trial":false,"path_per_floor":["M","M","M","M","M","E","M","R","T","M","$","E","M","E","R","B",null,"M","M","M","M","M","R","E","M","T","R","M","M","?","E"],"character_chosen":"FallenAngel","items_purchased":[],"campfire_rested":0,"item_purchase_floors":[],"current_hp_per_floor":[60,59,59,59,53,51,48,48,48,48,48,48,48,51,51,51,65,65,58,62,62,50,50,42,32,32,32,32,14,70,58,58],"gold":622,"neow_bonus":"RANDOM_COMMON_RELIC","is_daily":false,"chose_seed":false,"campfire_upgraded":4,"win_rate":0.0,"timestamp":1608885287,"path_taken":["M","M","M","M","M","E","M","R","T","M","?","E","M","E","R","BOSS","M","M","M","M","M","R","E","M","T","R","M","M","?","E"],"items_purchased_type":[],"build_version":"2020-12-22","purchased_purges":0,"victory":false,"max_hp_per_floor":[60,60,60,60,60,60,60,60,60,60,60,60,60,65,65,65,65,65,65,70,70,70,70,70,70,70,70,70,70,70,70,70],"card_choices":[{"not_picked":["Yohane:Lailapse","Yohane:Excitement"],"picked":"Yohane:Inspiration","floor":1},{"not_picked":["Yohane:Angel_Tears","Yohane:Blazing","Yohane:Snow_Halation","Yohane:Guilty_Kiss"],"picked":"Yohane:Little_Demon_Chika","floor":2},{"not_picked":["Yohane:Debut","Yohane:Energy_Change","Yohane:Academic_Prowess","Yohane:Dark_Shield"],"picked":"Yohane:Lust","floor":3},{"not_picked":["Yohane:Gluttony","Yohane:Wrath","Yohane:Academic_Prowess","Yohane:Voodoo_Doll"],"picked":"Yohane:Ice_Cream_Assault","floor":4},{"not_picked":["Yohane:Backfoot","Yohane:Dark_Shield","Yohane:Blazing","Yohane:Cursed_Strike"],"picked":"Yohane:Hakodate","floor":5},{"not_picked":["Yohane:Guilty_Kiss","Yohane:Witch_Trick","Yohane:Inspiration","Yohane:One_Two"],"picked":"Yohane:Hakodate","floor":6},{"not_picked":["Yohane:Dark_Shield","Yohane:Wrath","Yohane:My_Mai_Tonight","Yohane:Miracle_Wave","Yohane:Backfoot"],"picked":"SKIP","floor":7},{"not_picked":["Yohane:Miracle_Wave","Yohane:Debut","Yohane:Lailapse","Yohane:Little_Demon_Support"],"picked":"Yohane:Misfortune","floor":10},{"not_picked":["Yohane:Little_Demon_Support","Yohane:Accelerator","Yohane:Perfection","Yohane:Culinary_Genius"],"picked":"Yohane:Ice_Cream_Assault","floor":12},{"not_picked":["Yohane:Retaliation","Yohane:Ice_Cream_Assault","Yohane:Impressive_Display","Yohane:Little_Demon_Support"],"picked":"Yohane:Yousoro","floor":13},{"not_picked":["Yohane:Accelerator","Yohane:Witch_Trick","Yohane:Wrath","Yohane:Ice_Cream_Assault"],"picked":"Yohane:Little_Demon_Ruby","floor":14},{"not_picked":["Yohane:Take_Flight","Yohane:Witch_Trick","Yohane:Stealth_Mode","Yohane:Yousoro"],"picked":"Yohane:Unstable_World","floor":16},{"not_picked":["Yohane:Miracle_Wave+1","Yohane:Dark_Rest","Yohane:Fallen_Dragon_Phoenix_Hold","Yohane:Little_Demon_Ruby"],"picked":"Yohane:Impressive_Display+1","floor":18},{"not_picked":["Yohane:Wrath","Yohane:Misfortune","Yohane:Kowareyasuki","Yohane:Grace_Under_Fire"],"picked":"Yohane:Impressive_Display","floor":19},{"not_picked":["Yohane:Gluttony","Yohane:Angel_Tears","Yohane:Lailapse+1","Yohane:Little_Demon_Hanamaru+1"],"picked":"Yohane:Little_Demon_Ruby","floor":20},{"not_picked":["Yohane:Grace_Under_Fire","Yohane:Dark_Rest","Yohane:Sloth+1","Yohane:Misfortune"],"picked":"Yohane:Hakodate","floor":21},{"not_picked":["Yohane:My_Mai_Tonight","Yohane:Grace_Under_Fire","Yohane:Mijuku_Dreamer","Yohane:Hakodate"],"picked":"Yohane:Ice_Cream_Assault+1","floor":22},{"not_picked":["Yohane:Impressive_Display","Yohane:Envious","Yohane:Guilty_Kiss+1","Yohane:City_Of_Sin"],"picked":"Yohane:Livestream_Donation","floor":24},{"not_picked":["Yohane:Dark_Shield","Yohane:Miracle_Wave","Yohane:Lailapse+1","Yohane:One_Two","Yohane:Misfortune"],"picked":"SKIP","floor":25},{"not_picked":["Yohane:Backfoot","Yohane:Kowareyasuki","Yohane:Gluttony","Yohane:Little_Demon_Ruby"],"picked":"Yohane:Energetic_Performance","floor":28},{"not_picked":["Yohane:Adept_Technology+1","Yohane:Impressive_Display","Yohane:Kowareyasuki","Yohane:Modore"],"picked":"Yohane:Ice_Cream_Assault","floor":29}],"player_experience":237568,"relics_obtained":[{"floor":1,"key":"SynthV:TestCard"},{"floor":6,"key":"MawBank"},{"floor":12,"key":"Bronze Scales"},{"floor":14,"key":"GodSword6"},{"floor":24,"key":"GodSword4"},{"floor":26,"key":"Nunchaku"}],"event_choices":[],"is_beta":false,"boss_relics":[{"not_picked":["OneHitWonderSystem","Empty Cage"],"picked":"RedLine:ReiMu"}],"items_purged_floors":[],"is_endless":false,"potions_floor_spawned":[2,6,7,14,16,18,20,25],"killed_by":"Book of Stabbing","ascension_level":0}}