{"host":"7mo9b2f9hhzb5x6f","time":1608887175,"event":{"mods":["2.2 Compatiblity","Act Like it!","BaseMod","Better-Laid Plans","Library of Ruina","Library of Ruina Extra","Marked Mod","Minty Spire (QoL Compilation)","MostiFishMod","Spicy Shops","StSLib","TestMod","The Dragon Tamer","The Hayseed","UnlockEverythingMod","【功能Mod】混沌之环修复补丁"],"gold_per_floor":[117,130,59,59,74,101,101,128,151,179,179,28,40,55,55,150,150,164,164,46,63,32,66,76,93,146,156,171,171,171,183,183,287,287,297,313,326,326,341,341,354,354,354,372,372,384,410,410,410,410,410],"floor_reached":52,"playtime":585,"items_purged":["FeelinGood"],"score":1689,"play_id":"eec1779a-e8e6-49d7-8089-bf0171a8f8d1","local_time":"20201225170615","is_ascension_mode":true,"campfire_choices":[{"data":"DegradedFairy","floor":7,"key":"SMITH"},{"data":"DegradedFairy","floor":15,"key":"SMITH"},{"data":"DegradedFairy","floor":32,"key":"SMITH"},{"floor":40,"key":"RECALL"},{"floor":42,"key":"REST"},{"floor":45,"key":"REST"},{"floor":49,"key":"REST"}],"circlet_count":0,"master_deck":["DegradedFairy+1","DegradedFairy+1","DegradedPillar+1","DegradedPillar+1","DegradedShockwave+1"],"relics":["PageOfLibrarian","DaveBox","testmod-TestBox","testmod-FatalChain","BirthdayGift-Tetrahedron","Question Card","Sling","Bag of Preparation","Anchor","testmod-AssaultLearning","PageOfTheQueenOfHatred","Membership Card","ImportantClient","PatriotShield","PageOfTodaysShyLook","Technique","PageOfTheKnightOfDespair","PageOfGreed","RhineSuit","PageOfWrath","PageOfNihil","Pear"],"acts_visited":["Exordium","TheCity","TheBeyond"],"potions_floor_usage":[16],"damage_taken":[{"damage":0,"enemies":"Jaw Worm","floor":1,"turns":1},{"damage":0,"enemies":"Small Slimes","floor":2,"turns":1},{"damage":0,"enemies":"Cultist","floor":5,"turns":1},{"damage":0,"enemies":"3 Sentries","floor":6,"turns":1},{"damage":0,"enemies":"Gremlin Nob","floor":8,"turns":1},{"damage":2,"enemies":"Lagavulin","floor":10,"turns":2},{"damage":0,"enemies":"Exordium Thugs","floor":13,"turns":1},{"damage":0,"enemies":"Lots of Slimes","floor":14,"turns":1},{"damage":2,"enemies":"Slime Boss","floor":16,"turns":2},{"damage":0,"enemies":"Spheric Guardian","floor":18,"turns":1},{"damage":0,"enemies":"2 Thieves","floor":21,"turns":1},{"damage":0,"enemies":"Slavers","floor":23,"turns":1},{"damage":0,"enemies":"Snake Plant","floor":24,"turns":1},{"damage":0,"enemies":"Cultist and Chosen","floor":25,"turns":1},{"damage":0,"enemies":"Shelled Parasite and Fungi","floor":27,"turns":1},{"damage":0,"enemies":"Sentry and Sphere","floor":28,"turns":1},{"damage":0,"enemies":"Cultist and Chosen","floor":31,"turns":1},{"damage":6,"enemies":"Champ","floor":33,"turns":4},{"damage":0,"enemies":"3 Shapes","floor":35,"turns":1},{"damage":0,"enemies":"Orb Walker","floor":36,"turns":1},{"damage":2,"enemies":"Maw","floor":37,"turns":2},{"damage":0,"enemies":"Spire Growth","floor":39,"turns":1},{"damage":0,"enemies":"Sphere and 2 Shapes","floor":41,"turns":1},{"damage":16,"enemies":"Giant Head","floor":44,"turns":3},{"damage":0,"enemies":"Maw","floor":46,"turns":1},{"damage":0,"enemies":"Giant Head","floor":47,"turns":1},{"damage":2,"enemies":"Time Eater","floor":50,"turns":2}],"seed_played":"4364300212460010433","potions_obtained":[{"floor":5,"key":"Swift Potion"},{"floor":6,"key":"SteroidPotion"},{"floor":13,"key":"GamblersBrew"},{"floor":16,"key":"testmod-SpacePotion"},{"floor":18,"key":"FearPotion"},{"floor":25,"key":"AttackPotion"}],"is_trial":false,"path_per_floor":["M","M","$","?","M","E","R","E","T","E","?","$","M","M","R","B",null,"M","?","$","M","$","E","M","M","T","M","M","?","?","M","R","B",null,"M","M","M","?","M","R","M","R","T","E","R","M","E","?","R","B",null,null],"character_chosen":"Librarian","items_purchased":["Sling","Membership Card","PageOfTodaysShyLook","Technique"],"campfire_rested":3,"item_purchase_floors":[3,12,20,22],"current_hp_per_floor":[54,54,54,54,54,54,54,54,54,52,52,52,52,52,52,50,80,80,80,80,80,80,80,80,80,80,80,80,80,80,80,80,74,86,86,86,84,84,84,84,84,90,90,74,90,90,100,100,100,98,94],"gold":410,"neow_bonus":"UPGRADE_CARD","is_daily":false,"chose_seed":false,"campfire_upgraded":3,"win_rate":0.0,"timestamp":1608887175,"path_taken":["M","M","$","?","M","E","R","E","T","E","?","$","?","M","R","BOSS","M","?","$","M","$","E","M","M","T","?","M","?","?","?","R","BOSS","M","?","M","?","M","R","?","R","T","E","R","M","E","?","R","BOSS"],"items_purchased_type":["Relic","Relic","Relic","Relic"],"build_version":"2020-12-13","purchased_purges":1,"victory":true,"max_hp_per_floor":[90,90,90,90,90,90,90,90,90,90,90,90,90,90,90,90,90,90,90,90,90,90,90,90,90,90,90,90,90,90,90,90,90,90,90,90,90,90,90,90,90,90,90,90,90,90,100,100,100,100,100],"card_choices":[{"not_picked":["IngredientHunt","UnavoidableGaze","FleetFootsteps","TimeForALittleTest","HiddenBlade","RulesOfTheBackstreets","HighKick","SearingSword","SunsetBlade"],"picked":"SKIP","floor":1},{"not_picked":["RushDown","ToWhereThePrescriptPoints","CombatPreparation","NightInTheBackstreets","BackAttack","WrathOfTorment","HandleRequest","MultiBlock","ViolentFlame","InkOver"],"picked":"SKIP","floor":2},{"not_picked":["BurningFlash","DefenseOrder","SpearedSweep","FrontalAssault","ButterflySlash","Cruelty","Tailoring","HiddenBlade","NightInTheBackstreets","GuardingStance"],"picked":"SKIP","floor":5},{"not_picked":["HandlingWork","StayCalm","Gamble","Quickness","StructuralAnalysis","EnergyShield","Transpierce","FleetEdge","ClassAndRespect","SharpSwipe"],"picked":"SKIP","floor":6},{"not_picked":["HeavyPeaks","WillProduceFineSilk","ToWhereThePrescriptPoints","MultiBlock","GuardingStance","DesperateStruggle","SturdyDefense","Preparation","ViolentFlame","ShockRound"],"picked":"SKIP","floor":8},{"not_picked":["Gamble","EnergyConversion","SpearedSweep","SuppressingShot","RulesOfTheBackstreets","Pound","NightInTheBackstreets","Retaliate","LoosenUp","Overcharge"],"picked":"SKIP","floor":10},{"not_picked":["MultiHit","GuardingStance","Pound","BladeWhirl","EmotionalTurbulence","Juggling","BackAttack","Quickness","DarkCloud","EnergyCycle"],"picked":"SKIP","floor":13},{"not_picked":["QuickAttack","SmokingPipe","Eject","Pound","ForTheFamily","Standoff","SinglePointStab","AsThePrescriptOrders","CumulusWall","GuardingStance"],"picked":"SKIP","floor":14},{"not_picked":["AsThePrescriptOrders","CircusKnives","Faith+1","Parry","DestructiveImpact+1","UnavoidableGaze","FocusFire+1","Multislash+1","HiddenBlade+1","AlloutWar"],"picked":"SKIP","floor":18},{"not_picked":["Quickness","Castigation","SmokingPipe","Brawl","TheArtOfRapidSteps+1","UpbeatPerformance","BackAttack","FaintMemories+1","SteelKnuckles","Reload"],"picked":"SKIP","floor":21},{"not_picked":["DesperateStruggle+1","UpbeatPerformance","EnergyShield","UnavoidableGaze","AbsorbImpact","KeepItFresh+1","LossOfSenses","SharpNails","BindingArms+1","WaitUp"],"picked":"SKIP","floor":23},{"not_picked":["SunsetBlade","Thrust","NightInTheBackstreets","MultiHit","TendonChords","Rewind","CircusKnives+1","TieShanKao","Multislash","ForTheFamily"],"picked":"SKIP","floor":24},{"not_picked":["Collision","HardRehearsal","MindPrepared+1","GuardingStance","Parry","HiddenBlade+1","FleetFootsteps","ReadyUp","FierceCharge","Tailoring"],"picked":"SKIP","floor":25},{"not_picked":["UnavoidableGaze","CombatPreparation","Reload","EnergyCycle","FaintMemories","MultiBlock","RipSpace","PreparedMind","Eliminate","SharpSwipe+1"],"picked":"SKIP","floor":27},{"not_picked":["SharpSwipe+1","GuardingStance","SilentMist+1","EnergyShield","Cruelty","DimensionalRift+1","FrontalAssault","FleetEdge","EnergyCycle+1","Thrust"],"picked":"SKIP","floor":28},{"not_picked":["DarkCloud","ViolentFlame+1","OpportunitySpotted","EnergyCycle","CumulusWall","Pound","MultiBlock","StrongStrike","PreemptiveStrike","ShockingBlow"],"picked":"SKIP","floor":31},{"not_picked":["CumulusWall","Rewind+1","MultiHit","HeavyPeaks","NightInTheBackstreets+1","Diversion","Slice_lor","PreemptiveStrike","TrashDisposal","LoosenUp"],"picked":"SKIP","floor":35},{"not_picked":["Standoff+1","LoosenUp","AGoldenOpportunity+1","GuardingStance","Preparation+1","UnavoidableGaze","SpearedSweep","Diversion+1","EnergyShield","Slice_lor"],"picked":"SKIP","floor":36},{"not_picked":["FocusFire","DefenseOrder","GuidanceOfTheGears+1","Standoff+1","MultiHit+1","SummaryJudgment+1","Gamble+1","FierceCharge+1","SpearedSweep","LossOfSenses"],"picked":"SKIP","floor":37},{"not_picked":["SturdyDefense","Quickness","ReadyUp","EnergyCycle+1","DesperateStruggle","Parry","Commandeering","LossOfSenses+1","HighKick","DefenseOrder+1"],"picked":"SKIP","floor":39},{"not_picked":["StrongStrike+1","AlloutWar","Leap_lor","Parry+1","SilentMist+1","Punishment","BackstreetsDash","PreparedMind","HandleRequest","MultiBlock+1"],"picked":"SKIP","floor":41},{"not_picked":["Standoff","QuickAttack+1","FierceCharge","SharpenedBlade","DirtyBlow+1","SweepTheBackstreets+1","CrackOfDawn","FocusFire","FleetEdge","Reload"],"picked":"SKIP","floor":44},{"not_picked":["MultiHit+1","ForTheFamily","EndlessBattle","AsThePrescriptOrders+1","BizarreAttack+1","HighKick+1","QuickAttack+1","Outburst+1","FlashingStrike+1","NightInTheBackstreets"],"picked":"SKIP","floor":46},{"not_picked":["DesperateStruggle","Mutilate+1","NightInTheBackstreets","CumulusWall","HiddenBlade","ClassAndRespect+1","CutIn+1","Unlock1","SunsetBlade+1","GatherIntel"],"picked":"SKIP","floor":47}],"player_experience":79412,"relics_obtained":[{"floor":1,"key":"Question Card"},{"floor":6,"key":"Bag of Preparation"},{"floor":8,"key":"Anchor"},{"floor":9,"key":"testmod-AssaultLearning"},{"floor":10,"key":"PageOfTheQueenOfHatred"},{"floor":16,"key":"ImportantClient"},{"floor":23,"key":"PageOfTheKnightOfDespair"},{"floor":26,"key":"PageOfGreed"},{"floor":43,"key":"PageOfWrath"},{"floor":44,"key":"PageOfNihil"},{"floor":47,"key":"Pear"}],"event_choices":[{"damage_healed":0,"gold_gain":0,"player_choice":"Ignored","damage_taken":0,"max_hp_gain":0,"max_hp_loss":0,"event_name":"Liars Game","floor":4,"gold_loss":0},{"damage_healed":0,"gold_gain":0,"player_choice":"Upgraded","damage_taken":0,"max_hp_gain":0,"max_hp_loss":0,"event_name":"Upgrade Shrine","floor":11,"gold_loss":0,"cards_upgraded":["DegradedShockwave"]},{"damage_healed":0,"gold_gain":0,"cards_transformed":["DegradedChain"],"player_choice":"Transformed","damage_taken":0,"max_hp_gain":0,"max_hp_loss":0,"event_name":"Transmorgrifier","floor":19,"gold_loss":0,"cards_obtained":["FeelinGood"]},{"damage_healed":0,"gold_gain":0,"player_choice":"Ignored","damage_taken":0,"max_hp_gain":0,"max_hp_loss":0,"event_name":"The Mausoleum","floor":29,"gold_loss":0},{"cards_removed":["DegradedChain"],"damage_healed":0,"gold_gain":0,"player_choice":"Offered Basic","damage_taken":0,"max_hp_gain":0,"max_hp_loss":0,"event_name":"Bonfire Elementals","floor":30,"gold_loss":0},{"cards_removed":["DegradedLock"],"damage_healed":0,"gold_gain":0,"player_choice":"Card Removal","damage_taken":0,"max_hp_gain":0,"max_hp_loss":0,"event_name":"Wheel of Change","floor":38,"gold_loss":0},{"cards_removed":["DegradedFairy"],"damage_healed":0,"gold_gain":0,"player_choice":"Removed Attack","damage_taken":0,"max_hp_gain":0,"max_hp_loss":0,"event_name":"Falling","floor":48,"gold_loss":0}],"is_beta":false,"boss_relics":[{"not_picked":["testmod-DreamHouse","xbg"],"picked":"PatriotShield"},{"not_picked":["Pandora\u0027s Box","testmod-KeyOfTheVoid"],"picked":"RhineSuit"}],"items_purged_floors":[20],"is_endless":false,"potions_floor_spawned":[1,5,6,13,16,18,25,28,31,33,35,44,46,47],"ascension_level":8}}