{"host":"x4i48uok34n1rpsm","time":1608923853,"event":{"mods":["Aspiration","BaseMod","Better Third Choice","Colored Map","Downfall","Highlight Path","Minty Spire (QoL Compilation)","Permanent Neow","Replay The Spire","StSLib","The Mystic"],"gold_per_floor":[119,119,131,6,22,22,33,58,58,133,161,175,28,28,28,126,126,137,137,151,151,166,194,194,392,392,412,443,443,475,495,495,592,592,611,343,360,292,309,336,336,385,409,429,458,458,458,471,500,517,517,517,517,517,188,216,216],"floor_reached":58,"playtime":4348,"items_purged":["Strike_R","Strike_R","ReplayTheSpireMod:Splinters","Strike_R"],"score":1550,"play_id":"dc808c2b-8519-465a-925f-10a9288d3c2a","local_time":"20201225211733","is_ascension_mode":true,"campfire_choices":[{"data":"Bash","floor":6.0,"key":"SMITH"},{"data":"Feel No Pain","floor":15.0,"key":"SMITH"},{"data":"Pommel Strike","floor":24.0,"key":"SMITH"},{"floor":29,"key":"REST"},{"floor":32,"key":"RECALL"},{"data":"Dark Embrace","floor":41,"key":"SMITH"},{"data":"Demon Form","floor":51,"key":"SMITH"},{"data":"Corruption","floor":54,"key":"SMITH"}],"circlet_count":0,"master_deck":["Strike_R","Strike_R+1","Defend_R","Defend_R","Defend_R","Defend_R","Bash+1","Dropkick","Headbutt","Seeing Red","Corruption+1","Feel No Pain+1","Cleave","Burning Pact","Replay:SS_forest_5","Eclipse","Pommel Strike+1","Necronomicurse","Disarm","Dark Embrace+1","Pummel","Reckless Charge","Bludgeon+1","Feel No Pain","Defy Death","Inflame","Demon Form+1","Sentinel+1","ReplayUltimateDefense"],"relics":["Painkiller Herb","Red Skull","Replay:Baseball","ReplayTheSpireMod:TigerMarble","BargainBundle","Black Star","Necronomicon","aspiration:StickyExplosives","Pen Nib","Mummified Hand","Iron Hammer","Smiling Mask","Ancient Tea Set","SlaversCollar","Replay:Mystery Machine","Darkstone Periapt","Bottled Flame","Thread and Needle","ReplayFunnel","Chameleon Ring","Snack Pack","Quantum Egg","aspiration:Lifesprig","Akabeko","Whetstone"],"acts_visited":["Exordium","TheCity","TheBeyond","TheEnding"],"potions_floor_usage":[28,33,33,42,52,56,56,57,57],"damage_taken":[{"damage":0.0,"enemies":"2 Louse","floor":1.0,"turns":2.0},{"damage":0.0,"enemies":"Cultist","floor":3.0,"turns":2.0},{"damage":6.0,"enemies":"Jaw Worm","floor":5.0,"turns":3.0},{"damage":5.0,"enemies":"Looter","floor":7.0,"turns":3.0},{"damage":4.0,"enemies":"3 Sentries","floor":8.0,"turns":5.0},{"damage":22.0,"enemies":"Gremlin Nob","floor":11.0,"turns":4.0},{"damage":1.0,"enemies":"3 Louse","floor":12.0,"turns":3.0},{"damage":9.0,"enemies":"The Guardian","floor":16.0,"turns":10.0},{"damage":1.0,"enemies":"Spheric Guardian","floor":18.0,"turns":4.0},{"damage":5.0,"enemies":"2 Thieves","floor":20.0,"turns":4.0},{"damage":17.0,"enemies":"Centurion and Healer","floor":22.0,"turns":6.0},{"damage":1.0,"enemies":"Replay:Snechameleon","floor":23.0,"turns":6.0},{"damage":7.0,"enemies":"Snake Plant","floor":27.0,"turns":2.0},{"damage":0,"enemies":"Slavers","floor":28,"turns":2},{"damage":6,"enemies":"Book of Stabbing","floor":30,"turns":4},{"damage":0,"enemies":"3 Cultists","floor":31,"turns":3},{"damage":15,"enemies":"Champ","floor":33,"turns":6},{"damage":9,"enemies":"3 Darklings","floor":35,"turns":5},{"damage":0,"enemies":"3 Shapes","floor":37,"turns":3},{"damage":0,"enemies":"Maw","floor":39,"turns":4},{"damage":0,"enemies":"R_Hoarder","floor":40,"turns":3},{"damage":1,"enemies":"2 Orb Walkers","floor":42,"turns":3},{"damage":0,"enemies":"Writhing Mass","floor":44,"turns":1},{"damage":0,"enemies":"Giant Head","floor":45,"turns":5},{"damage":10,"enemies":"Transient","floor":48,"turns":5},{"damage":0,"enemies":"Reptomancer","floor":49,"turns":4},{"damage":0,"enemies":"4 Shapes","floor":50,"turns":7},{"damage":1,"enemies":"Awakened One","floor":52,"turns":6},{"damage":37,"enemies":"Shield and Spear","floor":56,"turns":4},{"damage":4,"enemies":"The Heart","floor":57,"turns":7}],"seed_played":"-8082268404107762235","potions_obtained":[{"floor":1.0,"key":"Strength Potion"},{"floor":5.0,"key":"DistilledChaos"},{"floor":12.0,"key":"AttackPotion"},{"floor":16.0,"key":"Elixir"},{"floor":28,"key":"Weak Potion"},{"floor":31,"key":"PowerPotion"},{"floor":35,"key":"Swift Potion"},{"floor":39,"key":"BloodPotion"},{"floor":49,"key":"SkillPotion"}],"is_trial":false,"path_per_floor":["?","?","?","T","?","T","?","E","T","?","E","?","T","T","T","B",null,"?","T","?","?","?","E","T","?","T","?","E","T","E","?","T","B",null,"?","T","?","T","?","E","T","?","T","?","E","PTL","PTL","?","E","?","T","B",null,"T","T","E","B",null],"character_chosen":"IRONCLAD","items_purchased":["Headbutt","BargainBundle","BloodPotion","hexamod:EctoCoolerPotion","Fire Potion","Burning Pact","Replay:SS_forest_5","Feel No Pain","Replay:Mystery Machine","Inflame","ReplayUltimateDefense","EntropicBrew"],"campfire_rested":1,"item_purchase_floors":[4,13,13,13,13,13,13,36,36,38,55,55],"current_hp_per_floor":[80,80,80,80,74,74,69,65,65,57,35,34,50,50,50,41,80,79,79,77,61,44,43,43,43,43,36,36,60,54,54,54,39,83,74,74,74,74,74,74,74,73,73,73,73,73,73,69,75,77,77,83,83,83,83,74,83],"gold":216,"neow_bonus":"BOSS_RELIC","is_daily":false,"chose_seed":false,"campfire_upgraded":6,"win_rate":0.0,"timestamp":1608923853,"path_taken":["?","?","?","T","?","T","?","E","T","?","E","?","?","T","T","BOSS","?","T","?","?","?","E","T","?","T","?","E","T","E","?","T","BOSS","?","?","?","T","?","E","T","?","T","?","E","PTL","PTL","?","E","?","T","BOSS","T","T","E","BOSS"],"items_purchased_type":["Card","Relic","Potion","Potion","Potion","Card","Card","Card","Relic","Card","Card","Potion"],"build_version":"2020-12-22","purchased_purges":4,"victory":true,"max_hp_per_floor":[80,80,80,80,80,80,80,80,80,80,80,80,80,80,80,80,80,80,80,83,83,83,83,83,83,83,83,83,83,83,83,83,83,83,83,83,83,83,83,83,83,83,83,83,83,83,83,83,83,83,83,83,83,83,83,83,83],"card_choices":[{"not_picked":["Cleave","Rage"],"picked":"Dropkick","floor":1.0},{"not_picked":["Abandon","ReplayTheSpireMod:Strike From Hell","Perfected Strike"],"picked":"SKIP","floor":3.0},{"not_picked":["Iron Wave","Anger"],"picked":"Seeing Red","floor":5.0},{"not_picked":["Carnage","Combust","Warcry"],"picked":"SKIP","floor":7.0},{"not_picked":["Wild Strike","Shrug It Off"],"picked":"Corruption","floor":8.0},{"not_picked":["Infernal Blade","Reaper"],"picked":"Feel No Pain","floor":11.0},{"not_picked":["Life Link","Run Through"],"picked":"Cleave","floor":12.0},{"not_picked":["Demonic Infusion","Impervious"],"picked":"Eclipse","floor":16.0},{"not_picked":["Sword Boomerang","Armaments"],"picked":"Pommel Strike","floor":18.0},{"not_picked":["Warcry","Blood for Blood+1","Sword Boomerang"],"picked":"SKIP","floor":20.0},{"not_picked":["Wild Strike","Replay:Undeath\u0027s Touch+1","Searing Blow+1"],"picked":"SKIP","floor":22.0},{"not_picked":["Iron Wave","ReplayTheSpireMod:Strike From Hell"],"picked":"Disarm","floor":23.0},{"not_picked":["Pommel Strike+1","Ghostly Armor"],"picked":"Dark Embrace","floor":25.0},{"not_picked":["Fiend Fire","Searing Blow"],"picked":"Pummel","floor":27.0},{"not_picked":["Iron Wave","Headbutt","Brutality"],"picked":"SKIP","floor":28},{"not_picked":["Run Through+1","Clash","Thunderclap"],"picked":"SKIP","floor":30},{"not_picked":["Thunderclap+1","True Grit+1"],"picked":"Reckless Charge","floor":31},{"not_picked":["Impervious","Fiend Fire"],"picked":"Bludgeon","floor":33},{"not_picked":["Life Link+1","Sword Boomerang","Dark Embrace"],"picked":"SKIP","floor":35},{"not_picked":["Sever Soul+1","Combust+1"],"picked":"Defy Death","floor":37},{"not_picked":["ReplayTheSpireMod:Strike From Hell+1","Shrug It Off+1","True Grit"],"picked":"SKIP","floor":39},{"not_picked":["Anger","Ghostly Armor+1","Iron Wave+1"],"picked":"SKIP","floor":40},{"not_picked":["Clothesline+1","Headbutt"],"picked":"Demon Form","floor":42},{"not_picked":["Evolve","Replay:Undeath\u0027s Touch","Cleave+1"],"picked":"SKIP","floor":44},{"not_picked":["Searing Blow","Replay:Undeath\u0027s Touch+1","Clash+1"],"picked":"SKIP","floor":45},{"not_picked":["Rampage+1","Inflame+1","Havoc"],"picked":"SKIP","floor":48},{"not_picked":["Replay:Undeath\u0027s Touch+1","Clash+1"],"picked":"Sentinel+1","floor":49},{"not_picked":["Carnage","Clothesline+1","Thunderclap"],"picked":"SKIP","floor":50},{"not_picked":["Twin Strike+1","Hemokinesis+1","Reckless Charge"],"picked":"SKIP","floor":56}],"player_experience":267625,"relics_obtained":[{"floor":8.0,"key":"Red Skull"},{"floor":9.0,"key":"Replay:Baseball"},{"floor":11.0,"key":"ReplayTheSpireMod:TigerMarble"},{"floor":21.0,"key":"Necronomicon"},{"floor":23.0,"key":"aspiration:StickyExplosives"},{"floor":23.0,"key":"Pen Nib"},{"floor":28,"key":"Mummified Hand"},{"floor":28,"key":"Iron Hammer"},{"floor":30,"key":"Smiling Mask"},{"floor":30,"key":"Ancient Tea Set"},{"floor":40,"key":"Darkstone Periapt"},{"floor":40,"key":"Bottled Flame"},{"floor":42,"key":"Thread and Needle"},{"floor":43,"key":"ReplayFunnel"},{"floor":45,"key":"Chameleon Ring"},{"floor":45,"key":"Snack Pack"},{"floor":49,"key":"Quantum Egg"},{"floor":49,"key":"aspiration:Lifesprig"},{"floor":56,"key":"Akabeko"},{"floor":56,"key":"Whetstone"}],"event_choices":[{"damage_healed":0.0,"max_hp_gain":0.0,"max_hp_loss":0.0,"gold_gain":0.0,"event_name":"betterThird:BetterSerpent","player_choice":"Ignored","floor":2.0,"gold_loss":0.0,"damage_taken":119.0},{"damage_healed":0.0,"max_hp_gain":0.0,"max_hp_loss":0.0,"gold_gain":75.0,"event_name":"FaceTrader","player_choice":"Touch","floor":10.0,"gold_loss":0.0,"damage_taken":8.0},{"damage_healed":0.0,"max_hp_gain":0.0,"max_hp_loss":0.0,"gold_gain":0.0,"event_name":"Cursed Tome","player_choice":"Obtained Book","floor":21.0,"gold_loss":0.0,"damage_taken":16.0},{"damage_healed":0,"gold_gain":0,"player_choice":"Fight","damage_taken":0,"max_hp_gain":0,"max_hp_loss":0,"event_name":"Mysterious Sphere","floor":42,"gold_loss":0}],"is_beta":false,"boss_relics":[{"not_picked":["Philosopher\u0027s Stone","Replay:Grab Bag"],"picked":"Black Star"},{"not_picked":["Snecko Eye","aspiration:RunicSpoon"],"picked":"SlaversCollar"}],"items_purged_floors":[4,13,36,55],"is_endless":false,"potions_floor_spawned":[1,5,12,16,28,31,35,39,49],"ascension_level":1}}