{"host":"vjkx177ju3wjmzef","time":1608903290,"event":{"mods":["BaseMod","Block Reminder","Colored Map","Colored Powertips","DeckTracker","Googly Eyes","Highlight Path","Minty Spire (QoL Compilation)","Quick Restart","Random Character Button","Relic Stats","Replay The Spire","StSLib"],"gold_per_floor":[113,137,149,149,26,26,39,53,80,80,80],"floor_reached":10,"playtime":462,"items_purged":[],"score":58,"play_id":"c963f82c-41d0-4911-86c2-ab8c11300350","local_time":"20201225073450","is_ascension_mode":false,"campfire_choices":[{"data":"DevaForm","floor":6.0,"key":"SMITH"}],"circlet_count":0,"master_deck":["Strike_P","Strike_P","Strike_P","Strike_P","Defend_P","Defend_P","Defend_P","Eruption","Vigilance","DeusExMachina","Nirvana","Prostrate","DevaForm+1","ReplayTheSpireMod:IOU","Prostrate+1","JustLucky","TalkToTheHand","Replay:ManipulateFuture"],"relics":["PureWater","Replay:Wax Seal","Replay:Baseball"],"acts_visited":["Exordium"],"potions_floor_usage":[10,10],"damage_taken":[{"damage":7.0,"enemies":"Cultist","floor":1.0,"turns":3.0},{"damage":5.0,"enemies":"2 Louse","floor":3.0,"turns":3.0},{"damage":10.0,"enemies":"Jaw Worm","floor":7.0,"turns":4.0},{"damage":12.0,"enemies":"Exordium Wildlife","floor":8.0,"turns":6.0},{"damage":23,"enemies":"Gremlin Nob","floor":10,"turns":6}],"seed_played":"-6461570666802752011","potions_obtained":[{"floor":1.0,"key":"Explosive Potion"},{"floor":7.0,"key":"LifebloodPotion"},{"floor":8.0,"key":"Weak Potion"}],"is_trial":false,"path_per_floor":["M","T","M","?","$","R","M","M","T","E"],"character_chosen":"WATCHER","items_purchased":["DevaForm","Prostrate+1","JustLucky"],"campfire_rested":0,"item_purchase_floors":[5,5,5],"current_hp_per_floor":[65,65,60,60,60,60,50,38,38,15,15],"gold":80,"neow_bonus":"ONE_RANDOM_RARE_CARD","is_daily":false,"chose_seed":false,"campfire_upgraded":1,"win_rate":0.0,"timestamp":1608903290,"path_taken":["M","?","?","?","?","R","M","M","T","E"],"items_purchased_type":["Card","Card","Card"],"build_version":"2020-12-22","purchased_purges":0,"victory":false,"max_hp_per_floor":[72,72,72,72,72,72,72,72,72,72,72],"relic_stats":{"counters":[5,22],"obtain_stats":[{"Replay:Baseball":9,"PureWater":0,"Replay:Wax Seal":2},{"Replay:Baseball":4,"PureWater":0,"Replay:Wax Seal":1},{"Replay:Baseball":16,"PureWater":0,"Replay:Wax Seal":3}]},"card_choices":[{"not_picked":["MentalFortress","Crescendo"],"picked":"Nirvana","floor":1.0},{"not_picked":["Halt","InnerPeace"],"picked":"Prostrate","floor":3.0},{"not_picked":["WheelKick","Crescendo"],"picked":"TalkToTheHand","floor":7.0},{"not_picked":["Vengeance","Protect"],"picked":"Replay:ManipulateFuture","floor":8.0}],"player_experience":144134,"relics_obtained":[{"floor":2.0,"key":"Replay:Wax Seal"},{"floor":9,"key":"Replay:Baseball"}],"event_choices":[{"cards_removed":["Defend_P"],"damage_healed":0.0,"max_hp_gain":0.0,"max_hp_loss":0.0,"gold_gain":0.0,"event_name":"Living Wall","player_choice":"Forget","floor":4.0,"gold_loss":0.0,"damage_taken":0.0}],"is_beta":false,"boss_relics":[],"items_purged_floors":[],"is_endless":false,"potions_floor_spawned":[1,7,8],"killed_by":"Gremlin Nob","ascension_level":0}}