{"host":"uflv0e3ja7hvnij7","time":1608925736,"event":{"mods":["Aspiration","BaseMod","Better Altar","Better Match","Better Note","Better Sensory Stone","Better Skull","Better Third Choice","Conspire","Downfall","Hubris","Infinite Spire","Minty Spire (QoL Compilation)","Permanent Neow","StSLib"],"gold_per_floor":[11,28,43,60,92,121,134,134,159,177,177,177,177,191,191,315,315,334,334,349,121,121,121,146,146,146,161,161,161,184,184,184,309,309,330,353,353,353,353],"floor_reached":38,"playtime":2427,"items_purged":["Defend_R","Defend_R","Defend_R"],"score":403,"play_id":"977fb721-a4ad-4cfe-b12c-656493038972","local_time":"20201225144856","is_ascension_mode":false,"campfire_choices":[{"floor":13,"key":"REST"},{"data":"Demon Form","floor":15,"key":"SMITH"},{"data":"Heavy Blade","floor":23,"key":"SMITH"},{"data":"Heavy Blade","floor":25,"key":"SMITH"},{"floor":32,"key":"REST"}],"circlet_count":0,"master_deck":["Strike_R+1","Strike_R","Strike_R","Strike_R","Strike_R","Bash","Demon Form+1","Shrug It Off","Heavy Blade+1","Perfected Strike+1","Shrug It Off","Spot Weakness+1","Metallicize+1","Metallicize+1","LessonLearned","Twin Strike+1","Heavy Blade+1","Offering","infinitespire:FinalStrike","infinitespire:Fortify","conspire:Purge","Perfected Strike+1"],"relics":["Burning Blood","Matryoshka","aspiration:ArtOfWarUpgrade","infinitespire:Satchel","hubris:OldNail","Golden Idol","hubris:Backtick","FossilizedHelix","Brimstone","infinitespire:Beetle Shell","aspiration:HummingbirdHeart","Darkstone Periapt","aspiration:RitualStick","hubris:HollowSoul","Darkstone Periapt"],"acts_visited":["Exordium","TheCity","TheBeyond"],"potions_floor_usage":[6,6,10,35],"damage_taken":[{"damage":14,"enemies":"2 Louse","floor":1,"turns":4},{"damage":6,"enemies":"Jaw Worm","floor":2,"turns":4},{"damage":7,"enemies":"Cultist","floor":3,"turns":4},{"damage":9,"enemies":"3 Louse","floor":4,"turns":5},{"damage":15,"enemies":"conspire:MimicChest","floor":5,"turns":6},{"damage":18,"enemies":"3 Sentries","floor":6,"turns":4},{"damage":12,"enemies":"Blue Slaver","floor":7,"turns":2},{"damage":0,"enemies":"Lots of Slimes","floor":10,"turns":1},{"damage":0,"enemies":"Looter","floor":14,"turns":2},{"damage":32,"enemies":"Hexaghost","floor":16,"turns":6},{"damage":0,"enemies":"Chosen","floor":18,"turns":4},{"damage":30,"enemies":"2 Thieves","floor":20,"turns":5},{"damage":0,"enemies":"Snecko","floor":24,"turns":3},{"damage":0,"enemies":"Sentry and Sphere","floor":27,"turns":2},{"damage":0,"enemies":"Chosen and Byrds","floor":30,"turns":4},{"damage":44,"enemies":"Collector","floor":33,"turns":7},{"damage":5,"enemies":"3 Shapes","floor":35,"turns":3},{"damage":20,"enemies":"3 Darklings","floor":36,"turns":4}],"seed_played":"3757752244735272176","potions_obtained":[{"floor":1,"key":"AttackPotion"},{"floor":2,"key":"Regen Potion"},{"floor":5,"key":"Explosive Potion"},{"floor":20,"key":"Fire Potion"}],"is_trial":false,"path_per_floor":["M","M","M","M","?","E","M","R","T","M","R","?","R","M","R","B",null,"M","?","M","$","?","R","M","R","T","M","?","AVR","M","?","R","B",null,"M","M","?","AVR"],"character_chosen":"IRONCLAD","items_purchased":["Brimstone"],"campfire_rested":2,"item_purchase_floors":[21],"current_hp_per_floor":[72,72,71,68,59,59,53,53,53,59,59,39,63,69,69,43,80,80,80,56,56,80,80,80,80,80,80,80,80,80,64,80,42,80,80,66,90,90,90],"gold":353,"neow_bonus":"THREE_RARE_CARDS","is_daily":false,"chose_seed":false,"campfire_upgraded":3,"win_rate":0.0,"timestamp":1608925736,"path_taken":["M","M","M","M","?","E","M","R","T","?","R","?","R","M","R","BOSS","M","?","M","$","?","R","M","R","T","?","?","AVR","M","?","R","BOSS","M","M","?","AVR"],"items_purchased_type":["Relic"],"build_version":"2020-12-22","purchased_purges":3,"victory":false,"max_hp_per_floor":[80,80,80,80,80,80,80,80,80,80,80,80,80,80,80,80,80,80,80,80,80,80,80,80,80,80,80,80,80,80,80,80,80,80,80,80,90,90,90],"card_choices":[{"not_picked":["Barricade","Corruption"],"picked":"Demon Form","floor":0},{"not_picked":["Twin Strike","Clash"],"picked":"Shrug It Off","floor":1},{"not_picked":["Shrug It Off","hubris:ReadiedAction"],"picked":"Heavy Blade","floor":2},{"not_picked":["Havoc","Combust"],"picked":"Perfected Strike","floor":3},{"not_picked":["Thunderclap","Iron Wave"],"picked":"Shrug It Off","floor":4},{"not_picked":["Ghostly Armor","Anger"],"picked":"Spot Weakness","floor":5},{"not_picked":["Anger","Bludgeon","Havoc"],"picked":"SKIP","floor":6},{"not_picked":["Wild Strike","Shrug It Off","Flex"],"picked":"SKIP","floor":7},{"not_picked":["Bloodletting","Clothesline"],"picked":"Metallicize","floor":10},{"not_picked":["Evolve","Infernal Blade","hubris:ReadiedAction"],"picked":"SKIP","floor":14},{"not_picked":["Fiend Fire","Demon Form"],"picked":"Brutality","floor":16},{"not_picked":["Second Wind","hubris:ReadiedAction"],"picked":"Metallicize+1","floor":18},{"not_picked":["Uppercut+1","conspire:ExplosiveBarrier"],"picked":"Twin Strike+1","floor":20},{"not_picked":["Headbutt","Iron Wave"],"picked":"Heavy Blade","floor":24},{"not_picked":["Clothesline","Body Slam"],"picked":"Offering","floor":27},{"not_picked":["Flex","Reckless Charge","Headbutt+1"],"picked":"SKIP","floor":30},{"not_picked":["Bludgeon","Limit Break"],"picked":"conspire:Purge","floor":33},{"not_picked":["Bloodletting+1","Uppercut+1","conspire:Charge+1"],"picked":"SKIP","floor":35},{"not_picked":["Battle Trance","Body Slam+1"],"picked":"Perfected Strike+1","floor":36}],"player_experience":373998,"relics_obtained":[{"floor":5,"key":"Matryoshka"},{"floor":6,"key":"Art of War"},{"floor":9,"key":"infinitespire:Satchel"},{"floor":9,"key":"hubris:OldNail"},{"floor":26,"key":"infinitespire:Beetle Shell"},{"floor":26,"key":"aspiration:HummingbirdHeart"}],"event_choices":[{"damage_healed":0,"gold_gain":0,"player_choice":"Take Damage","damage_taken":20,"relics_obtained":["Golden Idol"],"max_hp_gain":0,"max_hp_loss":0,"event_name":"Golden Idol","floor":12,"gold_loss":0},{"cards_removed":["Demon Form"],"damage_healed":0,"gold_gain":0,"player_choice":"Take \u0026 Give","damage_taken":0,"max_hp_gain":0,"max_hp_loss":0,"event_name":"betterNote:BetterNote","floor":19,"gold_loss":0,"cards_obtained":["LessonLearned"]},{"damage_healed":24,"gold_gain":0,"player_choice":"Full Heal","damage_taken":0,"max_hp_gain":0,"max_hp_loss":0,"event_name":"Wheel of Change","floor":22,"gold_loss":0},{"cards_removed":["Brutality"],"damage_healed":14,"gold_gain":0,"player_choice":"Offered Rare","damage_taken":0,"max_hp_gain":10,"max_hp_loss":0,"event_name":"Bonfire Elementals","floor":37,"gold_loss":0}],"is_beta":false,"boss_relics":[{"not_picked":["Coffee Dripper","Runic Cube"],"picked":"hubris:Backtick"},{"not_picked":["SacredBark","Astrolabe"],"picked":"hubris:HollowSoul"}],"items_purged_floors":[21,29,38],"is_endless":false,"potions_floor_spawned":[1,2,5,20],"ascension_level":0}}