{"host":"9d9dhukr2jywmy0f","time":1608903858,"event":{"mods":["2.2 Compatiblity","Alarm Clock","BaseMod","Bestiary","Block Reminder","Colored Map","Colored Powertips","Curses Come First","DeckTracker","Displayed Cursed Tome","Highlight Path","Key Reminder","Keyboard Shortcuts","Minty Spire (QoL Compilation)","MonsterHotkey","Potion Indicator Mod","Quick Restart","Rare Cards Sparkle","Relic Sorter","Relic Stats","Spire Birthday Party","StSLib","Synergy Search","Unceasing Turn Reminder","Unknown Chances","[IsaacMod]ÒÔÈö¼âËþ"],"gold_per_floor":[118,43,43,58,72,72,104,124,124,124,124,137,169,179,179,252,252,262,312,7,7,23,23,54,70,95,115,115,115,132,157,157,228,228,263,263,107,107,136,136,186,186,236,248,291,337,349,8,8,8,8,8,8,8,41,41],"floor_reached":57,"playtime":4045,"items_purged":["Strike_B","Strike_B","Strike_B","Strike_B","Cold Snap","Defend_B"],"score":2924,"play_id":"2e8c05b1-27b8-416f-843e-a541c69900cc","local_time":"20201225214418","is_ascension_mode":true,"campfire_choices":[{"data":"Zap","floor":6.0,"key":"SMITH"},{"data":"Dualcast","floor":10.0,"key":"SMITH"},{"data":"Defragment","floor":15.0,"key":"SMITH"},{"data":"Self Repair","floor":23.0,"key":"SMITH"},{"data":"Loop","floor":29.0,"key":"SMITH"},{"data":"Hologram","floor":32.0,"key":"SMITH"},{"data":"Apotheosis","floor":40.0,"key":"SMITH"},{"data":"Coolheaded","floor":42.0,"key":"SMITH"},{"data":"Impatience","floor":44.0,"key":"SMITH"},{"floor":47.0,"key":"RECALL"},{"data":"Steam Power","floor":49.0,"key":"SMITH"},{"data":"Secret Technique","floor":53.0,"key":"SMITH"}],"circlet_count":0,"master_deck":["AscendersBane","Defend_B","Defend_B+1","Defend_B","Zap+1","Dualcast+1","Self Repair+1","Ball Lightning","White Noise","Electrodynamics","Defragment+1","Core Surge","Reboot+1","Core Surge","Defragment+1","Coolheaded+1","Loop+1","Hologram+1","Apotheosis+1","Turbo","Secret Technique+1","Impatience+1","Coolheaded+1","Defragment+1","Ball Lightning+1","Aggregate+1","Recycle","Steam Power+1","Reboot"],"relics":["HushsDoor","KeepersGift","Coffee Dripper","Boot","Orichalcum","Cables","SacredBark","BelialBook","Ornamental Fan","War Paint","Incense Burner","MoneyPower","Centennial Puzzle","D6","ChampionBelt","DeathBook","DataDisk","StrikeDummy","MawBank","Pear","Dream Catcher","SteamSale","Membership Card","Molten Egg 2","Regal Pillow","Art of War","TheBattery","GuppysPaw"],"acts_visited":["Exordium","TheCity","TheBeyond","TheEnding"],"potions_floor_usage":[56,56],"damage_taken":[{"damage":3.0,"enemies":"2 Louse","floor":1.0,"turns":3.0},{"damage":13.0,"enemies":"Jaw Worm","floor":4.0,"turns":4.0},{"damage":3.0,"enemies":"Cultist","floor":5.0,"turns":4.0},{"damage":0.0,"enemies":"3 Sentries","floor":7.0,"turns":4.0},{"damage":5.0,"enemies":"Looter","floor":8.0,"turns":3.0},{"damage":1.0,"enemies":"2 Fungi Beasts","floor":12.0,"turns":3.0},{"damage":24.0,"enemies":"Gremlin Nob","floor":13.0,"turns":5.0},{"damage":6.0,"enemies":"Lots of Slimes","floor":14.0,"turns":2.0},{"damage":5.0,"enemies":"The Guardian","floor":16.0,"turns":8.0},{"damage":5.0,"enemies":"Chosen","floor":18.0,"turns":4.0},{"damage":11.0,"enemies":"Hiden Room Battle","floor":19.0,"turns":2.0},{"damage":0.0,"enemies":"Spheric Guardian","floor":22.0,"turns":3.0},{"damage":10.0,"enemies":"Gremlin Leader","floor":24.0,"turns":5.0},{"damage":17.0,"enemies":"Snake Plant","floor":25.0,"turns":3.0},{"damage":1.0,"enemies":"Centurion and Healer","floor":27.0,"turns":5.0},{"damage":0.0,"enemies":"Chosen and Byrds","floor":30.0,"turns":5.0},{"damage":7.0,"enemies":"Book of Stabbing","floor":31.0,"turns":5.0},{"damage":17.0,"enemies":"Collector","floor":33.0,"turns":7.0},{"damage":3.0,"enemies":"Giant Head","floor":35.0,"turns":8.0},{"damage":21.0,"enemies":"Nemesis","floor":39.0,"turns":7.0},{"damage":3.0,"enemies":"Giant Head","floor":45.0,"turns":5.0},{"damage":5.0,"enemies":"Reptomancer","floor":46.0,"turns":3.0},{"damage":12.0,"enemies":"Time Eater","floor":50.0,"turns":10.0},{"damage":21.0,"enemies":"Awakened One","floor":51.0,"turns":8.0},{"damage":0.0,"enemies":"Shield and Spear","floor":55.0,"turns":5.0},{"damage":41,"enemies":"The Heart","floor":56,"turns":7}],"seed_played":"-6393760661300566350","potions_obtained":[{"floor":4.0,"key":"Fruit Juice"},{"floor":5.0,"key":"FearPotion"},{"floor":8.0,"key":"Fire Potion"},{"floor":22.0,"key":"Strength Potion"},{"floor":25.0,"key":"PotionOfCapacity"},{"floor":30.0,"key":"DuplicationPotion"},{"floor":39.0,"key":"SneckoOil"},{"floor":45.0,"key":"Weak Potion"}],"is_trial":false,"path_per_floor":["M","$","?","M","M","R","E","M","T","R","?","M","E","M","R","B",null,"M","?","$","?","M","R","E","M","T","M","T","R","M","E","R","B",null,"M","?","$","?","M","R","?","R","T","R","M","M","R","$","R","B","B",null,"R","$","E","B",null],"character_chosen":"DEFECT","items_purchased":["BelialBook","Reboot","Core Surge","Incense Burner","Apotheosis","DeathBook","Coolheaded","SteamSale","Recycle","Membership Card","Molten Egg 2","Regal Pillow","FocusPotion","Steam Power","ColorlessPotion","Art of War","Dexterity Potion","TheBattery","GuppysPaw"],"campfire_rested":0,"item_purchase_floors":[17,17,17,20,34,34,37,48,48,48,48,48,48,48,48,54,54,54,54],"current_hp_per_floor":[61,61,61,55,59,64,71,73,73,73,78,81,57,51,51,53,57,58,39,39,39,46,46,46,39,39,48,48,48,58,58,58,51,36,36,31,31,31,20,20,20,20,20,20,37,42,42,42,42,40,29,42,42,42,46,15],"gold":41,"neow_bonus":"BOSS_RELIC","is_daily":false,"chose_seed":false,"campfire_upgraded":11,"win_rate":0.0,"timestamp":1608903858,"path_taken":["M","$","?","M","M","R","E","?","T","R","?","M","E","M","R","BOSS","M","?","$","?","M","R","E","M","T","M","?","R","?","E","R","BOSS","M","?","$","?","M","R","?","R","T","R","M","?","R","$","R","BOSS","BOSS","R","$","E","BOSS"],"items_purchased_type":["Relic","Card","Card","Relic","Card","Relic","Card","Relic","Card","Relic","Relic","Relic","Potion","Card","Potion","Relic","Potion","Relic","Relic"],"build_version":"2020-11-30","purchased_purges":6,"victory":true,"max_hp_per_floor":[71,71,71,71,71,76,76,76,76,76,81,81,81,81,81,81,58,58,58,58,58,58,58,58,58,58,58,58,58,58,58,58,58,36,36,36,36,36,36,36,36,36,36,36,46,46,46,46,46,46,46,46,46,46,46,46],"relic_stats":{"Centennial Puzzle":[30],"Dream Catcher":0,"Regal Pillow":0,"counters":[26,126],"Ornamental Fan":[52],"Art of War":[2],"Orichalcum":[180],"War Paint":["Defend_B","Reboot"],"Boot":[24],"MawBank":60,"obtain_stats":[{"Regal Pillow":48,"GuppysPaw":54,"SacredBark":17,"Incense Burner":20,"TheBattery":54,"Boot":7,"DeathBook":34,"Centennial Puzzle":26,"Dream Catcher":46,"ChampionBelt":34,"Cracked Core":0,"KeepersGift":0,"Pear":45,"BelialBook":17,"MoneyPower":24,"Orichalcum":9,"War Paint":19,"MawBank":43,"SteamSale":48,"Cables":13,"keyreminder:keyreminder":7,"D6":31,"DataDisk":35,"Ornamental Fan":19,"Molten Egg 2":48,"Coffee Dripper":0,"Art of War":54,"Membership Card":48,"HushsDoor":0,"StrikeDummy":39},{"Regal Pillow":22,"GuppysPaw":24,"SacredBark":9,"Incense Burner":11,"TheBattery":24,"Boot":4,"DeathBook":18,"Centennial Puzzle":14,"Dream Catcher":22,"ChampionBelt":18,"Cracked Core":0,"KeepersGift":0,"Pear":21,"BelialBook":9,"MoneyPower":13,"Orichalcum":5,"War Paint":11,"MawBank":20,"SteamSale":22,"Cables":7,"keyreminder:keyreminder":4,"D6":17,"DataDisk":19,"Ornamental Fan":11,"Molten Egg 2":22,"Coffee Dripper":0,"Art of War":24,"Membership Card":22,"HushsDoor":0,"StrikeDummy":20},{"Regal Pillow":98,"GuppysPaw":115,"SacredBark":36,"Incense Burner":42,"TheBattery":115,"Boot":15,"DeathBook":75,"Centennial Puzzle":53,"Dream Catcher":98,"ChampionBelt":75,"Cracked Core":0,"KeepersGift":0,"Pear":95,"BelialBook":36,"MoneyPower":50,"Orichalcum":18,"War Paint":42,"MawBank":90,"SteamSale":98,"Cables":26,"keyreminder:keyreminder":15,"D6":68,"DataDisk":83,"Ornamental Fan":42,"Molten Egg 2":98,"Coffee Dripper":0,"Art of War":115,"Membership Card":98,"HushsDoor":0,"StrikeDummy":90}],"Cables":[84,52,32,0,0]},"card_choices":[{"not_picked":[],"picked":"Bomb","floor":0.0},{"not_picked":["Pulse","Storm"],"picked":"Self Repair","floor":1.0},{"not_picked":["Go for the Eyes","Beam Cell"],"picked":"Cold Snap","floor":4.0},{"not_picked":["Leap","Compile Driver"],"picked":"Ball Lightning","floor":5.0},{"not_picked":["Gash","Reinforced Body","Sweeping Beam"],"picked":"SKIP","floor":7.0},{"not_picked":["Steam Power","Conserve Battery","Cold Snap"],"picked":"SKIP","floor":8.0},{"not_picked":["Heatsinks","Redo"],"picked":"White Noise","floor":12.0},{"not_picked":["Undo","Compile Driver"],"picked":"Electrodynamics","floor":13.0},{"not_picked":["Redo","Hologram"],"picked":"Defragment","floor":14.0},{"not_picked":["Multi-Cast","ElectricPowerLearning"],"picked":"Core Surge","floor":16.0},{"not_picked":["Fusion","Ball Lightning+1"],"picked":"Defragment+1","floor":18.0},{"not_picked":["Seek","Gash"],"picked":"Coolheaded+1","floor":22.0},{"not_picked":["Steam Power+1","Darkness+1"],"picked":"Loop","floor":24.0},{"not_picked":["Gash","Pulse","Sweeping Beam+1"],"picked":"SKIP","floor":25.0},{"not_picked":["Beam Cell","Hello World"],"picked":"Hologram","floor":27.0},{"not_picked":["Pulse","Barrage","Redo"],"picked":"SKIP","floor":30.0},{"not_picked":["Steam","Fan","Sweeping Beam"],"picked":"SKIP","floor":31.0},{"not_picked":["Hello World","Go for the Eyes+1"],"picked":"Turbo","floor":35.0},{"not_picked":["DoctorFetus","Impatience"],"picked":"Secret Technique","floor":36.0},{"not_picked":["Trip","BettingIsNotGood"],"picked":"Impatience","floor":36.0},{"not_picked":["Pulse","Sweeping Beam+1"],"picked":"Ball Lightning+1","floor":39.0},{"not_picked":["Barrage","Hologram"],"picked":"Aggregate+1","floor":45.0},{"not_picked":["Streamline","Cold Snap+1","Leap"],"picked":"SKIP","floor":46.0},{"not_picked":["Darkness+1","Compile Driver+1"],"picked":"Reboot","floor":55.0}],"player_experience":747909,"relics_obtained":[{"floor":7.0,"key":"Boot"},{"floor":9.0,"key":"Orichalcum"},{"floor":13.0,"key":"Cables"},{"floor":19.0,"key":"Ornamental Fan"},{"floor":19.0,"key":"War Paint"},{"floor":24.0,"key":"MoneyPower"},{"floor":26.0,"key":"Centennial Puzzle"},{"floor":31.0,"key":"D6"},{"floor":35.0,"key":"DataDisk"},{"floor":39.0,"key":"StrikeDummy"},{"floor":43.0,"key":"MawBank"},{"floor":45.0,"key":"Pear"},{"floor":46.0,"key":"Dream Catcher"}],"event_choices":[{"damage_healed":0.0,"max_hp_gain":0.0,"max_hp_loss":0.0,"gold_gain":0.0,"event_name":"The Cleric","player_choice":"Leave","floor":3.0,"gold_loss":0.0,"damage_taken":0.0},{"damage_healed":0.0,"max_hp_gain":5.0,"max_hp_loss":0.0,"gold_gain":0.0,"event_name":"Big Fish","player_choice":"Donut","floor":11.0,"gold_loss":0.0,"damage_taken":0.0},{"damage_healed":0.0,"max_hp_gain":0.0,"max_hp_loss":0.0,"gold_gain":0.0,"event_name":"HidenRoomEvent","player_choice":"Fight","floor":19.0,"gold_loss":0.0,"damage_taken":0.0},{"damage_healed":0.0,"max_hp_gain":0.0,"max_hp_loss":0.0,"gold_gain":0.0,"event_name":"SensoryStone","player_choice":"Memory 2","floor":36.0,"gold_loss":0.0,"damage_taken":5.0},{"damage_healed":0.0,"max_hp_gain":0.0,"max_hp_loss":0.0,"gold_gain":0.0,"event_name":"Duplicator","player_choice":"Copied","floor":38.0,"gold_loss":0.0,"damage_taken":0.0,"cards_obtained":["Defragment"]},{"damage_healed":0.0,"max_hp_gain":0.0,"max_hp_loss":0.0,"gold_gain":50.0,"event_name":"Golden Shrine","player_choice":"Pray","floor":41.0,"gold_loss":0.0,"damage_taken":0.0}],"is_beta":false,"boss_relics":[{"not_picked":["Astrolabe","Runic Dome"],"picked":"SacredBark"},{"not_picked":[]},{"not_picked":["Runic Pyramid","Busted Crown"],"picked":"ChampionBelt"},{"not_picked":[]}],"items_purged_floors":[2,17,34,37,48,48],"is_endless":false,"potions_floor_spawned":[4,5,8,13,14,16,22,24,25,30,39,45],"ascension_level":20}}