{"host":"sc0o2qwpf9j16a4i","time":1608930634,"event":{"mods":["AchievementEnabler","BaseMod","BetterRewards","Block Reminder","Colored Map","Colored Powertips","Custom Start","Highlight Path","Minty Spire (QoL Compilation)","Relic Stats"],"gold_per_floor":[114,114,127,1,16,16,51,51,124,124,124,145,181,25,25,107,107,128,151,177,17,33,33,74,74,125,125,152,152,171,248,248,248,248],"floor_reached":33,"playtime":943,"items_purged":["Strike_R","Strike_R"],"score":746,"play_id":"e3d8bd6d-5476-478d-949a-0a6baf767302","local_time":"20201225231034","is_ascension_mode":true,"campfire_choices":[{"floor":6,"key":"REST"},{"floor":8,"key":"REST"},{"data":"Spot Weakness","floor":10,"key":"SMITH"},{"data":"Inflame","floor":15,"key":"SMITH"},{"floor":23,"key":"REST"},{"floor":27,"key":"REST"},{"data":"Ghostly","floor":29,"key":"SMITH"},{"data":"Juggernaut","floor":32,"key":"SMITH"}],"circlet_count":0,"master_deck":["AscendersBane","Strike_R","Strike_R","Strike_R","Defend_R","Defend_R","Defend_R","Defend_R","Bash","Spot Weakness+1","Headbutt","Anger","Clothesline","Thunderclap","Juggernaut+1","Inflame+1","Ghostly Armor","Bludgeon","Shrug It Off","Battle Trance","Shrug It Off","Reaper","Ghostly+1","Ghostly","Ghostly","Flame Barrier+1"],"relics":["Burning Blood","Medical Kit","Orichalcum","Shuriken","Vajra","CeramicFish","Oddly Smooth Stone","Smiling Mask","Sozu","OrangePellets","Calipers","Anchor","Meat on the Bone"],"acts_visited":["Exordium","TheCity"],"potions_floor_usage":[7,19,22],"damage_taken":[{"damage":8,"enemies":"Small Slimes","floor":1,"turns":3},{"damage":0,"enemies":"Cultist","floor":3,"turns":3},{"damage":4,"enemies":"2 Louse","floor":5,"turns":3},{"damage":23,"enemies":"Lagavulin","floor":7,"turns":7},{"damage":6,"enemies":"2 Fungi Beasts","floor":12,"turns":3},{"damage":12,"enemies":"3 Sentries","floor":13,"turns":5},{"damage":31,"enemies":"The Guardian","floor":16,"turns":10},{"damage":16,"enemies":"Spheric Guardian","floor":18,"turns":4},{"damage":17,"enemies":"3 Byrds","floor":19,"turns":6},{"damage":13,"enemies":"Sentry and Sphere","floor":20,"turns":5},{"damage":10,"enemies":"Snake Plant","floor":22,"turns":4},{"damage":38,"enemies":"Slavers","floor":24,"turns":5},{"damage":25,"enemies":"Shelled Parasite and Fungi","floor":30,"turns":7},{"damage":61,"enemies":"Automaton","floor":33,"turns":8}],"seed_played":"-1843090868613739459","potions_obtained":[{"floor":5,"key":"Weak Potion"},{"floor":13,"key":"Swift Potion"},{"floor":16,"key":"Regen Potion"}],"is_trial":false,"path_per_floor":["M","?","M","$","M","R","E","R","T","R","?","M","E","$","R","B",null,"M","M","M","$","M","R","E","?","T","R","?","R","M","T","R","B"],"character_chosen":"IRONCLAD","items_purchased":["Medical Kit","Orichalcum","Shuriken","Body Slam","Anger","Inflame","Ghostly Armor","OrangePellets"],"campfire_rested":4,"item_purchase_floors":[0,0,0,0,4,14,14,21],"current_hp_per_floor":[33,15,21,21,23,45,28,50,50,50,50,50,44,44,44,19,61,51,55,48,48,44,66,34,13,13,37,37,37,33,33,33,0,0],"gold":248,"neow_bonus":"","is_daily":false,"chose_seed":false,"campfire_upgraded":4,"win_rate":0.0,"timestamp":1608930634,"path_taken":["M","?","M","$","M","R","E","R","T","R","?","M","E","$","R","BOSS","M","?","M","$","M","R","E","?","T","R","?","R","M","?","R","BOSS"],"items_purchased_type":["Relic","Relic","Relic","Card","Card","Card","Card","Relic"],"build_version":"2020-12-22","purchased_purges":2,"victory":false,"max_hp_per_floor":[75,75,75,75,75,75,75,75,75,75,75,75,75,75,75,75,75,75,75,75,75,75,75,75,80,80,80,40,40,40,40,40,40,40],"relic_stats":{"Sozu":2,"OrangePellets":[0],"counters":[35,174],"Shuriken":[17],"CeramicFish":126,"Orichalcum":[204],"Medical Kit":[0],"Smiling Mask":50,"obtain_stats":[{"Lantern":8,"Calipers":24,"CeramicFish":7,"Vajra":2,"Oddly Smooth Stone":11,"Letter Opener":40,"War Paint":7,"Orichalcum":0,"Question Card":26,"Medical Kit":0,"Smiling Mask":13,"Burning Blood":0,"Blood Vial":9,"Sozu":17,"SlaversCollar":34,"OrangePellets":21,"Anchor":26,"HornCleat":13,"Shuriken":0,"Bronze Scales":39,"Philosopher\u0027s Stone":17,"Bottled Lightning":24,"Meat on the Bone":31},{"Lantern":5,"Calipers":33,"CeramicFish":25,"Vajra":22,"Oddly Smooth Stone":25,"Letter Opener":20,"War Paint":5,"Orichalcum":21,"Question Card":14,"Medical Kit":21,"Smiling Mask":27,"Burning Blood":0,"Blood Vial":5,"Sozu":28,"SlaversCollar":17,"OrangePellets":31,"Anchor":33,"HornCleat":7,"Shuriken":21,"Bronze Scales":19,"Philosopher\u0027s Stone":8,"Bottled Lightning":14,"Meat on the Bone":34},{"Lantern":23,"Calipers":159,"CeramicFish":117,"Vajra":104,"Oddly Smooth Stone":117,"Letter Opener":95,"War Paint":23,"Orichalcum":101,"Question Card":63,"Medical Kit":101,"Smiling Mask":125,"Burning Blood":0,"Blood Vial":23,"Sozu":135,"SlaversCollar":82,"OrangePellets":150,"Anchor":159,"HornCleat":29,"Shuriken":101,"Bronze Scales":88,"Philosopher\u0027s Stone":41,"Bottled Lightning":63,"Meat on the Bone":166}],"Burning Blood":191,"Meat on the Bone":0},"card_choices":[{"not_picked":["Perfected Strike","Pommel Strike"],"picked":"Spot Weakness","floor":1},{"not_picked":["Berserk","Entrench"],"picked":"Headbutt","floor":3},{"not_picked":["Wild Strike","Iron Wave","Clash"],"picked":"SKIP","floor":5},{"not_picked":["Pommel Strike","Seeing Red"],"picked":"Clothesline","floor":7},{"not_picked":["Pommel Strike","Clash"],"picked":"Thunderclap","floor":12},{"not_picked":["Perfected Strike","Iron Wave"],"picked":"Juggernaut","floor":13},{"not_picked":["Double Tap","Offering"],"picked":"Bludgeon","floor":16},{"not_picked":["Sword Boomerang","Perfected Strike"],"picked":"Shrug It Off","floor":18},{"not_picked":["Flex","Iron Wave"],"picked":"Battle Trance","floor":19},{"not_picked":["Anger","Dual Wield"],"picked":"Shrug It Off","floor":20},{"not_picked":["Perfected Strike","Anger","Twin Strike+1"],"picked":"SKIP","floor":22},{"not_picked":["Carnage","Pommel Strike"],"picked":"Reaper","floor":24},{"not_picked":["Fire Breathing","Hemokinesis"],"picked":"Flame Barrier+1","floor":30}],"player_experience":365795,"relics_obtained":[{"floor":7,"key":"CeramicFish"},{"floor":13,"key":"Smiling Mask"},{"floor":24,"key":"Calipers"},{"floor":26,"key":"Anchor"},{"floor":31,"key":"Meat on the Bone"}],"event_choices":[{"damage_healed":0,"gold_gain":0,"player_choice":"Success","damage_taken":18,"relics_obtained":["Vajra"],"max_hp_gain":0,"max_hp_loss":0,"event_name":"Scrap Ooze","floor":2,"gold_loss":0},{"cards_removed":["Body Slam"],"damage_healed":0,"gold_gain":0,"player_choice":"Gave Card","damage_taken":0,"relics_obtained":["Oddly Smooth Stone"],"max_hp_gain":0,"max_hp_loss":0,"event_name":"WeMeetAgain","floor":11,"gold_loss":0},{"damage_healed":0,"gold_gain":0,"player_choice":"Shed Blood","damage_taken":26,"max_hp_gain":5,"max_hp_loss":0,"event_name":"Forgotten Altar","floor":25,"gold_loss":0},{"damage_healed":0,"gold_gain":0,"player_choice":"Became a Ghost","damage_taken":0,"max_hp_gain":0,"max_hp_loss":40,"event_name":"Ghosts","floor":28,"gold_loss":0,"cards_obtained":["Ghostly","Ghostly","Ghostly"]}],"is_beta":false,"boss_relics":[{"not_picked":["Runic Cube","Black Blood"],"picked":"Sozu"}],"items_purged_floors":[4,14],"is_endless":false,"potions_floor_spawned":[5,13,16,19,22],"killed_by":"Automaton","ascension_level":20}}