{"host":"640uue19m79c7wbt","time":1608884203,"event":{"mods":["BaseMod","Colored Map","Googly Eyes","Highlight Path","Minty Spire (QoL Compilation)","Quick Restart","StSLib"],"gold_per_floor":[113,263,263,282,292,292,292,292,366,383,414,2,2,2,2,2,2],"floor_reached":16,"playtime":492,"items_purged":["Strike_G"],"score":196,"play_id":"4335fbc3-7d4a-4254-849a-fd87107a2ddc","local_time":"20201225031643","is_ascension_mode":true,"campfire_choices":[{"floor":6,"key":"REST"},{"data":"Bullet Time","floor":8,"key":"SMITH"},{"floor":13,"key":"REST"},{"floor":15,"key":"REST"}],"circlet_count":0,"master_deck":["AscendersBane","Strike_G","Strike_G","Strike_G","Strike_G","Defend_G","Defend_G","Defend_G","Defend_G","Defend_G","Survivor","Neutralize","Sadistic Nature","PiercingWail","PiercingWail","Bullet Time+1","Dagger Spray","Heel Hook","Sadistic Nature"],"relics":["Ring of the Snake","Ornamental Fan","Bottled Flame","Vajra","Turnip"],"acts_visited":["Exordium"],"potions_floor_usage":[11],"damage_taken":[{"damage":6,"enemies":"Small Slimes","floor":1,"turns":4},{"damage":4,"enemies":"2 Louse","floor":4,"turns":3},{"damage":6,"enemies":"Jaw Worm","floor":5,"turns":4},{"damage":0,"enemies":"Blue Slaver","floor":10,"turns":3},{"damage":38,"enemies":"3 Sentries","floor":11,"turns":9},{"damage":45,"enemies":"The Guardian","floor":16,"turns":12}],"seed_played":"6096196598042861881","potions_obtained":[{"floor":4,"key":"Explosive Potion"}],"is_trial":false,"path_per_floor":["M","?","?","M","M","R","?","R","T","M","E","$","R","?","R","B"],"character_chosen":"THE_SILENT","items_purchased":["Sadistic Nature","Vajra"],"campfire_rested":3,"item_purchase_floors":[12,12],"current_hp_per_floor":[38,38,31,27,21,40,45,45,45,45,7,7,28,23,44,0,0],"gold":2,"neow_bonus":"RANDOM_COLORLESS_2","is_daily":false,"chose_seed":false,"campfire_upgraded":1,"win_rate":0.0,"timestamp":1608884203,"path_taken":["M","?","?","M","M","R","?","R","T","M","E","$","R","?","R","BOSS"],"items_purchased_type":["Card","Relic"],"build_version":"2020-12-22","purchased_purges":1,"victory":false,"max_hp_per_floor":[66,66,66,66,66,66,71,71,71,71,71,71,71,71,71,71,71],"card_choices":[{"not_picked":["HandOfGreed","Metamorphosis"],"picked":"Sadistic Nature","floor":0},{"not_picked":["Blade Dance","Prepared"],"picked":"PiercingWail","floor":1},{"not_picked":["Flying Knee","Deflect"],"picked":"PiercingWail","floor":4},{"not_picked":["Caltrops","Bane"],"picked":"Bullet Time","floor":5},{"not_picked":["Acrobatics","Backflip"],"picked":"Dagger Spray","floor":10},{"not_picked":["Dagger Spray","Bane"],"picked":"Heel Hook","floor":11}],"player_experience":1229316,"relics_obtained":[{"floor":9,"key":"Ornamental Fan"},{"floor":11,"key":"Bottled Flame"}],"event_choices":[{"damage_healed":0,"gold_gain":150,"player_choice":"AGREE","damage_taken":0,"max_hp_gain":0,"max_hp_loss":0,"event_name":"Liars Game","floor":2,"gold_loss":0,"cards_obtained":["Doubt"]},{"cards_removed":["Doubt"],"damage_healed":0,"gold_gain":0,"player_choice":"Card Removal","damage_taken":7,"max_hp_gain":0,"max_hp_loss":0,"event_name":"Golden Wing","floor":3,"gold_loss":0},{"damage_healed":0,"gold_gain":0,"player_choice":"Donut","damage_taken":0,"max_hp_gain":5,"max_hp_loss":0,"event_name":"Big Fish","floor":7,"gold_loss":0},{"damage_healed":0,"gold_gain":0,"player_choice":"Success","damage_taken":5,"relics_obtained":["Turnip"],"max_hp_gain":0,"max_hp_loss":0,"event_name":"Scrap Ooze","floor":14,"gold_loss":0}],"is_beta":false,"boss_relics":[],"items_purged_floors":[12],"is_endless":false,"potions_floor_spawned":[4],"killed_by":"The Guardian","ascension_level":20}}