{"host":"63yhhrjweyj22b0v","time":1608883040,"event":{"mods":["BaseMod","Minty Spire (QoL Compilation)","Quick Restart"],"gold_per_floor":[109,59,59,59,75,100,117,117,117,65,65,78,78,89,89,185,235,251,13,13,13,31,31,31,31,55,70,89,89,109,125,125,125,125],"floor_reached":33,"playtime":952,"items_purged":["Strike_P"],"score":322,"play_id":"d97a5d38-3d73-42c1-807a-5d549dbf114d","local_time":"20201225015720","is_ascension_mode":false,"campfire_choices":[{"data":"Eruption","floor":8,"key":"SMITH"},{"data":"PathToVictory","floor":13,"key":"SMITH"},{"data":"WindmillStrike","floor":15,"key":"SMITH"},{"floor":23,"key":"REST"},{"data":"Tantrum","floor":25,"key":"SMITH"},{"floor":29,"key":"REST"},{"floor":32,"key":"REST"}],"circlet_count":0,"master_deck":["Strike_P","Strike_P","Defend_P+1","Defend_P","Defend_P","Defend_P","Eruption+1","Vigilance","JustLucky","BowlingBash","WindmillStrike+1","PathToVictory+1","ClearTheMind","FlurryOfBlows","Wish+1","BattleHymn","Tantrum+1","Judgement","Pray+1","FlurryOfBlows+1","Prostrate","EmptyFist","Halt"],"relics":["PureWater","NeowsBlessing","Letter Opener","Bottled Lightning","Tiny House","MutagenicStrength","Boot"],"acts_visited":["Exordium","TheCity"],"potions_floor_usage":[7,14,18,31,33,33],"damage_taken":[{"damage":0,"enemies":"Small Slimes","floor":1,"turns":1},{"damage":0,"enemies":"2 Louse","floor":5,"turns":1},{"damage":0,"enemies":"Gremlin Nob","floor":6,"turns":1},{"damage":0,"enemies":"Jaw Worm","floor":7,"turns":1},{"damage":9,"enemies":"Exordium Thugs","floor":12,"turns":5},{"damage":3,"enemies":"Large Slime","floor":14,"turns":4},{"damage":0,"enemies":"Slime Boss","floor":16,"turns":5},{"damage":23,"enemies":"3 Byrds","floor":18,"turns":5},{"damage":5,"enemies":"Chosen","floor":22,"turns":3},{"damage":17,"enemies":"Snecko","floor":27,"turns":4},{"damage":49,"enemies":"Centurion and Healer","floor":28,"turns":5},{"damage":3,"enemies":"Cultist and Chosen","floor":30,"turns":4},{"damage":7,"enemies":"Snecko","floor":31,"turns":3},{"damage":53,"enemies":"Collector","floor":33,"turns":5}],"seed_played":"3637829737979655883","potions_obtained":[{"floor":1,"key":"Fire Potion"},{"floor":7,"key":"SpeedPotion"},{"floor":16,"key":"LiquidBronze"},{"floor":17,"key":"Strength Potion"},{"floor":28,"key":"Ancient Potion"},{"floor":31,"key":"SteroidPotion"}],"is_trial":false,"path_per_floor":["M","?","$","?","M","E","M","R","T","$","?","M","R","M","R","B",null,"M","$","?","?","M","R","$","R","T","M","M","R","M","M","R","B"],"character_chosen":"WATCHER","items_purchased":["ClearTheMind","Judgement"],"campfire_rested":3,"item_purchase_floors":[10,19],"current_hp_per_floor":[72,72,72,77,77,77,77,77,77,77,77,68,68,65,65,65,82,59,59,59,59,54,78,78,78,78,61,12,36,33,26,50,0,0],"gold":125,"neow_bonus":"THREE_ENEMY_KILL","is_daily":false,"chose_seed":false,"campfire_upgraded":4,"win_rate":0.0,"timestamp":1608883040,"path_taken":["M","?","$","?","M","E","M","R","T","$","?","?","R","M","R","BOSS","M","$","?","?","?","R","?","R","T","?","M","R","M","M","R","BOSS"],"items_purchased_type":["Card","Card"],"build_version":"2020-12-22","purchased_purges":1,"victory":false,"max_hp_per_floor":[72,72,72,77,77,77,77,77,77,77,77,77,77,77,77,77,82,82,82,82,82,82,82,82,82,82,82,82,82,82,82,82,82,82],"card_choices":[{"not_picked":["CutThroughFate","EmptyMind"],"picked":"JustLucky","floor":1},{"not_picked":["ClearTheMind","Protect"],"picked":"BowlingBash","floor":5},{"not_picked":["SandsOfTime","Indignation"],"picked":"WindmillStrike","floor":6},{"not_picked":["Wish","FlyingSleeves"],"picked":"PathToVictory","floor":7},{"not_picked":["Vengeance","Perseverance"],"picked":"FlurryOfBlows","floor":12},{"not_picked":["ClearTheMind","EmptyBody","Perseverance"],"picked":"SKIP","floor":14},{"not_picked":["Scrawl","Blasphemy"],"picked":"Wish","floor":16},{"not_picked":["JustLucky","FlyingSleeves"],"picked":"BattleHymn","floor":17},{"not_picked":["ForeignInfluence","JustLucky"],"picked":"Tantrum","floor":18},{"not_picked":["DeceiveReality+1","SashWhip"],"picked":"Pray+1","floor":22},{"not_picked":["Study+1","BowlingBash+1"],"picked":"FlurryOfBlows+1","floor":27},{"not_picked":["FlurryOfBlows","CutThroughFate+1"],"picked":"Prostrate","floor":28},{"not_picked":["FollowUp","Halt"],"picked":"EmptyFist","floor":30},{"not_picked":["BowlingBash+1","ClearTheMind"],"picked":"Halt","floor":31}],"player_experience":641317,"relics_obtained":[{"floor":6,"key":"Letter Opener"},{"floor":9,"key":"Bottled Lightning"},{"floor":26,"key":"Boot"}],"event_choices":[{"cards_removed":["Strike_P"],"damage_healed":0,"gold_gain":0,"player_choice":"Card Removal","damage_taken":0,"max_hp_gain":0,"max_hp_loss":0,"event_name":"The Cleric","floor":2,"gold_loss":50},{"damage_healed":0,"gold_gain":0,"player_choice":"Donut","damage_taken":0,"max_hp_gain":5,"max_hp_loss":0,"event_name":"Big Fish","floor":4,"gold_loss":0},{"damage_healed":0,"gold_gain":0,"player_choice":"Ignored","damage_taken":0,"max_hp_gain":0,"max_hp_loss":0,"event_name":"Liars Game","floor":11,"gold_loss":0},{"damage_healed":0,"gold_gain":0,"player_choice":"Inject Mutagens","damage_taken":0,"relics_obtained":["MutagenicStrength"],"max_hp_gain":0,"max_hp_loss":0,"event_name":"Drug Dealer","floor":20,"gold_loss":0},{"damage_healed":0,"gold_gain":0,"player_choice":"Forge","damage_taken":0,"max_hp_gain":0,"max_hp_loss":0,"event_name":"Accursed Blacksmith","floor":21,"gold_loss":0,"cards_upgraded":["Wish"]}],"is_beta":false,"boss_relics":[{"not_picked":["Sozu","Coffee Dripper"],"picked":"Tiny House"}],"items_purged_floors":[19],"is_endless":false,"potions_floor_spawned":[1,7,16,28,31],"killed_by":"Collector","ascension_level":0}}