{"host":"fzku1ofsxv8lro8o","time":1608904699,"event":{"mods":["BaseMod","Colored Map","Downfall","Minty Spire (QoL Compilation)","Relic Stats","StSLib","everything is the same but u backflip on backflip"],"gold_per_floor":[99,112,287,307,92,92,92,77,104,104,116,136,61,74,85,85,85,85],"floor_reached":16,"playtime":593,"items_purged":["Doubt"],"score":152,"play_id":"5d64d3aa-b1a6-478f-842c-b207fd31b0e0","local_time":"20201225165819","is_ascension_mode":true,"campfire_choices":[{"data":"hexamod:Sear","floor":1,"key":"SMITH"},{"data":"hexamod:HeatCrush","floor":6,"key":"SMITH"},{"data":"hexamod:BurningTouch","floor":13,"key":"SMITH"}],"circlet_count":0,"master_deck":["hexamod:Strike","hexamod:Strike+1","hexamod:Strike","hexamod:Strike","hexamod:Defend","hexamod:Defend","hexamod:Defend","hexamod:Defend","hexamod:Sear+1","hexamod:Float","hexamod:HeatCrush+1","hexamod:Hexaguard","hexamod:Hexaguard","hexamod:HeatMetal+1","hexamod:BurningTouch+1","hexamod:SpectersWail","hexamod:SoulSteal","hexamod:Hexaguard"],"relics":["hexamod:SpiritBrand","StoneCalendar","Whetstone","Mummified Hand","Omamori","downfall:HeartBlessingGreen"],"acts_visited":["Exordium"],"potions_floor_usage":[9,16],"damage_taken":[{"damage":2,"enemies":"Jaw Worm","floor":2,"turns":3},{"damage":6,"enemies":"2 Louse","floor":4,"turns":3},{"damage":0,"enemies":"downfall:FleeingMerchant","floor":5,"turns":4},{"damage":0,"enemies":"downfall:FleeingMerchant","floor":8,"turns":4},{"damage":0,"enemies":"Gremlin Nob","floor":9,"turns":3},{"damage":0,"enemies":"Cultist","floor":11,"turns":3},{"damage":7,"enemies":"Exordium Wildlife","floor":12,"turns":4},{"damage":0,"enemies":"2 Fungi Beasts","floor":14,"turns":3},{"damage":0,"enemies":"3 Louse","floor":15,"turns":4},{"damage":41,"enemies":"downfall:Defect","floor":16,"turns":5}],"seed_played":"-3786930797448314619","potions_obtained":[{"floor":4,"key":"Block Potion"},{"floor":11,"key":"SteroidPotion"},{"floor":15,"key":"LiquidMemories"}],"is_trial":false,"path_per_floor":["R","M","?","M","$","R","T","$","E","?","M","M","R","M","M","B"],"character_chosen":"THE_SPIRIT","items_purchased":["hexamod:HeatMetal","hexamod:BurningTouch"],"campfire_rested":0,"item_purchase_floors":[5,5],"current_hp_per_floor":[63,61,61,55,55,55,55,55,55,48,48,41,41,41,41,0,0,0],"gold":85,"neow_bonus":"ONE_RARE_RELIC","is_daily":false,"chose_seed":false,"campfire_upgraded":3,"win_rate":0.0,"timestamp":1608904699,"path_taken":["R","M","?","M","$","R","T","$","E","?","M","M","R","M","M","BOSS"],"items_purchased_type":["Card","Card"],"build_version":"2020-12-22","purchased_purges":1,"victory":false,"max_hp_per_floor":[63,63,63,63,63,63,63,63,63,63,63,63,63,63,63,63,63,63],"relic_stats":{"counters":[10,36],"Mummified Hand":[0],"StoneCalendar":[0],"Whetstone":["hexamod:HeatMetal","hexamod:Strike"],"obtain_stats":[{"Mummified Hand":9,"StoneCalendar":0,"downfall:HeartBlessingGreen":13,"Omamori":10,"Whetstone":7,"hexamod:SpiritBrand":0},{"Mummified Hand":5,"StoneCalendar":0,"downfall:HeartBlessingGreen":7,"Omamori":5,"Whetstone":3,"hexamod:SpiritBrand":0},{"Mummified Hand":17,"StoneCalendar":0,"downfall:HeartBlessingGreen":24,"Omamori":17,"Whetstone":10,"hexamod:SpiritBrand":0}]},"card_choices":[{"not_picked":["hexamod:HauntingEcho","hexamod:NightmareStrike"],"picked":"hexamod:HeatCrush","floor":2},{"not_picked":["hexamod:NightmareStrike","hexamod:GhostOfSpirePast"],"picked":"hexamod:Hexaguard","floor":4},{"not_picked":["hexamod:PhantomCloak","hexamod:GhostLash"],"picked":"hexamod:Hexaguard","floor":5},{"not_picked":["hexamod:NightmareGuise","hexamod:StepThrough","hexamod:PowerFromBeyond"],"picked":"SKIP","floor":8},{"not_picked":["hexamod:ThermalTransfer","hexamod:SwordOfDarkness"],"picked":"hexamod:SpectersWail","floor":9},{"not_picked":["hexamod:Haunt","hexamod:ThermalTransfer"],"picked":"hexamod:SoulSteal","floor":11},{"not_picked":["hexamod:SixthSeal","hexamod:ShieldOfDarkness","hexamod:Hexaguard"],"picked":"SKIP","floor":12},{"not_picked":["hexamod:SixthSeal","hexamod:ShieldOfDarkness"],"picked":"hexamod:Hexaguard","floor":12},{"not_picked":["hexamod:GhostShield","hexamod:GhostLash","hexamod:Hexaguard"],"picked":"SKIP","floor":14},{"not_picked":["hexamod:FirstSeal","hexamod:FastForward","hexamod:SuperheatedStrike"],"picked":"SKIP","floor":15}],"player_experience":793516,"relics_obtained":[{"floor":7,"key":"Whetstone"},{"floor":9,"key":"Mummified Hand"}],"event_choices":[{"damage_healed":0,"gold_gain":0,"player_choice":"Success","damage_taken":7,"relics_obtained":["Omamori"],"max_hp_gain":0,"max_hp_loss":0,"event_name":"Scrap Ooze","floor":10,"gold_loss":0}],"is_beta":false,"boss_relics":[],"items_purged_floors":[5],"is_endless":false,"potions_floor_spawned":[4,11,15],"killed_by":"downfall:Defect","ascension_level":4}}