{"host":"x1qj4d8ympd5jdqh","time":1608879196,"event":{"mods":["AchievementEnabler","AlwaysNeverKeys","BaseMod","Colored Map","Custom Start","DeckTracker","Highlight Path","Minty Spire (QoL Compilation)","StSLib","SuperFastMode"],"gold_per_floor":[116,191,191,191,208,239,239,269,269,304,45,61,61,72,72,72,72],"floor_reached":16,"playtime":313,"items_purged":["Strike_P"],"score":236,"play_id":"c8b716da-9af4-4142-aa8a-22eb846602be","local_time":"20201225155316","is_ascension_mode":true,"campfire_choices":[{"data":"Eruption","floor":7.0,"key":"SMITH"},{"floor":15.0,"key":"REST"}],"circlet_count":0,"master_deck":["AscendersBane","Strike_P","Strike_P","Defend_P","Defend_P","Defend_P","Defend_P","Eruption+1","Vigilance","Wallop","Tantrum","FollowUp","FlurryOfBlows","ConjureBlade+1","Pray+1","FearNoEvil","MentalFortress+1"],"relics":["PureWater","NeowsBlessing","Kunai","Frozen Egg 2","Toxic Egg 2","Yang"],"acts_visited":["Exordium"],"potions_floor_usage":[16],"damage_taken":[{"damage":0.0,"enemies":"Jaw Worm","floor":1.0,"turns":1.0},{"damage":0.0,"enemies":"Small Slimes","floor":5.0,"turns":2.0},{"damage":2.0,"enemies":"3 Sentries","floor":6.0,"turns":2.0},{"damage":26.0,"enemies":"Lagavulin","floor":8.0,"turns":5.0},{"damage":16.0,"enemies":"Gremlin Nob","floor":10.0,"turns":3.0},{"damage":0.0,"enemies":"2 Louse","floor":12.0,"turns":4.0},{"damage":0.0,"enemies":"Exordium Wildlife","floor":14.0,"turns":2.0},{"damage":21,"enemies":"The Guardian","floor":16,"turns":4}],"seed_played":"627260978170276388","potions_obtained":[{"floor":1.0,"key":"DuplicationPotion"},{"floor":12.0,"key":"AttackPotion"}],"is_trial":false,"path_per_floor":["M","?","?","?","M","E","R","E","T","E","$","M","?","M","R","B"],"character_chosen":"WATCHER","items_purchased":["Pray+1","FearNoEvil","Energy Potion"],"campfire_rested":1,"item_purchase_floors":[11,11,11],"current_hp_per_floor":[61,50,55,55,55,53,53,27,27,11,11,11,4,4,25,4,4],"gold":72,"neow_bonus":"THREE_ENEMY_KILL","is_daily":false,"chose_seed":false,"campfire_upgraded":1,"win_rate":0.0,"timestamp":1608879196,"path_taken":["M","?","?","?","M","E","R","E","T","E","$","?","?","M","R","BOSS"],"items_purchased_type":["Card","Card","Potion"],"build_version":"2020-12-22","purchased_purges":1,"victory":false,"max_hp_per_floor":[68,68,73,73,73,73,73,73,73,73,73,73,73,73,73,73,73],"card_choices":[{"not_picked":["ThirdEye","CutThroughFate"],"picked":"Wallop","floor":1.0},{"not_picked":["JustLucky","Worship"],"picked":"Tantrum","floor":5.0},{"not_picked":["BowlingBash","Prostrate"],"picked":"FollowUp","floor":6.0},{"not_picked":["Prostrate","Crescendo"],"picked":"FlurryOfBlows","floor":8.0},{"not_picked":["WaveOfTheHand+1","Crescendo+1"],"picked":"ConjureBlade+1","floor":10.0},{"not_picked":["EmptyMind+1","EmptyFist"],"picked":"MentalFortress+1","floor":12.0},{"not_picked":["Nirvana+1","BowlingBash","Perseverance+1"],"picked":"SKIP","floor":14.0}],"player_experience":1269840,"relics_obtained":[{"floor":6.0,"key":"Kunai"},{"floor":8.0,"key":"Frozen Egg 2"},{"floor":9.0,"key":"Toxic Egg 2"},{"floor":10.0,"key":"Yang"}],"event_choices":[{"damage_healed":0.0,"max_hp_gain":0.0,"max_hp_loss":0.0,"gold_gain":75.0,"event_name":"World of Goop","player_choice":"Gather Gold","floor":2.0,"gold_loss":0.0,"damage_taken":11.0},{"damage_healed":0.0,"max_hp_gain":5.0,"max_hp_loss":0.0,"gold_gain":0.0,"event_name":"Big Fish","player_choice":"Donut","floor":3.0,"gold_loss":0.0,"damage_taken":0.0},{"damage_healed":0.0,"max_hp_gain":0.0,"max_hp_loss":0.0,"gold_gain":0.0,"event_name":"Liars Game","player_choice":"Ignored","floor":4.0,"gold_loss":0.0,"damage_taken":0.0},{"cards_removed":["Strike_P"],"damage_healed":0.0,"max_hp_gain":0.0,"max_hp_loss":0.0,"gold_gain":0.0,"event_name":"Golden Wing","player_choice":"Card Removal","floor":13.0,"gold_loss":0.0,"damage_taken":7.0}],"is_beta":false,"boss_relics":[],"items_purged_floors":[11],"is_endless":false,"potions_floor_spawned":[1,12],"killed_by":"The Guardian","ascension_level":20}}