{"host":"f5ezd1v29dtbwkzo","time":1608914061,"event":{"mods":["2.2 Compatiblity","BaseMod","Hermit","Minty Spire (QoL Compilation)","Rare Cards Sparkle","Replay The Spire","StSLib"],"gold_per_floor":[110,124,177,177,177,210,210,229,229,229,229,249,12,27,27,129,129,146,158,158,172,29,58,58,77,103,103,103,119,19,19,19,124,124,134,145,20,36,47,47,47],"floor_reached":40,"playtime":2273,"items_purged":["Pain","Strike_R","Strike_R"],"score":558,"play_id":"cae98cfc-660d-4a02-9415-7905aedb9745","local_time":"20201225193421","is_ascension_mode":false,"campfire_choices":[{"floor":7,"key":"REST"},{"data":"Armaments","floor":10,"key":"SMITH"},{"floor":15,"key":"REST"},{"data":"RitualDagger","floor":24,"key":"SMITH"},{"floor":28,"key":"REST"},{"floor":32,"key":"REST"}],"circlet_count":0,"master_deck":["Strike_R","Strike_R","Strike_R","Defend_R","Defend_R","Defend_R","Defend_R","Bash","Dropkick","ReplayTheSpireMod:Stacked","Headbutt","Armaments+1","Power Through","Bludgeon","Specialist","Reaper","Metallicize+1","RitualDagger+1","hermit:Ricochet","Endless Agony+1","Parasite"],"relics":["Ooze Armor","Replay:Bottled Flurry","ReplayTheSpireMod:Shallot","Replay:Baseball","WarpedTongs","Black Star","PrismaticShard","Replay:Mystery Machine","Replay:Bottled Snecko","Blood Vial","MutagenicStrength","Busted Crown"],"acts_visited":["Exordium","TheCity","TheBeyond"],"potions_floor_usage":[16,21,23,25,33,35,38,40],"damage_taken":[{"damage":1,"enemies":"Cultist","floor":1,"turns":3},{"damage":0,"enemies":"Small Slimes","floor":2,"turns":2},{"damage":21,"enemies":"Gremlin Nob","floor":6,"turns":4},{"damage":0,"enemies":"Jaw Worm","floor":8,"turns":3},{"damage":1,"enemies":"2 Fungi Beasts","floor":12,"turns":4},{"damage":0,"enemies":"Exordium Thugs","floor":14,"turns":3},{"damage":26,"enemies":"Fading Forest","floor":16,"turns":11},{"damage":16,"enemies":"2 Thieves","floor":18,"turns":4},{"damage":11,"enemies":"Spheric Guardian","floor":19,"turns":6},{"damage":2,"enemies":"Snake Plant","floor":21,"turns":3},{"damage":13,"enemies":"Book of Stabbing","floor":23,"turns":6},{"damage":16,"enemies":"3 Cultists","floor":25,"turns":8},{"damage":16,"enemies":"Snecko","floor":29,"turns":7},{"damage":32,"enemies":"Pondfish","floor":33,"turns":12},{"damage":27,"enemies":"3 Darklings","floor":35,"turns":5},{"damage":0,"enemies":"3 Shapes","floor":36,"turns":4},{"damage":13,"enemies":"Writhing Mass","floor":38,"turns":7},{"damage":19,"enemies":"4 Shapes","floor":39,"turns":9},{"damage":82,"enemies":"Reptomancer","floor":40,"turns":6}],"seed_played":"2383919410393948740","potions_obtained":[{"floor":3,"key":"Energy Potion"},{"floor":3,"key":"DuplicationPotion"},{"floor":3,"key":"SpeedPotion"},{"floor":14,"key":"CultistPotion"},{"floor":18,"key":"Weak Potion"},{"floor":23,"key":"LifebloodPotion"},{"floor":33,"key":"Explosive Potion"},{"floor":35,"key":"PowerPotion"},{"floor":39,"key":"Strength Potion"}],"is_trial":false,"path_per_floor":["M","M","?","T","?","E","R","M","T","R","?","M","$","M","R","B",null,"M","M","?","M","$","E","R","M","T","?","R","M","$","?","R","B",null,"M","M","$","M","M","E"],"character_chosen":"IRONCLAD","items_purchased":["Bludgeon","Specialist","PrismaticShard"],"campfire_rested":4,"item_purchase_floors":[13,13,22],"current_hp_per_floor":[79,79,47,47,47,26,50,50,50,50,50,49,49,49,73,47,80,64,58,52,54,54,53,53,49,49,34,59,50,50,50,75,54,85,71,77,77,66,59,0,0],"gold":47,"neow_bonus":"BOSS_RELIC","is_daily":false,"chose_seed":false,"campfire_upgraded":2,"win_rate":0.0,"timestamp":1608914061,"path_taken":["M","M","?","?","?","E","R","?","T","R","?","M","$","M","R","BOSS","M","M","?","M","$","E","R","M","T","?","R","M","?","?","R","BOSS","M","M","$","M","M","E"],"items_purchased_type":["Card","Card","Relic"],"build_version":"2020-12-22","purchased_purges":3,"victory":false,"max_hp_per_floor":[80,80,80,80,80,80,80,80,80,80,80,80,80,80,80,80,80,80,80,80,80,80,80,80,80,80,85,85,85,85,85,85,85,85,85,85,85,85,85,85,85],"card_choices":[{"not_picked":["True Grit","Shrug It Off"],"picked":"Dropkick","floor":1},{"not_picked":["Cleave","Shrug It Off"],"picked":"ReplayTheSpireMod:Stacked","floor":2},{"not_picked":["Hemokinesis","Heavy Blade"],"picked":"Headbutt","floor":3},{"not_picked":["Warcry","Perfected Strike","ReplayTheSpireMod:Strike From Hell"],"picked":"SKIP","floor":6},{"not_picked":["Heavy Blade","Bloodletting"],"picked":"Armaments","floor":8},{"not_picked":["Warcry","Replay:Undeath\u0027s Touch"],"picked":"Power Through","floor":12},{"not_picked":["Wild Strike","Cleave","Dark Embrace"],"picked":"SKIP","floor":14},{"not_picked":["Bludgeon","Impervious"],"picked":"Reaper","floor":16},{"not_picked":["Armaments","Perfected Strike+1"],"picked":"Metallicize+1","floor":18},{"not_picked":["Anger","Twin Strike","Blood for Blood"],"picked":"SKIP","floor":19},{"not_picked":["ReplayTheSpireMod:Strike From Hell","Pummel","Metallicize"],"picked":"SKIP","floor":21},{"not_picked":["Dagger Throw","Wild Strike","All Out Attack"],"picked":"SKIP","floor":23},{"not_picked":["Dagger Throw","ReplayTheSpireMod:Limb From Limb"],"picked":"hermit:Ricochet","floor":25},{"not_picked":["hermit:HighCaliber+1","Doom and Gloom","hermit:Ricochet+1"],"picked":"SKIP","floor":29},{"not_picked":[],"picked":"Endless Agony+1","floor":35},{"not_picked":["Slice+1"],"picked":"SKIP","floor":36},{"not_picked":["Sucker Punch"],"picked":"SKIP","floor":38},{"not_picked":["Cleave"],"picked":"SKIP","floor":39}],"player_experience":282935,"relics_obtained":[{"floor":4,"key":"Replay:Bottled Flurry"},{"floor":6,"key":"ReplayTheSpireMod:Shallot"},{"floor":9,"key":"Replay:Baseball"},{"floor":23,"key":"Replay:Mystery Machine"},{"floor":23,"key":"Replay:Bottled Snecko"},{"floor":26,"key":"Blood Vial"}],"event_choices":[{"damage_healed":0,"gold_gain":0,"player_choice":"Ignored","damage_taken":0,"max_hp_gain":0,"max_hp_loss":0,"event_name":"Golden Wing","floor":5,"gold_loss":0},{"damage_healed":0,"gold_gain":0,"player_choice":"Rummage","damage_taken":0,"relics_obtained":["WarpedTongs"],"max_hp_gain":0,"max_hp_loss":0,"event_name":"Accursed Blacksmith","floor":11,"gold_loss":0,"cards_obtained":["Pain"]},{"damage_healed":0,"gold_gain":0,"player_choice":"Joined the Cult","damage_taken":6,"max_hp_gain":0,"max_hp_loss":0,"event_name":"Nest","floor":20,"gold_loss":0,"cards_obtained":["RitualDagger"]},{"damage_healed":0,"gold_gain":0,"player_choice":"Shed Blood","damage_taken":20,"max_hp_gain":5,"max_hp_loss":0,"event_name":"Forgotten Altar","floor":27,"gold_loss":0},{"damage_healed":0,"gold_gain":0,"player_choice":"Inject Mutagens","damage_taken":0,"relics_obtained":["MutagenicStrength"],"max_hp_gain":0,"max_hp_loss":0,"event_name":"Drug Dealer","floor":31,"gold_loss":0}],"is_beta":false,"boss_relics":[{"not_picked":["ReplayTheSpireMod:DimensionalGlitch","Honey Jar"],"picked":"Black Star"},{"not_picked":["Runic Cube","Runic Pyramid"],"picked":"Busted Crown"}],"items_purged_floors":[13,30,37],"is_endless":false,"potions_floor_spawned":[6,12,14,18,19,23,33,35,39],"killed_by":"Reptomancer","ascension_level":0}}