{"host":"wkq136ike0ligh15","time":1608875389,"event":{"mods":["Bard","BaseMod","Clockwork Mod","Minty Spire (QoL Compilation)","StSLib"],"gold_per_floor":[14,24,24,38,38,68,68,94,164,192,204,204,219,231,231,329,329,340,255,255,255,275,301,301,301],"floor_reached":24,"playtime":662,"items_purged":[],"score":236,"play_id":"72b6280c-c1ca-4995-a931-39f4a0b0bd7a","local_time":"20201225004949","is_ascension_mode":false,"campfire_choices":[{"floor":7.0,"key":"REST"},{"floor":12.0,"key":"REST"},{"floor":15.0,"key":"REST"}],"circlet_count":0,"master_deck":["Strike_B","Strike_B","Strike_B","Strike_B","Defend_B","Defend_B","Defend_B","Defend_B","Zap","Dualcast","Ball Lightning","Cold Snap","Hologram","Rainbow","Sweeping Beam","Ball Lightning","Self Repair","Capacitor","Lockon","Barrage","Sunder","Electrodynamics","Scrape","Barrage+1","Redo+1"],"relics":["Cracked Core","Calipers","StoneCalendar","Juzu Bracelet","Gremlin Horn","Dream Catcher","Black Star","Du-Vu Doll","Nilry\u0027s Codex","Dead Branch","Potion Belt"],"acts_visited":["Exordium","TheCity"],"potions_floor_usage":[23],"damage_taken":[{"damage":0.0,"enemies":"Cultist","floor":1.0,"turns":2.0},{"damage":8.0,"enemies":"2 Louse","floor":2.0,"turns":3.0},{"damage":0.0,"enemies":"Small Slimes","floor":4.0,"turns":3.0},{"damage":28.0,"enemies":"Lagavulin","floor":6.0,"turns":5.0},{"damage":14.0,"enemies":"3 Sentries","floor":8.0,"turns":7.0},{"damage":26.0,"enemies":"Lagavulin","floor":10.0,"turns":6.0},{"damage":8.0,"enemies":"Looter","floor":11.0,"turns":2.0},{"damage":12.0,"enemies":"Exordium Thugs","floor":13.0,"turns":4.0},{"damage":9.0,"enemies":"Exordium Wildlife","floor":14.0,"turns":3.0},{"damage":17.0,"enemies":"Slime Boss","floor":16.0,"turns":7.0},{"damage":8.0,"enemies":"Chosen","floor":18.0,"turns":4.0},{"damage":30.0,"enemies":"Shell Parasite","floor":22.0,"turns":6.0},{"damage":41,"enemies":"Slavers","floor":23,"turns":6},{"damage":9,"enemies":"Shelled Parasite and Fungi","floor":24,"turns":1}],"seed_played":"-2762732034750814517","potions_obtained":[{"floor":1.0,"key":"ColorlessPotion"},{"floor":6.0,"key":"LiquidBronze"},{"floor":8.0,"key":"ColorlessPotion"},{"floor":11.0,"key":"SkillPotion"},{"floor":13.0,"key":"Fire Potion"},{"floor":16.0,"key":"Regen Potion"},{"floor":22.0,"key":"Strength Potion"}],"is_trial":false,"path_per_floor":["M","M","$","M","$","E","R","E","T","E","M","R","M","M","R","B",null,"M","?","?","?","M","E","M"],"character_chosen":"DEFECT","items_purchased":[],"campfire_rested":3,"item_purchase_floors":[],"current_hp_per_floor":[75,67,67,67,67,39,61,47,47,21,13,35,30,21,43,33,75,74,74,58,58,50,9,0,0],"gold":301,"neow_bonus":"ONE_RARE_RELIC","is_daily":false,"chose_seed":false,"campfire_upgraded":0,"win_rate":0.0,"timestamp":1608875389,"path_taken":["M","M","$","M","$","E","R","E","T","E","M","R","M","M","R","BOSS","M","?","?","?","M","E","M"],"items_purchased_type":[],"build_version":"2020-12-22","purchased_purges":0,"victory":false,"max_hp_per_floor":[75,75,75,75,75,75,75,75,75,75,75,75,75,75,75,75,75,75,75,75,75,75,75,75,75],"card_choices":[{"not_picked":["Lockon","Go for the Eyes"],"picked":"Ball Lightning","floor":1.0},{"not_picked":["Stack","Conserve Battery"],"picked":"Cold Snap","floor":2.0},{"not_picked":["Leap","Double Energy"],"picked":"Hologram","floor":4.0},{"not_picked":["Chaos","Heatsinks"],"picked":"Rainbow","floor":6.0},{"not_picked":["Glacier","Go for the Eyes"],"picked":"Sweeping Beam","floor":8.0},{"not_picked":["Leap","Reprogram"],"picked":"Ball Lightning","floor":10.0},{"not_picked":["Loop","Steam"],"picked":"Self Repair","floor":11.0},{"not_picked":["Gash","Beam Cell"],"picked":"Capacitor","floor":12.0},{"not_picked":["Chaos","Cold Snap"],"picked":"Lockon","floor":13.0},{"not_picked":["Chaos","Self Repair"],"picked":"Barrage","floor":14.0},{"not_picked":["Undo","Ball Lightning"],"picked":"Sunder","floor":15.0},{"not_picked":["Creative AI","Seek"],"picked":"Electrodynamics","floor":16.0},{"not_picked":["Compile Driver","Undo"],"picked":"Scrape","floor":18.0},{"not_picked":["Redo+1","Steam"],"picked":"Barrage+1","floor":22.0},{"not_picked":["Hologram","Ball Lightning"],"picked":"Redo+1","floor":23}],"player_experience":239722,"relics_obtained":[{"floor":6.0,"key":"StoneCalendar"},{"floor":8.0,"key":"Juzu Bracelet"},{"floor":9.0,"key":"Gremlin Horn"},{"floor":10.0,"key":"Dream Catcher"},{"floor":20.0,"key":"Nilry\u0027s Codex"},{"floor":23,"key":"Dead Branch"},{"floor":23,"key":"Potion Belt"}],"event_choices":[{"damage_healed":0.0,"max_hp_gain":0.0,"max_hp_loss":0.0,"gold_gain":0.0,"event_name":"Addict","player_choice":"Obtained Relic","floor":19.0,"gold_loss":85.0,"damage_taken":0.0,"relics_obtained":["Du-Vu Doll"]},{"damage_healed":0.0,"max_hp_gain":0.0,"max_hp_loss":0.0,"gold_gain":0.0,"event_name":"Cursed Tome","player_choice":"Obtained Book","floor":20.0,"gold_loss":0.0,"damage_taken":16.0},{"damage_healed":0.0,"max_hp_gain":0.0,"max_hp_loss":0.0,"gold_gain":0.0,"event_name":"Beggar","player_choice":"Ignored","floor":21.0,"gold_loss":0.0,"damage_taken":0.0}],"is_beta":false,"boss_relics":[{"not_picked":["Fusion Hammer","Ectoplasm"],"picked":"Black Star"}],"items_purged_floors":[],"is_endless":false,"potions_floor_spawned":[1,6,8,11,13,16,22],"killed_by":"Shelled Parasite and Fungi","ascension_level":0}}