{"host":"porgtwlvhh3hs75v","time":1608877956,"event":{"mods":["ATMod(°¢èªMod)","Act Like it!","BaseMod","GifTheSpireLib","Minty Spire (QoL Compilation)","Quick Restart","Replay The Spire","StSLib"],"gold_per_floor":[115,265,282,4,24,24,99,132,157,157,157,57,76,76,76,86,86,160,210,228,242,27,58,58,123,123,184,184,184,219,52,105,155,155,257,257,302,340,381,398,160,189,189,189,234,287,287,316,48,86,144,194,194,219,219,219,219,37,70,70],"floor_reached":61,"playtime":3498,"items_purged":["Doubt","Defend_P","Defend_P","Strike_P","Strike_P","Strike_P"],"score":3536,"play_id":"48e79a42-375e-486b-acdc-1138e52f4c87","local_time":"20201225143236","is_ascension_mode":true,"campfire_choices":[{"data":"Eruption","floor":6.0,"key":"SMITH"},{"data":"AT_ChampionStep","floor":10.0,"key":"SMITH"},{"data":"Hyperbeam","floor":17.0,"key":"SMITH"},{"data":"Turbo","floor":26.0,"key":"SMITH"},{"data":"True Grit","floor":29.0,"key":"SMITH"},{"floor":34.0,"key":"DIG"},{"floor":53.0,"key":"RECALL"},{"data":"Recycle","floor":57.0,"key":"SMITH"}],"circlet_count":0,"master_deck":["AscendersBane","Strike_P+1","Defend_P","Eruption+1","Vigilance","AT_TwilightShroud+1","Replay:BluntJabs","AT_ChampionStep+1","Fluid Movement","Turbo+1","Bandage Up","Hyperbeam+1","Vault","True Grit+1","HandOfGreed+1","AT_WarpDrive","Adaptation","Acrobatics+1","Body Slam","Night Terror","InnerPeace+1","Double Energy","Recycle+1","ReplayTheSpireMod:Private Reserves+1","Warcry+1","ReplayTheSpireMod:Faulty Equipment","Vault","Vault","Adaptation","Recycle+1","Dark Embrace"],"relics":["PureWater","AT_ATBox","ReplayFunnel","PrismaticShard","Replay:Mystery Machine","Oddly Smooth Stone","Tiny House","ReplayTheSpireMod:Ring of Addiction","White Beast Statue","Potion Belt","Whetstone","Iron Hammer","Girya","Blue Doll","ReplayTheSpireMod:TigerMarble","Regal Pillow","Cursed Key","Membership Card","AT_RedTearstoneRing","CloakClasp","TungstenRod","OrangePellets","Golden Egg","AT_Kusabimaru","Medical Kit","Mirror"],"acts_visited":["Exordium","TheCity","TheBeyond","TheEnding"],"potions_floor_usage":[60,60],"damage_taken":[{"damage":0.0,"enemies":"Jaw Worm","floor":1.0,"turns":4.0},{"damage":0.0,"enemies":"Small Slimes","floor":3.0,"turns":5.0},{"damage":0.0,"enemies":"2 Louse","floor":5.0,"turns":4.0},{"damage":32.0,"enemies":"Lagavulin","floor":8.0,"turns":10.0},{"damage":0.0,"enemies":"Large Slime","floor":13.0,"turns":3.0},{"damage":0.0,"enemies":"Blue Slaver","floor":16.0,"turns":4.0},{"damage":0.0,"enemies":"Slime Boss","floor":18.0,"turns":8.0},{"damage":4.0,"enemies":"2 Thieves","floor":20.0,"turns":4.0},{"damage":0.0,"enemies":"Spheric Guardian","floor":21.0,"turns":2.0},{"damage":6.0,"enemies":"Snecko","floor":23.0,"turns":9.0},{"damage":19.0,"enemies":"Slavers","floor":25.0,"turns":4.0},{"damage":10.0,"enemies":"Book of Stabbing","floor":30.0,"turns":6.0},{"damage":0.0,"enemies":"Slavers","floor":32.0,"turns":9.0},{"damage":0.0,"enemies":"Champ","floor":35.0,"turns":7.0},{"damage":0.0,"enemies":"Orb Walker","floor":37.0,"turns":1.0},{"damage":17.0,"enemies":"3 Shapes","floor":38.0,"turns":7.0},{"damage":0.0,"enemies":"Spire Growth","floor":39.0,"turns":6.0},{"damage":0.0,"enemies":"Writhing Mass","floor":40.0,"turns":7.0},{"damage":0.0,"enemies":"R_Hoarder","floor":42.0,"turns":3.0},{"damage":0.0,"enemies":"Jaw Worm Horde","floor":45.0,"turns":3.0},{"damage":0.0,"enemies":"2 Orb Walkers","floor":46.0,"turns":3.0},{"damage":0.0,"enemies":"Reptomancer","floor":48.0,"turns":2.0},{"damage":0.0,"enemies":"4 Shapes","floor":50.0,"turns":6.0},{"damage":0.0,"enemies":"Nemesis","floor":51.0,"turns":6.0},{"damage":0.0,"enemies":"Mind Bloom Boss Battle","floor":52.0,"turns":6.0},{"damage":0.0,"enemies":"Awakened One","floor":54.0,"turns":8.0},{"damage":19.0,"enemies":"Time Eater","floor":55.0,"turns":10.0},{"damage":20,"enemies":"Shield and Spear","floor":59,"turns":7},{"damage":13,"enemies":"The Heart","floor":60,"turns":12}],"seed_played":"2091720143444998419","potions_obtained":[{"floor":8.0,"key":"PowerPotion"},{"floor":13.0,"key":"BottledMiracle"},{"floor":18.0,"key":"Adrenaline Potion"},{"floor":20.0,"key":"Ancient Potion"},{"floor":23.0,"key":"Adrenaline Potion"},{"floor":24.0,"key":"Energy Potion"},{"floor":24.0,"key":"PowerPotion"},{"floor":25.0,"key":"Adrenaline Potion"},{"floor":27.0,"key":"EntropicBrew"},{"floor":27.0,"key":"FairyPotion"},{"floor":30.0,"key":"Strength Potion"},{"floor":32.0,"key":"DuplicationPotion"},{"floor":38.0,"key":"SkillPotion"},{"floor":39.0,"key":"Cursed Concoction"},{"floor":40.0,"key":"FairyPotion"},{"floor":42.0,"key":"Explosive Potion"},{"floor":45.0,"key":"StancePotion"},{"floor":51.0,"key":"Strength Potion"},{"floor":52.0,"key":"FearPotion"},{"floor":59,"key":"ColorlessPotion"}],"is_trial":false,"path_per_floor":["M","?","M","$","M","R","?","E","T","R","?","$","M","PTL","PTL","M","R","B",null,"M","M","$","M","?","E","R","?","T","R","E","$","E","?","R","B",null,"M","M","M","M","$","E","PTL","PTL","M","?","T","E","$","M","E","?","R","B","B",null,"R","$","E","B",null],"character_chosen":"WATCHER","items_purchased":["PrismaticShard","AT_ChampionStep","Adaptation","Blue Doll","Membership Card","Vault","Adaptation","OrangePellets","Medical Kit"],"campfire_rested":0,"item_purchase_floors":[4,4,22,31,41,49,49,49,58],"current_hp_per_floor":[61,61,61,61,61,61,50,18,18,18,18,18,18,18,18,22,22,26,63,63,63,63,61,61,46,46,22,22,22,18,18,22,22,22,26,61,61,48,52,56,56,56,56,56,56,56,56,56,56,62,68,71,71,71,56,67,67,67,51,44],"gold":70,"neow_bonus":"RANDOM_COMMON_RELIC","is_daily":false,"chose_seed":false,"campfire_upgraded":6,"win_rate":0.0,"timestamp":1608877956,"path_taken":["M","?","M","$","M","R","?","E","T","R","?","?","M","PTL","PTL","M","R","BOSS","M","M","$","M","?","E","R","?","T","R","E","$","E","?","R","BOSS","M","M","M","?","$","E","PTL","PTL","M","?","T","E","$","M","E","?","R","BOSS","BOSS","R","$","E","BOSS"],"items_purchased_type":["Relic","Card","Card","Relic","Relic","Card","Card","Relic","Relic"],"build_version":"2020-12-22","purchased_purges":6,"victory":true,"max_hp_per_floor":[68,68,68,68,68,68,68,68,68,68,68,68,68,68,68,68,68,68,73,73,73,73,73,73,73,73,73,73,73,73,73,73,73,73,73,73,73,73,73,73,73,73,73,73,73,73,73,73,73,71,71,71,71,71,71,71,71,71,71,69],"card_choices":[{"not_picked":["Evaluate","ReachHeaven"],"picked":"Replay:BluntJabs","floor":1.0},{"not_picked":["Wireheading","JustLucky","Prostrate"],"picked":"SKIP","floor":3.0},{"not_picked":["Replay:AtTheReady","ClearTheMind"],"picked":"Fluid Movement","floor":5.0},{"not_picked":["Chrysalis","Dagger Spray"],"picked":"Turbo","floor":8.0},{"not_picked":["Tactician","ReplayTheSpireMod:Strike From Hell"],"picked":"Bandage Up","floor":13.0},{"not_picked":["ReplayTheSpireMod:Tripwire","Uppercut"],"picked":"Hyperbeam","floor":16.0},{"not_picked":["Machine Learning","Die Die Die"],"picked":"Vault","floor":18.0},{"not_picked":["FollowUp","Consecrate"],"picked":"True Grit","floor":19.0},{"not_picked":["AT_ArcaneSupremacy","WheelKick+1"],"picked":"HandOfGreed","floor":20.0},{"not_picked":["Metallicize","AT_KneejerkReflex"],"picked":"AT_WarpDrive","floor":21.0},{"not_picked":["Flying Knee","Pommel Strike"],"picked":"Acrobatics+1","floor":23.0},{"not_picked":["ThirdEye+1","Electrodynamics","PiercingWail"],"picked":"SKIP","floor":25.0},{"not_picked":["Replay:Anticipation","Aggregate","Bludgeon"],"picked":"SKIP","floor":30.0},{"not_picked":["True Grit","AT_RealFormLess"],"picked":"Body Slam","floor":32.0},{"not_picked":["ReplayTheSpireMod:Fabricate Wheel","Biased Cognition"],"picked":"Night Terror","floor":35.0},{"not_picked":["Turbo+1","Armaments","Finisher"],"picked":"SKIP","floor":37.0},{"not_picked":["WreathOfFlame","Crescendo"],"picked":"InnerPeace+1","floor":38.0},{"not_picked":["Dagger Spray+1","Twin Strike+1"],"picked":"Double Energy","floor":39.0},{"not_picked":["Rebound","WaveOfTheHand","Lockon"],"picked":"SKIP","floor":40.0},{"not_picked":["Hemokinesis","ReplayTheSpireMod:Strike From Hell"],"picked":"Recycle","floor":42.0},{"not_picked":["Time Bomb","Replay:Vibes"],"picked":"ReplayTheSpireMod:Private Reserves+1","floor":45.0},{"not_picked":["AT_HeatAcrobatics","Lockon"],"picked":"Warcry+1","floor":46.0},{"not_picked":["Pray","Protect","Doom and Gloom"],"picked":"SKIP","floor":48.0},{"not_picked":["Consecrate","Sweeping Beam","Gash"],"picked":"SKIP","floor":50.0},{"not_picked":["Flying Knee+1","Alpha","FollowUp"],"picked":"SKIP","floor":51.0},{"not_picked":["Iron Wave","Flex+1"],"picked":"Recycle+1","floor":52.0},{"not_picked":["ReplayTheSpireMod:Limb From Limb","All Out Attack+1"],"picked":"Dark Embrace","floor":59}],"player_experience":495336,"relics_obtained":[{"floor":8.0,"key":"Replay:Mystery Machine"},{"floor":9.0,"key":"Oddly Smooth Stone"},{"floor":24.0,"key":"ReplayTheSpireMod:Ring of Addiction"},{"floor":24.0,"key":"White Beast Statue"},{"floor":24.0,"key":"Potion Belt"},{"floor":25.0,"key":"Whetstone"},{"floor":28.0,"key":"Iron Hammer"},{"floor":30.0,"key":"Girya"},{"floor":32.0,"key":"ReplayTheSpireMod:TigerMarble"},{"floor":34.0,"key":"Regal Pillow"},{"floor":42.0,"key":"AT_RedTearstoneRing"},{"floor":46.0,"key":"CloakClasp"},{"floor":48.0,"key":"TungstenRod"},{"floor":51.0,"key":"Golden Egg"},{"floor":52.0,"key":"AT_Kusabimaru"},{"floor":59,"key":"Mirror"}],"event_choices":[{"damage_healed":0.0,"max_hp_gain":0.0,"max_hp_loss":0.0,"gold_gain":150.0,"event_name":"Liars Game","player_choice":"AGREE","floor":2.0,"gold_loss":0.0,"damage_taken":0.0,"cards_obtained":["Doubt"]},{"damage_healed":0.0,"max_hp_gain":0.0,"max_hp_loss":0.0,"gold_gain":75.0,"event_name":"World of Goop","player_choice":"Gather Gold","floor":7.0,"gold_loss":0.0,"damage_taken":11.0},{"damage_healed":0.0,"max_hp_gain":0.0,"max_hp_loss":0.0,"gold_gain":50.0,"event_name":"Golden Shrine","player_choice":"Pray","floor":33.0,"gold_loss":0.0,"damage_taken":0.0},{"damage_healed":0.0,"max_hp_gain":0.0,"max_hp_loss":0.0,"gold_gain":0.0,"event_name":"Mysterious Sphere","player_choice":"Fight","floor":46.0,"gold_loss":0.0,"damage_taken":0.0},{"damage_healed":0.0,"max_hp_gain":0.0,"max_hp_loss":0.0,"gold_gain":0.0,"event_name":"MindBloom","player_choice":"Fight","floor":52.0,"gold_loss":0.0,"damage_taken":0.0}],"is_beta":false,"boss_relics":[{"not_picked":["Velvet Choker","ReplayTheSpireMod:DimensionalGlitch"],"picked":"Tiny House"},{"not_picked":["AT_MortalBlade","Replay:Wanted Poster"],"picked":"Cursed Key"}],"items_purged_floors":[4,12,22,41,49,58],"is_endless":false,"potions_floor_spawned":[8,13,16,18,20,23,25,30,32,35,37,38,39,40,42,45,46,48,50,51,52,59],"ascension_level":20}}