{"host":"5yg5r29c2awvcp2u","time":1608856796,"event":{"mods":["BaseMod","Colored Map","Hubris","Minty Spire (QoL Compilation)","Quick Restart","StSLib","The Jungle"],"gold_per_floor":[115,115,133,153,22,55,55,86,86,86,105,133,133,151,151,228,228,248,248,265,80,80,80],"floor_reached":22,"playtime":740,"items_purged":["Defend_R"],"score":447,"play_id":"8a5f4fe1-6480-41f5-9f25-92cea6f4e356","local_time":"20201224173956","is_ascension_mode":true,"campfire_choices":[{"data":"Bash","floor":7.0,"key":"SMITH"},{"floor":10.0,"key":"REST"},{"data":"Spot Weakness","floor":13,"key":"SMITH"},{"data":"Bludgeon","floor":15,"key":"SMITH"}],"circlet_count":0,"master_deck":["AscendersBane","Strike_R","Defend_R","Defend_R","Defend_R","Bash+1","Fire Breathing","Thunderclap","Headbutt","Spot Weakness+1","Pommel Strike","hubris:SharpeningStone","Bludgeon+1","Fiend Fire+1","Corruption+1","Second Wind+1","Clash+1","Inflame+1","Pummel"],"relics":["Burning Blood","MealTicket","PreservedInsect","hubris:PeanutButter","Regal Pillow","InkBottle","Astrolabe","theJungle:Creamberry"],"acts_visited":["Exordium","Exordium"],"potions_floor_usage":[12,16],"damage_taken":[{"damage":2.0,"enemies":"2 Louse","floor":1.0,"turns":3.0},{"damage":13.0,"enemies":"Cultist","floor":3.0,"turns":5.0},{"damage":9.0,"enemies":"Jaw Worm","floor":4.0,"turns":3.0},{"damage":20.0,"enemies":"3 Sentries","floor":6.0,"turns":5.0},{"damage":40.0,"enemies":"Lagavulin","floor":8.0,"turns":5.0},{"damage":3.0,"enemies":"2 Fungi Beasts","floor":11.0,"turns":3.0},{"damage":0,"enemies":"Gremlin Nob","floor":12,"turns":2},{"damage":0,"enemies":"3 Louse","floor":14,"turns":2},{"damage":45,"enemies":"The Guardian","floor":16,"turns":7},{"damage":24,"enemies":"theJungle:Flameango_and_Byrd","floor":18,"turns":6},{"damage":27,"enemies":"theJungle:5_Spyders","floor":20,"turns":7},{"damage":28,"enemies":"theJungle:JungleHuntersEncounter","floor":22,"turns":2}],"seed_played":"-2399550877634035125","potions_obtained":[{"floor":6.0,"key":"ElixirPotion"},{"floor":8.0,"key":"CultistPotion"},{"floor":12,"key":"AttackPotion"}],"is_trial":false,"path_per_floor":["M","?","M","M","$","E","R","E","T","R","M","E","R","M","R","B",null,"M","?","M","?","M"],"character_chosen":"IRONCLAD","items_purchased":["FearPotion"],"campfire_rested":1,"item_purchase_floors":[5],"current_hp_per_floor":[72,72,65,62,75,61,61,27,27,64,67,73,73,75,75,36,65,47,47,26,26,0,0],"gold":80,"neow_bonus":"RANDOM_COMMON_RELIC","is_daily":false,"chose_seed":false,"campfire_upgraded":3,"win_rate":0.0,"timestamp":1608856796,"path_taken":["M","?","M","M","$","E","R","E","T","R","M","E","R","?","R","BOSS","M","?","M","?","M"],"items_purchased_type":["Potion"],"build_version":"2020-12-22","purchased_purges":1,"victory":false,"max_hp_per_floor":[75,75,75,75,75,75,75,75,75,75,75,75,75,75,75,75,75,75,75,75,75,75,75],"card_choices":[{"not_picked":["Body Slam","Pommel Strike"],"picked":"Fire Breathing","floor":1.0},{"not_picked":["Infernal Blade","Intimidate"],"picked":"Thunderclap","floor":3.0},{"not_picked":["Heavy Blade","Armaments","Searing Blow"],"picked":"SKIP","floor":4.0},{"not_picked":["Metallicize","Pummel"],"picked":"Headbutt","floor":6.0},{"not_picked":["Cleave","Warcry"],"picked":"Spot Weakness","floor":8.0},{"not_picked":["Anger","Heavy Blade"],"picked":"Pommel Strike","floor":11.0},{"not_picked":["Clash","Iron Wave"],"picked":"hubris:SharpeningStone","floor":12},{"not_picked":["Inflame","Dark Embrace"],"picked":"Bludgeon","floor":14},{"not_picked":["Juggernaut","Exhume"],"picked":"Fiend Fire","floor":16},{"not_picked":["Blood for Blood","Ghostly Armor"],"picked":"Inflame+1","floor":18},{"not_picked":["Headbutt","Iron Wave"],"picked":"Pummel","floor":20}],"player_experience":451561,"relics_obtained":[{"floor":6.0,"key":"PreservedInsect"},{"floor":8.0,"key":"hubris:PeanutButter"},{"floor":9.0,"key":"Regal Pillow"},{"floor":12,"key":"InkBottle"}],"event_choices":[{"cards_removed":["Strike_R"],"damage_healed":0.0,"max_hp_gain":0.0,"max_hp_loss":0.0,"gold_gain":0.0,"event_name":"Wheel of Change","player_choice":"Card Removal","floor":2.0,"gold_loss":0.0,"damage_taken":0.0}],"is_beta":false,"boss_relics":[{"not_picked":["Snecko Eye","Pandora\u0027s Box"],"picked":"Astrolabe"}],"items_purged_floors":[5],"is_endless":false,"potions_floor_spawned":[6,8,12,14],"killed_by":"theJungle:JungleHuntersEncounter","ascension_level":19}}