{"host":"q9718omregw4er46","time":1608896488,"event":{"mods":["BaseMod","Colored Powertips","Minty Spire (QoL Compilation)","Quick Restart","Relic Stats"],"gold_per_floor":[112,26,101,26,41,67,82,123,148,69,69,69,98,141,141,229,229,249,249,269,291,291,291],"floor_reached":22,"playtime":713,"items_purged":[],"score":472,"play_id":"db47807c-ee9b-4828-ba78-70da76968309","local_time":"20201225164128","is_ascension_mode":true,"campfire_choices":[{"data":"Rupture","floor":11,"key":"SMITH"},{"data":"Berserk","floor":15,"key":"SMITH"}],"circlet_count":0,"master_deck":["AscendersBane","Strike_R","Strike_R","Strike_R","Strike_R","Defend_R+1","Defend_R","Defend_R+1","Defend_R","Bash","Combust","Feed","Berserk+1","Feel No Pain","Rupture+1","Whirlwind","Corruption","Warcry","Feel No Pain"],"relics":["Burning Blood","NeowsBlessing","CeramicFish","Bag of Marbles","Anchor","War Paint","Runic Pyramid","Self Forming Clay"],"acts_visited":["Exordium","TheCity"],"potions_floor_usage":[8,16,16],"damage_taken":[{"damage":0,"enemies":"2 Louse","floor":1,"turns":1},{"damage":0,"enemies":"Cultist","floor":5,"turns":2},{"damage":0,"enemies":"Gremlin Nob","floor":6,"turns":1},{"damage":14,"enemies":"Small Slimes","floor":7,"turns":5},{"damage":31,"enemies":"3 Sentries","floor":8,"turns":6},{"damage":12,"enemies":"Blue Slaver","floor":13,"turns":4},{"damage":24,"enemies":"Lagavulin","floor":14,"turns":7},{"damage":38,"enemies":"The Guardian","floor":16,"turns":9},{"damage":25,"enemies":"Chosen","floor":18,"turns":8},{"damage":23,"enemies":"Shell Parasite","floor":20,"turns":5},{"damage":29,"enemies":"3 Cultists","floor":21,"turns":5},{"damage":26,"enemies":"Snecko","floor":22,"turns":5}],"seed_played":"-4927410758374469291","potions_obtained":[{"floor":5,"key":"PowerPotion"},{"floor":6,"key":"Ancient Potion"},{"floor":8,"key":"Weak Potion"},{"floor":12,"key":"Swift Potion"},{"floor":20,"key":"SteroidPotion"}],"is_trial":false,"path_per_floor":["M","$","?","?","M","E","M","E","T","$","R","?","M","E","R","B",null,"M","?","M","M","M"],"character_chosen":"IRONCLAD","items_purchased":["Feed","Rupture"],"campfire_rested":0,"item_purchase_floors":[2,10],"current_hp_per_floor":[74,74,63,63,72,81,76,54,54,54,54,54,51,36,36,7,74,58,58,44,24,0,0],"gold":291,"neow_bonus":"THREE_ENEMY_KILL","is_daily":false,"chose_seed":false,"campfire_upgraded":2,"win_rate":0.0,"timestamp":1608896488,"path_taken":["M","$","?","?","M","E","M","E","T","$","R","?","?","E","R","BOSS","M","?","?","M","M"],"items_purchased_type":["Card","Card"],"build_version":"2020-12-22","purchased_purges":0,"victory":false,"max_hp_per_floor":[75,75,75,75,78,81,84,87,87,87,87,87,90,93,93,96,96,99,99,102,105,105,105],"relic_stats":{"counters":[12,58],"Self Forming Clay":[39],"CeramicFish":63,"War Paint":["Defend_R","Defend_R"],"obtain_stats":[{"Anchor":9,"NeowsBlessing":0,"Self Forming Clay":19,"CeramicFish":6,"Bag of Marbles":8,"War Paint":14,"Burning Blood":0,"Runic Pyramid":17},{"Anchor":5,"NeowsBlessing":0,"Self Forming Clay":9,"CeramicFish":3,"Bag of Marbles":5,"War Paint":7,"Burning Blood":0,"Runic Pyramid":8},{"Anchor":15,"NeowsBlessing":0,"Self Forming Clay":43,"CeramicFish":4,"Bag of Marbles":15,"War Paint":26,"Burning Blood":0,"Runic Pyramid":35}],"Burning Blood":66},"card_choices":[{"not_picked":["Cleave","Thunderclap"],"picked":"Combust","floor":1},{"not_picked":["Sword Boomerang","Anger"],"picked":"Berserk","floor":5},{"not_picked":["Reckless Charge","Shrug It Off","Shockwave"],"picked":"SKIP","floor":6},{"not_picked":["Warcry","True Grit","Thunderclap"],"picked":"SKIP","floor":7},{"not_picked":["Perfected Strike","Heavy Blade"],"picked":"Feel No Pain","floor":8},{"not_picked":["Clash","Body Slam"],"picked":"Whirlwind","floor":13},{"not_picked":["Armaments","Dropkick"],"picked":"Pummel","floor":14},{"not_picked":["Feed","Fiend Fire"],"picked":"Corruption","floor":16},{"not_picked":["Clothesline","Infernal Blade","Whirlwind"],"picked":"SKIP","floor":18},{"not_picked":["Clothesline","Pommel Strike"],"picked":"Warcry","floor":20},{"not_picked":["Whirlwind","Burning Pact"],"picked":"Feel No Pain","floor":21}],"player_experience":1109355,"relics_obtained":[{"floor":6,"key":"CeramicFish"},{"floor":8,"key":"Bag of Marbles"},{"floor":9,"key":"Anchor"},{"floor":14,"key":"War Paint"}],"event_choices":[{"damage_healed":0,"gold_gain":75,"player_choice":"Gather Gold","damage_taken":11,"max_hp_gain":0,"max_hp_loss":0,"event_name":"World of Goop","floor":3,"gold_loss":0},{"cards_removed":["Strike_R"],"damage_healed":0,"gold_gain":0,"player_choice":"Card Removal","damage_taken":0,"max_hp_gain":0,"max_hp_loss":0,"event_name":"The Cleric","floor":4,"gold_loss":75},{"damage_healed":0,"gold_gain":0,"player_choice":"Got Potions","damage_taken":0,"max_hp_gain":0,"max_hp_loss":0,"event_name":"Lab","floor":12,"gold_loss":0},{"cards_removed":["Pummel"],"damage_healed":0,"gold_gain":0,"player_choice":"Gave Card","damage_taken":0,"relics_obtained":["Self Forming Clay"],"max_hp_gain":0,"max_hp_loss":0,"event_name":"WeMeetAgain","floor":19,"gold_loss":0}],"is_beta":false,"boss_relics":[{"not_picked":["SlaversCollar","Busted Crown"],"picked":"Runic Pyramid"}],"items_purged_floors":[],"is_endless":false,"potions_floor_spawned":[5,6,8,13,20],"killed_by":"Snecko","ascension_level":19}}