{"host":"uwh382mre4waz4ff","time":1608862356,"event":{"mods":["AchievementEnabler","BaseMod","Better Note","Better Third Choice","BetterRewards","HololiveMod","Minty Spire (QoL Compilation)","StSLib"],"gold_per_floor":[114,132,132,151,176,176,176,176],"floor_reached":7,"playtime":446,"items_purged":["Strike_B"],"score":43,"play_id":"3839e5f3-384b-45c8-8151-cfd9ba22232d","local_time":"20201225101236","is_ascension_mode":false,"campfire_choices":[{"floor":6,"key":"DIG"}],"circlet_count":0,"master_deck":["Strike_B","Strike_B","Defend_B","Defend_B","Defend_B","Defend_B","Zap","Dualcast","Creative AI","Conserve Battery","Coolheaded","White Noise","Coolheaded"],"relics":["Cracked Core","Eternal Feather","Matryoshka","Shovel","Bag of Marbles","ClockworkSouvenir","Golden Idol","Question Card"],"acts_visited":["Exordium"],"potions_floor_usage":[7],"damage_taken":[{"damage":0,"enemies":"2 Louse","floor":1,"turns":2},{"damage":3,"enemies":"Jaw Worm","floor":2,"turns":4},{"damage":3,"enemies":"Cultist","floor":4,"turns":5},{"damage":0,"enemies":"2 Fungi Beasts","floor":5,"turns":4},{"damage":22,"enemies":"Lagavulin","floor":7,"turns":8}],"seed_played":"-1931547569897974845","potions_obtained":[{"floor":1,"key":"Weak Potion"}],"is_trial":false,"path_per_floor":["M","M","?","M","M","R","E"],"character_chosen":"DEFECT","items_purchased":["Bag of Marbles","ClockworkSouvenir","Conserve Battery"],"campfire_rested":0,"item_purchase_floors":[0,0,0],"current_hp_per_floor":[40,37,19,16,16,22,0,0],"gold":176,"neow_bonus":"","is_daily":false,"chose_seed":false,"campfire_upgraded":0,"win_rate":0.0,"timestamp":1608862356,"path_taken":["M","M","?","M","M","R","E"],"items_purchased_type":["Relic","Relic","Card"],"build_version":"2020-12-22","purchased_purges":1,"victory":false,"max_hp_per_floor":[75,75,75,75,75,75,75,75],"card_choices":[{"not_picked":["Turbo","Loop"],"picked":"Coolheaded","floor":1},{"not_picked":["Leap","Undo","Gash"],"picked":"SKIP","floor":2},{"not_picked":["Barrage","Streamline"],"picked":"White Noise","floor":4},{"not_picked":["Turbo","Sweeping Beam"],"picked":"Coolheaded","floor":5}],"player_experience":199323,"relics_obtained":[{"floor":6,"key":"Question Card"}],"event_choices":[{"damage_healed":0,"gold_gain":0,"player_choice":"Take Damage","damage_taken":18,"relics_obtained":["Golden Idol"],"max_hp_gain":0,"max_hp_loss":0,"event_name":"Golden Idol","floor":3,"gold_loss":0}],"is_beta":false,"boss_relics":[],"items_purged_floors":[0],"is_endless":false,"potions_floor_spawned":[1],"killed_by":"Lagavulin","ascension_level":0}}