{"host":"gopu3kmfaoww0llm","time":1608894215,"event":{"mods":["BaseMod","DeckTracker","Minty Spire (QoL Compilation)","Quick Restart","StSLib","SuperFastMode"],"gold_per_floor":[113,113,128,140,159,159,192,209,209,227,152,152,177,189,189,189,189],"floor_reached":16,"playtime":292,"items_purged":["Strike_B"],"score":228,"play_id":"08343454-947c-457e-9ec2-9d6d498d7de3","local_time":"20201225200335","is_ascension_mode":true,"campfire_choices":[{"data":"Loop","floor":6.0,"key":"SMITH"},{"floor":12.0,"key":"REST"},{"floor":15,"key":"REST"}],"circlet_count":0,"master_deck":["AscendersBane","Strike_B","Strike_B","Strike_B","Defend_B","Defend_B","Defend_B","Defend_B","Zap","Dualcast","Core Surge","Go for the Eyes","Loop+1","Cold Snap","Cold Snap","Glacier"],"relics":["Cracked Core","NeowsBlessing","Frozen Egg 2","Lantern","CeramicFish"],"acts_visited":["Exordium"],"potions_floor_usage":[13,16],"damage_taken":[{"damage":0.0,"enemies":"Small Slimes","floor":1.0,"turns":1.0},{"damage":0.0,"enemies":"Cultist","floor":3.0,"turns":1.0},{"damage":0.0,"enemies":"2 Louse","floor":4.0,"turns":1.0},{"damage":20.0,"enemies":"Gremlin Gang","floor":5.0,"turns":4.0},{"damage":32.0,"enemies":"Lagavulin","floor":7.0,"turns":7.0},{"damage":0.0,"enemies":"2 Fungi Beasts","floor":8.0,"turns":3.0},{"damage":5.0,"enemies":"Looter","floor":10.0,"turns":3.0},{"damage":13,"enemies":"Gremlin Nob","floor":13,"turns":5},{"damage":8,"enemies":"Blue Slaver","floor":14,"turns":4},{"damage":28,"enemies":"Slime Boss","floor":16,"turns":10}],"seed_played":"1056504849285862285","potions_obtained":[{"floor":1.0,"key":"BlessingOfTheForge"},{"floor":7.0,"key":"ColorlessPotion"},{"floor":10.0,"key":"SpeedPotion"},{"floor":13,"key":"ColorlessPotion"}],"is_trial":false,"path_per_floor":["M","?","M","M","M","R","E","M","T","M","$","R","E","M","R","B"],"character_chosen":"DEFECT","items_purchased":[],"campfire_rested":2,"item_purchase_floors":[],"current_hp_per_floor":[64,64,64,64,44,44,12,12,12,7,7,28,15,7,28,0,0],"gold":189,"neow_bonus":"THREE_ENEMY_KILL","is_daily":false,"chose_seed":false,"campfire_upgraded":1,"win_rate":0.0,"timestamp":1608894215,"path_taken":["M","?","?","M","?","R","E","M","T","M","$","R","E","M","R","BOSS"],"items_purchased_type":[],"build_version":"2020-12-22","purchased_purges":1,"victory":false,"max_hp_per_floor":[71,71,71,71,71,71,71,71,71,71,71,71,71,71,71,71,71],"card_choices":[{"not_picked":["Reprogram","Fusion","Redo"],"picked":"SKIP","floor":1.0},{"not_picked":["Compile Driver","Storm"],"picked":"Loop","floor":3.0},{"not_picked":["Coolheaded","Conserve Battery"],"picked":"Cold Snap","floor":4.0},{"not_picked":["Redo","Storm"],"picked":"Cold Snap","floor":5.0},{"not_picked":["Ball Lightning","Stack"],"picked":"Glacier","floor":7.0},{"not_picked":["Barrage","Stack","Glacier"],"picked":"SKIP","floor":8.0},{"not_picked":["Rebound","Reprogram","Stack"],"picked":"SKIP","floor":10.0},{"not_picked":["Leap","Undo","Reinforced Body"],"picked":"SKIP","floor":13},{"not_picked":["Stack","Fusion","Recycle"],"picked":"SKIP","floor":14}],"player_experience":2893580,"relics_obtained":[{"floor":7.0,"key":"Frozen Egg 2"},{"floor":9.0,"key":"Lantern"},{"floor":13,"key":"CeramicFish"}],"event_choices":[{"damage_healed":0.0,"max_hp_gain":0.0,"max_hp_loss":0.0,"gold_gain":0.0,"event_name":"Match and Keep!","player_choice":"2 cards matched","floor":2.0,"gold_loss":0.0,"damage_taken":0.0,"cards_obtained":["Core Surge","Go for the Eyes"]}],"is_beta":false,"boss_relics":[],"items_purged_floors":[11],"is_endless":false,"potions_floor_spawned":[1,7,10,13],"killed_by":"Slime Boss","ascension_level":20}}