{"host":"uoq8e77duj6rs50g","time":1608903044,"event":{"mods":["BaseMod","Better Match","Better Note","Better Third Choice","BetterRewards","Block Reminder","ChefMod","Curses Come First","Hermit","Hubris","Ironclad Rager","Minty Spire (QoL Compilation)","Relic Stats","Replay The Spire","Shade Mod","StSLib","The Blue Laboratory","The Cursed","The Dragon Tamer","The Exalted","The Judge","The Runesmith","The Servant 0.9.4"],"gold_per_floor":[118,129,129,144,144,144,188,188,188,59,59,80,94,107,107,230,230,248,248,6,19,42,42,77,77,100,100,225,225,225,243,243,364,364,389,314,339,184,184,228,246,281,281,281,281],"floor_reached":44,"playtime":2993,"items_purged":["Strike_S"],"score":636,"play_id":"c6335bce-de6b-4960-a4f9-02ed328037ae","local_time":"20201225083044","is_ascension_mode":false,"campfire_choices":[{"data":"Ricochet","floor":6.0,"key":"SMITH"},{"floor":8.0,"key":"REST"},{"floor":15.0,"key":"REST"},{"data":"SilverBlades","floor":23.0,"key":"SMITH"},{"floor":25.0,"key":"REST"},{"floor":29.0,"key":"REST"}],"circlet_count":0,"master_deck":["Strike_S","Strike_S","Strike_S","Defend_S","Defend_S","Defend_S","KidneyShot+1","Exchange","Ricochet+1","Snipe","Moonlight","Rearm","Rearm","Misdirection+1","Snipe","BestPractice","SilverBlades+1","Sunlight+1","Potential","Pot Of Greed","Pot Of Greed","Ricochet","SilverBlades","GearUp","MurderousAura+1","Moonlight+1","Pot Of Greed","WasteNot+1","ShatteredReality+1","StarChef","SpecialFormula+1"],"relics":["Uniform","GremlinMask","Golden Idol","TungstenRod","Thread and Needle","SlaversCollar","Onion Ring","Grinning Jar","Juzu Bracelet","Toy Ornithopter","PreservedInsect","Prayer Wheel","hubris:BottledRain","StoneMask","Guide Book","Blue Doll","Darkstone Periapt","ReplayTheSpireMod:Lightbulb"],"acts_visited":["Exordium","TheCity","TheBeyond"],"potions_floor_usage":[41,42,42,44],"damage_taken":[{"damage":0.0,"enemies":"2 Louse","floor":1.0,"turns":2.0},{"damage":0.0,"enemies":"Cultist","floor":2.0,"turns":3.0},{"damage":0.0,"enemies":"Small Slimes","floor":4.0,"turns":2.0},{"damage":17.0,"enemies":"Replay:BlueRogue","floor":7.0,"turns":8.0},{"damage":0.0,"enemies":"2 Fungi Beasts","floor":12.0,"turns":3.0},{"damage":7.0,"enemies":"Large Slime","floor":13.0,"turns":5.0},{"damage":3.0,"enemies":"Red Slaver","floor":14.0,"turns":3.0},{"damage":12.0,"enemies":"Fading Forest","floor":16.0,"turns":11.0},{"damage":0.0,"enemies":"Shell Parasite","floor":18.0,"turns":6.0},{"damage":6.0,"enemies":"2 Thieves","floor":21.0,"turns":3.0},{"damage":8.0,"enemies":"3 Cultists","floor":22.0,"turns":5.0},{"damage":10.0,"enemies":"Gremlin Leader","floor":24.0,"turns":5.0},{"damage":15.0,"enemies":"Colosseum Slavers","floor":28.0,"turns":4.0},{"damage":11.0,"enemies":"Colosseum Nobs","floor":28.0,"turns":3.0},{"damage":0.0,"enemies":"Snecko","floor":31.0,"turns":5.0},{"damage":1.0,"enemies":"Pondfish","floor":33.0,"turns":8.0},{"damage":0,"enemies":"3 Shapes","floor":35,"turns":3},{"damage":7,"enemies":"3 Darklings","floor":37,"turns":3},{"damage":14,"enemies":"R_Hoarder","floor":40,"turns":4},{"damage":45,"enemies":"Sphere and 2 Shapes","floor":41,"turns":6},{"damage":27,"enemies":"Reptomancer","floor":42,"turns":5},{"damage":35,"enemies":"Spire Growth","floor":44,"turns":4}],"seed_played":"4164235682504312003","potions_obtained":[{"floor":2.0,"key":"AttackPotion"},{"floor":7.0,"key":"Weak Potion"},{"floor":13.0,"key":"Block Potion"},{"floor":14.0,"key":"EntropicBrew"},{"floor":21.0,"key":"blueLaboratory:BottleOfVodka"},{"floor":22.0,"key":"blueLaboratory:NullPotion"},{"floor":32.0,"key":"AttackPotion"},{"floor":32.0,"key":"blueLaboratory:BottleOfVodka"},{"floor":37,"key":"blueLaboratory:HorrorPotion"},{"floor":42,"key":"blueLaboratory:RecallPotion"}],"is_trial":false,"path_per_floor":["M","M","?","M","?","R","E","R","T","$","?","M","M","M","R","B",null,"M","?","$","M","M","R","E","R","T","$","?","R","?","M","R","B",null,"M","?","M","$","?","E","M","E","T","M"],"character_chosen":"THE_SERVANT","items_purchased":["Rearm","Onion Ring","Toy Ornithopter","PreservedInsect","Guide Book"],"campfire_rested":4,"item_purchase_floors":[10,20,27,27,38],"current_hp_per_floor":[65,65,65,65,49,49,32,51,51,51,51,51,44,41,60,59,65,65,65,65,59,51,51,41,60,60,40,34,53,53,53,53,57,65,68,68,64,64,64,53,22,16,16,0,0],"gold":281,"neow_bonus":"UPGRADE_CARD","is_daily":false,"chose_seed":false,"campfire_upgraded":2,"win_rate":0.0,"timestamp":1608903044,"path_taken":["M","M","?","?","?","R","E","R","T","$","?","M","M","M","R","BOSS","M","?","$","M","?","R","E","R","T","?","?","R","?","M","R","BOSS","M","?","M","$","?","E","M","E","T","M"],"items_purchased_type":["Card","Relic","Relic","Relic","Relic"],"build_version":"2020-12-22","purchased_purges":1,"victory":false,"max_hp_per_floor":[65,65,65,65,65,65,65,65,65,65,65,65,65,65,65,65,65,65,65,65,65,65,65,65,65,65,65,65,65,65,65,65,65,65,68,68,69,69,66,67,70,71,71,71,71],"relic_stats":{"Darkstone Periapt":0,"counters":[22,100],"Golden Idol":146,"Prayer Wheel":4,"PreservedInsect":169,"Juzu Bracelet":1,"obtain_stats":[{"Darkstone Periapt":42,"Golden Idol":5,"StoneMask":34,"Guide Book":38,"GremlinMask":3,"Thread and Needle":9,"Blue Doll":40,"PreservedInsect":27,"Uniform":0,"Juzu Bracelet":26,"SlaversCollar":17,"Onion Ring":20,"Prayer Wheel":28,"Grinning Jar":24,"ReplayTheSpireMod:Lightbulb":43,"TungstenRod":7,"Toy Ornithopter":27,"hubris:BottledRain":28},{"Darkstone Periapt":21,"Golden Idol":3,"StoneMask":16,"Guide Book":18,"GremlinMask":2,"Thread and Needle":4,"Blue Doll":19,"PreservedInsect":12,"Uniform":0,"Juzu Bracelet":12,"SlaversCollar":8,"Onion Ring":9,"Prayer Wheel":14,"Grinning Jar":12,"ReplayTheSpireMod:Lightbulb":21,"TungstenRod":4,"Toy Ornithopter":12,"hubris:BottledRain":14},{"Darkstone Periapt":96,"Golden Idol":7,"StoneMask":75,"Guide Book":81,"GremlinMask":5,"Thread and Needle":15,"Blue Doll":85,"PreservedInsect":55,"Uniform":0,"Juzu Bracelet":55,"SlaversCollar":37,"Onion Ring":43,"Prayer Wheel":62,"Grinning Jar":55,"ReplayTheSpireMod:Lightbulb":96,"TungstenRod":15,"Toy Ornithopter":55,"hubris:BottledRain":62}],"TungstenRod":43,"Toy Ornithopter":40},"card_choices":[{"not_picked":["FastForward","Replace"],"picked":"Ricochet","floor":1.0},{"not_picked":["FastForward","Misdirection"],"picked":"Snipe","floor":2.0},{"not_picked":["Potential","StarChef"],"picked":"Moonlight","floor":4.0},{"not_picked":["TimeWarp","Revamp"],"picked":"Rearm","floor":7.0},{"not_picked":["DoubleEdge","Desolation"],"picked":"Snipe","floor":12.0},{"not_picked":["Deny","Barrier"],"picked":"BestPractice","floor":13.0},{"not_picked":["BottledTime","Revamp"],"picked":"SilverBlades","floor":14.0},{"not_picked":["TheWorld","FloweringNight"],"picked":"Sunlight","floor":16.0},{"not_picked":["Spin","Alleviate"],"picked":"Potential","floor":18.0},{"not_picked":["Shuttle","Rewind","Collapse"],"picked":"SKIP","floor":21.0},{"not_picked":["TimeWarp+1","RealityMarble","WasteNot"],"picked":"SKIP","floor":22.0},{"not_picked":["BottledTime","TimeWarp"],"picked":"Ricochet","floor":24.0},{"not_picked":["TimeWarp","Unruled+1"],"picked":"SilverBlades","floor":28.0},{"not_picked":["BottledTime","Embodiment"],"picked":"GearUp","floor":31.0},{"not_picked":["FastForward+1","Spin","Shuttle"],"picked":"SKIP","floor":31.0},{"not_picked":["LightFlow","Deny"],"picked":"MurderousAura","floor":33.0},{"not_picked":["FastForward","Defy+1"],"picked":"Moonlight+1","floor":35},{"not_picked":["Spin","Unruled+1"],"picked":"WasteNot+1","floor":35},{"not_picked":["Rewind+1","FastForward+1"],"picked":"ShatteredReality+1","floor":36},{"not_picked":["Shuttle","Revamp+1"],"picked":"StarChef","floor":37},{"not_picked":["SoulSculpture","TimeWarp+1","Replace"],"picked":"SKIP","floor":37},{"not_picked":["Spin+1","Defy+1","TimeTheft"],"picked":"SKIP","floor":40},{"not_picked":["ShatteredReality+1","Spin+1"],"picked":"SpecialFormula+1","floor":41},{"not_picked":["Gouge+1","TimeTheft","Reset+1"],"picked":"SKIP","floor":41},{"not_picked":["DoubleEdge","FastForward+1","Read"],"picked":"SKIP","floor":42}],"player_experience":352195,"relics_obtained":[{"floor":7.0,"key":"TungstenRod"},{"floor":9.0,"key":"Thread and Needle"},{"floor":24.0,"key":"Grinning Jar"},{"floor":26.0,"key":"Juzu Bracelet"},{"floor":28.0,"key":"Prayer Wheel"},{"floor":28.0,"key":"hubris:BottledRain"},{"floor":40,"key":"Blue Doll"},{"floor":42,"key":"Darkstone Periapt"},{"floor":43,"key":"ReplayTheSpireMod:Lightbulb"}],"event_choices":[{"damage_healed":0.0,"max_hp_gain":0.0,"max_hp_loss":0.0,"gold_gain":0.0,"event_name":"FaceTrader","player_choice":"Trade","floor":3.0,"gold_loss":0.0,"damage_taken":0.0,"relics_obtained":["GremlinMask"]},{"damage_healed":0.0,"max_hp_gain":0.0,"max_hp_loss":0.0,"gold_gain":0.0,"event_name":"Golden Idol","player_choice":"Take Damage","floor":5.0,"gold_loss":0.0,"damage_taken":16.0,"relics_obtained":["Golden Idol"]},{"cards_removed":["Strike_S"],"damage_healed":0.0,"max_hp_gain":0.0,"max_hp_loss":0.0,"gold_gain":0.0,"event_name":"betterNote:BetterNote","player_choice":"Give","floor":19.0,"gold_loss":0.0,"damage_taken":0.0,"cards_obtained":["None"]},{"damage_healed":0.0,"max_hp_gain":0.0,"max_hp_loss":0.0,"gold_gain":0.0,"event_name":"Colosseum","player_choice":"Fight","floor":28.0,"gold_loss":0.0,"damage_taken":0.0},{"damage_healed":0.0,"max_hp_gain":0.0,"max_hp_loss":0.0,"gold_gain":0.0,"event_name":"Colosseum","player_choice":"Fought Nobs","floor":28.0,"gold_loss":0.0,"damage_taken":0.0},{"damage_healed":0.0,"max_hp_gain":0.0,"max_hp_loss":0.0,"gold_gain":0.0,"event_name":"Vampires","player_choice":"Ignored","floor":30.0,"gold_loss":0.0,"damage_taken":0.0},{"damage_healed":0,"gold_gain":0,"player_choice":"2","damage_taken":0,"max_hp_gain":0,"max_hp_loss":0,"event_name":"betterMatch:BetterMatch","floor":36,"gold_loss":0,"cards_obtained":["betterMatch:CommonCard"]},{"damage_healed":0,"gold_gain":0,"player_choice":"Max HP","damage_taken":0,"max_hp_gain":0,"max_hp_loss":3,"event_name":"Winding Halls","floor":39,"gold_loss":0}],"is_beta":false,"boss_relics":[{"not_picked":["Busted Crown","Replay:Ancient Bell"],"picked":"SlaversCollar"},{"not_picked":["hubris:Backtick","Runic Dome"],"picked":"StoneMask"}],"items_purged_floors":[10],"is_endless":false,"potions_floor_spawned":[2,7,13,14,18,21,22,28,37,40,42],"killed_by":"Spire Growth","ascension_level":0}}