{"host":"0azimyi6n3ugndj4","time":1608856266,"event":{"mods":["2.2 Compatiblity","BaseMod","Bestiary","Conspire","Curses Come First","Defuse TimeMaze Blight","Hyrulean Relics","Infinite Spire","Minty Spire (QoL Compilation)","Relic Stats","Replay The Spire","StSLib","SuperFastMode","Uncapped","¡¼?Úª?ø«¡½REMEMod"],"gold_per_floor":[99,99,99,249,300,405,582,678,678,771,771,855,318,363,363,594,594,648,608,638,647,562,646,646,751,801,853,853,903,953,406,406,556,556,622,672,731,559,609,736,786,1037,1037,1396,674,724,867,140,140,292,17,17],"floor_reached":51,"playtime":1378,"items_purged":[],"score":1944,"play_id":"f1140d48-a45d-455c-844c-f1e50a0365be","local_time":"20201225093106","daily_mods":["SealedDeck","Hoarder","Insanity","Chimera","Specialized","Vintage","ControlledChaos","Allstar","Diverse","Colorless Cards","Heirloom","Time Dilation","Flight","Binary","Elite Swarm","Lethality","Midas","Night Terrors","Binary"],"is_ascension_mode":true,"campfire_choices":[{"floor":15.0,"key":"REST"},{"floor":24.0,"key":"REST"},{"floor":32.0,"key":"REST"},{"floor":49,"key":"REST"}],"circlet_count":0,"master_deck":["Demon Form","Wraith Form v2","Echo Form","DevaForm","AscendersBane","Survivor","Zap","Eruption","Strike_R","Strike_G","Strike_B","Defend_R","Defend_G","Defend_P","Hidden Blade","Calculated Gamble","Fusion","Outmaneuver","Consecrate","JustLucky","Tantrum","Sweeping Beam","Replay:Poison Smokescreen","ClearTheMind","Consecrate","Anger","Clothesline","Dramatic Entrance","Jack Of All Trades","Acrobatics","Rip and Tear","Turbo","Conserve Battery","Deflect","Body Slam","Havoc","Thunderclap","Underhanded Strike","Adaptation","ReplayTheSpireMod:Uncanny Aura","Hidden Blade","Body Slam","JustLucky","ReplayReversal","Twin Strike","Beam Cell","Replay:AtTheReady","Clothesline","Infernal Blade","Abandon","BowlingBash","Coolheaded","Protect","Blade Dance","Sucker Punch","SashWhip","Anger","Evaluate","Warcry","Ghostly Armor","Clash","Sunder","BasicCrystalCard","Sweeping Beam","Heel Hook","Heel Hook","Heel Hook","Heel Hook","Heel Hook","Heel Hook","Heel Hook","Heel Hook","Heel Hook","Heel Hook","Heel Hook","Heel Hook","Heel Hook","Heel Hook","Heel Hook","Shrug It Off","Shrug It Off","Shrug It Off","Cold Snap","Cold Snap","Cold Snap","Clothesline","Clothesline","Clothesline","ClearTheMind","ClearTheMind","ClearTheMind","REME_SingleHolding","REME_SingleHolding","REME_SingleHolding","Hidden Blade","Hidden Blade","Hidden Blade","CutThroughFate","CutThroughFate","CutThroughFate","Heavy Blade","Heavy Blade","Heavy Blade","Run Through","Run Through","Run Through","Good Instincts","Good Instincts","Good Instincts","Eruption","Eruption","Eruption","Feel No Pain","Feel No Pain","Feel No Pain","infinitespire:Collect","infinitespire:Collect","infinitespire:Collect","Crow Ritual","Crow Ritual","Crow Ritual","infinitespire:NeuralNetwork","infinitespire:NeuralNetwork","infinitespire:NeuralNetwork","conspire:Rain+1","conspire:Rain+1","conspire:Rain+1","REME_MawOfCthun","REME_MawOfCthun","REME_MawOfCthun","Pot Of Greed","Pot Of Greed","Pot Of Greed","Pot Of Greed","Pot Of Greed","Pot Of Greed","Pot Of Greed","Pot Of Greed","Pot Of Greed","Pot Of Greed","Pot Of Greed","Pot Of Greed","Pot Of Greed","Pot Of Greed","Pot Of Greed","Pot Of Greed","Pot Of Greed","Pot Of Greed","Pot Of Greed","Pot Of Greed","Pot Of Greed","Pot Of Greed","Pot Of Greed","Pot Of Greed","Pot Of Greed","Pot Of Greed","Pot Of Greed","Pot Of Greed","Pot Of Greed","Pot Of Greed","Pot Of Greed","Pot Of Greed","Pot Of Greed","Calculated Gamble+1","Calculated Gamble+1","Calculated Gamble+1","Pain","Pain","Pain","Pot Of Greed","Pot Of Greed","Pot Of Greed","ReplayTheSpireMod:Muscle Training","ReplayTheSpireMod:Muscle Training","ReplayTheSpireMod:Muscle Training","Compile Driver","Compile Driver","Compile Driver","ReplayGash","ReplayGash","ReplayGash","Storm of Steel","Storm of Steel","Storm of Steel","MasterReality+1","MasterReality+1","MasterReality+1"],"relics":["Replay:M_StaffOfTheSnake","Busted Crown","REME_ComplimentaryCards","infinitespire:Magic Flask","Replay:M_SmolderingBlood","infinitespire:Cubic Diamond","Happy Flower","Bronze Scales","zeldaRelics:CourageTriforce","CeramicFish","zeldaRelics:WisdomTriforce","infinitespire:BottledMercury","Self Forming Clay","infinitespire:WardingShard","Chameleon Ring","REME_ChargedStone","infinitespire:Lucky Rock","Juzu Bracelet","REME_LimitBreaker","zeldaRelics:PowerTriforce","SsserpentHead","REME_OnlineShoppingPlatform","PreservedInsect","Question Card","infinitespire:EvilPickle","Coffee Dripper","Lantern","ReplayTheSpireMod:Ring of Challenge","Gambling Chip","Grinning Jar","infinitespire:Bottled Soul","Pondfish Scales","Sling","White Beast Statue","Frozen Egg 2","OrangePellets","HornCleat","conspire:Dentures"],"acts_visited":["Exordium","TheCity","TheBeyond"],"potions_floor_usage":[50,50,50,50,51,51,51,51,51,51,51,51,51,51,51,51,51,51,51,51],"damage_taken":[{"damage":0.0,"enemies":"2 Louse","floor":5.0,"turns":1.0},{"damage":4.0,"enemies":"3 Sentries","floor":6.0,"turns":3.0},{"damage":3.0,"enemies":"3 Sentries","floor":7.0,"turns":5.0},{"damage":19.0,"enemies":"Gremlin Nob","floor":8.0,"turns":3.0},{"damage":16.0,"enemies":"3 Sentries","floor":10.0,"turns":3.0},{"damage":0.0,"enemies":"Small Slimes","floor":12.0,"turns":1.0},{"damage":0.0,"enemies":"Jaw Worm","floor":14.0,"turns":1.0},{"damage":69.0,"enemies":"The Guardian","floor":16.0,"turns":7.0},{"damage":14.0,"enemies":"Shell Parasite","floor":18.0,"turns":2.0},{"damage":4.0,"enemies":"Spheric Guardian","floor":20.0,"turns":3.0},{"damage":21.0,"enemies":"Slavers","floor":23.0,"turns":4.0},{"damage":45.0,"enemies":"Book of Stabbing","floor":25.0,"turns":3.0},{"damage":38.0,"enemies":"Pondfish","floor":33.0,"turns":8.0},{"damage":50.0,"enemies":"3 Shapes","floor":35.0,"turns":4.0},{"damage":0.0,"enemies":"infinitespire:Three Voidlings","floor":38.0,"turns":1.0},{"damage":37.0,"enemies":"Nightmare_Alpha","floor":38.0,"turns":4.0},{"damage":0,"enemies":"Reptomancer","floor":40,"turns":1},{"damage":4,"enemies":"conspire:MimicChest","floor":42,"turns":4},{"damage":0,"enemies":"Giant Head","floor":47,"turns":2},{"damage":31,"enemies":"Replay:Hell Engine","floor":50,"turns":3},{"damage":55,"enemies":"Time Eater","floor":51,"turns":5}],"seed_played":"-5013209517816555652","potions_obtained":[{"floor":6.0,"key":"Block Potion"},{"floor":8.0,"key":"REME_GoldPotion"},{"floor":14.0,"key":"ColorlessPotion"},{"floor":19.0,"key":"BloodPotion"},{"floor":19.0,"key":"ColorlessPotion"},{"floor":19.0,"key":"Regen Potion"},{"floor":24.0,"key":"BloodPotion"},{"floor":25.0,"key":"REME_GoldPotion"}],"is_trial":true,"path_per_floor":["?","?","?","?","M","E","?","E","T","E","?","M","$","M","R","B",null,"M","?","M","?","?","E","R","E","T","T","?","?","?","$","R","B",null,"M","T","?","?","?","E","?","?","T","?","$","?","E","$","R","B","B"],"character_chosen":"IRONCLAD","items_purchased":["Self Forming Clay","infinitespire:WardingShard","REME_OnlineShoppingPlatform","PreservedInsect","Question Card","Pondfish Scales","Sling","White Beast Statue","OrangePellets","HornCleat","conspire:Dentures"],"campfire_rested":4,"item_purchase_floors":[13,13,31,31,31,45,45,45,48,48,48],"current_hp_per_floor":[68,68,57,57,57,53,50,31,31,15,15,15,15,15,70,1,53,39,60,56,39,39,18,65,39,39,39,39,39,33,33,60,22,51,1,1,1,8,8,8,8,4,4,4,4,4,4,4,55,24,0,0],"gold":17,"neow_bonus":"","is_daily":false,"chose_seed":false,"campfire_upgraded":0,"win_rate":0.0,"timestamp":1608856266,"path_taken":["?","?","?","?","?","E","?","E","T","E","?","?","?","?","R","BOSS","M","?","?","?","?","E","R","E","T","?","?","?","?","?","R","BOSS","M","?","?","?","?","E","?","?","T","?","?","?","E","$","R","BOSS","BOSS"],"items_purchased_type":["Relic","Relic","Relic","Relic","Relic","Relic","Relic","Relic","Relic","Relic","Relic"],"build_version":"2020-12-22","purchased_purges":0,"victory":false,"max_hp_per_floor":[75,75,75,75,75,75,75,75,75,75,75,75,75,75,70,70,70,70,70,70,70,70,70,65,65,65,65,65,65,65,65,60,60,60,60,60,60,60,60,60,60,60,60,60,60,60,60,60,55,55,55,55],"relic_stats":{"Happy Flower":[22],"counters":[21,68],"Self Forming Clay":[138],"CeramicFish":225,"PreservedInsect":304,"Juzu Bracelet":2,"Question Card":22,"SsserpentHead":600,"OrangePellets":[0],"Busted Crown":62,"Bronze Scales":[199],"Gambling Chip":[24],"obtain_stats":[{"infinitespire:BottledMercury":12,"Lantern":35,"CeramicFish":7,"REME_ChargedStone":17,"infinitespire:Cubic Diamond":2,"Juzu Bracelet":20,"Sling":45,"Burning Blood":0,"zeldaRelics:WisdomTriforce":25,"Frozen Eye":0,"SsserpentHead":28,"Chameleon Ring":14,"HornCleat":48,"Replay:M_SmolderingBlood":1,"infinitespire:Bottled Soul":43,"Gambling Chip":40,"zeldaRelics:CouragePiece":6,"zeldaRelics:PowerPiece":26,"REME_OnlineShoppingPlatform":31,"conspire:Dentures":48,"zeldaRelics:WisdomPiece":10,"Replay:M_StaffOfTheSnake":2,"Happy Flower":3,"Self Forming Clay":13,"PreservedInsect":31,"infinitespire:Magic Flask":0,"infinitespire:Lucky Rock":18,"zeldaRelics:PowerTriforce":36,"REME_LimitBreaker":22,"Frozen Egg 2":47,"Question Card":31,"zeldaRelics:CourageTriforce":9,"White Beast Statue":45,"infinitespire:EvilPickle":33,"OrangePellets":48,"Pondfish Scales":45,"Busted Crown":0,"infinitespire:WardingShard":13,"Bronze Scales":5,"Coffee Dripper":34,"ReplayTheSpireMod:Ring of Challenge":37,"Grinning Jar":42,"REME_ComplimentaryCards":0},{"infinitespire:BottledMercury":6,"Lantern":14,"CeramicFish":3,"REME_ChargedStone":8,"infinitespire:Cubic Diamond":0,"Juzu Bracelet":10,"Sling":18,"Burning Blood":0,"zeldaRelics:WisdomTriforce":12,"Frozen Eye":0,"SsserpentHead":12,"Chameleon Ring":7,"HornCleat":19,"Replay:M_SmolderingBlood":0,"infinitespire:Bottled Soul":18,"Gambling Chip":17,"zeldaRelics:CouragePiece":2,"zeldaRelics:PowerPiece":12,"REME_OnlineShoppingPlatform":12,"conspire:Dentures":19,"zeldaRelics:WisdomPiece":5,"Replay:M_StaffOfTheSnake":0,"Happy Flower":0,"Self Forming Clay":6,"PreservedInsect":12,"infinitespire:Magic Flask":0,"infinitespire:Lucky Rock":9,"zeldaRelics:PowerTriforce":14,"REME_LimitBreaker":10,"Frozen Egg 2":19,"Question Card":12,"zeldaRelics:CourageTriforce":4,"White Beast Statue":18,"infinitespire:EvilPickle":13,"OrangePellets":19,"Pondfish Scales":18,"Busted Crown":0,"infinitespire:WardingShard":6,"Bronze Scales":1,"Coffee Dripper":13,"ReplayTheSpireMod:Ring of Challenge":14,"Grinning Jar":18,"REME_ComplimentaryCards":0},{"infinitespire:BottledMercury":16,"Lantern":48,"CeramicFish":9,"REME_ChargedStone":24,"infinitespire:Cubic Diamond":0,"Juzu Bracelet":29,"Sling":58,"Burning Blood":0,"zeldaRelics:WisdomTriforce":36,"Frozen Eye":0,"SsserpentHead":36,"Chameleon Ring":17,"HornCleat":60,"Replay:M_SmolderingBlood":0,"infinitespire:Bottled Soul":58,"Gambling Chip":54,"zeldaRelics:CouragePiece":4,"zeldaRelics:PowerPiece":36,"REME_OnlineShoppingPlatform":36,"conspire:Dentures":60,"zeldaRelics:WisdomPiece":15,"Replay:M_StaffOfTheSnake":0,"Happy Flower":0,"Self Forming Clay":16,"PreservedInsect":36,"infinitespire:Magic Flask":0,"infinitespire:Lucky Rock":26,"zeldaRelics:PowerTriforce":48,"REME_LimitBreaker":29,"Frozen Egg 2":60,"Question Card":36,"zeldaRelics:CourageTriforce":12,"White Beast Statue":58,"infinitespire:EvilPickle":44,"OrangePellets":60,"Pondfish Scales":58,"Busted Crown":0,"infinitespire:WardingShard":16,"Bronze Scales":1,"Coffee Dripper":44,"ReplayTheSpireMod:Ring of Challenge":48,"Grinning Jar":58,"REME_ComplimentaryCards":0}]},"card_choices":[{"not_picked":["infinitespire:Gouge","ReplayTheSpireMod:Echoes of Time"],"picked":"infinitespire:Collect","floor":21.0},{"not_picked":[],"picked":"Crow Ritual","floor":33.0},{"not_picked":["infinitespire:Punishment","infinitespire:Execution"],"picked":"infinitespire:NeuralNetwork","floor":38},{"not_picked":[],"picked":"conspire:Rain+1","floor":38},{"not_picked":[],"picked":"REME_MawOfCthun","floor":40},{"not_picked":[],"picked":"Calculated Gamble+1","floor":42},{"not_picked":[],"picked":"ReplayTheSpireMod:Muscle Training","floor":44},{"not_picked":[],"picked":"Compile Driver","floor":44},{"not_picked":[],"picked":"ReplayGash","floor":44},{"not_picked":[],"picked":"Storm of Steel","floor":47},{"not_picked":[],"picked":"MasterReality+1","floor":50}],"player_experience":1419694,"relics_obtained":[{"floor":5.0,"key":"Bronze Scales"},{"floor":6.0,"key":"zeldaRelics:CouragePiece"},{"floor":7.0,"key":"CeramicFish"},{"floor":8.0,"key":"zeldaRelics:CouragePiece"},{"floor":9.0,"key":"zeldaRelics:CouragePiece"},{"floor":10.0,"key":"zeldaRelics:WisdomPiece"},{"floor":12.0,"key":"infinitespire:BottledMercury"},{"floor":14.0,"key":"Chameleon Ring"},{"floor":18.0,"key":"infinitespire:Lucky Rock"},{"floor":20.0,"key":"Juzu Bracelet"},{"floor":23.0,"key":"zeldaRelics:WisdomPiece"},{"floor":25.0,"key":"zeldaRelics:WisdomPiece"},{"floor":26.0,"key":"zeldaRelics:PowerPiece"},{"floor":27.0,"key":"zeldaRelics:PowerPiece"},{"floor":35.0,"key":"Lantern"},{"floor":36.0,"key":"zeldaRelics:PowerPiece"},{"floor":37.0,"key":"ReplayTheSpireMod:Ring of Challenge"},{"floor":40,"key":"Gambling Chip"},{"floor":42,"key":"Grinning Jar"},{"floor":43,"key":"infinitespire:Bottled Soul"},{"floor":47,"key":"Frozen Egg 2"}],"event_choices":[{"damage_healed":0.0,"max_hp_gain":0.0,"max_hp_loss":0.0,"gold_gain":0.0,"event_name":"Scrap Ooze","player_choice":"Success","floor":3.0,"gold_loss":0.0,"damage_taken":11.0,"relics_obtained":["Happy Flower"]},{"damage_healed":0.0,"max_hp_gain":0.0,"max_hp_loss":0.0,"gold_gain":150.0,"event_name":"Liars Game","player_choice":"AGREE","floor":4.0,"gold_loss":0.0,"damage_taken":0.0,"cards_obtained":["Doubt"]},{"damage_healed":0.0,"max_hp_gain":0.0,"max_hp_loss":0.0,"gold_gain":0.0,"event_name":"Dead Adventurer","player_choice":"Searched \u00271\u0027 times","floor":7.0,"gold_loss":0.0,"damage_taken":0.0},{"cards_removed":["Doubt"],"damage_healed":0.0,"max_hp_gain":0.0,"max_hp_loss":0.0,"gold_gain":0.0,"event_name":"Purifier","player_choice":"Purged","floor":11.0,"gold_loss":0.0,"damage_taken":0.0},{"damage_healed":0.0,"max_hp_gain":0.0,"max_hp_loss":0.0,"gold_gain":0.0,"event_name":"The Woman in Blue","player_choice":"Bought 3 Potions","floor":19.0,"gold_loss":0.0,"damage_taken":0.0},{"damage_healed":0.0,"max_hp_gain":0.0,"max_hp_loss":0.0,"gold_gain":0.0,"event_name":"Addict","player_choice":"Obtained Relic","floor":22.0,"gold_loss":85.0,"damage_taken":0.0,"relics_obtained":["REME_LimitBreaker"]},{"damage_healed":0.0,"max_hp_gain":0.0,"max_hp_loss":0.0,"gold_gain":0.0,"event_name":"FaceTrader","player_choice":"Trade","floor":28.0,"gold_loss":0.0,"damage_taken":0.0,"relics_obtained":["SsserpentHead"]},{"damage_healed":0.0,"max_hp_gain":0.0,"max_hp_loss":0.0,"gold_gain":0.0,"event_name":"Vampires","player_choice":"Ignored","floor":29.0,"gold_loss":0.0,"damage_taken":0.0},{"damage_healed":0.0,"max_hp_gain":0.0,"max_hp_loss":0.0,"gold_gain":0.0,"event_name":"Knowing Skull","player_choice":"","floor":30.0,"potions_obtained":[],"gold_loss":0.0,"damage_taken":6.0,"cards_obtained":[]},{"damage_healed":0,"gold_gain":0,"player_choice":"","damage_taken":6,"max_hp_gain":0,"max_hp_loss":0,"event_name":"Knowing Skull","floor":38,"potions_obtained":[],"gold_loss":0,"cards_obtained":[]},{"damage_healed":0,"gold_gain":0,"player_choice":"","damage_taken":6,"max_hp_gain":0,"max_hp_loss":0,"event_name":"Knowing Skull","floor":38,"potions_obtained":[],"gold_loss":0,"cards_obtained":[]},{"cards_removed":["Sickly","Sickly","Sickly","Doubt","Doubt"],"damage_healed":0,"gold_gain":0,"player_choice":"Removed Curses","damage_taken":0,"max_hp_gain":0,"max_hp_loss":0,"event_name":"Fountain of Cleansing","floor":39,"gold_loss":0},{"damage_healed":0,"gold_gain":0,"player_choice":"Ignored","damage_taken":0,"max_hp_gain":0,"max_hp_loss":0,"event_name":"Tomb of Lord Red Mask","floor":41,"gold_loss":0},{"damage_healed":0,"gold_gain":0,"player_choice":"Ignored","damage_taken":0,"max_hp_gain":0,"max_hp_loss":0,"event_name":"The Moai Head","floor":46,"gold_loss":0}],"is_beta":false,"boss_relics":[{"not_picked":["Tiny House","ReplayTheSpireMod:SealedPack"],"picked":"REME_ChargedStone"},{"not_picked":["Painkiller Herb","Cursed Key"],"picked":"Coffee Dripper"}],"items_purged_floors":[],"is_endless":true,"potions_floor_spawned":[6,8,10,14,25,33,38,38,40,47,50],"killed_by":"Time Eater","ascension_level":20}}