{"host":"qxeepl7ydvsgmfdb","time":1608876727,"event":{"mods":["AchievementEnabler","BaseMod","Colored Powertips","Minty Spire (QoL Compilation)","Quick Restart","slay the spire mod where everything is the same but ironclad has a cowboy hat"],"gold_per_floor":[115,115,33,308,326,359,359,370,396,415,427,427,427,461,461,558,558,576,576,591,516,615,615,626,626,626],"floor_reached":25,"playtime":782,"items_purged":[],"score":283,"play_id":"bc6692f1-44d9-4494-9e10-7e31650ee1db","local_time":"20201225011207","is_ascension_mode":true,"campfire_choices":[{"data":"Redo","floor":7,"key":"SMITH"},{"floor":15,"key":"REST"},{"data":"Rainbow","floor":23,"key":"SMITH"}],"circlet_count":0,"master_deck":["Strike_B","Strike_B","Strike_B","Defend_B","Defend_B+1","Defend_B","Defend_B","Zap","Dualcast","Sweeping Beam","Defragment","Cold Snap","Redo+1","Redo","Lockon+1","Coolheaded","Rainbow+1","Cold Snap","Leap","BootSequence"],"relics":["Cracked Core","NeowsBlessing","Anchor","Ancient Tea Set","Shuriken","Inserter"],"acts_visited":["Exordium","TheCity"],"potions_floor_usage":[14,14,16,25],"damage_taken":[{"damage":0,"enemies":"2 Louse","floor":1,"turns":1},{"damage":0,"enemies":"Jaw Worm","floor":5,"turns":1},{"damage":0,"enemies":"Gremlin Nob","floor":6,"turns":1},{"damage":5,"enemies":"Cultist","floor":8,"turns":3},{"damage":4,"enemies":"Large Slime","floor":10,"turns":4},{"damage":6,"enemies":"2 Fungi Beasts","floor":11,"turns":3},{"damage":33,"enemies":"3 Sentries","floor":14,"turns":5},{"damage":22,"enemies":"Slime Boss","floor":16,"turns":11},{"damage":17,"enemies":"3 Byrds","floor":18,"turns":5},{"damage":15,"enemies":"Spheric Guardian","floor":20,"turns":4},{"damage":25,"enemies":"Snecko","floor":24,"turns":5},{"damage":25,"enemies":"Gremlin Leader","floor":25,"turns":5}],"seed_played":"-3598030902512614031","potions_obtained":[{"floor":5,"key":"Block Potion"},{"floor":10,"key":"BlessingOfTheForge"},{"floor":11,"key":"ColorlessPotion"},{"floor":20,"key":"BlessingOfTheForge"}],"is_trial":false,"path_per_floor":["M","?","$","?","M","E","R","M","T","M","M","?","?","E","R","B",null,"M","?","M","?","?","R","M","E"],"character_chosen":"DEFECT","items_purchased":["Defragment"],"campfire_rested":1,"item_purchase_floors":[3],"current_hp_per_floor":[75,75,75,75,75,75,75,70,70,66,60,45,45,12,34,12,75,58,58,43,43,43,43,18,0,0],"gold":626,"neow_bonus":"THREE_ENEMY_KILL","is_daily":false,"chose_seed":false,"campfire_upgraded":2,"win_rate":0.0,"timestamp":1608876727,"path_taken":["M","?","$","?","?","E","R","M","T","M","M","?","?","E","R","BOSS","M","?","M","?","?","R","M","E"],"items_purchased_type":["Card"],"build_version":"2020-12-22","purchased_purges":0,"victory":false,"max_hp_per_floor":[75,75,75,75,75,75,75,75,75,75,75,75,75,75,75,75,75,75,75,75,75,75,75,75,75,75],"card_choices":[{"not_picked":["Barrage","Rebound"],"picked":"Sweeping Beam","floor":1},{"not_picked":["Stack","Hologram"],"picked":"Cold Snap","floor":5},{"not_picked":["Go for the Eyes","Force Field"],"picked":"Redo","floor":6},{"not_picked":["Hello World","Double Energy","Rebound"],"picked":"SKIP","floor":8},{"not_picked":["Coolheaded","Hyperbeam"],"picked":"Redo","floor":10},{"not_picked":["Rebound","Blizzard"],"picked":"Lockon","floor":11},{"not_picked":["Genetic Algorithm","Stack"],"picked":"Coolheaded","floor":14},{"not_picked":["Meteor Strike","All For One"],"picked":"Rainbow","floor":16},{"not_picked":["Storm","Steam+1"],"picked":"Cold Snap","floor":18},{"not_picked":["Steam+1","Hologram+1"],"picked":"Leap","floor":20},{"not_picked":["Steam","Force Field"],"picked":"BootSequence","floor":24}],"player_experience":365691,"relics_obtained":[{"floor":6,"key":"Anchor"},{"floor":9,"key":"Ancient Tea Set"},{"floor":14,"key":"Shuriken"}],"event_choices":[{"damage_healed":0,"gold_gain":0,"player_choice":"Ignored","damage_taken":0,"max_hp_gain":0,"max_hp_loss":0,"event_name":"Golden Wing","floor":2,"gold_loss":0},{"damage_healed":0,"gold_gain":275,"player_choice":"Desecrate","damage_taken":0,"max_hp_gain":0,"max_hp_loss":0,"event_name":"Golden Shrine","floor":4,"gold_loss":0,"cards_obtained":["Regret"]},{"damage_healed":0,"gold_gain":0,"player_choice":"Entered Light","damage_taken":15,"max_hp_gain":0,"max_hp_loss":0,"event_name":"Shining Light","floor":12,"gold_loss":0,"cards_upgraded":["Lockon","Defend_B"]},{"cards_removed":["Regret"],"damage_healed":0,"gold_gain":0,"player_choice":"Forget","damage_taken":0,"max_hp_gain":0,"max_hp_loss":0,"event_name":"Living Wall","floor":13,"gold_loss":0},{"damage_healed":0,"gold_gain":0,"player_choice":"Ignored","damage_taken":0,"max_hp_gain":0,"max_hp_loss":0,"event_name":"Ghosts","floor":19,"gold_loss":0},{"cards_removed":["Strike_B"],"damage_healed":0,"gold_gain":0,"player_choice":"Gave Gold","damage_taken":0,"max_hp_gain":0,"max_hp_loss":0,"event_name":"Beggar","floor":21,"gold_loss":75},{"damage_healed":0,"gold_gain":99,"player_choice":"Stole From Cult","damage_taken":0,"max_hp_gain":0,"max_hp_loss":0,"event_name":"Nest","floor":22,"gold_loss":0}],"is_beta":false,"boss_relics":[{"not_picked":["Tiny House","Cursed Key"],"picked":"Inserter"}],"items_purged_floors":[],"is_endless":false,"potions_floor_spawned":[5,10,11,20],"killed_by":"Gremlin Leader","ascension_level":4}}