{"host":"w3q5ijqu8eoknil3","time":1608940722,"event":{"mods":["BaseMod","Block Reminder","Colored Powertips","Minty Spire (QoL Compilation)","Quick Restart","Relic Stats","ojb\u0027s Better Paths Mod","ojb\u0027s Info Mod","slay the spire mod where everything is the same but ironclad has a cowboy hat"],"gold_per_floor":[116,116,116,191,191,223,6,6,6],"floor_reached":8,"playtime":353,"items_purged":[],"score":104,"play_id":"c5915fe3-0018-48de-b446-9d24a9cab6b7","local_time":"20201225235842","is_ascension_mode":true,"campfire_choices":[],"circlet_count":0,"master_deck":["AscendersBane","Strike_R","Strike_R","Strike_R","Strike_R","Defend_R","Defend_R","Defend_R","Defend_R","Bash","CurseOfTheBell","Second Wind","Power Through"],"relics":["Calling Bell","Happy Flower","Kunai","Dead Branch","Boot","ClockworkSouvenir"],"acts_visited":["Exordium"],"potions_floor_usage":[8],"damage_taken":[{"damage":14.0,"enemies":"Small Slimes","floor":1.0,"turns":3.0},{"damage":35.0,"enemies":"3 Sentries","floor":6.0,"turns":7.0},{"damage":20,"enemies":"Lagavulin","floor":8,"turns":5}],"seed_played":"-7262634352178175460","potions_obtained":[],"is_trial":false,"path_per_floor":["M","?","?","?","?","E","$","E"],"character_chosen":"IRONCLAD","items_purchased":["ClockworkSouvenir","SteroidPotion"],"campfire_rested":0,"item_purchase_floors":[7,7],"current_hp_per_floor":[54,47,47,36,41,6,6,0,0],"gold":6,"neow_bonus":"BOSS_RELIC","is_daily":false,"chose_seed":false,"campfire_upgraded":0,"win_rate":0.0,"timestamp":1608940722,"path_taken":["M","?","?","?","?","E","$","E"],"items_purchased_type":["Relic","Potion"],"build_version":"2020-12-22","purchased_purges":0,"victory":false,"max_hp_per_floor":[75,75,75,75,80,80,80,80,80],"relic_stats":{"Happy Flower":[5],"counters":[3,15],"Dead Branch":[19],"Kunai":[5],"Boot":[0],"obtain_stats":[{"Calling Bell":0,"Happy Flower":0,"Dead Branch":0,"Kunai":0,"Boot":6,"Burning Blood":0,"ClockworkSouvenir":7},{"Calling Bell":0,"Happy Flower":0,"Dead Branch":0,"Kunai":0,"Boot":2,"Burning Blood":0,"ClockworkSouvenir":2},{"Calling Bell":0,"Happy Flower":0,"Dead Branch":0,"Kunai":0,"Boot":10,"Burning Blood":0,"ClockworkSouvenir":10}]},"card_choices":[{"not_picked":["Twin Strike","Flex"],"picked":"Second Wind","floor":1.0},{"not_picked":["Cleave","Clash"],"picked":"Power Through","floor":6.0}],"player_experience":949695,"relics_obtained":[{"floor":0.0,"key":"Happy Flower"},{"floor":0.0,"key":"Kunai"},{"floor":0.0,"key":"Dead Branch"},{"floor":6.0,"key":"Boot"}],"event_choices":[{"cards_removed":["Strike_R"],"damage_healed":0.0,"max_hp_gain":0.0,"max_hp_loss":0.0,"gold_gain":0.0,"event_name":"Golden Wing","player_choice":"Card Removal","floor":2.0,"gold_loss":0.0,"damage_taken":7.0},{"damage_healed":0.0,"max_hp_gain":0.0,"max_hp_loss":0.0,"gold_gain":0.0,"event_name":"Shining Light","player_choice":"Ignored","floor":3.0,"gold_loss":0.0,"damage_taken":0.0},{"damage_healed":0.0,"max_hp_gain":0.0,"max_hp_loss":0.0,"gold_gain":75.0,"event_name":"World of Goop","player_choice":"Gather Gold","floor":4.0,"gold_loss":0.0,"damage_taken":11.0},{"damage_healed":0.0,"max_hp_gain":5.0,"max_hp_loss":0.0,"gold_gain":0.0,"event_name":"Big Fish","player_choice":"Donut","floor":5.0,"gold_loss":0.0,"damage_taken":0.0}],"is_beta":false,"boss_relics":[],"items_purged_floors":[],"is_endless":false,"potions_floor_spawned":[],"killed_by":"Lagavulin","ascension_level":20}}