{"host":"htqwg582tjjtn9p7","time":1608876642,"event":{"mods":["2.2 Compatiblity","AchievementEnabler","Act Like it!","Aspiration","BaseMod","Better Third Choice","Colored Map","Conspire","Curses Come First","Displayed Cursed Tome","Energized Spire","Force Act Four","GifTheSpireLib","Hermit","Highlight Path","JesterMod","Mad Scientist","Minty Spire (QoL Compilation)","Pale of the Ancients","Permanent Neow","Random Character Button","Relic Stats","Replay The Spire","Robot Space Explorer","Somnambulant","Spicy Shops","Spikes Relics","StSLib","Stuff the Spire","The Blue Laboratory","The Disciple","The Dragon Tamer","The Forsaken","The Gatherer","The Judge","The Jungle","The Marked","The Runesmith","The Servant 0.9.4"],"gold_per_floor":[114,126,76,97,128,179,218,218,288,315,327,358,42,61,61,154,204,232,260,41,70,80,80,100,156,206,206,231,231,231,252,252,264,264],"floor_reached":33,"playtime":1179,"items_purged":["Strike_R"],"score":588,"play_id":"711075d8-1705-41ab-b99c-b715fdfff8d3","local_time":"20201225071042","is_ascension_mode":true,"campfire_choices":[{"floor":8,"key":"REST"},{"data":"Armaments","floor":15,"key":"SMITH"},{"floor":23,"key":"REST"},{"floor":29,"key":"REST"},{"floor":32,"key":"REST"}],"circlet_count":0,"master_deck":["AscendersBane","Strike_R","Strike_R","Strike_R","Strike_R","Defend_R","Defend_R","Defend_R","Defend_R","Bash","Pommel Strike","conspire:Charge","conspire:SpireCoStock","Carnage+1","Pommel Strike","Armaments+1","Twin Strike","Inflame","Sword Boomerang","ReplayTheSpireMod:Limb From Limb","True Grit","Reaper","Defy Death","Shrug It Off","Seeing Red","Shrug It Off","conspire:Charge","Seeing Red","StuffTheSpire:Slingshot"],"relics":["Painkiller Herb","Centennial Puzzle","LugNut","Potion Belt","Bronze Scales","Pantograph","Tiny House","Peace Pipe","MealTicket","StuffTheSpire:CocoNut","ReplayTheSpireMod:Spearhead","Replay:Rubber Ducky"],"acts_visited":["Exordium","TheCity"],"potions_floor_usage":[6,21,28,33],"damage_taken":[{"damage":2,"enemies":"Jaw Worm","floor":1,"turns":3},{"damage":0,"enemies":"Small Slimes","floor":2,"turns":3},{"damage":7,"enemies":"2 Louse","floor":4,"turns":4},{"damage":9,"enemies":"Red Slaver","floor":5,"turns":4},{"damage":0,"enemies":"Lagavulin","floor":6,"turns":4},{"damage":2,"enemies":"3 Louse","floor":7,"turns":3},{"damage":20,"enemies":"Gremlin Nob","floor":10,"turns":4},{"damage":7,"enemies":"Large Slime","floor":11,"turns":4},{"damage":27,"enemies":"Lagavulin","floor":12,"turns":4},{"damage":4,"enemies":"Red Slaver","floor":14,"turns":2},{"damage":4,"enemies":"The Guardian","floor":16,"turns":9},{"damage":5,"enemies":"Chosen","floor":18,"turns":3},{"damage":12,"enemies":"3 Byrds","floor":19,"turns":6},{"damage":20,"enemies":"Centurion and Healer","floor":21,"turns":4},{"damage":26,"enemies":"Sentry and Sphere","floor":22,"turns":6},{"damage":10,"enemies":"Cultist and Chosen","floor":24,"turns":5},{"damage":12,"enemies":"conspire:SneckoGhost","floor":25,"turns":7},{"damage":11,"enemies":"Slavers","floor":28,"turns":4},{"damage":7,"enemies":"Centurion and Healer","floor":31,"turns":6},{"damage":95,"enemies":"Collector","floor":33,"turns":6}],"seed_played":"-1118984694968833461","potions_obtained":[{"floor":2,"key":"Reflective Coating"},{"floor":5,"key":"BlessingOfTheForge"},{"floor":11,"key":"Ancient Potion"},{"floor":16,"key":"Languid Potion"},{"floor":17,"key":"Elixir"},{"floor":21,"key":"blueLaboratory:TrueEctoplasm"},{"floor":24,"key":"blueLaboratory:HorrorPotion"},{"floor":31,"key":"Explosive Potion"}],"is_trial":false,"path_per_floor":["?","?","?","?","?","E","?","T","T","E","?","E","T","?","T","B",null,"?","?","T","?","?","T","?","E","T","?","E","T","?","?","T","B"],"character_chosen":"IRONCLAD","items_purchased":["Pantograph","Peace Pipe","MealTicket"],"campfire_rested":4,"item_purchase_floors":[13,20,20],"current_hp_per_floor":[66,66,66,59,50,50,48,70,70,50,43,16,16,12,12,33,70,65,59,59,49,23,47,37,32,32,32,27,53,53,46,72,0,0],"gold":264,"neow_bonus":"BOSS_RELIC","is_daily":false,"chose_seed":false,"campfire_upgraded":1,"win_rate":0.0,"timestamp":1608876642,"path_taken":["?","?","?","?","?","E","?","T","T","E","?","E","T","?","T","BOSS","?","?","T","?","?","T","?","E","T","?","E","T","?","?","T","BOSS"],"items_purchased_type":["Relic","Relic","Relic"],"build_version":"2020-12-22","purchased_purges":1,"victory":false,"max_hp_per_floor":[75,75,75,75,75,75,75,75,75,75,75,75,75,75,75,75,80,80,80,80,80,80,80,80,87,87,87,87,87,87,87,87,87,87],"relic_stats":{"Peace Pipe":0,"Centennial Puzzle":[45],"counters":[20,91],"Bronze Scales":[158],"Pantograph":40,"MealTicket":0,"obtain_stats":[{"Potion Belt":10,"Tiny House":17,"Painkiller Herb":0,"Burning Blood":0,"Replay:Rubber Ducky":28,"Peace Pipe":20,"Centennial Puzzle":6,"ReplayTheSpireMod:Spearhead":26,"Bronze Scales":12,"Pantograph":13,"MealTicket":20,"StuffTheSpire:CocoNut":25,"LugNut":9},{"Potion Belt":7,"Tiny House":11,"Painkiller Herb":0,"Burning Blood":0,"Replay:Rubber Ducky":18,"Peace Pipe":13,"Centennial Puzzle":5,"ReplayTheSpireMod:Spearhead":17,"Bronze Scales":9,"Pantograph":9,"MealTicket":13,"StuffTheSpire:CocoNut":17,"LugNut":6},{"Potion Belt":25,"Tiny House":44,"Painkiller Herb":0,"Burning Blood":0,"Replay:Rubber Ducky":79,"Peace Pipe":53,"Centennial Puzzle":18,"ReplayTheSpireMod:Spearhead":75,"Bronze Scales":33,"Pantograph":33,"MealTicket":53,"StuffTheSpire:CocoNut":75,"LugNut":21}]},"card_choices":[{"not_picked":["Run Through","Flex"],"picked":"Pommel Strike","floor":1},{"not_picked":["Metallicize","Armaments"],"picked":"conspire:Charge","floor":2},{"not_picked":["Sever Soul","StuffTheSpire:Incineration"],"picked":"Carnage","floor":4},{"not_picked":["Thunderclap","Wild Strike"],"picked":"Pommel Strike","floor":5},{"not_picked":["Iron Wave","Shockwave"],"picked":"Armaments","floor":6},{"not_picked":["Replay:Many Hands","StuffTheSpire:RockThrow"],"picked":"Twin Strike","floor":7},{"not_picked":["Iron Wave","Demonic Infusion"],"picked":"Inflame","floor":10},{"not_picked":["Warcry","Clash"],"picked":"Sword Boomerang","floor":11},{"not_picked":["ReplayTheSpireMod:Corrosion Curse","Havoc"],"picked":"ReplayTheSpireMod:Limb From Limb","floor":12},{"not_picked":["Pommel Strike","ReplayTheSpireMod:Muscle Training"],"picked":"True Grit","floor":14},{"not_picked":["Immolate","Double Tap"],"picked":"Reaper","floor":16},{"not_picked":["Perfected Strike","Clothesline"],"picked":"Defy Death","floor":17},{"not_picked":["Perfected Strike","Infernal Blade+1"],"picked":"Shrug It Off","floor":18},{"not_picked":["Clothesline","Armaments"],"picked":"Seeing Red","floor":19},{"not_picked":["BarbarianYell+1","Sword Boomerang"],"picked":"Shrug It Off","floor":21},{"not_picked":["ReplayTheSpireMod:Strike From Hell","Thunderclap","Massacre"],"picked":"SKIP","floor":22},{"not_picked":["Pommel Strike","Rampage+1","conspire:ExplosiveBarrier"],"picked":"SKIP","floor":24},{"not_picked":["Warcry","Heavy Blade"],"picked":"conspire:Charge","floor":25},{"not_picked":["ReplayReversal","Second Wind"],"picked":"Seeing Red","floor":28},{"not_picked":["Metallicize","Armaments"],"picked":"StuffTheSpire:Slingshot","floor":31}],"player_experience":1776906,"relics_obtained":[{"floor":6,"key":"Centennial Puzzle"},{"floor":9,"key":"LugNut"},{"floor":10,"key":"Potion Belt"},{"floor":12,"key":"Bronze Scales"},{"floor":25,"key":"StuffTheSpire:CocoNut"},{"floor":26,"key":"ReplayTheSpireMod:Spearhead"},{"floor":28,"key":"Replay:Rubber Ducky"}],"event_choices":[{"damage_healed":0,"gold_gain":0,"player_choice":"Invest 1","damage_taken":0,"max_hp_gain":0,"max_hp_loss":0,"event_name":"conspire:Investor","floor":3,"gold_loss":0}],"is_beta":false,"boss_relics":[{"not_picked":["Kintsugi","jesterMod:MachoBrace"],"picked":"Tiny House"}],"items_purged_floors":[13],"is_endless":false,"potions_floor_spawned":[2,5,11,16,21,24,25,31],"killed_by":"Collector","ascension_level":15}}