{"host":"j06fkfseroga8i8e","time":1608912372,"event":{"mods":["BaseMod","Bestiary","Colored Map","Colored Powertips","Minty Spire (QoL Compilation)","Relic Stats","StSLib","everything is the same but u backflip on backflip"],"gold_per_floor":[113,113,127,127,145,176,176,141,141,175,175,31,62,78,78,78,78],"floor_reached":16,"playtime":325,"items_purged":[],"score":269,"play_id":"38e303e7-95a1-421b-ae1d-3e22bcde45c9","local_time":"20201225110612","is_ascension_mode":true,"campfire_choices":[{"data":"Dualcast","floor":7,"key":"SMITH"},{"data":"Coolheaded","floor":11,"key":"SMITH"},{"floor":15,"key":"REST"}],"circlet_count":0,"master_deck":["AscendersBane","Strike_B","Strike_B","Strike_B","Strike_B","Defend_B","Defend_B","Defend_B","Defend_B","Zap+1","Dualcast+1","Self Repair","Steam","Ball Lightning","Compile Driver","Coolheaded+1","Ball Lightning"],"relics":["Cracked Core","NeowsBlessing","Bottled Tornado","Pear","Incense Burner","PreservedInsect","MealTicket"],"acts_visited":["Exordium"],"potions_floor_usage":[10],"damage_taken":[{"damage":0,"enemies":"Jaw Worm","floor":1,"turns":1},{"damage":0,"enemies":"Cultist","floor":3,"turns":1},{"damage":0,"enemies":"Small Slimes","floor":5,"turns":1},{"damage":32,"enemies":"Gremlin Nob","floor":6,"turns":4},{"damage":35,"enemies":"3 Sentries","floor":10,"turns":7},{"damage":30,"enemies":"Gremlin Nob","floor":13,"turns":4},{"damage":0,"enemies":"3 Louse","floor":14,"turns":4},{"damage":59,"enemies":"Hexaghost","floor":16,"turns":10}],"seed_played":"4596672521241965843","potions_obtained":[{"floor":1,"key":"Regen Potion"},{"floor":10,"key":"Block Potion"},{"floor":13,"key":"Swift Potion"}],"is_trial":false,"path_per_floor":["M","?","M","$","M","E","R","?","T","E","R","$","E","M","R","B"],"character_chosen":"DEFECT","items_purchased":["PreservedInsect"],"campfire_rested":1,"item_purchase_floors":[12],"current_hp_per_floor":[68,68,68,68,68,43,43,61,71,55,55,55,32,39,64,12,12],"gold":78,"neow_bonus":"THREE_ENEMY_KILL","is_daily":false,"chose_seed":false,"campfire_upgraded":2,"win_rate":0.0,"timestamp":1608912372,"path_taken":["M","?","?","$","M","E","R","?","T","E","R","$","E","M","R","BOSS"],"items_purchased_type":["Relic"],"build_version":"2020-12-22","purchased_purges":0,"victory":false,"max_hp_per_floor":[75,75,75,75,75,75,75,75,85,85,85,85,85,85,85,85,85],"relic_stats":{"counters":[8,32],"MealTicket":0,"PreservedInsect":28,"obtain_stats":[{"Pear":9,"NeowsBlessing":0,"MealTicket":13,"PreservedInsect":12,"Incense Burner":10,"Bottled Tornado":6,"Cracked Core":0},{"Pear":4,"NeowsBlessing":0,"MealTicket":6,"PreservedInsect":5,"Incense Burner":5,"Bottled Tornado":4,"Cracked Core":0},{"Pear":7,"NeowsBlessing":0,"MealTicket":18,"PreservedInsect":14,"Incense Burner":14,"Bottled Tornado":7,"Cracked Core":0}]},"card_choices":[{"not_picked":["Consume","Hologram"],"picked":"Self Repair","floor":1},{"not_picked":["Turbo","Leap"],"picked":"Steam","floor":3},{"not_picked":["Conserve Battery","Steam"],"picked":"Ball Lightning","floor":5},{"not_picked":["Glacier","Conserve Battery"],"picked":"Compile Driver","floor":6},{"not_picked":["Hyperbeam","Gash"],"picked":"Coolheaded","floor":10},{"not_picked":["Coolheaded","Heatsinks","Gash"],"picked":"SKIP","floor":13},{"not_picked":["Undo","BootSequence"],"picked":"Ball Lightning","floor":14}],"player_experience":564199,"relics_obtained":[{"floor":6,"key":"Bottled Tornado"},{"floor":9,"key":"Pear"},{"floor":10,"key":"Incense Burner"},{"floor":13,"key":"MealTicket"}],"event_choices":[{"damage_healed":0,"gold_gain":0,"player_choice":"Upgraded","damage_taken":0,"max_hp_gain":0,"max_hp_loss":0,"event_name":"Upgrade Shrine","floor":2,"gold_loss":0,"cards_upgraded":["Zap"]},{"damage_healed":18,"gold_gain":0,"player_choice":"Healed","damage_taken":0,"max_hp_gain":0,"max_hp_loss":0,"event_name":"The Cleric","floor":8,"gold_loss":35}],"is_beta":false,"boss_relics":[],"items_purged_floors":[],"is_endless":false,"potions_floor_spawned":[1,10,13],"killed_by":"Hexaghost","ascension_level":12}}