{"host":"52jmisti11ysmja4","time":1608926255,"event":{"mods":["Aspiration","BaseMod","Better Third Choice","Hermit","Koishi","Minty Spire (QoL Compilation)","Remove Card Discount Mod","Shade Mod","StSLib","The Cursed","The Servant 0.9.4","The Vixen"],"gold_per_floor":[113,129,149,168,188,215,195,230,230,255,275,275,310,327,327,427,427,441,454,454,473,473,506,506,536,536,566,566,526,211,228,228,326,326,340,97,108,125,142,173,173,206,252,252,288,214,243,253,253,253],"floor_reached":51,"playtime":3568,"items_purged":["Defend_G","Defend_G","Defend_G","Defend_G","Defend_G","Strike_G","Strike_G","Strike_G","Strike_G","Strike_G"],"score":1486,"play_id":"09b09121-8889-4825-9f01-07e68df1b526","local_time":"20201225115735","is_ascension_mode":true,"campfire_choices":[{"floor":12,"key":"REST"},{"floor":15,"key":"REST"},{"data":"Corpse Explosion","floor":24,"key":"SMITH"},{"floor":28,"key":"REST"},{"data":"Accuracy","floor":32,"key":"SMITH"},{"floor":44,"key":"REST"},{"floor":49,"key":"RECALL"}],"circlet_count":0,"master_deck":["AscendersBane","Survivor","Neutralize","Corpse Explosion+1","Accuracy+1","Dagger Spray","Dodge and Roll","Escape Plan","Cloak And Dagger","Accuracy+1","Flying Knee","Deflect","Cloak And Dagger","After Image","Caltrops","After Image","Poisoned Stab","Accuracy","Blade Dance+1","Quick Slash+1","Flash of Steel+1"],"relics":["Ring of the Snake","InkBottle","Anchor","Matryoshka","Singing Bowl","Bird Faced Urn","Busted Crown","Omamori","Oddly Smooth Stone","Pen Nib","Bottled Lightning","Akabeko","Gremlin Horn","Fusion Hammer","Kunai","Bottled Flame","aspiration:HummingbirdHeart","Molten Egg 2","CeramicFish","PreservedInsect","Smiling Mask"],"acts_visited":["Exordium","TheCity","TheBeyond"],"potions_floor_usage":[4,10,13,13,13,13,14,19,25,35],"damage_taken":[{"damage":3,"enemies":"Cultist","floor":1,"turns":5},{"damage":6,"enemies":"2 Louse","floor":2,"turns":2},{"damage":0,"enemies":"Small Slimes","floor":3,"turns":3},{"damage":5,"enemies":"Red Slaver","floor":4,"turns":4},{"damage":10,"enemies":"3 Louse","floor":5,"turns":3},{"damage":20,"enemies":"3 Sentries","floor":6,"turns":4},{"damage":9,"enemies":"Lagavulin","floor":8,"turns":7},{"damage":8,"enemies":"3 Sentries","floor":10,"turns":3},{"damage":0,"enemies":"Gremlin Gang","floor":11,"turns":2},{"damage":4,"enemies":"Gremlin Nob","floor":13,"turns":3},{"damage":1,"enemies":"Looter","floor":14,"turns":3},{"damage":10,"enemies":"The Guardian","floor":16,"turns":11},{"damage":6,"enemies":"Shell Parasite","floor":18,"turns":5},{"damage":18,"enemies":"2 Thieves","floor":19,"turns":3},{"damage":0,"enemies":"Centurion and Healer","floor":21,"turns":5},{"damage":10,"enemies":"Gremlin Leader","floor":23,"turns":7},{"damage":25,"enemies":"Book of Stabbing","floor":25,"turns":5},{"damage":33,"enemies":"Gremlin Leader","floor":27,"turns":6},{"damage":8,"enemies":"Snecko","floor":31,"turns":6},{"damage":17,"enemies":"Automaton","floor":33,"turns":8},{"damage":5,"enemies":"3 Darklings","floor":35,"turns":3},{"damage":16,"enemies":"3 Shapes","floor":37,"turns":3},{"damage":9,"enemies":"3 Darklings","floor":38,"turns":3},{"damage":0,"enemies":"Writhing Mass","floor":39,"turns":5},{"damage":19,"enemies":"Nemesis","floor":40,"turns":4},{"damage":0,"enemies":"Giant Head","floor":42,"turns":6},{"damage":22,"enemies":"Reptomancer","floor":45,"turns":4},{"damage":0,"enemies":"Giant Head","floor":47,"turns":4},{"damage":0,"enemies":"Jaw Worm Horde","floor":48,"turns":2},{"damage":4,"enemies":"Donu and Deca","floor":50,"turns":4}],"seed_played":"-1501121658130396534","potions_obtained":[{"floor":3,"key":"LiquidBronze"},{"floor":8,"key":"SteroidPotion"},{"floor":10,"key":"Fire Potion"},{"floor":11,"key":"EntropicBrew"},{"floor":13,"key":"BlessingOfTheForge"},{"floor":18,"key":"SkillPotion"},{"floor":23,"key":"DuplicationPotion"},{"floor":27,"key":"LiquidMemories"},{"floor":33,"key":"AttackPotion"},{"floor":40,"key":"Energy Potion"}],"is_trial":false,"path_per_floor":["M","M","M","M","M","E","$","E","T","E","M","R","E","M","R","B",null,"M","M","?","M","?","E","R","E","T","E","R","?","$","M","R","B",null,"M","$","M","M","M","E","?","E","T","R","E","$","E","M","R","B",null],"character_chosen":"THE_SILENT","items_purchased":["Gremlin Horn","Accuracy","Kunai","Flash of Steel+1"],"campfire_rested":4,"item_purchase_floors":[30,30,36,46],"current_hp_per_floor":[60,54,54,49,39,19,19,10,10,2,4,25,23,22,44,38,65,65,53,53,63,63,65,65,52,52,31,55,55,55,59,59,56,79,84,84,74,73,85,79,79,93,93,96,78,78,92,100,100,96],"gold":253,"neow_bonus":"ONE_RANDOM_RARE_CARD","is_daily":false,"chose_seed":false,"campfire_upgraded":2,"win_rate":0.0,"timestamp":1608926255,"path_taken":["M","M","M","M","?","E","$","E","T","E","?","R","E","M","R","BOSS","M","M","?","?","?","E","R","E","T","E","R","?","$","M","R","BOSS","M","$","M","M","M","E","?","E","T","R","E","$","E","M","R","BOSS"],"items_purchased_type":["Relic","Card","Relic","Card"],"build_version":"2020-12-22","purchased_purges":10,"victory":true,"max_hp_per_floor":[70,70,70,70,70,70,70,70,70,70,72,72,74,74,74,74,74,74,76,76,76,76,78,78,80,80,82,82,82,82,84,84,86,86,88,88,90,92,92,94,94,96,96,96,96,96,98,100,100,100],"card_choices":[{"not_picked":["Dagger Throw","Sucker Punch"],"picked":"Accuracy","floor":1},{"not_picked":["Distraction","Heel Hook"],"picked":"Dagger Spray","floor":2},{"not_picked":["Bouncing Flask","Crippling Poison"],"picked":"Dodge and Roll","floor":3},{"not_picked":["Acrobatics","All Out Attack"],"picked":"Escape Plan","floor":4},{"not_picked":["Outmaneuver","Catalyst"],"picked":"Cloak And Dagger","floor":5},{"not_picked":["All Out Attack","Terror"],"picked":"Accuracy","floor":6},{"not_picked":["Backflip","Acrobatics"],"picked":"Flying Knee","floor":8},{"not_picked":["Burst","Heel Hook"],"picked":"Deflect","floor":10},{"not_picked":["Dodge and Roll","Prepared","Predator"],"picked":"Singing Bowl","floor":11},{"not_picked":["Terror","Blur","Sucker Punch"],"picked":"Singing Bowl","floor":13},{"not_picked":["Dagger Throw","Reflex"],"picked":"Cloak And Dagger","floor":14},{"not_picked":["Venomology","Tools of the Trade"],"picked":"After Image","floor":16},{"not_picked":[],"picked":"Caltrops","floor":18},{"not_picked":["Dagger Spray"],"picked":"Singing Bowl","floor":19},{"not_picked":[],"picked":"Poisoned Stab","floor":21},{"not_picked":["Acrobatics"],"picked":"Singing Bowl","floor":23},{"not_picked":["Choke"],"picked":"Singing Bowl","floor":25},{"not_picked":["Deadly Poison"],"picked":"Singing Bowl","floor":27},{"not_picked":["Deadly Poison"],"picked":"Singing Bowl","floor":31},{"not_picked":["Tools of the Trade"],"picked":"Singing Bowl","floor":33},{"not_picked":["Flying Knee"],"picked":"Singing Bowl","floor":35},{"not_picked":["Dagger Spray"],"picked":"Singing Bowl","floor":37},{"not_picked":["Prepared"],"picked":"Singing Bowl","floor":38},{"not_picked":[],"picked":"Blade Dance+1","floor":39},{"not_picked":["Prepared"],"picked":"Singing Bowl","floor":40},{"not_picked":["Endless Agony"],"picked":"Singing Bowl","floor":42},{"not_picked":[],"picked":"Quick Slash+1","floor":45},{"not_picked":["PiercingWail"],"picked":"Singing Bowl","floor":47},{"not_picked":["Outmaneuver"],"picked":"Singing Bowl","floor":48}],"player_experience":615163,"relics_obtained":[{"floor":6,"key":"InkBottle"},{"floor":8,"key":"Anchor"},{"floor":9,"key":"Matryoshka"},{"floor":10,"key":"Singing Bowl"},{"floor":13,"key":"Bird Faced Urn"},{"floor":23,"key":"Omamori"},{"floor":25,"key":"Oddly Smooth Stone"},{"floor":26,"key":"Pen Nib"},{"floor":26,"key":"Bottled Lightning"},{"floor":27,"key":"Akabeko"},{"floor":40,"key":"Bottled Flame"},{"floor":42,"key":"aspiration:HummingbirdHeart"},{"floor":43,"key":"Molten Egg 2"},{"floor":43,"key":"CeramicFish"},{"floor":45,"key":"PreservedInsect"},{"floor":47,"key":"Smiling Mask"}],"event_choices":[{"damage_healed":0,"gold_gain":0,"player_choice":"Copied","damage_taken":0,"max_hp_gain":0,"max_hp_loss":0,"event_name":"Duplicator","floor":20,"gold_loss":0,"cards_obtained":["After Image"]},{"damage_healed":0,"gold_gain":0,"player_choice":"Ignored","damage_taken":0,"max_hp_gain":0,"max_hp_loss":0,"event_name":"Vampires","floor":22,"gold_loss":0},{"damage_healed":0,"gold_gain":0,"player_choice":"Upgrade","damage_taken":0,"max_hp_gain":0,"max_hp_loss":0,"event_name":"Designer","floor":29,"gold_loss":40,"cards_upgraded":["Accuracy"]},{"damage_healed":0,"gold_gain":0,"player_choice":"Bought 0 Potions","damage_taken":0,"max_hp_gain":0,"max_hp_loss":0,"event_name":"The Woman in Blue","floor":41,"gold_loss":0}],"is_beta":false,"boss_relics":[{"not_picked":["Runic Pyramid","Ring of the Serpent"],"picked":"Busted Crown"},{"not_picked":["Snecko Eye","Coffee Dripper"],"picked":"Fusion Hammer"}],"items_purged_floors":[7,7,7,7,7,7,7,7,7,7],"is_endless":false,"potions_floor_spawned":[3,8,10,11,13,18,23,27,33,40,42,45,48],"ascension_level":12}}