{"host":"jkgg7n5hn1slsm35","time":1608885496,"event":{"mods":["Aspiration","BaseMod","BetterRewards","Conspire","Googly Eyes","Gremlin Skip","Halation","Highlight Path","Hubris","Infinite Spire","Minty Spire (QoL Compilation)","Permanent Neow","StSLib","SuperFastMode","vexMod"],"gold_per_floor":[110,110,122,122,137,151,151,151,151,70,70,70,82,7,7,109,109,124,124,139,39,50,50,79,79,106,106,140,160,177,276,276,373,373,386,400,400,412,428,428,453,453,534,550,561,591,609,622,622,622,622],"floor_reached":50,"playtime":1550,"items_purged":["Strike_B","Strike_B"],"score":536,"play_id":"e8217f78-37e1-4629-8084-5c5075d6da26","local_time":"20201225093816","is_ascension_mode":false,"campfire_choices":[{"data":"Zap","floor":7,"key":"SMITH"},{"data":"Defragment","floor":11,"key":"SMITH"},{"floor":15,"key":"REST"},{"data":"Conserve Battery","floor":23,"key":"SMITH"},{"floor":25,"key":"REST"},{"data":"Swift Strike","floor":27,"key":"SMITH"},{"floor":32,"key":"REST"},{"floor":40,"key":"REST"},{"data":"Echo Form","floor":42,"key":"SMITH"},{"floor":49,"key":"REST"}],"circlet_count":0,"master_deck":["Strike_B","Strike_B","Defend_B","Defend_B","Defend_B","Defend_B","Zap+1","Swift Strike+1","Storm+1","Conserve Battery+1","Defragment+1","Cold Snap","Defragment+1","Cold Snap","Cold Snap","Coolheaded+1","Echo Form+1","Creative AI","Coolheaded+1","Hello World+1","Blizzard","Parasite","White Noise+1","Conserve Battery"],"relics":["Cracked Core","infinitespire:WardingShard","infinitespire:Cupcake","Symbiotic Virus","Bronze Scales","Vajra","conspire:RunicOctahedron","hubris:TinFlute","Bottled Lightning","Meat on the Bone"],"acts_visited":["Exordium","TheCity","TheBeyond"],"potions_floor_usage":[28,33,33,46,50],"damage_taken":[{"damage":7,"enemies":"Small Slimes","floor":1,"turns":3},{"damage":2,"enemies":"2 Louse","floor":3,"turns":3},{"damage":1,"enemies":"Cultist","floor":5,"turns":3},{"damage":4,"enemies":"2 Fungi Beasts","floor":6,"turns":4},{"damage":17,"enemies":"Exordium Thugs","floor":13,"turns":3},{"damage":54,"enemies":"Hexaghost","floor":16,"turns":10},{"damage":12,"enemies":"2 Thieves","floor":18,"turns":4},{"damage":0,"enemies":"conspire:FuzzyDice","floor":20,"turns":5},{"damage":22,"enemies":"Snake Plant","floor":22,"turns":5},{"damage":19,"enemies":"Book of Stabbing","floor":24,"turns":7},{"damage":25,"enemies":"Slavers","floor":28,"turns":4},{"damage":0,"enemies":"conspire:HollyBat","floor":29,"turns":7},{"damage":2,"enemies":"Chosen and Byrds","floor":30,"turns":4},{"damage":25,"enemies":"Collector","floor":33,"turns":16},{"damage":0,"enemies":"3 Shapes","floor":35,"turns":4},{"damage":0,"enemies":"Orb Walker","floor":36,"turns":2},{"damage":4,"enemies":"3 Darklings","floor":38,"turns":6},{"damage":23,"enemies":"4 Shapes","floor":39,"turns":4},{"damage":14,"enemies":"Nightmare","floor":41,"turns":7},{"damage":5,"enemies":"Writhing Mass","floor":44,"turns":4},{"damage":20,"enemies":"Maw","floor":45,"turns":6},{"damage":11,"enemies":"Reptomancer","floor":46,"turns":7},{"damage":12,"enemies":"Spire Growth","floor":47,"turns":5},{"damage":5,"enemies":"3 Darklings","floor":48,"turns":4},{"damage":54,"enemies":"Awakened One","floor":50,"turns":6}],"seed_played":"-828913427494505719","potions_obtained":[{"floor":1,"key":"Swift Potion"},{"floor":18,"key":"ColorlessPotion"},{"floor":20,"key":"BlessingOfTheForge"},{"floor":29,"key":"BlessingOfTheForge"},{"floor":35,"key":"LiquidBronze"},{"floor":38,"key":"AttackPotion"},{"floor":46,"key":"FocusPotion"}],"is_trial":false,"path_per_floor":["M","?","M","?","M","M","R","?","T","$","R","$","M","$","R","B",null,"M","?","M","$","M","R","E","R","T","R","E","M","M","?","R","B",null,"M","M","?","M","M","R","NM","R","T","M","M","E","M","M","R","B"],"character_chosen":"DEFECT","items_purchased":["Defragment"],"campfire_rested":5,"item_purchase_floors":[10],"current_hp_per_floor":[68,68,66,66,65,61,61,61,61,61,61,61,44,44,66,12,75,63,63,63,63,41,41,22,44,44,44,19,19,17,17,39,14,75,75,75,75,71,48,70,56,56,56,51,31,20,20,27,49,0,0],"gold":622,"neow_bonus":"RANDOM_COLORLESS","is_daily":false,"chose_seed":false,"campfire_upgraded":5,"win_rate":0.0,"timestamp":1608885496,"path_taken":["M","?","M","?","?","M","R","?","T","?","R","$","M","$","R","BOSS","M","?","M","$","M","R","E","R","T","R","E","M","?","?","R","BOSS","M","M","?","M","M","R","NM","R","T","M","M","E","?","M","R","BOSS"],"items_purchased_type":["Card"],"build_version":"2020-12-22","purchased_purges":2,"victory":false,"max_hp_per_floor":[75,75,75,75,75,75,75,75,75,75,75,75,75,75,75,75,75,75,75,75,75,75,75,75,75,75,75,75,75,75,75,75,75,75,75,75,75,75,75,75,75,75,75,75,75,75,75,75,75,75,75],"card_choices":[{"not_picked":["Trip","Mind Blast"],"picked":"Swift Strike","floor":0},{"not_picked":["Doom and Gloom","BootSequence"],"picked":"Storm","floor":1},{"not_picked":["Genetic Algorithm","Leap","Turbo"],"picked":"SKIP","floor":3},{"not_picked":["Leap","Heatsinks","Barrage"],"picked":"SKIP","floor":5},{"not_picked":["Ball Lightning","Chaos"],"picked":"Conserve Battery","floor":6},{"not_picked":["Leap","Redo","Hyperbeam"],"picked":"SKIP","floor":13},{"not_picked":["Genetic Algorithm","Hello World"],"picked":"Cold Snap","floor":18},{"not_picked":["Compile Driver","BootSequence+1"],"picked":"Cold Snap","floor":20},{"not_picked":["Conserve Battery","Gash+1"],"picked":"Cold Snap","floor":22},{"not_picked":["Conserve Battery+1","Redo"],"picked":"Coolheaded+1","floor":24},{"not_picked":["Aggregate","Double Energy+1","Auto Shields+1"],"picked":"SKIP","floor":28},{"not_picked":["Hologram","Stack"],"picked":"Echo Form","floor":29},{"not_picked":["Conserve Battery","Leap","Gash+1"],"picked":"SKIP","floor":30},{"not_picked":["Core Surge","Echo Form"],"picked":"Creative AI","floor":33},{"not_picked":["Steam","Skim"],"picked":"Coolheaded+1","floor":35},{"not_picked":["Coolheaded","Doom and Gloom","Turbo"],"picked":"SKIP","floor":36},{"not_picked":["Turbo+1","Leap+1"],"picked":"Hello World+1","floor":38},{"not_picked":["Ball Lightning+1","Biased Cognition","Barrage"],"picked":"SKIP","floor":39},{"not_picked":["Turbo","Go for the Eyes+1"],"picked":"Blizzard","floor":41},{"not_picked":["conspire:Rain+1","Sunder+1","Cold Snap"],"picked":"SKIP","floor":44},{"not_picked":["Leap","Redo","Chaos"],"picked":"SKIP","floor":45},{"not_picked":["Undo+1","Core Surge"],"picked":"White Noise+1","floor":46},{"not_picked":["Redo","Coolheaded"],"picked":"Conserve Battery","floor":47},{"not_picked":["Sunder+1","Double Energy+1","Redo"],"picked":"SKIP","floor":48}],"player_experience":1790628,"relics_obtained":[{"floor":9,"key":"infinitespire:WardingShard"},{"floor":24,"key":"Symbiotic Virus"},{"floor":26,"key":"Bronze Scales"},{"floor":28,"key":"Vajra"},{"floor":41,"key":"hubris:TinFlute"},{"floor":43,"key":"Bottled Lightning"},{"floor":46,"key":"Meat on the Bone"}],"event_choices":[{"damage_healed":0,"gold_gain":0,"player_choice":"Ignored","damage_taken":0,"max_hp_gain":0,"max_hp_loss":0,"event_name":"Liars Game","floor":2,"gold_loss":0},{"damage_healed":0,"gold_gain":0,"player_choice":"Forge","damage_taken":0,"max_hp_gain":0,"max_hp_loss":0,"event_name":"Accursed Blacksmith","floor":4,"gold_loss":0,"cards_upgraded":["Storm"]},{"damage_healed":0,"gold_gain":0,"player_choice":"Bought 0 Potions","damage_taken":0,"max_hp_gain":0,"max_hp_loss":0,"event_name":"The Woman in Blue","floor":8,"gold_loss":0},{"damage_healed":0,"gold_gain":0,"player_choice":"Copied","damage_taken":0,"max_hp_gain":0,"max_hp_loss":0,"event_name":"Duplicator","floor":19,"gold_loss":0,"cards_obtained":["Defragment"]},{"damage_healed":0,"gold_gain":99,"player_choice":"Stole From Cult","damage_taken":0,"max_hp_gain":0,"max_hp_loss":0,"event_name":"Nest","floor":31,"gold_loss":0},{"cards_removed":["Dualcast"],"damage_healed":0,"gold_gain":0,"player_choice":"Offered Basic","damage_taken":0,"max_hp_gain":0,"max_hp_loss":0,"event_name":"Bonfire Elementals","floor":37,"gold_loss":0}],"is_beta":false,"boss_relics":[{"not_picked":["Ectoplasm","Calling Bell"],"picked":"infinitespire:Cupcake"},{"not_picked":["halation:MonkeysPaw","aspiration:SecretTechniqueScroll"],"picked":"conspire:RunicOctahedron"}],"items_purged_floors":[14,21],"is_endless":true,"potions_floor_spawned":[1,18,20,24,29,35,38,46,47],"killed_by":"Awakened One","ascension_level":0}}