{"host":"uwh382mre4waz4ff","time":1608877366,"event":{"mods":["AchievementEnabler","BaseMod","Better Note","Better Third Choice","BetterRewards","Downfall","Minty Spire (QoL Compilation)","StSLib"],"gold_per_floor":[99,374,393,408,408,408,455,488,413,413,423,423,439,99,114,214,214,214,214,314,329,329,329,378,419,419,438,456,456,456,456,500,596,596,596,607,617,667,686,686,709,723,755,773,773,784,784,804,821,821],"floor_reached":51,"playtime":3567,"items_purged":["sneckomod:Defend"],"score":830,"play_id":"5c30d02d-7386-4412-ab75-c58077683764","local_time":"20201225142246","is_ascension_mode":false,"campfire_choices":[{"data":"sneckomod:Unknown","floor":1,"key":"SMITH"},{"data":"sneckomod:MasterEye","floor":9,"key":"SMITH"},{"data":"sneckomod:UnknownUncommonPower","floor":12,"key":"SMITH"},{"data":"sneckomod:UnknownRareAttack","floor":18,"key":"SMITH"},{"data":"sneckomod:TrashToTreasure","floor":23,"key":"SMITH"},{"data":"sneckomod:UnknownEthereal","floor":26,"key":"SMITH"},{"data":"sneckomod:SoulDraw","floor":30,"key":"SMITH"},{"data":"sneckomod:TrashToTreasure","floor":35,"key":"SMITH"},{"data":"sneckomod:UnknownClassRED","floor":40,"key":"SMITH"},{"data":"sneckomod:UnknownUncommonAttack","floor":45,"key":"SMITH"},{"data":"sneckomod:SoulDraw","floor":47,"key":"SMITH"}],"circlet_count":0,"master_deck":["sneckomod:Strike+1","sneckomod:Strike+1","sneckomod:Strike","sneckomod:Defend+1","sneckomod:Defend+1","sneckomod:TailWhip","sneckomod:SnekBite","sneckomod:Unknown","sneckomod:Unknown+1","sneckomod:UnknownUncommonPower+1","sneckomod:MasterEye+1","sneckomod:TrashToTreasure+1","sneckomod:UnknownCommonAttack+2","sneckomod:UnknownClassHEXA_GHOST_PURPLE+2","sneckomod:Unknown1Cost+2","sneckomod:UnknownBlock","sneckomod:UnknownUncommonAttack+1","sneckomod:UnknownEthereal+1","sneckomod:UnknownRareAttack+1","sneckomod:DiceCrush","sneckomod:UnknownCommonSkill+1","sneckomod:UnknownCommonAttack+2","sneckomod:SerpentMind+1","sneckomod:SoulDraw+1","RitualDagger+1","hexamod:SixthSeal","sneckomod:TrashToTreasure+1","sneckomod:Restock+1","sneckomod:Unknown0Cost+1","sneckomod:SlitherStrike","sneckomod:SlitherStrike+1","sneckomod:UnknownClassRED+1","sneckomod:SnakeSap+1","sneckomod:Restock","sneckomod:UnknownUncommonAttack+1","Parasite","sneckomod:SoulDraw+1","sneckomod:UnknownClassBLUE+1","sneckomod:SoulDraw+1"],"relics":["sneckomod:SneckoSoul","Kunai","Nunchaku","downfall:HeartBlessingGreen","Spirit Poop","Centennial Puzzle","Snecko Eye","Potion Belt","Nloth\u0027s Gift","Juzu Bracelet","Question Card","Runic Dome","Ginger","sneckomod:LoadedDie","Happy Flower"],"acts_visited":["Exordium","TheCity","TheBeyond"],"potions_floor_usage":[13,16,16,28,28,42,50,50,50,50],"damage_taken":[{"damage":1,"enemies":"Jaw Worm","floor":3,"turns":3},{"damage":1,"enemies":"Cultist","floor":4,"turns":4},{"damage":30,"enemies":"Gremlin Nob","floor":8,"turns":5},{"damage":4,"enemies":"Small Slimes","floor":11,"turns":4},{"damage":1,"enemies":"Lots of Slimes","floor":13,"turns":7},{"damage":0,"enemies":"downfall:FleeingMerchant","floor":14,"turns":4},{"damage":38,"enemies":"Exordium Thugs","floor":15,"turns":4},{"damage":22,"enemies":"downfall:Watcher","floor":16,"turns":5},{"damage":21,"enemies":"downfall:LadyInBlue","floor":20,"turns":4},{"damage":0,"enemies":"Shell Parasite","floor":21,"turns":4},{"damage":25,"enemies":"Cultist and Chosen","floor":25,"turns":2},{"damage":0,"enemies":"Snecko","floor":27,"turns":3},{"damage":14,"enemies":"3 Cultists","floor":28,"turns":5},{"damage":15,"enemies":"Snake Plant","floor":32,"turns":3},{"damage":13,"enemies":"downfall:Defect","floor":33,"turns":6},{"damage":13,"enemies":"3 Shapes","floor":36,"turns":3},{"damage":0,"enemies":"Orb Walker","floor":37,"turns":2},{"damage":15,"enemies":"Mind Bloom Boss Battle","floor":38,"turns":2},{"damage":6,"enemies":"Jaw Worm Horde","floor":39,"turns":3},{"damage":15,"enemies":"4 Shapes","floor":42,"turns":2},{"damage":26,"enemies":"Nemesis","floor":43,"turns":4},{"damage":5,"enemies":"Sphere and 2 Shapes","floor":44,"turns":3},{"damage":0,"enemies":"Writhing Mass","floor":46,"turns":3},{"damage":15,"enemies":"Transient","floor":48,"turns":5},{"damage":2,"enemies":"Sphere and 2 Shapes","floor":49,"turns":2},{"damage":0,"enemies":"downfall:Ironclad","floor":50,"turns":3}],"seed_played":"-3865720624775534815","potions_obtained":[{"floor":4,"key":"Guardian:BlockOnCardUsePotion"},{"floor":8,"key":"sneckomod:DiceRollPotion"},{"floor":11,"key":"Regen Potion"},{"floor":13,"key":"SpeedPotion"},{"floor":20,"key":"sneckomod:CheatPotion"},{"floor":20,"key":"EssenceOfSteel"},{"floor":20,"key":"CultistPotion"},{"floor":27,"key":"SpeedPotion"},{"floor":28,"key":"ColorlessPotion"},{"floor":31,"key":"CultistPotion"},{"floor":32,"key":"Dexterity Potion"},{"floor":33,"key":"champ:CounterPotion"},{"floor":36,"key":"Explosive Potion"},{"floor":42,"key":"Regen Potion"}],"is_trial":false,"path_per_floor":["R","?","M","M","T","?","T","E","R","?","M","R","M","$","M","B",null,"R","?","?","M","?","R","T","M","R","M","M","T","R","?","M","B",null,"R","M","M","?","M","R","T","M","E","M","R","M","R","M","M","B",null],"character_chosen":"THE_SNECKO","items_purchased":["sneckomod:UnknownBlock","sneckomod:UnknownUncommonAttack","Centennial Puzzle"],"campfire_rested":0,"item_purchase_floors":[14,14,14],"current_hp_per_floor":[99,99,99,98,98,98,98,68,68,68,65,65,85,88,61,50,107,107,75,54,55,55,55,55,46,46,46,32,32,32,32,17,10,109,109,104,104,104,99,99,99,84,58,54,54,54,54,40,38,47],"gold":821,"neow_bonus":"TEN_PERCENT_HP_BONUS","is_daily":false,"chose_seed":false,"campfire_upgraded":11,"win_rate":0.0,"timestamp":1608877366,"path_taken":["R","?","M","?","?","?","T","E","R","?","?","R","M","?","M","BOSS","R","?","?","?","?","R","T","M","R","M","M","?","R","?","M","BOSS","R","M","M","?","M","R","T","M","E","M","R","M","R","M","M","BOSS"],"items_purchased_type":["Card","Card","Relic"],"build_version":"2020-12-22","purchased_purges":1,"victory":true,"max_hp_per_floor":[99,99,100,100,100,100,100,100,100,100,101,101,102,105,106,107,107,107,107,107,108,108,108,108,109,109,109,109,109,109,109,109,109,109,109,110,110,110,111,111,111,111,111,112,112,112,112,113,113,113],"card_choices":[{"not_picked":["sneckomod:IronFang","sneckomod:QuickBite"],"picked":"sneckomod:UnknownUncommonPower","floor":3},{"not_picked":["sneckomod:UnknownCommonSkill","sneckomod:DiceCrush"],"picked":"sneckomod:MasterEye","floor":4},{"not_picked":["sneckomod:UnknownBlock","sneckomod:QuickMove"],"picked":"sneckomod:TrashToTreasure","floor":8},{"not_picked":["sneckomod:UnknownWeak","sneckomod:QuickMove"],"picked":"sneckomod:UnknownCommonAttack","floor":11},{"not_picked":["sneckomod:UnknownVulnerable","sneckomod:RainOfDice"],"picked":"sneckomod:UnknownClassHEXA_GHOST_PURPLE","floor":13},{"not_picked":["sneckomod:Nope","sneckomod:Mudshield"],"picked":"sneckomod:Unknown1Cost","floor":14},{"not_picked":["sneckomod:RainOfDice","sneckomod:WideSting"],"picked":"sneckomod:UnknownEthereal","floor":15},{"not_picked":["sneckomod:UnknownRareSkill","sneckomod:Mudshield"],"picked":"sneckomod:UnknownRareAttack","floor":16},{"not_picked":["sneckomod:UnknownBlock","sneckomod:UnknownCommonAttack"],"picked":"sneckomod:DiceCrush","floor":20},{"not_picked":["sneckomod:CheapStock","sneckomod:ImprovisedAttack+1"],"picked":"sneckomod:UnknownCommonSkill+1","floor":21},{"not_picked":["sneckomod:RainOfDice","sneckomod:ImprovisedAttack"],"picked":"sneckomod:UnknownCommonAttack","floor":25},{"not_picked":["sneckomod:SoulCleanse","sneckomod:Unknown1Cost"],"picked":"sneckomod:SerpentMind","floor":27},{"not_picked":["sneckomod:DiceCrush","sneckomod:UnknownClassRED"],"picked":"sneckomod:SoulDraw","floor":28},{"not_picked":["hexamod:SecondSeal","hexamod:FirstSeal","hexamod:ThirdSeal"],"picked":"hexamod:SixthSeal","floor":32},{"not_picked":["sneckomod:SoulDraw","sneckomod:Mudshield","sneckomod:Nope"],"picked":"sneckomod:TrashToTreasure","floor":32},{"not_picked":["sneckomod:MorePower","sneckomod:SerpentMind","sneckomod:UnknownRareAttack"],"picked":"sneckomod:Restock","floor":33},{"not_picked":["sneckomod:DefensiveFlair+1","sneckomod:UnknownCommonSkill+1","sneckomod:RainOfDice+1"],"picked":"sneckomod:Unknown0Cost+1","floor":36},{"not_picked":["sneckomod:DangerNoodle","sneckomod:IronFang","sneckomod:DiceBoulder"],"picked":"sneckomod:SlitherStrike","floor":37},{"not_picked":["sneckomod:MasterEye","sneckomod:UnknownVulnerable","sneckomod:Nope"],"picked":"sneckomod:SlitherStrike","floor":38},{"not_picked":["sneckomod:UnknownBlock+1","sneckomod:Nope","sneckomod:Unknown1Cost"],"picked":"sneckomod:UnknownClassRED","floor":39},{"not_picked":["sneckomod:UnknownBlock+1","sneckomod:DiceBlock","sneckomod:UnknownClassPURPLE"],"picked":"sneckomod:SnakeSap+1","floor":42},{"not_picked":["sneckomod:WideSting+1","sneckomod:Unknown0Cost+1","sneckomod:UnknownRareSkill"],"picked":"sneckomod:Restock","floor":43},{"not_picked":["sneckomod:Nope","sneckomod:SoulRoll+1","sneckomod:UnknownClassSLIMEBOUND+1"],"picked":"sneckomod:UnknownUncommonAttack+1","floor":44},{"not_picked":["sneckomod:UnknownStrike","sneckomod:SnekBeam","sneckomod:IronFang+1"],"picked":"sneckomod:SoulDraw","floor":46},{"not_picked":["sneckomod:UnknownStrike","sneckomod:Unknown0Cost+1","sneckomod:WideSting"],"picked":"sneckomod:UnknownClassBLUE+1","floor":48},{"not_picked":["sneckomod:UnknownClassSLIMEBOUND+1","sneckomod:UnknownCommonSkill+1","sneckomod:UnknownBlock+1"],"picked":"sneckomod:SoulDraw+1","floor":49}],"player_experience":66077,"relics_obtained":[{"floor":5,"key":"Kunai"},{"floor":7,"key":"Nunchaku"},{"floor":8,"key":"Toy Ornithopter"},{"floor":20,"key":"Potion Belt"},{"floor":24,"key":"Juzu Bracelet"},{"floor":29,"key":"Question Card"},{"floor":38,"key":"Ginger"},{"floor":41,"key":"sneckomod:LoadedDie"},{"floor":43,"key":"Happy Flower"}],"event_choices":[{"cards_removed":["Regret"],"damage_healed":0,"gold_gain":0,"player_choice":"Offered Curse","damage_taken":0,"relics_obtained":["Spirit Poop"],"max_hp_gain":0,"max_hp_loss":0,"event_name":"Bonfire Elementals","floor":10,"gold_loss":0}],"is_beta":false,"boss_relics":[{"not_picked":["sneckomod:SuperSneckoSoul","SlaversCollar"],"picked":"Snecko Eye"},{"not_picked":["Astrolabe","Busted Crown"],"picked":"Runic Dome"}],"items_purged_floors":[14],"is_endless":false,"potions_floor_spawned":[4,8,11,13,27,28,32,33,36,42,44,46],"ascension_level":0}}