{"host":"w01zow3jg16g8jdh","time":1608913604,"event":{"mods":["AchievementEnabler","BaseMod","DeckTracker","Keyboard Shortcuts","Minty Spire (QoL Compilation)","Permanent Neow","StSLib","SuperFastMode"],"gold_per_floor":[113,125,125,143,157,157,169,169,196,196,213,178,189,108,108,185,185,202,215,215,233,233,233],"floor_reached":22,"playtime":424,"items_purged":[],"score":360,"play_id":"1cb6ddd1-9995-4d38-8dba-f4cea38a4ba2","local_time":"20201226012644","is_ascension_mode":true,"campfire_choices":[{"data":"Self Repair","floor":6.0,"key":"SMITH"},{"data":"Mayhem","floor":8.0,"key":"SMITH"},{"data":"Chaos","floor":15.0,"key":"SMITH"}],"circlet_count":0,"master_deck":["AscendersBane","Strike_B","Strike_B","Strike_B","Strike_B","Defend_B","Defend_B","Defend_B","Zap","Dualcast","Mayhem+1","Genetic Algorithm","Turbo","Streamline","Self Repair+1","Force Field","Chaos+1","CurseOfTheBell","Coolheaded","Hologram","Genetic Algorithm"],"relics":["Cracked Core","Happy Flower","Calling Bell","Potion Belt","Blue Candle","Lizard Tail"],"acts_visited":["Exordium","TheCity"],"potions_floor_usage":[22,22,22],"damage_taken":[{"damage":1.0,"enemies":"Cultist","floor":1.0,"turns":4.0},{"damage":7.0,"enemies":"Small Slimes","floor":2.0,"turns":3.0},{"damage":2.0,"enemies":"Jaw Worm","floor":4.0,"turns":3.0},{"damage":8.0,"enemies":"3 Louse","floor":5.0,"turns":3.0},{"damage":21.0,"enemies":"Lots of Slimes","floor":7.0,"turns":4.0},{"damage":6.0,"enemies":"Looter","floor":11.0,"turns":4.0},{"damage":8.0,"enemies":"3 Louse","floor":13.0,"turns":3.0},{"damage":14.0,"enemies":"The Guardian","floor":16.0,"turns":12.0},{"damage":32.0,"enemies":"2 Thieves","floor":18.0,"turns":4.0},{"damage":33.0,"enemies":"3 Byrds","floor":19.0,"turns":6.0},{"damage":29.0,"enemies":"Sentry and Sphere","floor":21.0,"turns":8.0},{"damage":65,"enemies":"Centurion and Healer","floor":22,"turns":7}],"seed_played":"6554488759983247296","potions_obtained":[{"floor":5.0,"key":"LiquidBronze"},{"floor":11.0,"key":"Fire Potion"},{"floor":13.0,"key":"BlessingOfTheForge"},{"floor":16.0,"key":"SteroidPotion"},{"floor":19.0,"key":"EssenceOfSteel"},{"floor":20.0,"key":"FairyPotion"},{"floor":20.0,"key":"EssenceOfDarkness"},{"floor":21.0,"key":"Strength Potion"}],"is_trial":false,"path_per_floor":["M","M","?","M","M","R","M","R","T","?","M","?","M","$","R","B",null,"M","M","?","M","M"],"character_chosen":"DEFECT","items_purchased":["Chaos"],"campfire_rested":0,"item_purchase_floors":[14],"current_hp_per_floor":[45,38,38,36,28,28,17,17,17,17,21,38,40,40,40,36,62,40,17,17,21,0,0],"gold":233,"neow_bonus":"RANDOM_COLORLESS_2","is_daily":false,"chose_seed":false,"campfire_upgraded":3,"win_rate":0.0,"timestamp":1608913604,"path_taken":["M","M","?","M","M","R","?","R","T","?","M","?","M","$","R","BOSS","M","M","?","?","M"],"items_purchased_type":["Card"],"build_version":"2020-12-22","purchased_purges":0,"victory":false,"max_hp_per_floor":[71,71,71,71,71,71,71,71,71,71,71,71,71,71,71,71,71,71,71,71,71,71,71],"card_choices":[{"not_picked":["The Bomb","Metamorphosis"],"picked":"Mayhem","floor":0.0},{"not_picked":["Redo","Leap"],"picked":"Genetic Algorithm","floor":1.0},{"not_picked":["Doom and Gloom","Glacier"],"picked":"Turbo","floor":2.0},{"not_picked":["Reinforced Body","Leap"],"picked":"Streamline","floor":4.0},{"not_picked":["Rip and Tear","Blizzard"],"picked":"Self Repair","floor":5.0},{"not_picked":["Streamline","Aggregate","All For One"],"picked":"SKIP","floor":7.0},{"not_picked":["Redo","Turbo","Streamline"],"picked":"SKIP","floor":11.0},{"not_picked":["Blizzard","Reinforced Body"],"picked":"Force Field","floor":13.0},{"not_picked":["Compile Driver","Double Energy+1"],"picked":"Coolheaded","floor":18.0},{"not_picked":["Conserve Battery","Genetic Algorithm"],"picked":"Hologram","floor":19.0},{"not_picked":["Scrape","Leap"],"picked":"Genetic Algorithm","floor":21.0}],"player_experience":292610,"relics_obtained":[{"floor":9.0,"key":"Happy Flower"},{"floor":17.0,"key":"Potion Belt"},{"floor":17.0,"key":"Blue Candle"},{"floor":17.0,"key":"Lizard Tail"}],"event_choices":[{"cards_removed":["Defend_B"],"damage_healed":0.0,"max_hp_gain":0.0,"max_hp_loss":0.0,"gold_gain":0.0,"event_name":"Purifier","player_choice":"Purged","floor":3.0,"gold_loss":0.0,"damage_taken":0.0},{"damage_healed":0.0,"max_hp_gain":0.0,"max_hp_loss":0.0,"gold_gain":0.0,"event_name":"Dead Adventurer","player_choice":"Searched \u00270\u0027 times","floor":10.0,"gold_loss":0.0,"damage_taken":0.0},{"damage_healed":17.0,"max_hp_gain":0.0,"max_hp_loss":0.0,"gold_gain":0.0,"event_name":"The Cleric","player_choice":"Healed","floor":12.0,"gold_loss":35.0,"damage_taken":0.0},{"damage_healed":0.0,"max_hp_gain":0.0,"max_hp_loss":0.0,"gold_gain":0.0,"event_name":"Lab","player_choice":"Got Potions","floor":20.0,"gold_loss":0.0,"damage_taken":0.0}],"is_beta":false,"boss_relics":[{"not_picked":["SlaversCollar","Fusion Hammer"],"picked":"Calling Bell"}],"items_purged_floors":[],"is_endless":false,"potions_floor_spawned":[5,11,13,16,19,21],"killed_by":"Centurion and Healer","ascension_level":20}}