{"host":"omv42op7s93bjjql","time":1608881130,"event":{"mods":["BaseMod","Colored Map","Colored Powertips","DeckTracker","Keyboard Shortcuts","Minty Spire (QoL Compilation)","StSLib","SuperFastMode"],"gold_per_floor":[119,44,44,194,206,240,240,253,253,284,284,299,299,299],"floor_reached":13,"playtime":321,"items_purged":[],"score":236,"play_id":"c7ec6559-7a16-411d-b76e-4b961ffb3cfc","local_time":"20201225162530","is_ascension_mode":true,"campfire_choices":[{"data":"Coolheaded","floor":7.0,"key":"SMITH"}],"circlet_count":0,"master_deck":["AscendersBane","Strike_B","Strike_B","Strike_B","Defend_B","Defend_B","Defend_B","Defend_B","Zap","Dualcast","Sweeping Beam","Self Repair","Capacitor","Coolheaded+1","Consume","Skim"],"relics":["Cracked Core","NeowsBlessing","Dead Branch","Singing Bowl","Omamori"],"acts_visited":["Exordium"],"potions_floor_usage":[13],"damage_taken":[{"damage":0.0,"enemies":"Jaw Worm","floor":1.0,"turns":1.0},{"damage":0.0,"enemies":"2 Louse","floor":5.0,"turns":1.0},{"damage":0.0,"enemies":"Gremlin Nob","floor":6.0,"turns":1.0},{"damage":0.0,"enemies":"Cultist","floor":8.0,"turns":4.0},{"damage":28.0,"enemies":"3 Sentries","floor":10.0,"turns":7.0},{"damage":32,"enemies":"Lots of Slimes","floor":12,"turns":4},{"damage":52,"enemies":"Gremlin Nob","floor":13,"turns":4}],"seed_played":"-3349744008199359043","potions_obtained":[{"floor":8.0,"key":"SneckoOil"},{"floor":12,"key":"SpeedPotion"}],"is_trial":false,"path_per_floor":["M","$","?","?","M","E","R","M","T","E","?","M","E"],"character_chosen":"DEFECT","items_purchased":["Self Repair"],"campfire_rested":0,"item_purchase_floors":[2],"current_hp_per_floor":[64,64,64,64,64,64,64,71,71,50,50,20,0,0],"gold":299,"neow_bonus":"THREE_ENEMY_KILL","is_daily":false,"chose_seed":false,"campfire_upgraded":1,"win_rate":0.0,"timestamp":1608881130,"path_taken":["M","$","?","?","M","E","R","M","T","E","?","?","E"],"items_purchased_type":["Card"],"build_version":"2020-12-22","purchased_purges":0,"victory":false,"max_hp_per_floor":[71,71,71,71,71,71,71,71,71,71,71,73,73,73],"card_choices":[{"not_picked":["Conserve Battery","Rebound"],"picked":"Sweeping Beam","floor":1.0},{"not_picked":["Redo","Sweeping Beam"],"picked":"Capacitor","floor":5.0},{"not_picked":["Steam Power","Fission"],"picked":"Coolheaded","floor":6.0},{"not_picked":["Streamline","Scrape"],"picked":"Consume","floor":8.0},{"not_picked":["Cold Snap","Rip and Tear"],"picked":"Skim","floor":10.0},{"not_picked":["Fusion","Go for the Eyes","Chaos"],"picked":"Singing Bowl","floor":12}],"player_experience":836317,"relics_obtained":[{"floor":6.0,"key":"Dead Branch"},{"floor":9.0,"key":"Singing Bowl"},{"floor":10.0,"key":"Omamori"}],"event_choices":[{"cards_removed":["Strike_B"],"damage_healed":0.0,"max_hp_gain":0.0,"max_hp_loss":0.0,"gold_gain":0.0,"event_name":"Living Wall","player_choice":"Forget","floor":3.0,"gold_loss":0.0,"damage_taken":0.0},{"damage_healed":0.0,"max_hp_gain":0.0,"max_hp_loss":0.0,"gold_gain":150.0,"event_name":"Liars Game","player_choice":"AGREE","floor":4.0,"gold_loss":0.0,"damage_taken":0.0,"cards_obtained":["Doubt"]},{"cards_removed":["Doubt"],"damage_healed":0,"gold_gain":0,"player_choice":"Purged","damage_taken":0,"max_hp_gain":0,"max_hp_loss":0,"event_name":"Purifier","floor":11,"gold_loss":0}],"is_beta":false,"boss_relics":[],"items_purged_floors":[],"is_endless":false,"potions_floor_spawned":[8,12],"killed_by":"Gremlin Nob","ascension_level":20}}