{"host":"6xsbn6ynqlzwllfm","time":1608921923,"event":{"mods":["2.2 Compatiblity","BaseMod","Bestiary","Colored Map","Colored Powertips","Curses Come First","Downfall","Highlight Path","Keyboard Shortcuts","Minty Spire (QoL Compilation)","Quick Restart","Relic Stats","Slay the Relics Exporter","StSLib","SuperFastMode"],"gold_per_floor":[115,131,15,15,165,165,181,181,181,213,213,232,262,1,1,78,78,98,98,112,112,112],"floor_reached":21,"playtime":450,"items_purged":["Strike_R","Strike_R"],"score":374,"play_id":"8f7401b3-a762-4739-baa2-a29abf9b5524","local_time":"20201225134523","is_ascension_mode":true,"campfire_choices":[{"data":"Battle Trance","floor":6,"key":"SMITH"},{"floor":8,"key":"RECALL"},{"data":"Defend_R","floor":15,"key":"SMITH"}],"circlet_count":0,"master_deck":["AscendersBane","Strike_R","Strike_R+1","Strike_R","Defend_R+1","Defend_R","Defend_R","Defend_R","Bash","Thunderclap","Anger+1","Battle Trance+1","Spot Weakness","Whirlwind","Seeing Red","Armaments","Limit Break","True Grit"],"relics":["Burning Blood","NeowsBlessing","Lizard Tail","Prayer Wheel","Frozen Egg 2","ClockworkSouvenir","Black Star"],"acts_visited":["Exordium","TheCity"],"potions_floor_usage":[10,13,16],"damage_taken":[{"damage":0,"enemies":"Cultist","floor":1,"turns":1},{"damage":0,"enemies":"Small Slimes","floor":2,"turns":1},{"damage":0,"enemies":"Jaw Worm","floor":7,"turns":1},{"damage":26,"enemies":"3 Sentries","floor":10,"turns":7},{"damage":6,"enemies":"Blue Slaver","floor":12,"turns":3},{"damage":11,"enemies":"Gremlin Nob","floor":13,"turns":3},{"damage":11,"enemies":"Hexaghost","floor":16,"turns":7},{"damage":30,"enemies":"Spheric Guardian","floor":18,"turns":5},{"damage":46,"enemies":"Shell Parasite","floor":20,"turns":6},{"damage":39,"enemies":"Snecko","floor":21,"turns":4}],"seed_played":"7458599830759345903","potions_obtained":[{"floor":1,"key":"BlessingOfTheForge"},{"floor":12,"key":"ColorlessPotion"},{"floor":13,"key":"LiquidMemories"},{"floor":19,"key":"EssenceOfSteel"},{"floor":19,"key":"Explosive Potion"}],"is_trial":false,"path_per_floor":["M","M","$","?","?","R","M","R","T","E","?","M","E","$","R","B",null,"M","?","M","M"],"character_chosen":"IRONCLAD","items_purchased":["Battle Trance","ClockworkSouvenir"],"campfire_rested":0,"item_purchase_floors":[3,14],"current_hp_per_floor":[74,75,75,52,52,52,58,58,58,38,38,38,33,33,33,28,63,39,39,36,0,0],"gold":112,"neow_bonus":"THREE_ENEMY_KILL","is_daily":false,"chose_seed":false,"campfire_upgraded":2,"win_rate":0.0,"timestamp":1608921923,"path_taken":["M","M","$","?","?","R","M","R","T","E","?","M","E","?","R","BOSS","M","?","M","?"],"items_purchased_type":["Card","Relic"],"build_version":"2020-12-22","purchased_purges":2,"victory":false,"max_hp_per_floor":[75,75,75,75,75,75,75,75,75,75,75,75,75,75,75,75,75,75,75,75,75,75],"relic_stats":{"Lizard Tail":37,"counters":[10,38],"Prayer Wheel":3,"Black Star":0,"obtain_stats":[{"Lizard Tail":9,"NeowsBlessing":0,"Prayer Wheel":10,"Black Star":17,"Frozen Egg 2":13,"Burning Blood":0,"ClockworkSouvenir":14},{"Lizard Tail":3,"NeowsBlessing":0,"Prayer Wheel":4,"Black Star":7,"Frozen Egg 2":6,"Burning Blood":0,"ClockworkSouvenir":6},{"Lizard Tail":3,"NeowsBlessing":0,"Prayer Wheel":10,"Black Star":23,"Frozen Egg 2":16,"Burning Blood":0,"ClockworkSouvenir":16}],"Burning Blood":49},"card_choices":[{"not_picked":["Perfected Strike","Heavy Blade"],"picked":"Thunderclap","floor":1},{"not_picked":["Rupture","Body Slam"],"picked":"Anger","floor":2},{"not_picked":["Dark Embrace","Anger"],"picked":"Spot Weakness","floor":7},{"not_picked":["Fire Breathing","Warcry","Battle Trance"],"picked":"SKIP","floor":10},{"not_picked":["Anger","Power Through"],"picked":"Whirlwind","floor":12},{"not_picked":["Clash","Blood for Blood"],"picked":"Seeing Red","floor":12},{"not_picked":["Perfected Strike","Heavy Blade"],"picked":"Armaments","floor":13},{"not_picked":["Impervious","Juggernaut+1"],"picked":"Limit Break","floor":16},{"not_picked":["Entrench","Reckless Charge"],"picked":"True Grit","floor":18},{"not_picked":["Flex","Wild Strike","Body Slam"],"picked":"SKIP","floor":18},{"not_picked":["Power Through","Pummel","Flame Barrier"],"picked":"SKIP","floor":20},{"not_picked":["Thunderclap","Pummel","Entrench"],"picked":"SKIP","floor":20}],"player_experience":1260522,"relics_obtained":[{"floor":9,"key":"Lizard Tail"},{"floor":10,"key":"Prayer Wheel"},{"floor":13,"key":"Frozen Egg 2"}],"event_choices":[{"damage_healed":0,"gold_gain":0,"player_choice":"Entered Light","damage_taken":23,"max_hp_gain":0,"max_hp_loss":0,"event_name":"Shining Light","floor":4,"gold_loss":0,"cards_upgraded":["Anger","Strike_R"]},{"damage_healed":0,"gold_gain":150,"player_choice":"AGREE","damage_taken":0,"max_hp_gain":0,"max_hp_loss":0,"event_name":"Liars Game","floor":5,"gold_loss":0,"cards_obtained":["Doubt"]},{"cards_removed":["Doubt"],"damage_healed":0,"gold_gain":0,"player_choice":"Forget","damage_taken":0,"max_hp_gain":0,"max_hp_loss":0,"event_name":"Living Wall","floor":11,"gold_loss":0},{"damage_healed":0,"gold_gain":0,"player_choice":"Got Potions","damage_taken":0,"max_hp_gain":0,"max_hp_loss":0,"event_name":"Lab","floor":19,"gold_loss":0}],"is_beta":false,"boss_relics":[{"not_picked":["Ectoplasm","Empty Cage"],"picked":"Black Star"}],"items_purged_floors":[3,14],"is_endless":false,"potions_floor_spawned":[1,12,13],"killed_by":"Snecko","ascension_level":20}}