{"host":"we0tvcz4okyzqurd","time":1608870181,"event":{"mods":["BaseMod","Colored Powertips","Downfall","Hubris","Minty Spire (QoL Compilation)","StSLib"],"gold_per_floor":[99,117,135,150,162,162,162,173,7,7,7,7],"floor_reached":10,"playtime":422,"items_purged":[],"score":60,"play_id":"9c3743fc-42d0-49f8-86ea-8921ad327a6f","local_time":"20201224202301","is_ascension_mode":false,"campfire_choices":[{"floor":1,"key":"RECALL"}],"circlet_count":0,"master_deck":["Slimebound:Strike_Slimebound","Slimebound:Strike_Slimebound","Slimebound:Strike_Slimebound","Slimebound:Tackle","Slimebound:Defend_Slimebound","Slimebound:Defend_Slimebound","Slimebound:Defend_Slimebound","Slimebound:Defend_Slimebound","Slimebound:Split","Slimebound:CorrosiveSpit","Slimebound:SplitMire","Slimebound:LevelUp","Slimebound:LevelUp","Slimebound:MassRepurpose","Slimebound:Repurpose","Slimebound:LeechEnergy","Slimebound:LeadByExample","Slimebound:SplitAcid"],"relics":["hubris:RunicObelisk","hubris:Teleporter","hubris:PeanutButter"],"acts_visited":["Exordium"],"potions_floor_usage":[10,10],"damage_taken":[{"damage":11,"enemies":"Cultist","floor":2,"turns":4},{"damage":7,"enemies":"2 Louse","floor":3,"turns":1},{"damage":11,"enemies":"Small Slimes","floor":4,"turns":3},{"damage":29,"enemies":"Gremlin Gang","floor":5,"turns":4},{"damage":11,"enemies":"Red Slaver","floor":8,"turns":4},{"damage":5,"enemies":"downfall:FleeingMerchant","floor":9,"turns":4},{"damage":35,"enemies":"Lagavulin","floor":10,"turns":3}],"seed_played":"-401992799384008258","potions_obtained":[{"floor":3,"key":"Slimebound:SlimedPotion"}],"is_trial":false,"path_per_floor":["R","M","M","M","M","?","T","M","$","E"],"character_chosen":"SLIMEBOUND","items_purchased":["Slimebound:LeadByExample","Slimebound:SplitAcid","PowerPotion"],"campfire_rested":0,"item_purchase_floors":[9,9,9],"current_hp_per_floor":[60,49,46,43,22,22,22,19,26,0,0,0],"gold":7,"neow_bonus":"BOSS_RELIC","is_daily":false,"chose_seed":false,"campfire_upgraded":0,"win_rate":0.0,"timestamp":1608870181,"path_taken":["R","M","M","M","M","?","T","?","?","E"],"items_purchased_type":["Card","Card","Potion"],"build_version":"2020-12-22","purchased_purges":0,"victory":false,"max_hp_per_floor":[60,60,60,60,60,60,60,60,60,60,60,60],"card_choices":[{"not_picked":["Slimebound:GoopSpray","Slimebound:LeechingTouch"],"picked":"Slimebound:SplitMire","floor":2},{"not_picked":["Slimebound:SlimeSpikes","Slimebound:SamplingLick"],"picked":"Slimebound:LevelUp","floor":3},{"not_picked":["Slimebound:PressTheAttack","Slimebound:Gluttony"],"picked":"Slimebound:LevelUp","floor":4},{"not_picked":["Slimebound:PressTheAttack","Slimebound:FormOfPuddle"],"picked":"Slimebound:MassRepurpose","floor":5},{"not_picked":["Slimebound:PressTheAttack","Slimebound:RejuvenatingLick"],"picked":"Slimebound:Repurpose","floor":8},{"not_picked":["Slimebound:SamplingLick","Slimebound:FinishingTackle"],"picked":"Slimebound:LeechEnergy","floor":9}],"player_experience":443296,"relics_obtained":[{"floor":6,"key":"hubris:Teleporter"},{"floor":7,"key":"hubris:PeanutButter"}],"event_choices":[{"damage_healed":0,"gold_gain":0,"player_choice":"Relic","damage_taken":0,"max_hp_gain":0,"max_hp_loss":0,"event_name":"Wheel of Change","floor":6,"gold_loss":0}],"is_beta":false,"boss_relics":[],"items_purged_floors":[],"is_endless":false,"potions_floor_spawned":[3],"killed_by":"Lagavulin","ascension_level":0}}