{"host":"1eo5f82aifdzd7pr","time":1608920797,"event":{"mods":["AchievementEnabler","BaseMod","Colored Map","Colored Powertips","DeckTracker","Minty Spire (QoL Compilation)","SuperFastMode"],"gold_per_floor":[119,119,119,132,132,132,150,150,231,231,267,282,70,89,89,185,185,209,230,230,230],"floor_reached":20,"playtime":1038,"items_purged":["Defend_P"],"score":287,"play_id":"7114bd92-1cea-4a40-8576-1ee6c8b1eb88","local_time":"20201225202637","is_ascension_mode":true,"campfire_choices":[{"data":"Eruption","floor":6,"key":"SMITH"},{"data":"FlurryOfBlows","floor":8,"key":"SMITH"},{"data":"FlurryOfBlows","floor":10,"key":"SMITH"},{"floor":15,"key":"REST"}],"circlet_count":0,"master_deck":["AscendersBane","Strike_P","Strike_P","Defend_P","Defend_P","Defend_P","Eruption+1","Vigilance","Swift Strike","FlurryOfBlows+1","FlurryOfBlows+1","Crescendo","InnerPeace","SandsOfTime"],"relics":["PureWater","Golden Idol","Matryoshka","Mummified Hand","Membership Card","Busted Crown"],"acts_visited":["Exordium","TheCity"],"potions_floor_usage":[16],"damage_taken":[{"damage":0,"enemies":"Small Slimes","floor":1,"turns":2},{"damage":0,"enemies":"Jaw Worm","floor":4,"turns":2},{"damage":0,"enemies":"2 Louse","floor":7,"turns":1},{"damage":25,"enemies":"Lagavulin","floor":11,"turns":4},{"damage":0,"enemies":"Gremlin Gang","floor":12,"turns":5},{"damage":4,"enemies":"Red Slaver","floor":14,"turns":3},{"damage":38,"enemies":"Hexaghost","floor":16,"turns":8},{"damage":17,"enemies":"2 Thieves","floor":18,"turns":3},{"damage":18,"enemies":"Shell Parasite","floor":19,"turns":4},{"damage":19,"enemies":"Sentry and Sphere","floor":20,"turns":3}],"seed_played":"2803291135298225242","potions_obtained":[{"floor":12,"key":"LiquidMemories"},{"floor":16,"key":"BottledMiracle"}],"is_trial":false,"path_per_floor":["M","?","?","M","?","R","M","R","T","R","E","M","$","M","R","B",null,"M","M","M"],"character_chosen":"WATCHER","items_purchased":["Membership Card","Energy Potion"],"campfire_rested":1,"item_purchase_floors":[13,13],"current_hp_per_floor":[65,58,58,58,58,58,58,58,58,58,33,33,33,29,49,11,53,36,18,0,0],"gold":230,"neow_bonus":"RANDOM_COLORLESS","is_daily":false,"chose_seed":false,"campfire_upgraded":3,"win_rate":0.0,"timestamp":1608920797,"path_taken":["M","?","?","M","?","R","?","R","T","R","E","M","$","M","R","BOSS","M","M","M"],"items_purchased_type":["Relic","Potion"],"build_version":"2020-12-22","purchased_purges":1,"victory":false,"max_hp_per_floor":[72,72,67,67,67,67,67,67,67,67,67,67,67,67,67,67,67,67,67,67,67],"card_choices":[{"not_picked":["Trip","Blind"],"picked":"Swift Strike","floor":0},{"not_picked":["PathToVictory","Evaluate"],"picked":"FlurryOfBlows","floor":1},{"not_picked":["WaveOfTheHand","FlyingSleeves"],"picked":"FlurryOfBlows","floor":4},{"not_picked":["Evaluate","Meditate"],"picked":"Crescendo","floor":7},{"not_picked":["ThirdEye","CrushJoints","Crescendo"],"picked":"SKIP","floor":11},{"not_picked":["FlyingSleeves","CutThroughFate"],"picked":"InnerPeace","floor":12},{"not_picked":["Wish","SashWhip"],"picked":"SandsOfTime","floor":14},{"not_picked":["FollowUp"],"picked":"SKIP","floor":18},{"not_picked":["Protect"],"picked":"SKIP","floor":19}],"player_experience":685955,"relics_obtained":[{"floor":9,"key":"Matryoshka"},{"floor":11,"key":"Mummified Hand"}],"event_choices":[{"cards_removed":["Strike_P"],"damage_healed":0,"gold_gain":0,"player_choice":"Card Removal","damage_taken":7,"max_hp_gain":0,"max_hp_loss":0,"event_name":"Golden Wing","floor":2,"gold_loss":0},{"damage_healed":0,"gold_gain":0,"player_choice":"Lose Max HP","damage_taken":0,"relics_obtained":["Golden Idol"],"max_hp_gain":0,"max_hp_loss":5,"event_name":"Golden Idol","floor":3,"gold_loss":0},{"cards_removed":["Strike_P"],"damage_healed":0,"gold_gain":0,"player_choice":"Offered Basic","damage_taken":0,"max_hp_gain":0,"max_hp_loss":0,"event_name":"Bonfire Elementals","floor":5,"gold_loss":0}],"is_beta":false,"boss_relics":[{"not_picked":["Astrolabe","Philosopher\u0027s Stone"],"picked":"Busted Crown"}],"items_purged_floors":[13],"is_endless":false,"potions_floor_spawned":[12,14,16],"killed_by":"Sentry and Sphere","ascension_level":13}}