{"host":"640uue19m79c7wbt","time":1608878092,"event":{"mods":["BaseMod","Colored Map","Googly Eyes","Highlight Path","Minty Spire (QoL Compilation)","Quick Restart","StSLib"],"gold_per_floor":[119,29,43,56,56,56,81,81,105,132,132,157,54,54,54,150,150,169,183,23,23,23,54,54,98,98,10,10,49,49,73,73,73,73],"floor_reached":33,"playtime":1071,"items_purged":["Injury"],"score":628,"play_id":"b1d401fc-685c-4e27-ac9e-e80f97de4602","local_time":"20201225013452","is_ascension_mode":true,"campfire_choices":[{"data":"Cloak And Dagger","floor":6.0,"key":"SMITH"},{"data":"Predator","floor":8.0,"key":"SMITH"},{"floor":15.0,"key":"REST"},{"data":"Cloak And Dagger","floor":24.0,"key":"SMITH"},{"data":"Accuracy","floor":28,"key":"SMITH"},{"data":"Tools of the Trade","floor":32,"key":"SMITH"}],"circlet_count":0,"master_deck":["AscendersBane","Strike_G","Strike_G","Strike_G","Strike_G","Strike_G","Defend_G","Defend_G","Defend_G","Defend_G","Defend_G","Survivor","Neutralize","Dash","Dramatic Entrance+1","Cloak And Dagger+1","Predator+1","Escape Plan","Cloak And Dagger+1","Terror+1","Dagger Spray","Bullet Time","Blade Dance","Noxious Fumes+1","Choke","Well Laid Plans","Heel Hook+1","Backflip+1","Accuracy+1","Writhe","Tools of the Trade+1"],"relics":["Ring of the Snake","NeowsBlessing","MealTicket","Art of War","Potion Belt","Golden Idol","WristBlade","Tiny Chest","Red Mask","Snake Skull","Pen Nib","Bag of Marbles"],"acts_visited":["Exordium","TheCity"],"potions_floor_usage":[29,33],"damage_taken":[{"damage":0.0,"enemies":"Cultist","floor":1.0,"turns":1.0},{"damage":0.0,"enemies":"2 Louse","floor":3.0,"turns":1.0},{"damage":0.0,"enemies":"Small Slimes","floor":4.0,"turns":1.0},{"damage":14.0,"enemies":"Gremlin Nob","floor":7.0,"turns":4.0},{"damage":22.0,"enemies":"3 Sentries","floor":10.0,"turns":7.0},{"damage":6.0,"enemies":"Blue Slaver","floor":12.0,"turns":3.0},{"damage":35.0,"enemies":"Hexaghost","floor":16.0,"turns":11.0},{"damage":19.0,"enemies":"Spheric Guardian","floor":18.0,"turns":4.0},{"damage":1.0,"enemies":"2 Thieves","floor":19.0,"turns":2.0},{"damage":0.0,"enemies":"Slavers","floor":23.0,"turns":1.0},{"damage":14,"enemies":"Masked Bandits","floor":25,"turns":3},{"damage":15,"enemies":"Book of Stabbing","floor":29,"turns":4},{"damage":0,"enemies":"Cultist and Chosen","floor":31,"turns":3},{"damage":64,"enemies":"Champ","floor":33,"turns":8}],"seed_played":"6226186128605983445","potions_obtained":[{"floor":4.0,"key":"Energy Potion"},{"floor":12.0,"key":"Block Potion"},{"floor":16.0,"key":"SpeedPotion"},{"floor":19.0,"key":"SkillPotion"},{"floor":23.0,"key":"LiquidBronze"},{"floor":31,"key":"Poison Potion"}],"is_trial":false,"path_per_floor":["M","$","M","M","?","R","E","R","T","E","?","M","$","?","R","B",null,"M","M","$","?","$","E","R","?","T","$","R","E","?","M","R","B"],"character_chosen":"THE_SILENT","items_purchased":["Dramatic Entrance","Dagger Spray","Choke","Well Laid Plans","Accuracy"],"campfire_rested":1,"item_purchase_floors":[2,13,20,20,27],"current_hp_per_floor":[59,59,59,59,59,59,45,45,45,23,23,17,32,32,51,16,54,35,34,49,49,64,64,64,50,50,65,65,50,50,50,50,0,0],"gold":73,"neow_bonus":"THREE_ENEMY_KILL","is_daily":false,"chose_seed":false,"campfire_upgraded":5,"win_rate":0.0,"timestamp":1608878092,"path_taken":["M","$","M","?","?","R","E","R","T","E","?","M","?","?","R","BOSS","M","?","$","?","$","E","R","?","T","?","R","E","?","M","R","BOSS"],"items_purchased_type":["Card","Card","Card","Card","Card"],"build_version":"2020-12-22","purchased_purges":1,"victory":false,"max_hp_per_floor":[66,66,66,66,66,66,66,66,66,66,66,66,66,66,66,66,66,66,66,66,66,66,66,66,66,66,66,66,66,66,66,66,66,66],"card_choices":[{"not_picked":["Underhanded Strike","PiercingWail"],"picked":"Dash","floor":1.0},{"not_picked":["Blade Dance","PiercingWail"],"picked":"Cloak And Dagger","floor":3.0},{"not_picked":["Escape Plan","Sucker Punch"],"picked":"Predator","floor":4.0},{"not_picked":["Heel Hook","Bane"],"picked":"Escape Plan","floor":7.0},{"not_picked":["Deadly Poison","Backflip"],"picked":"Cloak And Dagger","floor":10.0},{"not_picked":["Backflip","Riddle With Holes"],"picked":"Terror","floor":12.0},{"not_picked":["Venomology","A Thousand Cuts"],"picked":"Bullet Time","floor":16.0},{"not_picked":["Slice","Riddle With Holes"],"picked":"Blade Dance","floor":18.0},{"not_picked":["Riddle With Holes","Concentrate+1"],"picked":"Noxious Fumes+1","floor":19.0},{"not_picked":["Riddle With Holes","Flying Knee"],"picked":"Heel Hook+1","floor":23.0},{"not_picked":["Outmaneuver+1","Dodge and Roll"],"picked":"Backflip+1","floor":25},{"not_picked":["Bane","Dagger Throw","Prepared"],"picked":"SKIP","floor":29},{"not_picked":["Outmaneuver","Dagger Throw"],"picked":"Tools of the Trade","floor":31}],"player_experience":1227122,"relics_obtained":[{"floor":7.0,"key":"MealTicket"},{"floor":9.0,"key":"Art of War"},{"floor":10.0,"key":"Potion Belt"},{"floor":23.0,"key":"Tiny Chest"},{"floor":25,"key":"Red Mask"},{"floor":26,"key":"Snake Skull"},{"floor":29,"key":"Pen Nib"}],"event_choices":[{"damage_healed":0.0,"max_hp_gain":0.0,"max_hp_loss":0.0,"gold_gain":0.0,"event_name":"Living Wall","player_choice":"Grow","floor":5.0,"gold_loss":0.0,"damage_taken":0.0,"cards_upgraded":["Dramatic Entrance"]},{"damage_healed":0.0,"max_hp_gain":0.0,"max_hp_loss":0.0,"gold_gain":0.0,"event_name":"Golden Idol","player_choice":"Take Wound","floor":11.0,"gold_loss":0.0,"damage_taken":0.0,"relics_obtained":["Golden Idol"],"cards_obtained":["Injury"]},{"damage_healed":0.0,"max_hp_gain":0.0,"max_hp_loss":0.0,"gold_gain":0.0,"event_name":"Upgrade Shrine","player_choice":"Upgraded","floor":14.0,"gold_loss":0.0,"damage_taken":0.0,"cards_upgraded":["Terror"]},{"damage_healed":0.0,"max_hp_gain":0.0,"max_hp_loss":0.0,"gold_gain":0.0,"event_name":"Vampires","player_choice":"Ignored","floor":21.0,"gold_loss":0.0,"damage_taken":0.0},{"damage_healed":0,"gold_gain":0,"player_choice":"Fought Bandits","damage_taken":0,"max_hp_gain":0,"max_hp_loss":0,"event_name":"Masked Bandits","floor":25,"gold_loss":0},{"damage_healed":0,"gold_gain":0,"player_choice":"Opened","damage_taken":0,"relics_obtained":["Bag of Marbles"],"max_hp_gain":0,"max_hp_loss":0,"event_name":"The Mausoleum","floor":30,"gold_loss":0,"cards_obtained":["Writhe"]}],"is_beta":false,"boss_relics":[{"not_picked":["Philosopher\u0027s Stone","Ring of the Serpent"],"picked":"WristBlade"}],"items_purged_floors":[13],"is_endless":false,"potions_floor_spawned":[4,12,16,19,23,31],"killed_by":"Champ","ascension_level":20}}