{"host":"0azimyi6n3ugndj4","time":1608857146,"event":{"mods":["2.2 Compatiblity","BaseMod","Bestiary","Conspire","Curses Come First","Defuse TimeMaze Blight","Hyrulean Relics","Infinite Spire","Minty Spire (QoL Compilation)","Relic Stats","Replay The Spire","StSLib","SuperFastMode","Uncapped","¡¼?Úª?ø«¡½REMEMod"],"gold_per_floor":[156,156,156,219,219,304,304,141,141,237,282,282,282,83,83,311,311,357,307,307,432,444,582,594,606,618,630,689,701,713,59,59,78,78],"floor_reached":33,"playtime":549,"items_purged":[],"score":1005,"play_id":"01b9ecce-53a3-4379-b0d0-2e6b6bbefbd1","local_time":"20201225094546","daily_mods":["SealedDeck","Hoarder","Insanity","Chimera","Specialized","Vintage","ControlledChaos","Allstar","Diverse","Colorless Cards","Heirloom","Time Dilation","Flight","Binary","Elite Swarm","Lethality","Midas","Night Terrors","Binary"],"is_ascension_mode":true,"campfire_choices":[{"floor":15,"key":"REST"},{"floor":25,"key":"REST"},{"floor":27,"key":"REST"}],"circlet_count":0,"master_deck":["Demon Form","Wraith Form v2","Echo Form","DevaForm","AscendersBane","Bash","Survivor","Zap","Strike_R","Strike_G","Strike_B","Defend_R","Defend_G","Defend_P","FlurryOfBlows","Sanctity","Body Slam","Flex","Conserve Battery","BootSequence","JustLucky","Wild Strike","Blur","Concentrate","ReplayTheSpireMod:Strike From Hell","Madness","FTL","BasicCrystalCard","Hidden Blade","Thunderclap","Havoc","ReplayTheSpireMod:Strike From Hell","ThirdEye","Sword Boomerang","Replay:BluntJabs","REME_SingleHolding","Discovery","Panic Button","Leap","Defy Death","SashWhip","Replay:Undeath\u0027s Touch","Sweeping Beam","FlurryOfBlows","Rebound","REME_Repentance","Doom and Gloom","Evaluate","Rupture","Panic Button","Pummel","Backflip","FlyingSleeves","Wild Strike","Backflip","Replay:Parry","Sweeping Beam","Force Field","Streamline","PanicButton","Hologram","BasicCrystalCard","Wild Strike","WaveOfTheHand","WaveOfTheHand","WaveOfTheHand","WaveOfTheHand","WaveOfTheHand","WaveOfTheHand","WaveOfTheHand","WaveOfTheHand","WaveOfTheHand","WaveOfTheHand","WaveOfTheHand","WaveOfTheHand","WaveOfTheHand","WaveOfTheHand","WaveOfTheHand","Outmaneuver","Outmaneuver","Outmaneuver","ReplayTheSpireMod:Dual Polarity","ReplayTheSpireMod:Dual Polarity","ReplayTheSpireMod:Dual Polarity","Leap","Leap","Leap","Pommel Strike","Pommel Strike","Pommel Strike","Deadly Poison","Deadly Poison","Deadly Poison","Rip and Tear","Rip and Tear","Rip and Tear","Turbo","Turbo","Turbo","Wild Strike","Wild Strike","Wild Strike","Replay:Cycle","Replay:Cycle","Replay:Cycle","Replay:BasicMightCard","Replay:BasicMightCard","Replay:BasicMightCard","Infernal Blade","Infernal Blade","Infernal Blade","Pain","Creative AI+1","Creative AI+1","Creative AI+1","conspire:Charge+1","conspire:Charge+1","conspire:Charge+1","ReplayTheSpireMod:Doomed","ReplayTheSpireMod:Doomed","ReplayTheSpireMod:Doomed","conspire:SpireCoStock","conspire:SpireCoStock","conspire:SpireCoStock","Amnesia","Amnesia","Amnesia","ReplayTheSpireMod:Haul","ReplayTheSpireMod:Haul","ReplayTheSpireMod:Haul","Decay","Decay","Decay"],"relics":["Iron Core","Frozen Eye","Busted Crown","REME_ComplimentaryCards","Pondfish Scales","Replay:Bandana","infinitespire:Cubic Diamond","WarpedTongs","Eternal Feather","zeldaRelics:CourageTriforce","infinitespire:Beetle Shell","zeldaRelics:WisdomTriforce","Lantern","infinitespire:CheckeredPen","Replay:Lucky Slots","Astrolabe","REME_PuzzleBoxRelic","MawBank","Pet Ghost","zeldaRelics:PowerPiece","Shovel","Replay:Blank Codex","Torii","Snake Skull","Sling"],"acts_visited":["Exordium","TheCity"],"potions_floor_usage":[23,30],"damage_taken":[{"damage":0,"enemies":"Cultist","floor":1,"turns":1},{"damage":22,"enemies":"2 Louse","floor":4,"turns":4},{"damage":3,"enemies":"Lagavulin","floor":6,"turns":5},{"damage":0,"enemies":"3 Sentries","floor":10,"turns":4},{"damage":0,"enemies":"Small Slimes","floor":11,"turns":1},{"damage":7,"enemies":"Slime Boss","floor":16,"turns":5},{"damage":0,"enemies":"Shell Parasite","floor":18,"turns":2},{"damage":7,"enemies":"conspire:MimicChest","floor":21,"turns":3},{"damage":27,"enemies":"Nightmare","floor":23,"turns":4},{"damage":0,"enemies":"Spheric Guardian","floor":28,"turns":3},{"damage":57,"enemies":"Pondfish","floor":33,"turns":6}],"seed_played":"6113242000043225906","potions_obtained":[{"floor":4,"key":"Explosive Potion"},{"floor":16,"key":"Languid Potion"},{"floor":23,"key":"SneckoOil"},{"floor":30,"key":"Fruit Juice"},{"floor":30,"key":"Weak Potion"}],"is_trial":true,"path_per_floor":["M","?","?","M","?","E","T","$","T","E","M","?","T","$","R","B",null,"M","?","?","?","?","NM","?","R","T","R","M","?","?","$","R","B"],"character_chosen":"THE_SILENT","items_purchased":["infinitespire:Beetle Shell","Replay:Lucky Slots","Torii","Snake Skull","Sling"],"campfire_rested":3,"item_purchase_floors":[8,14,31,31,31],"current_hp_per_floor":[59,59,59,37,30,27,27,27,27,27,27,1,1,1,61,54,59,59,59,59,52,37,10,10,56,56,51,51,30,35,35,56,0,0],"gold":78,"neow_bonus":"","is_daily":false,"chose_seed":false,"campfire_upgraded":0,"win_rate":0.0,"timestamp":1608857146,"path_taken":["M","?","?","?","?","E","?","$","T","E","M","?","?","?","R","BOSS","M","?","?","?","?","NM","?","R","T","R","?","?","?","$","R","BOSS"],"items_purchased_type":["Relic","Relic","Relic","Relic","Relic"],"build_version":"2020-12-22","purchased_purges":0,"victory":false,"max_hp_per_floor":[66,66,66,66,66,66,66,66,66,66,66,66,66,66,61,61,61,61,61,61,61,61,61,61,56,56,51,51,51,56,56,56,56,56],"relic_stats":{"Busted Crown":14,"Shovel":0,"Torii":11,"counters":[11,38],"Astrolabe":["Creative AI","conspire:Charge","ReplayTheSpireMod:Doomed"],"Eternal Feather":137,"Snake Skull":[2],"MawBank":132,"obtain_stats":[{"Iron Core":2,"Lantern":11,"Torii":31,"infinitespire:Cubic Diamond":2,"Snake Skull":31,"Sling":31,"Pet Ghost":21,"zeldaRelics:WisdomTriforce":23,"Frozen Eye":0,"Replay:Bandana":1,"Shovel":28,"Replay:Lucky Slots":14,"zeldaRelics:CouragePiece":6,"zeldaRelics:PowerPiece":26,"Replay:Blank Codex":29,"Ring of the Snake":0,"zeldaRelics:WisdomPiece":10,"Astrolabe":17,"Eternal Feather":4,"infinitespire:Beetle Shell":8,"infinitespire:CheckeredPen":12,"MawBank":20,"zeldaRelics:CourageTriforce":9,"WarpedTongs":3,"Pondfish Scales":0,"Busted Crown":0,"REME_PuzzleBoxRelic":18,"REME_ComplimentaryCards":0},{"Iron Core":1,"Lantern":5,"Torii":10,"infinitespire:Cubic Diamond":1,"Snake Skull":10,"Sling":10,"Pet Ghost":8,"zeldaRelics:WisdomTriforce":9,"Frozen Eye":0,"Replay:Bandana":1,"Shovel":10,"Replay:Lucky Slots":5,"zeldaRelics:CouragePiece":3,"zeldaRelics:PowerPiece":9,"Replay:Blank Codex":10,"Ring of the Snake":0,"zeldaRelics:WisdomPiece":4,"Astrolabe":6,"Eternal Feather":2,"infinitespire:Beetle Shell":3,"infinitespire:CheckeredPen":5,"MawBank":7,"zeldaRelics:CourageTriforce":3,"WarpedTongs":1,"Pondfish Scales":0,"Busted Crown":0,"REME_PuzzleBoxRelic":7,"REME_ComplimentaryCards":0},{"Iron Core":1,"Lantern":15,"Torii":32,"infinitespire:Cubic Diamond":1,"Snake Skull":32,"Sling":32,"Pet Ghost":25,"zeldaRelics:WisdomTriforce":29,"Frozen Eye":0,"Replay:Bandana":1,"Shovel":32,"Replay:Lucky Slots":15,"zeldaRelics:CouragePiece":10,"zeldaRelics:PowerPiece":29,"Replay:Blank Codex":32,"Ring of the Snake":0,"zeldaRelics:WisdomPiece":14,"Astrolabe":20,"Eternal Feather":5,"infinitespire:Beetle Shell":10,"infinitespire:CheckeredPen":15,"MawBank":22,"zeldaRelics:CourageTriforce":10,"WarpedTongs":1,"Pondfish Scales":0,"Busted Crown":0,"REME_PuzzleBoxRelic":22,"REME_ComplimentaryCards":0}],"WarpedTongs":[37]},"card_choices":[{"not_picked":["ReplayTheSpireMod:Black Plague","infinitespire:FutureSight"],"picked":"ReplayTheSpireMod:Haul","floor":22}],"player_experience":1421072,"relics_obtained":[{"floor":1,"key":"Replay:Bandana"},{"floor":4,"key":"Eternal Feather"},{"floor":6,"key":"zeldaRelics:CouragePiece"},{"floor":7,"key":"zeldaRelics:CouragePiece"},{"floor":9,"key":"zeldaRelics:CouragePiece"},{"floor":10,"key":"zeldaRelics:WisdomPiece"},{"floor":11,"key":"Lantern"},{"floor":13,"key":"zeldaRelics:WisdomPiece"},{"floor":18,"key":"REME_PuzzleBoxRelic"},{"floor":21,"key":"Pet Ghost"},{"floor":23,"key":"zeldaRelics:WisdomPiece"},{"floor":26,"key":"zeldaRelics:PowerPiece"},{"floor":28,"key":"Shovel"},{"floor":29,"key":"Replay:Blank Codex"}],"event_choices":[{"damage_healed":0,"gold_gain":0,"player_choice":"Rummage","damage_taken":0,"relics_obtained":["WarpedTongs"],"max_hp_gain":0,"max_hp_loss":0,"event_name":"Accursed Blacksmith","floor":3,"gold_loss":0,"cards_obtained":["Pain"]},{"cards_removed":["Pain"],"damage_healed":0,"gold_gain":0,"player_choice":"Card Removal","damage_taken":7,"max_hp_gain":0,"max_hp_loss":0,"event_name":"Golden Wing","floor":5,"gold_loss":0},{"damage_healed":0,"gold_gain":0,"player_choice":"Success","damage_taken":26,"relics_obtained":["infinitespire:CheckeredPen"],"max_hp_gain":0,"max_hp_loss":0,"event_name":"Scrap Ooze","floor":12,"gold_loss":0},{"damage_healed":0,"gold_gain":0,"player_choice":"Invest 1","damage_taken":0,"max_hp_gain":0,"max_hp_loss":0,"event_name":"conspire:Investor","floor":19,"gold_loss":0},{"damage_healed":0,"gold_gain":0,"player_choice":"Smashed Altar","damage_taken":0,"max_hp_gain":0,"max_hp_loss":0,"event_name":"Forgotten Altar","floor":24,"gold_loss":0,"cards_obtained":["Decay"]},{"damage_healed":0,"gold_gain":0,"player_choice":"Obtained Book","damage_taken":21,"max_hp_gain":0,"max_hp_loss":0,"event_name":"Cursed Tome","floor":29,"gold_loss":0},{"damage_healed":0,"gold_gain":0,"player_choice":"Got Potions","damage_taken":0,"max_hp_gain":0,"max_hp_loss":0,"event_name":"Lab","floor":30,"gold_loss":0},{"damage_healed":0,"gold_gain":0,"player_choice":"Ignored","damage_taken":0,"max_hp_gain":0,"max_hp_loss":0,"event_name":"N\u0027loth","floor":32,"gold_loss":0}],"is_beta":false,"boss_relics":[{"not_picked":["Kintsugi","REME_LowDesire"],"picked":"Astrolabe"}],"items_purged_floors":[],"is_endless":true,"potions_floor_spawned":[4,16,23,28],"killed_by":"Pondfish","ascension_level":20}}