{"host":"pe0zhl1vvtkxuc0p","time":1608908630,"event":{"mods":["A Magickal Journey","AchievementEnabler","Aspiration","Astrologer","Bard","BaseMod","Card Forge","CatGirl Mod","Challenge The Spire","Chen","Colored Powertips","Conspire","Curses Come First","GifTheSpireLib","Glutton Mod","Gremlin Mod","Hubris","Hunter 猎人","Infinite Spire","KinomotoSakuraMod(木之本樱)","LagranYue(拉格朗・月)","Luminous","Marisa（F雨　魔理沙）","Minty Spire (QoL Compilation)","Quick Restart","Relic Filter","Remilia（蕾米莉亚）","Replay The Spire","Shop Mod","Spikes Relics","StSLib","Stuff the Spire","SuperFastMode","Td1madao Mod","TestMod","The Blackbeard","The Bug Knight","The Caster","The Clintock","The Cursed","The Factory","The Florist","The Hayseed","The Hierophant","The Jungle","The Mystic","The Necromancer","The Sage","残留之物"],"gold_per_floor":[119,69,78,78,97,97,138,138,162,162,162],"floor_reached":10,"playtime":616,"items_purged":[],"score":67,"play_id":"977b7a71-40ba-4933-b9a4-a777796c8e03","local_time":"20201225230350","is_ascension_mode":true,"campfire_choices":[{"floor":6,"key":"RECALL"}],"circlet_count":0,"master_deck":["Strike_P","Strike_P","Strike_P","Defend_P","Defend_P","Eruption","Vigilance","EmptyMind","PathToVictory","ThirdEye","Replay:Cycle"],"relics":["PureWater","CeramicFish","LagranYue:RandomDrawCardRelic","Turnip","Vajra"],"acts_visited":[],"potions_floor_usage":[7],"damage_taken":[{"damage":1,"enemies":"2 Louse","floor":1,"turns":2},{"damage":5,"enemies":"Small Slimes","floor":5,"turns":3},{"damage":56,"enemies":"Lagavulin","floor":7,"turns":8},{"damage":15,"enemies":"Gremlin Nob","floor":10,"turns":2}],"seed_played":"-1897569740773823010","potions_obtained":[{"floor":5,"key":"SkillPotion"}],"is_trial":false,"path_per_floor":["M","?","?","?","M","R","E","?","T","E"],"character_chosen":"WATCHER","items_purchased":[],"campfire_rested":0,"item_purchase_floors":[],"current_hp_per_floor":[71,71,71,71,66,66,10,10,10,0,0],"gold":162,"neow_bonus":"RANDOM_COMMON_RELIC","is_daily":false,"chose_seed":false,"campfire_upgraded":0,"win_rate":0.0,"timestamp":1608908630,"path_taken":["M","?","?","?","?","R","E","?","T","E"],"items_purchased_type":[],"build_version":"2020-12-22","purchased_purges":0,"victory":false,"max_hp_per_floor":[72,72,72,72,72,72,72,72,72,72,72],"card_choices":[{"not_picked":["BowlingBash","WaveOfTheHand"],"picked":"EmptyMind","floor":1},{"not_picked":["FlyingSleeves","JustLucky"],"picked":"ThirdEye","floor":5},{"not_picked":["EmptyFist","Replay:BluntJabs"],"picked":"Replay:Cycle","floor":7}],"player_experience":551714,"relics_obtained":[{"floor":7,"key":"Turnip"}],"event_choices":[{"cards_removed":["Defend_P"],"damage_healed":0,"gold_gain":0,"player_choice":"Card Removal","damage_taken":0,"max_hp_gain":0,"max_hp_loss":0,"event_name":"The Cleric","floor":2,"gold_loss":50},{"damage_healed":0,"gold_gain":0,"cards_transformed":["Strike_P"],"player_choice":"Change","damage_taken":0,"max_hp_gain":0,"max_hp_loss":0,"event_name":"Living Wall","floor":3,"gold_loss":0,"cards_obtained":["PathToVictory"]},{"cards_removed":["Defend_P"],"damage_healed":0,"gold_gain":0,"player_choice":"Offered Basic","damage_taken":0,"max_hp_gain":0,"max_hp_loss":0,"event_name":"Bonfire Elementals","floor":4,"gold_loss":0}],"is_beta":false,"boss_relics":[],"items_purged_floors":[],"is_endless":false,"potions_floor_spawned":[5],"killed_by":"Gremlin Nob","ascension_level":1}}