{"host":"¿à÷økuyou","time":1608902622,"event":{"mods":["ATMod(°¢èªMod)","Act Like it!","BaseMod","Lobotomy","Minty Spire (QoL Compilation)","Quick Restart","StSLib"],"gold_per_floor":[110,35,47,95,115,115,126,160,160,160,179,179,191,205,205,303,353,369,380,397,417,436,462,462,494,518,551,551,551],"floor_reached":28,"playtime":1332,"items_purged":["Defend_B"],"score":383,"play_id":"5f9414c7-770f-41a0-bb9b-fdc22a532991","local_time":"20201225212342","is_ascension_mode":true,"campfire_choices":[{"data":"AT_ShrugMaster","floor":6.0,"key":"SMITH"},{"data":"Coolheaded","floor":12.0,"key":"SMITH"},{"data":"Turbo","floor":15.0,"key":"SMITH"},{"data":"Recycle","floor":24.0,"key":"SMITH"}],"circlet_count":0,"master_deck":["Strike_B","Strike_B","Defend_B","Defend_B","Defend_B","Zap","Dualcast","AT_ShrugMaster+1","Ball Lightning","White Noise","Coolheaded+1","AT_HeatAcrobatics","Self Repair","Storm","Turbo+1","Electrodynamics+1","Heatsinks+1","Recycle+1","Core Surge","Capacitor","Consume+1"],"relics":["AT_ATBox","Empty Cage","Centennial Puzzle","AT_GreenNoBalance","Sundial","Regal Pillow","Tiny House","Bottled Flame","Nunchaku","Juzu Bracelet","AT_Kusabimaru"],"acts_visited":["Exordium","TheCity"],"potions_floor_usage":[28],"damage_taken":[{"damage":1.0,"enemies":"Cultist","floor":1.0,"turns":4.0},{"damage":2.0,"enemies":"Jaw Worm","floor":3.0,"turns":5.0},{"damage":0.0,"enemies":"Small Slimes","floor":5.0,"turns":3.0},{"damage":3.0,"enemies":"Blue Slaver","floor":7.0,"turns":5.0},{"damage":10.0,"enemies":"3 Sentries","floor":8.0,"turns":8.0},{"damage":11.0,"enemies":"Exordium Thugs","floor":11.0,"turns":5.0},{"damage":9.0,"enemies":"Red Slaver","floor":13.0,"turns":4.0},{"damage":10.0,"enemies":"3 Louse","floor":14.0,"turns":4.0},{"damage":27.0,"enemies":"The Guardian","floor":16.0,"turns":14.0},{"damage":15.0,"enemies":"Shell Parasite","floor":18.0,"turns":4.0},{"damage":21.0,"enemies":"Chosen","floor":19.0,"turns":5.0},{"damage":32.0,"enemies":"Shelled Parasite and Fungi","floor":20.0,"turns":5.0},{"damage":20.0,"enemies":"Snake Plant","floor":21.0,"turns":6.0},{"damage":21.0,"enemies":"Snecko","floor":22.0,"turns":6.0},{"damage":43.0,"enemies":"Slavers","floor":23.0,"turns":3.0},{"damage":17.0,"enemies":"Book of Stabbing","floor":25.0,"turns":5.0},{"damage":15.0,"enemies":"Gremlin Leader","floor":27.0,"turns":5.0},{"damage":18,"enemies":"Shelled Parasite and Fungi","floor":28,"turns":2}],"seed_played":"1171141822694890119","potions_obtained":[{"floor":1.0,"key":"EntropicBrew"},{"floor":3.0,"key":"Block Potion"},{"floor":8.0,"key":"DuplicationPotion"},{"floor":11.0,"key":"Fire Potion"},{"floor":14.0,"key":"FairyPotion"},{"floor":23.0,"key":"Swift Potion"},{"floor":25.0,"key":"Weak Potion"}],"is_trial":false,"path_per_floor":["M","$","M","T","M","R","M","E","T","?","M","R","M","M","R","B",null,"M","M","M","M","M","E","R","E","T","E","M"],"character_chosen":"DEFECT","items_purchased":[],"campfire_rested":0,"item_purchase_floors":[],"current_hp_per_floor":[67,67,65,65,65,65,62,52,52,52,26,26,35,34,34,17,66,32,26,15,27,26,31,31,21,21,13,0,0],"gold":551,"neow_bonus":"BOSS_RELIC","is_daily":false,"chose_seed":false,"campfire_upgraded":4,"win_rate":0.0,"timestamp":1608902622,"path_taken":["M","?","?","?","?","R","M","E","T","?","M","R","M","?","R","BOSS","M","M","M","M","M","E","R","E","T","E","M"],"items_purchased_type":[],"build_version":"2020-12-18","purchased_purges":1,"victory":false,"max_hp_per_floor":[75,75,75,75,75,75,75,75,75,75,75,75,75,75,75,75,80,80,80,80,80,80,80,80,80,80,80,80,80],"card_choices":[{"not_picked":["Double Energy","Rebound","Redo"],"picked":"SKIP","floor":1.0},{"not_picked":["Blizzard","Rip and Tear"],"picked":"Ball Lightning","floor":3.0},{"not_picked":["Storm","Ball Lightning"],"picked":"White Noise","floor":5.0},{"not_picked":["AT_DarkMatter","Steam"],"picked":"Coolheaded","floor":7.0},{"not_picked":["Melter","Darkness"],"picked":"AT_HeatAcrobatics","floor":8.0},{"not_picked":["AT_WarpDrive","Glacier"],"picked":"Self Repair","floor":11.0},{"not_picked":["Ball Lightning","AT_HeatAcrobatics"],"picked":"Storm","floor":13.0},{"not_picked":["Ball Lightning","Cold Snap"],"picked":"Turbo","floor":14.0},{"not_picked":["Core Surge","Seek"],"picked":"Electrodynamics","floor":16.0},{"not_picked":["Gash","Turbo"],"picked":"Heatsinks+1","floor":18.0},{"not_picked":["Beam Cell+1","Compile Driver"],"picked":"Recycle","floor":19.0},{"not_picked":["Stack+1","Hologram","AT_HeatAcrobatics"],"picked":"SKIP","floor":20.0},{"not_picked":["Force Field","AT_HeatAcrobatics"],"picked":"Core Surge","floor":21.0},{"not_picked":["Redo","Conserve Battery"],"picked":"Capacitor","floor":22.0},{"not_picked":["Rebound+1","Cold Snap","Aggregate"],"picked":"SKIP","floor":23.0},{"not_picked":["Reinforced Body","Go for the Eyes"],"picked":"Consume+1","floor":25.0},{"not_picked":["Leap","Streamline+1","Cold Snap"],"picked":"SKIP","floor":27.0}],"player_experience":141101,"relics_obtained":[{"floor":4.0,"key":"Centennial Puzzle"},{"floor":8.0,"key":"AT_SilverBalance"},{"floor":9.0,"key":"Sundial"},{"floor":10.0,"key":"Regal Pillow"},{"floor":23.0,"key":"Bottled Flame"},{"floor":25.0,"key":"Nunchaku"},{"floor":26.0,"key":"Juzu Bracelet"},{"floor":27.0,"key":"AT_Kusabimaru"}],"event_choices":[{"damage_healed":0.0,"max_hp_gain":0.0,"max_hp_loss":0.0,"gold_gain":0.0,"event_name":"Wheel of Change","player_choice":"Relic","floor":10.0,"gold_loss":0.0,"damage_taken":0.0}],"is_beta":true,"boss_relics":[{"not_picked":["Velvet Choker","Ectoplasm"],"picked":"Tiny House"}],"items_purged_floors":[2],"is_endless":false,"potions_floor_spawned":[1,3,8,11,13,14,19,21,23,25],"killed_by":"Shelled Parasite and Fungi","ascension_level":7}}