{"host":"9d9dhukr2jywmy0f","time":1608917213,"event":{"mods":["2.2 Compatiblity","Alarm Clock","BaseMod","Bestiary","Block Reminder","Challenge The Spire","Colored Map","Colored Powertips","Curses Come First","DeckTracker","Displayed Cursed Tome","Highlight Path","Key Reminder","Keyboard Shortcuts","Minty Spire (QoL Compilation)","MonsterHotkey","Potion Indicator Mod","Quick Restart","Rare Cards Sparkle","Relic Sorter","Relic Stats","Spire Birthday Party","StSLib","Synergy Search","Unceasing Turn Reminder","Unknown Chances"],"gold_per_floor":[565,260,287,316,343,343,192,36,70,96,126,126,126,126,126,126,126,126],"floor_reached":19,"playtime":1023,"items_purged":["Strike_G","Strike_G"],"score":445,"play_id":"90b773de-60bb-421e-9354-7c83c009487a","local_time":"20201226012653","daily_mods":["challengethespire:Elite Rush","challengethespire:Bronze Difficulty","Uncertain Future"],"is_ascension_mode":false,"campfire_choices":[{"data":"Accuracy+1","floor":13.0,"key":"SMITH"},{"data":"Blade Dance","floor":14.0,"key":"SMITH"}],"circlet_count":0,"master_deck":["Strike_G","Strike_G","Strike_G","Defend_G","Defend_G","Defend_G","Defend_G","Defend_G","Survivor","Neutralize+1","Accuracy+1","Finisher+1","Escape Plan","Escape Plan","Footwork+1","Blade Dance+1","Accuracy+1","Accuracy+1","Backflip","Escape Plan"],"relics":["Ring of the Snake","Black Star","Sling","PreservedInsect","InkBottle","Orichalcum","Toy Ornithopter","Whetstone","StoneCalendar","Blue Candle","Frozen Egg 2","Letter Opener","WristBlade","ClockworkSouvenir","Medical Kit","Oddly Smooth Stone","Anchor","Kunai","MealTicket","Blood Vial","Ectoplasm","Omamori","Smiling Mask","Torii","Vajra","Art of War","Eternal Feather","CeramicFish","Nunchaku"],"acts_visited":["Exordium"],"potions_floor_usage":[18,18,18],"damage_taken":[{"damage":8.0,"enemies":"Gremlin Nob","floor":3.0,"turns":4.0},{"damage":3.0,"enemies":"3 Sentries","floor":4.0,"turns":5.0},{"damage":0.0,"enemies":"3 Sentries","floor":5.0,"turns":7.0},{"damage":25.0,"enemies":"Gremlin Leader","floor":9.0,"turns":7.0},{"damage":0.0,"enemies":"Slavers","floor":10.0,"turns":5.0},{"damage":2.0,"enemies":"Book of Stabbing","floor":11.0,"turns":4.0},{"damage":8,"enemies":"Reptomancer","floor":15,"turns":4},{"damage":0,"enemies":"Giant Head","floor":16,"turns":4},{"damage":1,"enemies":"Nemesis","floor":17,"turns":5},{"damage":0,"enemies":"Shield and Spear","floor":18,"turns":5}],"seed_played":"-1211493942866147078","potions_obtained":[{"floor":4.0,"key":"CunningPotion"},{"floor":10.0,"key":"Dexterity Potion"},{"floor":18,"key":"CunningPotion"}],"is_trial":true,"path_per_floor":["$","$","E","E","E","T","$","$","E","E","E","T","R","R","E","E","E","E",null],"character_chosen":"THE_SILENT","items_purchased":["Accuracy","InkBottle","Finisher","Orichalcum","Strength Potion","ClockworkSouvenir","Medical Kit"],"campfire_rested":0,"item_purchase_floors":[1,1,1,2,2,7,8],"current_hp_per_floor":[70,70,62,59,59,59,59,59,34,34,32,32,32,32,26,28,29,46],"gold":126,"neow_bonus":"","is_daily":false,"chose_seed":false,"campfire_upgraded":2,"win_rate":0.0,"timestamp":1608917213,"path_taken":["$","$","E","E","E","T","$","$","E","E","E","T","R","R","E","E","E","E"],"items_purchased_type":["Card","Relic","Card","Relic","Potion","Relic","Relic"],"build_version":"2020-11-30","purchased_purges":2,"victory":true,"max_hp_per_floor":[70,70,70,70,70,70,70,70,70,70,70,70,70,70,70,70,70,70],"relic_stats":{"Torii":2,"counters":[10,50],"Blue Candle":[0],"CeramicFish":0,"StoneCalendar":[53],"Eternal Feather":0,"PreservedInsect":508,"Whetstone":["Neutralize","Finisher"],"Letter Opener":[76],"Orichalcum":[42],"Medical Kit":[7],"Smiling Mask":0,"Blood Vial":8,"Nunchaku":[0],"MealTicket":0,"Ectoplasm":121,"Black Star":10,"Art of War":[1],"Kunai":[13],"obtain_stats":[{"Torii":16,"CeramicFish":18,"Vajra":16,"StoneCalendar":4,"Whetstone":3,"Sling":0,"Smiling Mask":15,"ClockworkSouvenir":7,"Blood Vial":11,"Nunchaku":18,"WristBlade":6,"MealTicket":10,"Kunai":10,"InkBottle":1,"Ring of the Snake":0,"Blue Candle":4,"Oddly Smooth Stone":9,"Eternal Feather":17,"PreservedInsect":0,"Omamori":15,"Letter Opener":5,"Orichalcum":2,"Frozen Egg 2":5,"Medical Kit":8,"Anchor":9,"Ectoplasm":12,"Black Star":0,"Art of War":17,"Toy Ornithopter":3},{"Torii":8,"CeramicFish":10,"Vajra":8,"StoneCalendar":2,"Whetstone":1,"Sling":0,"Smiling Mask":7,"ClockworkSouvenir":3,"Blood Vial":6,"Nunchaku":10,"WristBlade":3,"MealTicket":5,"Kunai":5,"InkBottle":0,"Ring of the Snake":0,"Blue Candle":2,"Oddly Smooth Stone":4,"Eternal Feather":9,"PreservedInsect":0,"Omamori":7,"Letter Opener":3,"Orichalcum":0,"Frozen Egg 2":3,"Medical Kit":3,"Anchor":4,"Ectoplasm":6,"Black Star":0,"Art of War":9,"Toy Ornithopter":1},{"Torii":40,"CeramicFish":50,"Vajra":40,"StoneCalendar":9,"Whetstone":4,"Sling":0,"Smiling Mask":36,"ClockworkSouvenir":16,"Blood Vial":32,"Nunchaku":50,"WristBlade":16,"MealTicket":28,"Kunai":28,"InkBottle":0,"Ring of the Snake":0,"Blue Candle":9,"Oddly Smooth Stone":23,"Eternal Feather":45,"PreservedInsect":0,"Omamori":36,"Letter Opener":16,"Orichalcum":0,"Frozen Egg 2":16,"Medical Kit":16,"Anchor":23,"Ectoplasm":32,"Black Star":0,"Art of War":45,"Toy Ornithopter":4}],"InkBottle":[23],"Toy Ornithopter":15,"Ring of the Snake":[20]},"card_choices":[],"player_experience":756824,"relics_obtained":[{"floor":3.0,"key":"Toy Ornithopter"},{"floor":3.0,"key":"Whetstone"},{"floor":4.0,"key":"StoneCalendar"},{"floor":4.0,"key":"Blue Candle"},{"floor":5.0,"key":"Frozen Egg 2"},{"floor":5.0,"key":"Letter Opener"},{"floor":9.0,"key":"Oddly Smooth Stone"},{"floor":9.0,"key":"Anchor"},{"floor":10.0,"key":"Kunai"},{"floor":10.0,"key":"MealTicket"},{"floor":11.0,"key":"Blood Vial"},{"floor":15,"key":"Omamori"},{"floor":15,"key":"Smiling Mask"},{"floor":16,"key":"Torii"},{"floor":16,"key":"Vajra"},{"floor":17,"key":"Art of War"},{"floor":17,"key":"Eternal Feather"},{"floor":18,"key":"CeramicFish"},{"floor":18,"key":"Nunchaku"}],"event_choices":[],"is_beta":false,"boss_relics":[{"not_picked":["Calling Bell","SlaversCollar"],"picked":"WristBlade"},{"not_picked":["Astrolabe","Sozu"],"picked":"Ectoplasm"}],"items_purged_floors":[1,2],"is_endless":false,"potions_floor_spawned":[4,10,17,18],"ascension_level":0}}