{"host":"6xsbn6ynqlzwllfm","time":1608915579,"event":{"mods":["2.2 Compatiblity","BaseMod","Bestiary","Colored Map","Colored Powertips","Curses Come First","Downfall","Highlight Path","Keyboard Shortcuts","Minty Spire (QoL Compilation)","Quick Restart","Relic Stats","Slay the Relics Exporter","StSLib","SuperFastMode"],"gold_per_floor":[109,159,175,192,210,210,210,210],"floor_reached":7,"playtime":194,"items_purged":[],"score":86,"play_id":"c44b63ad-2724-4f61-9dcb-81380175ae50","local_time":"20201225115939","is_ascension_mode":true,"campfire_choices":[{"floor":6,"key":"REST"}],"circlet_count":0,"master_deck":["AscendersBane","Strike_R","Strike_R","Strike_R","Strike_R","Strike_R","Defend_R","Defend_R","Defend_R","Defend_R","Bash","Clash","Disarm","Thunderclap","Whirlwind"],"relics":["Runic Cube"],"acts_visited":["Exordium"],"potions_floor_usage":[7],"damage_taken":[{"damage":2,"enemies":"Cultist","floor":1,"turns":4},{"damage":7,"enemies":"Small Slimes","floor":3,"turns":4},{"damage":5,"enemies":"2 Louse","floor":4,"turns":4},{"damage":34,"enemies":"Large Slime","floor":5,"turns":6},{"damage":36,"enemies":"Lagavulin","floor":7,"turns":6}],"seed_played":"7458930901359103578","potions_obtained":[{"floor":5,"key":"Ancient Potion"}],"is_trial":false,"path_per_floor":["M","?","M","M","M","R","E"],"character_chosen":"IRONCLAD","items_purchased":[],"campfire_rested":1,"item_purchase_floors":[],"current_hp_per_floor":[66,66,59,54,20,42,6,6],"gold":210,"neow_bonus":"BOSS_RELIC","is_daily":false,"chose_seed":false,"campfire_upgraded":0,"win_rate":0.0,"timestamp":1608915579,"path_taken":["M","?","?","M","M","R","E"],"items_purchased_type":[],"build_version":"2020-12-22","purchased_purges":0,"victory":false,"max_hp_per_floor":[75,75,75,75,75,75,75,75],"relic_stats":{"counters":[5,24],"obtain_stats":[{"Burning Blood":0,"Runic Cube":0},{"Burning Blood":0,"Runic Cube":0},{"Burning Blood":0,"Runic Cube":0}],"Runic Cube":[10]},"card_choices":[{"not_picked":["Pommel Strike","Perfected Strike"],"picked":"Clash","floor":1},{"not_picked":["Entrench","Clash"],"picked":"Disarm","floor":3},{"not_picked":["Entrench","Perfected Strike"],"picked":"Thunderclap","floor":4},{"not_picked":["Power Through","Perfected Strike"],"picked":"Whirlwind","floor":5}],"player_experience":1254567,"relics_obtained":[],"event_choices":[{"damage_healed":0,"gold_gain":50,"player_choice":"Pray","damage_taken":0,"max_hp_gain":0,"max_hp_loss":0,"event_name":"Golden Shrine","floor":2,"gold_loss":0}],"is_beta":false,"boss_relics":[],"items_purged_floors":[],"is_endless":false,"potions_floor_spawned":[5],"killed_by":"Lagavulin","ascension_level":20}}