{"host":"6pgtslebjnyv5xmi","time":1608875169,"event":{"mods":["AchievementEnabler","BaseMod","Colored Map","Minty Spire (QoL Compilation)","Rare Cards Sparkle","StSLib","SuperFastMode","The Dragon Tamer","everything is the same but u backflip on backflip"],"gold_per_floor":[115,128,78,78,78,78,78,103,127,144,144,156,12,43,43,146,146,160,160,177,177,192,222,222,62,110,110,110,110],"floor_reached":28,"playtime":1076,"items_purged":[],"score":399,"play_id":"adfde105-0be1-496f-aa56-9f260305c736","local_time":"20201225144609","is_ascension_mode":true,"campfire_choices":[{"data":"Zap","floor":6,"key":"SMITH"},{"data":"Chaos","floor":11,"key":"SMITH"},{"data":"Lockon","floor":15,"key":"SMITH"},{"data":"Double Energy","floor":24,"key":"SMITH"},{"data":"Electrodynamics","floor":27,"key":"SMITH"}],"circlet_count":0,"master_deck":["Strike_B","Strike_B","Defend_B+1","Defend_B+1","Zap+1","Dualcast","Ball Lightning","Chaos+1","Glacier+1","Lockon+1","Seek","Buffer","Capacitor","Beam Cell+1","Double Energy+1","Self Repair","Turbo+1","Electrodynamics+1"],"relics":["Cracked Core","NeowsBlessing","Thread and Needle","Toy Ornithopter","Bronze Scales","Pen Nib","Bag of Marbles","SacredBark","Tiny Chest","War Paint"],"acts_visited":["Exordium","TheCity"],"potions_floor_usage":[14,16,16,16,23],"damage_taken":[{"damage":0,"enemies":"2 Louse","floor":1,"turns":1},{"damage":0,"enemies":"Small Slimes","floor":2,"turns":1},{"damage":0,"enemies":"Lagavulin","floor":8,"turns":1},{"damage":0,"enemies":"Jaw Worm","floor":10,"turns":3},{"damage":0,"enemies":"2 Fungi Beasts","floor":12,"turns":3},{"damage":3,"enemies":"3 Sentries","floor":14,"turns":5},{"damage":0,"enemies":"Hexaghost","floor":16,"turns":7},{"damage":0,"enemies":"Chosen","floor":18,"turns":3},{"damage":11,"enemies":"Spheric Guardian","floor":20,"turns":5},{"damage":10,"enemies":"Centurion and Healer","floor":22,"turns":5},{"damage":12,"enemies":"Book of Stabbing","floor":23,"turns":4},{"damage":71,"enemies":"Gremlin Leader","floor":28,"turns":6}],"seed_played":"6012974976073726162","potions_obtained":[{"floor":1,"key":"SteroidPotion"},{"floor":10,"key":"BlessingOfTheForge"},{"floor":12,"key":"Dexterity Potion"},{"floor":14,"key":"BlessingOfTheForge"},{"floor":22,"key":"Energy Potion"}],"is_trial":false,"path_per_floor":["M","M","?","?","T","R","?","E","T","M","R","M","$","E","R","B",null,"M","?","M","?","M","E","R","$","T","R","E"],"character_chosen":"DEFECT","items_purchased":["Pen Nib","Electrodynamics"],"campfire_rested":0,"item_purchase_floors":[13,25],"current_hp_per_floor":[75,75,75,60,60,60,53,53,53,53,53,53,53,55,55,70,74,74,74,63,63,60,60,60,60,60,60,0,0],"gold":110,"neow_bonus":"THREE_ENEMY_KILL","is_daily":false,"chose_seed":false,"campfire_upgraded":5,"win_rate":0.0,"timestamp":1608875169,"path_taken":["M","M","?","?","?","R","?","E","T","M","R","M","$","E","R","BOSS","M","?","M","?","M","E","R","$","T","R","E"],"items_purchased_type":["Relic","Card"],"build_version":"2020-12-22","purchased_purges":0,"victory":false,"max_hp_per_floor":[75,75,75,75,75,75,75,75,75,75,75,75,75,75,75,75,75,75,75,75,75,75,75,75,75,75,75,75,75],"card_choices":[{"not_picked":["Undo","Barrage"],"picked":"Ball Lightning","floor":1},{"not_picked":["Steam Power","Compile Driver","Force Field"],"picked":"SKIP","floor":2},{"not_picked":["Hologram","Hello World"],"picked":"Chaos","floor":8},{"not_picked":["Hologram","Static Discharge"],"picked":"Glacier","floor":10},{"not_picked":["Reinforced Body","BootSequence"],"picked":"Lockon","floor":12},{"not_picked":["Self Repair","Recycle"],"picked":"Seek","floor":14},{"not_picked":["All For One","Hyperbeam"],"picked":"Buffer","floor":16},{"not_picked":["Redo","Barrage","Static Discharge"],"picked":"SKIP","floor":18},{"not_picked":["Streamline","Sweeping Beam"],"picked":"Beam Cell+1","floor":20},{"not_picked":["Static Discharge","Steam","Coolheaded"],"picked":"SKIP","floor":22},{"not_picked":["Streamline","Leap+1"],"picked":"Turbo","floor":23}],"player_experience":484227,"relics_obtained":[{"floor":5,"key":"Thread and Needle"},{"floor":8,"key":"Toy Ornithopter"},{"floor":9,"key":"Bronze Scales"},{"floor":14,"key":"Bag of Marbles"},{"floor":23,"key":"Tiny Chest"},{"floor":26,"key":"War Paint"}],"event_choices":[{"cards_removed":["Strike_B"],"damage_healed":0,"gold_gain":0,"player_choice":"Card Removal","damage_taken":0,"max_hp_gain":0,"max_hp_loss":0,"event_name":"The Cleric","floor":3,"gold_loss":50},{"damage_healed":0,"gold_gain":0,"player_choice":"Entered Light","damage_taken":15,"max_hp_gain":0,"max_hp_loss":0,"event_name":"Shining Light","floor":4,"gold_loss":0,"cards_upgraded":["Defend_B","Defend_B"]},{"cards_removed":["Strike_B"],"damage_healed":0,"gold_gain":0,"player_choice":"Card Removal","damage_taken":7,"max_hp_gain":0,"max_hp_loss":0,"event_name":"Golden Wing","floor":7,"gold_loss":0},{"damage_healed":0,"gold_gain":0,"player_choice":"Read","damage_taken":0,"max_hp_gain":0,"max_hp_loss":0,"event_name":"The Library","floor":19,"gold_loss":0,"cards_obtained":["Capacitor"]},{"damage_healed":0,"gold_gain":0,"cards_transformed":["Defend_B","Defend_B"],"player_choice":"Became Test Subject","damage_taken":0,"max_hp_gain":0,"max_hp_loss":0,"event_name":"Drug Dealer","floor":21,"gold_loss":0,"cards_obtained":["Double Energy","Self Repair"]}],"is_beta":false,"boss_relics":[{"not_picked":["Velvet Choker","Snecko Eye"],"picked":"SacredBark"}],"items_purged_floors":[],"is_endless":false,"potions_floor_spawned":[1,10,12,14,22],"killed_by":"Gremlin Leader","ascension_level":5}}