{"host":"6xsbn6ynqlzwllfm","time":1608914691,"event":{"mods":["2.2 Compatiblity","BaseMod","Bestiary","Colored Map","Colored Powertips","Curses Come First","Downfall","Highlight Path","Keyboard Shortcuts","Minty Spire (QoL Compilation)","Quick Restart","Relic Stats","Slay the Relics Exporter","StSLib","SuperFastMode"],"gold_per_floor":[113,113,113,1,17,48,75,115,127,164,176,206,235,260,272,358,370,402,183,196,246,266,266,266],"floor_reached":23,"playtime":646,"items_purged":["Strike_R","Strike_R"],"score":576,"play_id":"d632f4d2-14be-4913-866e-56a88478cc2d","local_time":"20201225114451","is_ascension_mode":true,"campfire_choices":[{"data":"Bash","floor":11,"key":"SMITH"},{"data":"Immolate","floor":15,"key":"SMITH"}],"circlet_count":0,"master_deck":["AscendersBane","Strike_R","Strike_R","Strike_R","Defend_R+1","Defend_R+1","Defend_R","Defend_R+1","Bash+1","Cleave+1","Burning Pact","Wild Strike","Pommel Strike","Battle Trance","Fire Breathing+1","Headbutt","Immolate+1","Corruption+1","Wild Strike","Impatience","Flame Barrier","True Grit","Bloodletting"],"relics":["Burning Blood","NeowsBlessing","MawBank","Frozen Egg 2","Tiny Chest","War Paint","Sozu"],"acts_visited":["Exordium","TheCity"],"potions_floor_usage":[8,8,16,23],"damage_taken":[{"damage":0,"enemies":"2 Louse","floor":1,"turns":1},{"damage":0,"enemies":"Jaw Worm","floor":5,"turns":1},{"damage":0,"enemies":"Gremlin Nob","floor":6,"turns":1},{"damage":6,"enemies":"Cultist","floor":7,"turns":3},{"damage":15,"enemies":"3 Sentries","floor":8,"turns":6},{"damage":22,"enemies":"Lagavulin","floor":10,"turns":6},{"damage":0,"enemies":"2 Fungi Beasts","floor":12,"turns":3},{"damage":4,"enemies":"Exordium Wildlife","floor":13,"turns":4},{"damage":10,"enemies":"Large Slime","floor":14,"turns":4},{"damage":0,"enemies":"Slime Boss","floor":16,"turns":5},{"damage":35,"enemies":"3 Byrds","floor":18,"turns":4},{"damage":6,"enemies":"2 Thieves","floor":20,"turns":3},{"damage":18,"enemies":"Centurion and Healer","floor":22,"turns":4},{"damage":37,"enemies":"Slavers","floor":23,"turns":2}],"seed_played":"2355095514593808168","potions_obtained":[{"floor":1,"key":"Energy Potion"},{"floor":5,"key":"ElixirPotion"},{"floor":7,"key":"Explosive Potion"},{"floor":10,"key":"HeartOfIron"},{"floor":14,"key":"FearPotion"}],"is_trial":false,"path_per_floor":["M","?","?","$","M","E","M","E","T","E","R","M","M","M","R","B",null,"M","$","M","?","M","E"],"character_chosen":"IRONCLAD","items_purchased":["Burning Pact","Impatience","Flame Barrier"],"campfire_rested":0,"item_purchase_floors":[4,19,19],"current_hp_per_floor":[74,79,55,55,61,67,67,58,58,42,42,48,50,46,46,52,73,44,44,44,44,32,0,0],"gold":266,"neow_bonus":"THREE_ENEMY_KILL","is_daily":false,"chose_seed":false,"campfire_upgraded":2,"win_rate":0.0,"timestamp":1608914691,"path_taken":["M","?","?","?","?","E","M","E","T","E","R","M","M","M","R","BOSS","M","$","M","?","M","E"],"items_purchased_type":["Card","Card","Card"],"build_version":"2020-12-22","purchased_purges":2,"victory":false,"max_hp_per_floor":[75,80,80,80,80,80,80,80,80,80,80,80,80,80,80,80,80,80,80,80,80,80,80,80],"relic_stats":{"Sozu":1,"counters":[14,47],"Tiny Chest":0,"War Paint":["Defend_R","Defend_R"],"MawBank":156,"obtain_stats":[{"Sozu":17,"NeowsBlessing":0,"Tiny Chest":9,"Frozen Egg 2":8,"War Paint":10,"MawBank":6,"Burning Blood":0},{"Sozu":10,"NeowsBlessing":0,"Tiny Chest":5,"Frozen Egg 2":5,"War Paint":6,"MawBank":3,"Burning Blood":0},{"Sozu":34,"NeowsBlessing":0,"Tiny Chest":12,"Frozen Egg 2":12,"War Paint":18,"MawBank":3,"Burning Blood":0}],"Burning Blood":78},"card_choices":[{"not_picked":["Shockwave","Heavy Blade"],"picked":"Cleave","floor":1},{"not_picked":["Warcry","Hemokinesis"],"picked":"Wild Strike","floor":5},{"not_picked":["Double Tap","Flame Barrier"],"picked":"Pommel Strike","floor":6},{"not_picked":["Rage","True Grit"],"picked":"Battle Trance","floor":7},{"not_picked":["Perfected Strike","Headbutt"],"picked":"Fire Breathing+1","floor":8},{"not_picked":["Iron Wave","Warcry"],"picked":"Headbutt","floor":10},{"not_picked":["Iron Wave","Armaments"],"picked":"Immolate","floor":14},{"not_picked":["Demon Form+1","Offering"],"picked":"Corruption+1","floor":16},{"not_picked":["Thunderclap","Havoc"],"picked":"Wild Strike","floor":18},{"not_picked":["Infernal Blade","Body Slam"],"picked":"True Grit","floor":20},{"not_picked":["Thunderclap","Bludgeon"],"picked":"Bloodletting","floor":22}],"player_experience":1253355,"relics_obtained":[{"floor":6,"key":"MawBank"},{"floor":8,"key":"Frozen Egg 2"},{"floor":9,"key":"Tiny Chest"},{"floor":10,"key":"War Paint"}],"event_choices":[{"damage_healed":0,"gold_gain":0,"player_choice":"Donut","damage_taken":0,"max_hp_gain":5,"max_hp_loss":0,"event_name":"Big Fish","floor":2,"gold_loss":0},{"damage_healed":0,"gold_gain":0,"player_choice":"Entered Light","damage_taken":24,"max_hp_gain":0,"max_hp_loss":0,"event_name":"Shining Light","floor":3,"gold_loss":0,"cards_upgraded":["Cleave","Defend_R"]},{"damage_healed":0,"gold_gain":50,"player_choice":"Stole From Cult","damage_taken":0,"max_hp_gain":0,"max_hp_loss":0,"event_name":"Nest","floor":21,"gold_loss":0}],"is_beta":false,"boss_relics":[{"not_picked":["Runic Dome","Black Star"],"picked":"Sozu"}],"items_purged_floors":[4,19],"is_endless":false,"potions_floor_spawned":[1,5,7,10,14,18],"killed_by":"Slavers","ascension_level":20}}