{"host":"f5gffvlv6a66yqkd","time":1608907970,"event":{"mods":["2.2 Compatiblity","BaseMod","Colored Map","DeckTracker","Keyboard Shortcuts","Minty Spire (QoL Compilation)","Permanent Neow","Quick Restart","Relic Stats","StSLib","SuperFastMode"],"gold_per_floor":[13,13,30,47,147,147,161,180,180,211,31,81,81,94,94,168,168,179,229,229,240,255,255,255],"floor_reached":23,"playtime":562,"items_purged":["Strike_P"],"score":486,"play_id":"71972870-5224-4e8d-86e3-78e7efa55a67","local_time":"20201225235250","is_ascension_mode":true,"campfire_choices":[{"data":"Eruption","floor":6.0,"key":"SMITH"},{"floor":13.0,"key":"REST"},{"data":"EmptyFist","floor":15.0,"key":"SMITH"}],"circlet_count":0,"master_deck":["AscendersBane","Defend_P","Defend_P","Defend_P","Eruption+1","Vigilance","Wallop","FearNoEvil","MentalFortress","CrushJoints","Impatience","EmptyFist+1","Ragnarok","Tantrum","Evaluate"],"relics":["PureWater","Frozen Egg 2","Lantern","SacredBark"],"acts_visited":["Exordium","TheCity"],"potions_floor_usage":[22],"damage_taken":[{"damage":0.0,"enemies":"2 Louse","floor":1.0,"turns":4.0},{"damage":0.0,"enemies":"Cultist","floor":3.0,"turns":2.0},{"damage":0.0,"enemies":"Jaw Worm","floor":4.0,"turns":4.0},{"damage":12.0,"enemies":"Lots of Slimes","floor":7.0,"turns":5.0},{"damage":0.0,"enemies":"Red Slaver","floor":8.0,"turns":1.0},{"damage":42.0,"enemies":"3 Sentries","floor":10.0,"turns":15.0},{"damage":0.0,"enemies":"3 Louse","floor":14.0,"turns":4.0},{"damage":0.0,"enemies":"Slime Boss","floor":16.0,"turns":4.0},{"damage":20.0,"enemies":"3 Byrds","floor":18.0,"turns":4.0},{"damage":22.0,"enemies":"Shell Parasite","floor":21.0,"turns":3.0},{"damage":9,"enemies":"3 Cultists","floor":22,"turns":4},{"damage":15,"enemies":"Slavers","floor":23,"turns":1}],"seed_played":"3202451129660842935","potions_obtained":[{"floor":4.0,"key":"EssenceOfSteel"},{"floor":7.0,"key":"Swift Potion"},{"floor":8.0,"key":"FearPotion"},{"floor":16.0,"key":"FearPotion"}],"is_trial":false,"path_per_floor":["M","?","M","M","?","R","M","M","T","E","$","?","R","M","R","B",null,"M","?","?","M","M","E"],"character_chosen":"WATCHER","items_purchased":["Impatience"],"campfire_rested":1,"item_purchase_floors":[11],"current_hp_per_floor":[61,61,61,61,61,61,49,49,49,7,7,7,27,27,27,27,58,38,38,38,16,7,0,0],"gold":255,"neow_bonus":"REMOVE_TWO","is_daily":false,"chose_seed":false,"campfire_upgraded":2,"win_rate":0.0,"timestamp":1608907970,"path_taken":["M","?","?","M","?","R","?","M","T","E","?","?","R","?","R","BOSS","M","?","?","M","M","E"],"items_purchased_type":["Card"],"build_version":"2020-12-22","purchased_purges":1,"victory":false,"max_hp_per_floor":[68,68,68,68,68,68,68,68,68,68,68,68,68,68,68,68,68,68,68,68,68,68,68,68],"relic_stats":{"counters":[12,51],"obtain_stats":[{"Lantern":10,"SacredBark":17,"PureWater":0,"Frozen Egg 2":9},{"Lantern":6,"SacredBark":8,"PureWater":0,"Frozen Egg 2":5},{"Lantern":31,"SacredBark":39,"PureWater":0,"Frozen Egg 2":16}]},"card_choices":[{"not_picked":["PathToVictory","Crescendo"],"picked":"Wallop","floor":1.0},{"not_picked":["PathToVictory","EmptyFist"],"picked":"FearNoEvil","floor":3.0},{"not_picked":["WaveOfTheHand","PathToVictory"],"picked":"MentalFortress","floor":4.0},{"not_picked":["Vengeance","BowlingBash"],"picked":"CrushJoints","floor":7.0},{"not_picked":["ForeignInfluence","Prostrate","DevaForm"],"picked":"SKIP","floor":8.0},{"not_picked":["BattleHymn+1","Sanctity","Wireheading+1"],"picked":"SKIP","floor":10.0},{"not_picked":["PathToVictory","CrushJoints"],"picked":"EmptyFist","floor":14.0},{"not_picked":["Brilliance","Blasphemy"],"picked":"Ragnarok","floor":16.0},{"not_picked":["ClearTheMind","CrushJoints"],"picked":"Tantrum","floor":18.0},{"not_picked":["Pray","FollowUp","WindmillStrike"],"picked":"SKIP","floor":21.0},{"not_picked":["Evaluate","Vengeance","PathToVictory"],"picked":"SKIP","floor":22},{"not_picked":["Vengeance","PathToVictory"],"picked":"Evaluate","floor":22}],"player_experience":1484529,"relics_obtained":[{"floor":9.0,"key":"Frozen Egg 2"},{"floor":10.0,"key":"Lantern"}],"event_choices":[{"cards_removed":["Strike_P"],"damage_healed":0.0,"max_hp_gain":0.0,"max_hp_loss":0.0,"gold_gain":0.0,"event_name":"Bonfire Elementals","player_choice":"Offered Basic","floor":2.0,"gold_loss":0.0,"damage_taken":0.0},{"damage_healed":0.0,"max_hp_gain":0.0,"max_hp_loss":0.0,"gold_gain":100.0,"event_name":"Wheel of Change","player_choice":"Gold","floor":5.0,"gold_loss":0.0,"damage_taken":0.0},{"damage_healed":0.0,"max_hp_gain":0.0,"max_hp_loss":0.0,"gold_gain":50.0,"event_name":"Golden Shrine","player_choice":"Pray","floor":12.0,"gold_loss":0.0,"damage_taken":0.0},{"damage_healed":0.0,"max_hp_gain":0.0,"max_hp_loss":0.0,"gold_gain":50.0,"event_name":"Nest","player_choice":"Stole From Cult","floor":19.0,"gold_loss":0.0,"damage_taken":0.0},{"cards_removed":["Strike_P"],"damage_healed":0.0,"max_hp_gain":0.0,"max_hp_loss":0.0,"gold_gain":0.0,"event_name":"Back to Basics","player_choice":"Elegance","floor":20.0,"gold_loss":0.0,"damage_taken":0.0}],"is_beta":false,"boss_relics":[{"not_picked":["Tiny House","Cursed Key"],"picked":"SacredBark"}],"items_purged_floors":[11],"is_endless":false,"potions_floor_spawned":[4,7,8,16],"killed_by":"Slavers","ascension_level":20}}