{"host":"uae2ry9d6rl7cq98","time":1608860445,"event":{"mods":["AchievementEnabler","BaseMod","BetterRewards","Colored Map","Custom Start","Hermit","Hubris","Infinite Spire","Minty Spire (QoL Compilation)","Replay The Spire","Shop Mod","StSLib","SuperFastMode","The Animator","The Hierophant","The Servant 0.9.4"],"gold_per_floor":[117,292,304,16,33,33,46,46,46,46,46,46],"floor_reached":11,"playtime":360,"items_purged":[],"score":63,"play_id":"8d2f914a-c7ed-4ca6-b0e3-904f3b3fd2f6","local_time":"20201224174045","is_ascension_mode":false,"campfire_choices":[{"floor":6,"key":"RECALL"},{"data":"Defragment","floor":8,"key":"SMITH"},{"data":"Zap","floor":10,"key":"SMITH"}],"circlet_count":0,"master_deck":["Strike_B","Strike_B+1","Strike_B","Strike_B","Defend_B","Defend_B","Defend_B","Defend_B","Zap+1","Dualcast","Panic Button","Doubt","Gash+1","Defragment+1"],"relics":["Cracked Core","NeowsBlessing","Happy Flower","Art of War","Whetstone"],"acts_visited":["Exordium"],"potions_floor_usage":[],"damage_taken":[{"damage":0,"enemies":"Jaw Worm","floor":1,"turns":1},{"damage":0,"enemies":"Small Slimes","floor":3,"turns":1},{"damage":0,"enemies":"Cultist","floor":5,"turns":1},{"damage":31,"enemies":"Exordium Thugs","floor":7,"turns":7},{"damage":46,"enemies":"3 Sentries","floor":11,"turns":8}],"seed_played":"-8987670504992244401","potions_obtained":[{"floor":1,"key":"LiquidMemories"}],"is_trial":false,"path_per_floor":["M","?","M","$","M","R","M","R","T","R","E"],"character_chosen":"DEFECT","items_purchased":["Happy Flower","Art of War"],"campfire_rested":0,"item_purchase_floors":[4,4],"current_hp_per_floor":[75,75,75,75,75,75,44,44,44,44,0,0],"gold":46,"neow_bonus":"THREE_ENEMY_KILL","is_daily":false,"chose_seed":false,"campfire_upgraded":2,"win_rate":0.0,"timestamp":1608860445,"path_taken":["M","?","M","$","M","R","M","R","T","R","E"],"items_purchased_type":["Relic","Relic"],"build_version":"2020-12-22","purchased_purges":0,"victory":false,"max_hp_per_floor":[75,75,75,75,75,75,75,75,75,75,75,75],"card_choices":[{"not_picked":["Stack","Compile Driver"],"picked":"Panic Button","floor":1},{"not_picked":["ReplayTheSpireMod:System Scan","Melter"],"picked":"Gash","floor":3},{"not_picked":["Steam","Cold Snap","ReplayTheSpireMod:Reroute Power"],"picked":"SKIP","floor":5},{"not_picked":["Rebound","Hyperbeam"],"picked":"Defragment","floor":7}],"player_experience":244234,"relics_obtained":[{"floor":9,"key":"Whetstone"}],"event_choices":[{"damage_healed":0,"gold_gain":175,"player_choice":"AGREE","damage_taken":0,"max_hp_gain":0,"max_hp_loss":0,"event_name":"Liars Game","floor":2,"gold_loss":0,"cards_obtained":["Doubt"]}],"is_beta":false,"boss_relics":[],"items_purged_floors":[],"is_endless":false,"potions_floor_spawned":[1],"killed_by":"3 Sentries","ascension_level":0}}