{"host":"kiauivt48syq9iz6","time":1608873148,"event":{"mods":["BaseMod","Conspire","Downfall","Hermit","Minty Spire (QoL Compilation)","Replay The Spire","SIMod","StSLib","The Animator","The Construct","The Cursed","The Runesmith","The Servant 0.9.4"],"gold_per_floor":[111,111,8,18,18,48,48,64,143,153,172,186,186,186,252,357,357,371,371,404,404,5,30,30,30,30],"floor_reached":25,"playtime":1668,"items_purged":[],"score":319,"play_id":"f1bf5168-a03c-4cd6-8b2f-6a2a55c62f46","local_time":"20201224221228","is_ascension_mode":false,"campfire_choices":[{"data":"TheCursedMod:FleshFromBone","floor":7,"key":"SMITH"},{"floor":24,"key":"REST"}],"circlet_count":0,"master_deck":["TheCursedMod:Strike_TheCursed","TheCursedMod:Strike_TheCursed","TheCursedMod:Strike_TheCursed","TheCursedMod:Strike_TheCursed","TheCursedMod:Defend_TheCursed","TheCursedMod:Defend_TheCursed","TheCursedMod:Defend_TheCursed","TheCursedMod:Defend_TheCursed+1","TheCursedMod:CursedWand","TheCursedMod:CleanUpWorkshop","TheCursedMod:Dregs","TheCursedMod:NeowsMight","TheCursedMod:BlessingInDisguise","TheCursedMod:CursedMace","TheCursedMod:FleshFromBone+1","TheCursedMod:CursedBlade","TheCursedMod:SpitefulPray","TheCursedMod:CircleOfWindfury","TheCursedMod:Hemoplague","TheCursedMod:CircleOfCorruption","TheCursedMod:CircleOfFlame","Parasite","Decay","TheCursedMod:ManaCirculation","CurseOfTheBell","TheCursedMod:BloodBarrier","Writhe","TheCursedMod:CursedShiv","TheCursedMod:HellfireBreathing+1","TheCursedMod:CursedStaff","TheCursedMod:FleshFromBone","TheCursedMod:HellfireBreathing+1"],"relics":["TheCursedMod:BlackMagic101","Anchor","White Beast Statue","Calling Bell","Dream Catcher","conspire:BottledYoYo","TungstenRod","Replay:PocketPolymizer","Red Mask","Mummified Hand","Replay:Bottled Eggs"],"acts_visited":["Exordium","TheCity"],"potions_floor_usage":[16,18,20,23,23,25],"damage_taken":[{"damage":0,"enemies":"2 Louse","floor":1,"turns":3},{"damage":0,"enemies":"Small Slimes","floor":4,"turns":4},{"damage":3,"enemies":"3 Sentries","floor":6,"turns":8},{"damage":0,"enemies":"Cultist","floor":8,"turns":2},{"damage":0,"enemies":"Blue Slaver","floor":10,"turns":5},{"damage":2,"enemies":"Large Slime","floor":11,"turns":6},{"damage":2,"enemies":"Exordium Thugs","floor":12,"turns":3},{"damage":23,"enemies":"Slime Boss","floor":16,"turns":16},{"damage":14,"enemies":"3 Byrds","floor":18,"turns":6},{"damage":71,"enemies":"Masked Bandits","floor":20,"turns":8},{"damage":21,"enemies":"Slavers","floor":23,"turns":7},{"damage":38,"enemies":"Book of Stabbing","floor":25,"turns":5}],"seed_played":"-638184161550877590","potions_obtained":[{"floor":1,"key":"conspire:TimeTravelPotion"},{"floor":8,"key":"sneckomod:MuddlingPotion"},{"floor":10,"key":"FearPotion"},{"floor":12,"key":"Adrenaline Potion"},{"floor":16,"key":"ColorlessPotion"},{"floor":18,"key":"Weak Potion"},{"floor":20,"key":"Explosive Potion"},{"floor":23,"key":"Milkshake"}],"is_trial":false,"path_per_floor":["M","?","$","M","?","E","R","M","T","M","M","M","?","?","R","B",null,"M","?","?","?","$","E","R","E"],"character_chosen":"THE_CURSED","items_purchased":["TheCursedMod:CursedMace","TheCursedMod:FleshFromBone","Mummified Hand","TheCursedMod:HellfireBreathing","TheCursedMod:CursedStaff"],"campfire_rested":1,"item_purchase_floors":[3,3,22,22,22],"current_hp_per_floor":[75,75,75,75,75,72,72,72,72,72,70,68,75,75,75,52,75,61,61,11,36,36,15,37,0,0],"gold":30,"neow_bonus":"ONE_RANDOM_RARE_CARD","is_daily":false,"chose_seed":false,"campfire_upgraded":1,"win_rate":0.0,"timestamp":1608873148,"path_taken":["M","?","$","M","?","E","R","M","T","M","?","M","?","?","R","BOSS","M","?","?","?","$","E","R","E"],"items_purchased_type":["Card","Card","Relic","Card","Card"],"build_version":"2020-12-22","purchased_purges":0,"victory":false,"max_hp_per_floor":[75,75,75,75,75,75,75,75,75,75,75,75,75,75,75,75,75,75,75,75,75,75,75,75,75,75],"card_choices":[{"not_picked":["TheCursedMod:Stretching","TheCursedMod:Obscuration"],"picked":"TheCursedMod:BlessingInDisguise","floor":1},{"not_picked":["TheCursedMod:CursedMace","TheCursedMod:CursedAmulet"],"picked":"TheCursedMod:CursedBlade","floor":4},{"not_picked":["TheCursedMod:PrepareRite","TheCursedMod:CircleOfFocus"],"picked":"TheCursedMod:SpitefulPray","floor":6},{"not_picked":["TheCursedMod:CursedShiv","TheCursedMod:WearCloak"],"picked":"TheCursedMod:CircleOfWindfury","floor":8},{"not_picked":["TheCursedMod:StingEye","TheCursedMod:TacticalStrike"],"picked":"TheCursedMod:Hemoplague","floor":10},{"not_picked":["TheCursedMod:RapidMovement","TheCursedMod:ParallelWorld"],"picked":"TheCursedMod:CircleOfCorruption","floor":11},{"not_picked":["TheCursedMod:PrepareRite","TheCursedMod:TroublousMinions"],"picked":"TheCursedMod:CircleOfFlame","floor":12},{"not_picked":["TheCursedMod:CursedRelics","TheCursedMod:DarkBarrier"],"picked":"TheCursedMod:ManaCirculation","floor":16},{"not_picked":["TheCursedMod:VitalStrike","TheCursedMod:CursedAmulet"],"picked":"TheCursedMod:BloodBarrier","floor":18},{"not_picked":["TheCursedMod:CircleOfFlame","TheCursedMod:CircleOfWindfury"],"picked":"TheCursedMod:CursedShiv","floor":20},{"not_picked":["TheCursedMod:CircleOfBlood","TheCursedMod:Neurasthenia"],"picked":"TheCursedMod:FleshFromBone","floor":23},{"not_picked":["TheCursedMod:Torture","TheCursedMod:SpitefulStrike"],"picked":"TheCursedMod:HellfireBreathing","floor":24}],"player_experience":62555,"relics_obtained":[{"floor":6,"key":"Anchor"},{"floor":9,"key":"White Beast Statue"},{"floor":17,"key":"Dream Catcher"},{"floor":17,"key":"conspire:BottledYoYo"},{"floor":17,"key":"TungstenRod"},{"floor":20,"key":"Red Mask"},{"floor":23,"key":"Replay:Bottled Eggs"}],"event_choices":[{"damage_healed":0,"gold_gain":0,"player_choice":"Ignored","damage_taken":0,"max_hp_gain":0,"max_hp_loss":0,"event_name":"Fountain of Cleansing","floor":5,"gold_loss":0},{"damage_healed":18,"gold_gain":0,"player_choice":"Healed and dodged fight","damage_taken":0,"max_hp_gain":0,"max_hp_loss":0,"event_name":"Mushrooms","floor":13,"gold_loss":0,"cards_obtained":["Parasite"]},{"damage_healed":0,"gold_gain":0,"player_choice":"Cursed","damage_taken":0,"max_hp_gain":0,"max_hp_loss":0,"event_name":"Wheel of Change","floor":14,"gold_loss":0,"cards_obtained":["Decay"]},{"damage_healed":0,"gold_gain":0,"player_choice":"Opened","damage_taken":0,"relics_obtained":["Replay:PocketPolymizer"],"max_hp_gain":0,"max_hp_loss":0,"event_name":"The Mausoleum","floor":19,"gold_loss":0,"cards_obtained":["Writhe"]},{"damage_healed":0,"gold_gain":0,"player_choice":"Fought Bandits","damage_taken":0,"max_hp_gain":0,"max_hp_loss":0,"event_name":"Masked Bandits","floor":20,"gold_loss":0},{"damage_healed":25,"gold_gain":0,"player_choice":"Heal","damage_taken":0,"max_hp_gain":0,"max_hp_loss":0,"event_name":"The Library","floor":21,"gold_loss":0}],"is_beta":false,"boss_relics":[{"not_picked":["ChewingGum","Ring of Chaos"],"picked":"Calling Bell"}],"items_purged_floors":[],"is_endless":false,"potions_floor_spawned":[1,8,10,11,12,16,18,20,23],"killed_by":"Book of Stabbing","ascension_level":0}}