{"host":"czen9m7c7ttmirt2","time":1608857539,"event":{"mods":["AchievementEnabler","Aspiration","BaseMod","Better Third Choice","Colored Map","Colored Powertips","Conspire","Hubris","Minty Spire (QoL Compilation)","Replay The Spire","StSLib"],"gold_per_floor":[113,133,133,143,153,178,178,207,258,258,258,258,285,300,300,396,396,408,278,278,298,308,308,233,233,233,203,203,127,141,141,141,141,141],"floor_reached":33,"playtime":1944,"items_purged":["hubris:Compulsion"],"score":330,"play_id":"2e23e07f-b981-4c23-9a4d-e2be5145da1c","local_time":"20201224185219","is_ascension_mode":true,"campfire_choices":[{"floor":10,"key":"REST"},{"floor":12,"key":"REST"},{"floor":15,"key":"RECALL"},{"floor":23,"key":"REST"},{"floor":25,"key":"REST"},{"floor":28,"key":"REST"},{"data":"ReplayTheSpireMod:Calculation Training","floor":32,"key":"SMITH"}],"circlet_count":0,"master_deck":["Strike_B","Defend_B","Defend_B","Defend_B","Defend_B","Zap","Dualcast","Thunder Strike","Compile Driver","Panic Button","Streamline","Apotheosis+1","FIFO Queue","Defragment","ReplaySolidLightProjector","Ball Lightning","Fusion","Redo","Rainbow","Undo","Melter","Melter","Ghostly","Ghostly","Ghostly","Ghostly","Ghostly","Cold Snap","Double Energy+1","Steam+1","Static Discharge","ReplayTheSpireMod:Calculation Training+1"],"relics":["Cracked Core","Vajra","hubris:TenFootPole","hubris:Icosahedron","Ornamental Fan","aspiration:Stellarator","hubris:Potato"],"acts_visited":["Exordium","TheCity"],"potions_floor_usage":[16,33,33,33],"damage_taken":[{"damage":13,"enemies":"Jaw Worm","floor":1,"turns":6},{"damage":6,"enemies":"2 Louse","floor":2,"turns":2},{"damage":6,"enemies":"conspire:RoseBush","floor":4,"turns":2},{"damage":7,"enemies":"2 Fungi Beasts","floor":5,"turns":3},{"damage":34,"enemies":"Gremlin Nob","floor":6,"turns":4},{"damage":27,"enemies":"Lagavulin","floor":8,"turns":6},{"damage":14,"enemies":"3 Sentries","floor":13,"turns":5},{"damage":7,"enemies":"3 Louse","floor":14,"turns":2},{"damage":49,"enemies":"The Guardian","floor":16,"turns":10},{"damage":39,"enemies":"3 Byrds","floor":18,"turns":5},{"damage":12,"enemies":"Shell Parasite","floor":21,"turns":5},{"damage":8,"enemies":"conspire:HollyBat","floor":22,"turns":9},{"damage":31,"enemies":"Chosen and Byrds","floor":27,"turns":9},{"damage":2,"enemies":"Cultist and Chosen","floor":30,"turns":6},{"damage":52,"enemies":"Automaton","floor":33,"turns":12}],"seed_played":"-3459514756342417569","potions_obtained":[{"floor":4,"key":"PowerPotion"},{"floor":8,"key":"Energy Potion"},{"floor":13,"key":"Dexterity Potion"},{"floor":22,"key":"Regen Potion"}],"is_trial":false,"path_per_floor":["M","M","?","M","M","E","?","E","T","R","?","R","E","M","R","B",null,"M","$","?","M","M","R","?","R","T","M","R","$","M","?","R","B"],"character_chosen":"DEFECT","items_purchased":["Melter","Static Discharge"],"campfire_rested":5,"item_purchase_floors":[19,29],"current_hp_per_floor":[62,56,56,50,43,9,34,7,7,29,29,51,75,68,68,19,75,36,36,36,24,16,27,27,37,37,6,17,17,15,15,15,0,0],"gold":141,"neow_bonus":"TRANSFORM_TWO_CARDS","is_daily":false,"chose_seed":false,"campfire_upgraded":1,"win_rate":0.0,"timestamp":1608857539,"path_taken":["M","M","?","M","M","E","?","E","T","R","?","R","E","M","R","BOSS","M","$","?","M","M","R","?","R","T","M","R","?","M","?","R","BOSS"],"items_purchased_type":["Card","Card"],"build_version":"2020-12-22","purchased_purges":1,"victory":false,"max_hp_per_floor":[75,75,75,75,75,75,75,75,75,75,75,75,75,75,75,75,75,75,75,37,37,37,37,37,37,37,37,37,37,37,37,37,37,37],"card_choices":[{"not_picked":["BasicCrystalCard","Rip and Tear"],"picked":"Panic Button","floor":1},{"not_picked":["Turbo","Barrage"],"picked":"Streamline","floor":2},{"not_picked":["BasicCrystalCard","Sunder"],"picked":"FIFO Queue","floor":4},{"not_picked":["Loop","Melter"],"picked":"Defragment","floor":5},{"not_picked":["Cold Snap","Auto Shields"],"picked":"ReplaySolidLightProjector","floor":6},{"not_picked":["Blizzard","Barrage"],"picked":"Ball Lightning","floor":8},{"not_picked":["Sweeping Beam","Loop"],"picked":"Fusion","floor":13},{"not_picked":["Rebound","Compile Driver"],"picked":"Redo","floor":14},{"not_picked":["ReplayTheSpireMod:Omega Cannon","Machine Learning"],"picked":"Rainbow","floor":16},{"not_picked":["Hello World","Gash"],"picked":"Undo","floor":18},{"not_picked":["ReplayTheSpireMod:Reroute Power","Steam"],"picked":"Cold Snap","floor":21},{"not_picked":["Redo","Core Surge"],"picked":"Double Energy+1","floor":22},{"not_picked":["ReplayTheSpireMod:Repulse+1","Hologram"],"picked":"Steam+1","floor":27},{"not_picked":["Leap+1","Turbo"],"picked":"ReplayTheSpireMod:Calculation Training","floor":30}],"player_experience":194669,"relics_obtained":[{"floor":6,"key":"Vajra"},{"floor":8,"key":"hubris:TenFootPole"},{"floor":13,"key":"Ornamental Fan"},{"floor":26,"key":"hubris:Potato"}],"event_choices":[{"damage_healed":56,"gold_gain":0,"player_choice":"Embrace","damage_taken":0,"max_hp_gain":0,"max_hp_loss":75,"event_name":"betterThird:BetterShining","floor":3,"gold_loss":0},{"damage_healed":25,"gold_gain":0,"player_choice":"Banana","damage_taken":0,"max_hp_gain":0,"max_hp_loss":0,"event_name":"Big Fish","floor":7,"gold_loss":0},{"damage_healed":0,"gold_gain":0,"player_choice":"Became a Ghost","damage_taken":0,"max_hp_gain":0,"max_hp_loss":38,"event_name":"Ghosts","floor":20,"gold_loss":0,"cards_obtained":["Ghostly","Ghostly","Ghostly","Ghostly","Ghostly"]},{"cards_removed":["Strike_B"],"damage_healed":0,"gold_gain":0,"player_choice":"Gave Gold","damage_taken":0,"max_hp_gain":0,"max_hp_loss":0,"event_name":"Beggar","floor":24,"gold_loss":75},{"damage_healed":0,"gold_gain":0,"player_choice":"Leave","damage_taken":0,"max_hp_gain":0,"max_hp_loss":0,"event_name":"conspire:Investor","floor":31,"gold_loss":0}],"is_beta":false,"boss_relics":[{"not_picked":["Painkiller Herb","conspire:RoyalGoblet"],"picked":"aspiration:Stellarator"}],"items_purged_floors":[19],"is_endless":false,"potions_floor_spawned":[4,8,13,22,30],"killed_by":"Automaton","ascension_level":3}}