{"host":"mi0eibewekhugwl1","time":1608890155,"event":{"mods":["AchievementEnabler","BaseMod","Colored Map","Colored Powertips","DeckTracker","Keyboard Shortcuts","Minty Spire (QoL Compilation)","Quick Restart","Rare Cards Sparkle","Relic Stats","StSLib","SuperFastMode","everything is the same but u backflip on backflip"],"gold_per_floor":[119,62,62,79,79,114,114,124,124,124,134,165,165,190,190,262,262,278,309,73,73,34,34,50,83,133,133,133],"floor_reached":27,"playtime":369,"items_purged":["Strike_R"],"score":544,"play_id":"fa3ff103-0db9-4347-9824-47036226d206","local_time":"20201225185555","is_ascension_mode":true,"campfire_choices":[{"data":"Bash","floor":7,"key":"SMITH"},{"data":"Whirlwind","floor":10,"key":"SMITH"},{"data":"Rage","floor":15,"key":"SMITH"},{"floor":23,"key":"REST"}],"circlet_count":0,"master_deck":["AscendersBane","Strike_R","Strike_R+1","Strike_R","Strike_R","Defend_R","Defend_R","Defend_R","Defend_R","Bash+1","Sword Boomerang","Shrug It Off+1","Reckless Charge","Sword Boomerang+1","Whirlwind+1","Fire Breathing","Rage+1","Demon Form","Flame Barrier","Offering"],"relics":["Burning Blood","NeowsBlessing","StrikeDummy","Bag of Preparation","Darkstone Periapt","Happy Flower","SacredBark","Red Mask","Chemical X","Eternal Feather","Whetstone"],"acts_visited":["Exordium","TheCity"],"potions_floor_usage":[14,16,16,19,24],"damage_taken":[{"damage":0,"enemies":"Jaw Worm","floor":1,"turns":1},{"damage":0,"enemies":"Cultist","floor":4,"turns":1},{"damage":0,"enemies":"Gremlin Nob","floor":6,"turns":1},{"damage":0,"enemies":"Small Slimes","floor":8,"turns":2},{"damage":6,"enemies":"Exordium Wildlife","floor":11,"turns":2},{"damage":35,"enemies":"Lagavulin","floor":12,"turns":5},{"damage":11,"enemies":"3 Sentries","floor":14,"turns":3},{"damage":37,"enemies":"The Guardian","floor":16,"turns":14},{"damage":13,"enemies":"Spheric Guardian","floor":18,"turns":4},{"damage":36,"enemies":"Masked Bandits","floor":19,"turns":3},{"damage":0,"enemies":"2 Thieves","floor":24,"turns":1},{"damage":38,"enemies":"Slavers","floor":25,"turns":5},{"damage":33,"enemies":"Gremlin Leader","floor":27,"turns":2}],"seed_played":"8176782467961348684","potions_obtained":[{"floor":6,"key":"Energy Potion"},{"floor":11,"key":"Fire Potion"},{"floor":14,"key":"Block Potion"},{"floor":16,"key":"SpeedPotion"},{"floor":18,"key":"Explosive Potion"},{"floor":19,"key":"Explosive Potion"},{"floor":24,"key":"SpeedPotion"}],"is_trial":false,"path_per_floor":["M","$","?","M","?","E","R","M","T","R","M","E","?","E","R","B",null,"M","?","$","?","$","R","M","E","T","E"],"character_chosen":"IRONCLAD","items_purchased":["Shrug It Off","Chemical X","Flame Barrier"],"campfire_rested":1,"item_purchase_floors":[2,20,22],"current_hp_per_floor":[74,74,79,80,68,74,74,80,80,80,80,51,51,46,46,15,64,57,27,27,27,27,51,57,25,25,0,0],"gold":133,"neow_bonus":"THREE_ENEMY_KILL","is_daily":false,"chose_seed":false,"campfire_upgraded":3,"win_rate":0.0,"timestamp":1608890155,"path_taken":["M","$","?","M","?","E","R","?","T","R","M","E","?","E","R","BOSS","M","?","$","?","$","R","M","E","T","E"],"items_purchased_type":["Card","Relic","Card"],"build_version":"2020-12-22","purchased_purges":1,"victory":false,"max_hp_per_floor":[75,75,80,80,80,80,80,80,80,80,80,80,80,80,80,80,80,80,80,80,80,80,80,80,80,80,80,80],"relic_stats":{"Darkstone Periapt":0,"Happy Flower":[9],"counters":[13,44],"Eternal Feather":0,"Bag of Preparation":[18],"Chemical X":[4],"Whetstone":["Sword Boomerang","Strike_R"],"obtain_stats":[{"Darkstone Periapt":12,"NeowsBlessing":0,"Happy Flower":14,"SacredBark":17,"Eternal Feather":25,"Bag of Preparation":9,"Red Mask":19,"Chemical X":20,"Whetstone":26,"StrikeDummy":6,"Burning Blood":0},{"Darkstone Periapt":6,"NeowsBlessing":0,"Happy Flower":7,"SacredBark":8,"Eternal Feather":12,"Bag of Preparation":4,"Red Mask":10,"Chemical X":10,"Whetstone":12,"StrikeDummy":3,"Burning Blood":0},{"Darkstone Periapt":12,"NeowsBlessing":0,"Happy Flower":15,"SacredBark":29,"Eternal Feather":42,"Bag of Preparation":5,"Red Mask":36,"Chemical X":36,"Whetstone":42,"StrikeDummy":3,"Burning Blood":0}],"Burning Blood":67},"card_choices":[{"not_picked":["Body Slam","Spot Weakness"],"picked":"Sword Boomerang","floor":1},{"not_picked":["Dual Wield","Sentinel"],"picked":"Reckless Charge","floor":4},{"not_picked":["Clothesline","Bloodletting"],"picked":"Sword Boomerang","floor":6},{"not_picked":["Sword Boomerang","Iron Wave"],"picked":"Whirlwind","floor":8},{"not_picked":["Sever Soul","Thunderclap"],"picked":"Fire Breathing","floor":11},{"not_picked":["Thunderclap","Blood for Blood"],"picked":"Rage","floor":12},{"not_picked":["Pummel","Searing Blow","Body Slam"],"picked":"SKIP","floor":14},{"not_picked":["Exhume","Offering"],"picked":"Demon Form","floor":16},{"not_picked":["Perfected Strike","Feel No Pain","Flex"],"picked":"SKIP","floor":18},{"not_picked":["Shrug It Off","Sword Boomerang","Cleave"],"picked":"SKIP","floor":24},{"not_picked":["Uppercut+1","True Grit+1"],"picked":"Offering","floor":25}],"player_experience":1706093,"relics_obtained":[{"floor":6,"key":"StrikeDummy"},{"floor":9,"key":"Bag of Preparation"},{"floor":12,"key":"Darkstone Periapt"},{"floor":14,"key":"Happy Flower"},{"floor":19,"key":"Red Mask"},{"floor":25,"key":"Eternal Feather"},{"floor":26,"key":"Whetstone"}],"event_choices":[{"damage_healed":0,"gold_gain":0,"player_choice":"Donut","damage_taken":0,"max_hp_gain":5,"max_hp_loss":0,"event_name":"Big Fish","floor":3,"gold_loss":0},{"damage_healed":0,"gold_gain":0,"player_choice":"Damaged","damage_taken":12,"max_hp_gain":0,"max_hp_loss":0,"event_name":"Wheel of Change","floor":5,"gold_loss":0},{"damage_healed":0,"gold_gain":0,"player_choice":"Grow","damage_taken":0,"max_hp_gain":0,"max_hp_loss":0,"event_name":"Living Wall","floor":13,"gold_loss":0,"cards_upgraded":["Shrug It Off"]},{"damage_healed":0,"gold_gain":0,"player_choice":"Fought Bandits","damage_taken":0,"max_hp_gain":0,"max_hp_loss":0,"event_name":"Masked Bandits","floor":19,"gold_loss":0},{"damage_healed":0,"gold_gain":0,"player_choice":"Ignored","damage_taken":0,"max_hp_gain":0,"max_hp_loss":0,"event_name":"Cursed Tome","floor":21,"gold_loss":0}],"is_beta":false,"boss_relics":[{"not_picked":["Coffee Dripper","Busted Crown"],"picked":"SacredBark"}],"items_purged_floors":[20],"is_endless":false,"potions_floor_spawned":[6,11,14,16,18,19,24],"killed_by":"Gremlin Leader","ascension_level":20}}