{"host":"zh06ha8197vgjo02","time":1608863710,"event":{"mods":["AchievementEnabler","Arknights The Spire","BaseMod","Better Skull","CapriCore","DeckTracker","GifTheSpireLib","Hermit","Koishi","Marisa£¨Ùöéë¡¡Øª×âÞÞ£©","Minty Spire (QoL Compilation)","Reimu£¨ÚÏ???£©","StSLib","SuperFastMode","Td1madao Mod","The Bug Knight","The Cursed","The Dragon Tamer","The Immortal","TheBandit","WarShipGirlsR/??á´Ò³R mod"],"gold_per_floor":[118,118,193,153,153,153,182,193,261,261,278,294,311,345,345,441,441,461,471,484,444,454,454,485,485,485,585,585,212,212,224,224,224,224],"floor_reached":33,"playtime":1922,"items_purged":[],"score":300,"play_id":"acf6ebaf-f71b-4106-891f-a19ad28b301a","local_time":"20201225113510","is_ascension_mode":false,"campfire_choices":[{"data":"ats:Echo Reverb","floor":6,"key":"SMITH"},{"data":"ats:Shadow Assault","floor":10,"key":"SMITH"},{"data":"ats:Emotion Absorption","floor":15,"key":"SMITH"},{"floor":23,"key":"REST"},{"floor":25,"key":"REST"},{"floor":28,"key":"REST"},{"data":"ats:Song Of Battle","floor":30,"key":"SMITH"},{"data":"ats:Ambush","floor":32,"key":"SMITH"}],"circlet_count":0,"master_deck":["ats:Strike C","ats:Strike G","ats:Strike S","ats:Strike V","ats:Armor Crushing Shot","ats:Defend","ats:Defend","ats:Defend","ats:Defend","ats:Emotion Absorption+1","ats:Apocalypse","ats:Shell Defense","ats:Red Shift","ats:Thorns","ats:Echo Reverb+1","ats:Shadow Assault+1","ats:Leaping Hammer","ats:Blood Oath+1","ats:Shadow Assault+1","ats:Chain Hook+1","ats:Calcification","ats:Burning Ground","ats:Healing Drone+1","ats:Ambush+1","ats:Song Of Battle+1"],"relics":["ats:Sanity","NeowsBlessing","Ornamental Fan","ats:Originium","CaptainsWheel","Molten Egg 2","ats:Originium","MealTicket","Philosopher\u0027s Stone","ZunR:ReiMu","ats:Originium","Eternal Feather","Question Card","Gambling Chip","Sundial","HandDrill","Anchor"],"acts_visited":["Exordium","TheCity"],"potions_floor_usage":[11,14,16,22,27,27,33],"damage_taken":[{"damage":0,"enemies":"Cultist","floor":1,"turns":1},{"damage":0,"enemies":"3 Sentries","floor":7,"turns":2},{"damage":0,"enemies":"Small Slimes","floor":8,"turns":1},{"damage":2,"enemies":"2 Louse","floor":11,"turns":3},{"damage":14,"enemies":"Large Slime","floor":12,"turns":8},{"damage":10,"enemies":"Looter","floor":13,"turns":4},{"damage":19,"enemies":"Gremlin Nob","floor":14,"turns":5},{"damage":53,"enemies":"Slime Boss","floor":16,"turns":9},{"damage":20,"enemies":"3 Byrds","floor":18,"turns":3},{"damage":25,"enemies":"Spheric Guardian","floor":19,"turns":7},{"damage":32,"enemies":"Snake Plant","floor":20,"turns":4},{"damage":7,"enemies":"Snecko","floor":22,"turns":3},{"damage":67,"enemies":"Gremlin Leader","floor":24,"turns":7},{"damage":23,"enemies":"Colosseum Slavers","floor":27,"turns":3},{"damage":30,"enemies":"Colosseum Nobs","floor":27,"turns":5},{"damage":31,"enemies":"Centurion and Healer","floor":31,"turns":6},{"damage":124,"enemies":"Collector","floor":33,"turns":11}],"seed_played":"1094276200973526509","potions_obtained":[{"floor":7,"key":"Fruit Juice"},{"floor":12,"key":"EssenceOfSteel"},{"floor":14,"key":"GamblersBrew"},{"floor":16,"key":"Ancient Potion"},{"floor":20,"key":"SpeedPotion"},{"floor":24,"key":"SteroidPotion"},{"floor":27,"key":"Ancient Potion"}],"is_trial":false,"path_per_floor":["M","T","?","?","?","R","E","M","T","R","M","M","M","E","R","B",null,"M","M","M","?","M","R","E","R","T","?","R","$","R","M","R","B"],"character_chosen":"DOCTOR_CLASS","items_purchased":["HandDrill","ats:Song Of Battle","Anchor"],"campfire_rested":3,"item_purchase_floors":[29,29,29],"current_hp_per_floor":[72,72,61,61,61,61,61,61,61,61,64,57,54,40,40,2,77,57,46,25,25,31,54,8,43,43,17,52,67,77,66,77,0,0],"gold":224,"neow_bonus":"THREE_ENEMY_KILL","is_daily":false,"chose_seed":false,"campfire_upgraded":5,"win_rate":0.0,"timestamp":1608863710,"path_taken":["M","?","?","?","?","R","E","M","T","R","M","?","M","E","R","BOSS","M","?","M","?","M","R","E","R","T","?","R","$","R","M","R","BOSS"],"items_purchased_type":["Relic","Card","Relic"],"build_version":"2020-12-22","purchased_purges":0,"victory":false,"max_hp_per_floor":[72,72,72,72,72,72,72,72,72,72,77,77,77,77,77,77,77,77,77,77,77,77,77,77,77,77,77,77,77,77,77,77,77,77],"card_choices":[{"not_picked":["ats:Consecutive Shot Auto","ats:Childhood Dance"],"picked":"ats:Apocalypse","floor":1},{"not_picked":[],"picked":"ats:Shell Defense","floor":4},{"not_picked":[],"picked":"ats:Red Shift","floor":4},{"not_picked":[],"picked":"ats:Thorns","floor":4},{"not_picked":[],"picked":"ats:Echo Reverb","floor":4},{"not_picked":["ats:Leaping Hammer","ats:Ignite"],"picked":"ats:Shadow Assault","floor":7},{"not_picked":["ats:Explosion Area Strengthen","ats:Consecutive Shot Auto"],"picked":"ats:Leaping Hammer","floor":8},{"not_picked":["ats:Flexible Camouflage","ats:Ignite+1","ats:Explosion Area Strengthen+1"],"picked":"SKIP","floor":11},{"not_picked":["ats:Explosion Area Strengthen+1","ats:Automatic Cover"],"picked":"ats:Blood Oath+1","floor":12},{"not_picked":["ats:Leaping Hammer+1","ats:Hammer On+1"],"picked":"ats:Shadow Assault+1","floor":13},{"not_picked":["ats:Leaping Hammer+1","ats:Neurotoxin"],"picked":"ats:Chain Hook+1","floor":14},{"not_picked":["ats:Shadow Assault+1","ats:Volcano+1"],"picked":"ats:Calcification","floor":16},{"not_picked":["ats:Revitalization","ats:LN2 Cannon+1"],"picked":"ats:Burning Ground","floor":18},{"not_picked":["ats:Mental Burst+1","ats:Explosion Area Strengthen+1","ats:Revitalization+1"],"picked":"SKIP","floor":19},{"not_picked":["ats:Soul Absorption+1","ats:Hammer On+1"],"picked":"ats:Healing Drone+1","floor":20},{"not_picked":["ats:Leaping Hammer+1","ats:LN2 Cannon+1"],"picked":"ats:Ambush","floor":22},{"not_picked":["ats:Powerful Strike+1","ats:Childhood Dance","ats:Poison Spread+1"],"picked":"SKIP","floor":24},{"not_picked":["ats:Magnetic Hammer+1","ats:Demon Strength+1","ats:Curse Doll","ats:Blood Oath+1"],"picked":"SKIP","floor":31}],"player_experience":746236,"relics_obtained":[{"floor":2,"key":"Ornamental Fan"},{"floor":7,"key":"ats:Originium"},{"floor":7,"key":"CaptainsWheel"},{"floor":9,"key":"Molten Egg 2"},{"floor":14,"key":"ats:Originium"},{"floor":14,"key":"MealTicket"},{"floor":24,"key":"ats:Originium"},{"floor":24,"key":"Eternal Feather"},{"floor":26,"key":"Question Card"},{"floor":27,"key":"Gambling Chip"},{"floor":27,"key":"Sundial"}],"event_choices":[{"damage_healed":0,"gold_gain":75,"player_choice":"Gather Gold","damage_taken":11,"max_hp_gain":0,"max_hp_loss":0,"event_name":"World of Goop","floor":3,"gold_loss":0},{"damage_healed":0,"gold_gain":0,"player_choice":"Ignored","damage_taken":0,"max_hp_gain":0,"max_hp_loss":0,"event_name":"NoteForYourself","floor":5,"gold_loss":0},{"damage_healed":0,"gold_gain":0,"player_choice":"Keep O-miki","damage_taken":0,"relics_obtained":["ZunR:ReiMu"],"max_hp_gain":0,"max_hp_loss":0,"event_name":"ZunEvent","floor":21,"gold_loss":40},{"damage_healed":0,"gold_gain":0,"player_choice":"Fight","damage_taken":0,"max_hp_gain":0,"max_hp_loss":0,"event_name":"Colosseum","floor":27,"gold_loss":0},{"damage_healed":0,"gold_gain":0,"player_choice":"Fought Nobs","damage_taken":0,"max_hp_gain":0,"max_hp_loss":0,"event_name":"Colosseum","floor":27,"gold_loss":0}],"is_beta":false,"boss_relics":[{"not_picked":["Ectoplasm","Sozu"],"picked":"Philosopher\u0027s Stone"}],"items_purged_floors":[],"is_endless":false,"potions_floor_spawned":[7,12,14,16,20,24,27],"killed_by":"Collector","ascension_level":0}}