{"host":"z34yzn8hj4ic20ef","time":1608866886,"event":{"mods":["AchievementEnabler","BaseMod","Minty Spire (QoL Compilation)","StSLib","SuperFastMode"],"gold_per_floor":[113,113,124,49,66,92,92,126,151,184,198,208,222,108,108,179,179,189,6,56,71,71,71,105,105,105,134,134,149,63,63,63,63,63],"floor_reached":33,"playtime":1516,"items_purged":["Strike_G","Strike_G"],"score":688,"play_id":"a637a8e0-ffdd-4864-b73f-bc304bae916d","local_time":"20201225122806","is_ascension_mode":true,"campfire_choices":[{"data":"Tactician","floor":7.0,"key":"SMITH"},{"data":"Prepared","floor":15.0,"key":"SMITH"},{"data":"Acrobatics","floor":23,"key":"SMITH"},{"data":"Strike_G","floor":25,"key":"PURGE"},{"floor":28,"key":"REST"},{"data":"Defend_G","floor":32,"key":"PURGE"}],"circlet_count":0,"master_deck":["AscendersBane","Defend_G","Defend_G","Defend_G","Defend_G","Survivor","Neutralize","Apotheosis+1","All Out Attack","Blade Dance","Dash","Tactician+1","PiercingWail","Accuracy","Prepared+1","Dagger Throw","Bouncing Flask","Burst","Well Laid Plans","Acrobatics+1","Tactician","Acrobatics+1","Grand Finale"],"relics":["Ring of the Snake","Bag of Marbles","PreservedInsect","Tiny Chest","Sundial","Black Star","Peace Pipe","Bottled Lightning","HornCleat","Mercury Hourglass","Pen Nib","Nilry\u0027s Codex"],"acts_visited":["Exordium","TheCity"],"potions_floor_usage":[24,33],"damage_taken":[{"damage":0.0,"enemies":"Cultist","floor":1.0,"turns":4.0},{"damage":0.0,"enemies":"Jaw Worm","floor":3.0,"turns":3.0},{"damage":0.0,"enemies":"2 Louse","floor":5.0,"turns":2.0},{"damage":6.0,"enemies":"Lagavulin","floor":6.0,"turns":7.0},{"damage":0.0,"enemies":"Gremlin Nob","floor":8.0,"turns":3.0},{"damage":5.0,"enemies":"Lagavulin","floor":10.0,"turns":7.0},{"damage":0.0,"enemies":"Large Slime","floor":11.0,"turns":4.0},{"damage":1.0,"enemies":"Looter","floor":12.0,"turns":3.0},{"damage":0.0,"enemies":"3 Louse","floor":13.0,"turns":1.0},{"damage":46.0,"enemies":"The Guardian","floor":16.0,"turns":11.0},{"damage":3.0,"enemies":"3 Byrds","floor":18.0,"turns":6.0},{"damage":4,"enemies":"Chosen","floor":21,"turns":6},{"damage":10,"enemies":"Book of Stabbing","floor":24,"turns":5},{"damage":16,"enemies":"Gremlin Leader","floor":27,"turns":5},{"damage":3,"enemies":"Centurion and Healer","floor":29,"turns":4},{"damage":9,"enemies":"Champ","floor":33,"turns":6}],"seed_played":"-4786851168623779419","potions_obtained":[{"floor":1.0,"key":"Fire Potion"},{"floor":3.0,"key":"Fire Potion"},{"floor":13.0,"key":"BlessingOfTheForge"},{"floor":16.0,"key":"SteroidPotion"},{"floor":29,"key":"Dexterity Potion"}],"is_trial":false,"path_per_floor":["M","?","M","?","M","E","R","E","T","E","M","M","M","$","R","B",null,"M","$","?","M","?","R","E","R","T","E","R","M","$","?","R","B"],"character_chosen":"THE_SILENT","items_purchased":["Bouncing Flask","Well Laid Plans","Grand Finale"],"campfire_rested":1,"item_purchase_floors":[14,19,30],"current_hp_per_floor":[59,59,59,59,59,53,53,53,53,48,48,47,47,47,47,1,45,42,42,42,38,38,38,28,28,28,12,30,27,27,6,6,0,0],"gold":63,"neow_bonus":"RANDOM_COLORLESS_2","is_daily":false,"chose_seed":false,"campfire_upgraded":3,"win_rate":0.0,"timestamp":1608866886,"path_taken":["M","?","?","?","M","E","R","E","T","E","M","M","M","$","R","BOSS","M","$","?","M","?","R","E","R","T","E","R","M","$","?","R","BOSS"],"items_purchased_type":["Card","Card","Card"],"build_version":"2020-12-22","purchased_purges":2,"victory":false,"max_hp_per_floor":[60,60,60,60,60,60,60,60,60,60,60,60,60,60,60,60,60,60,60,60,60,60,60,60,60,60,60,60,60,60,60,60,60,60],"card_choices":[{"not_picked":["Metamorphosis","Transmutation"],"picked":"Apotheosis","floor":0.0},{"not_picked":["Bane","Acrobatics"],"picked":"All Out Attack","floor":1.0},{"not_picked":["Slice","Dodge and Roll"],"picked":"Blade Dance","floor":3.0},{"not_picked":["Skewer","Terror"],"picked":"Dash","floor":5.0},{"not_picked":["Leg Sweep","Outmaneuver"],"picked":"Tactician","floor":6.0},{"not_picked":["Flying Knee","Quick Slash"],"picked":"PiercingWail","floor":8.0},{"not_picked":["Sucker Punch","Dodge and Roll"],"picked":"Accuracy","floor":10.0},{"not_picked":["Outmaneuver","Poisoned Stab"],"picked":"Prepared","floor":11.0},{"not_picked":["Noxious Fumes","Prepared","Riddle With Holes"],"picked":"SKIP","floor":12.0},{"not_picked":["Slice","Prepared"],"picked":"Dagger Throw","floor":13.0},{"not_picked":["Adrenaline","Tools of the Trade"],"picked":"Burst","floor":16.0},{"not_picked":["Poisoned Stab","Outmaneuver","Deflect"],"picked":"SKIP","floor":18.0},{"not_picked":["Blade Dance+1","Setup+1"],"picked":"Acrobatics","floor":21},{"not_picked":["Dagger Spray","Caltrops","Quick Slash"],"picked":"SKIP","floor":24},{"not_picked":["Prepared+1","Outmaneuver"],"picked":"Tactician","floor":27},{"not_picked":["Backstab","Cloak And Dagger"],"picked":"Acrobatics+1","floor":29}],"player_experience":669288,"relics_obtained":[{"floor":6.0,"key":"Bag of Marbles"},{"floor":8.0,"key":"PreservedInsect"},{"floor":9.0,"key":"Tiny Chest"},{"floor":10.0,"key":"Sundial"},{"floor":24,"key":"Peace Pipe"},{"floor":24,"key":"Bottled Lightning"},{"floor":26,"key":"HornCleat"},{"floor":27,"key":"Mercury Hourglass"},{"floor":27,"key":"Pen Nib"},{"floor":31,"key":"Nilry\u0027s Codex"}],"event_choices":[{"damage_healed":0.0,"max_hp_gain":0.0,"max_hp_loss":0.0,"gold_gain":0.0,"event_name":"Upgrade Shrine","player_choice":"Upgraded","floor":2.0,"gold_loss":0.0,"damage_taken":0.0,"cards_upgraded":["Apotheosis"]},{"cards_removed":["Strike_G"],"damage_healed":0.0,"max_hp_gain":0.0,"max_hp_loss":0.0,"gold_gain":0.0,"event_name":"The Cleric","player_choice":"Card Removal","floor":4.0,"gold_loss":75.0,"damage_taken":0.0},{"damage_healed":0,"gold_gain":50,"player_choice":"Stole From Cult","damage_taken":0,"max_hp_gain":0,"max_hp_loss":0,"event_name":"Nest","floor":20,"gold_loss":0},{"cards_removed":["Strike_G"],"damage_healed":0,"gold_gain":0,"player_choice":"Elegance","damage_taken":0,"max_hp_gain":0,"max_hp_loss":0,"event_name":"Back to Basics","floor":22,"gold_loss":0},{"damage_healed":0,"gold_gain":0,"player_choice":"Obtained Book","damage_taken":21,"max_hp_gain":0,"max_hp_loss":0,"event_name":"Cursed Tome","floor":31,"gold_loss":0}],"is_beta":false,"boss_relics":[{"not_picked":["Coffee Dripper","WristBlade"],"picked":"Black Star"}],"items_purged_floors":[14,19],"is_endless":false,"potions_floor_spawned":[1,3,5,13,16,18,29],"killed_by":"Champ","ascension_level":19}}