{"host":"sav7uxregyirlf69","time":1608895775,"event":{"mods":["AchievementEnabler","BaseMod","Colored Map","DeckTracker","Keyboard Shortcuts","Minty Spire (QoL Compilation)","READ ME - Guardian Mod","StSLib","SuperFastMode"],"gold_per_floor":[115,129,143,143,143,172,172,172,172,192,192,224,167,187,187,261,261,272,289,300,49,49,49,84,84,84,99,14,28,57,73,73,147,147,164,10,0,0,12,39,39,39,339,366,383,398,427,443,443,443,443],"floor_reached":50,"playtime":1119,"items_purged":["Cold Snap","Zap"],"score":1314,"play_id":"1ede14b4-f862-46ed-b21c-9ca4ee3baa85","local_time":"20201225202935","is_ascension_mode":true,"campfire_choices":[{"data":"Seek","floor":8.0,"key":"SMITH"},{"data":"Reinforced Body","floor":11,"key":"SMITH"},{"data":"Turbo","floor":15,"key":"SMITH"},{"floor":23,"key":"REST"},{"floor":25,"key":"REST"},{"floor":32,"key":"RECALL"},{"floor":41,"key":"REST"},{"floor":49,"key":"REST"}],"circlet_count":0,"master_deck":["AscendersBane","Dualcast","Self Repair","Go for the Eyes","Seek+1","Hyperbeam+1","Turbo+1","Reinforced Body+1","Leap","Core Surge","Hyperbeam","Genetic Algorithm","Conserve Battery","Meteor Strike","Multi-Cast","Capacitor","Undo","Flash of Steel","Turbo+1","Chaos+1","Reboot","Sweeping Beam","Leap+1","Loop+1","Sweeping Beam","Hyperbeam"],"relics":["Pandora\u0027s Box","Mercury Hourglass","Boot","Fusion Hammer","Orichalcum","Ornamental Fan","PreservedInsect","Bag of Preparation","Inserter","Red Mask","Pear","Old Coin","HornCleat","FossilizedHelix"],"acts_visited":["Exordium","TheCity","TheBeyond"],"potions_floor_usage":[20,24,33,45,50],"damage_taken":[{"damage":9.0,"enemies":"Jaw Worm","floor":1.0,"turns":2.0},{"damage":0.0,"enemies":"Small Slimes","floor":2.0,"turns":2.0},{"damage":0.0,"enemies":"Cultist","floor":3.0,"turns":3.0},{"damage":45.0,"enemies":"Gremlin Nob","floor":6.0,"turns":6.0},{"damage":0,"enemies":"2 Fungi Beasts","floor":10,"turns":1},{"damage":1,"enemies":"3 Sentries","floor":12,"turns":2},{"damage":0,"enemies":"Looter","floor":14,"turns":1},{"damage":31,"enemies":"Hexaghost","floor":16,"turns":9},{"damage":12,"enemies":"3 Byrds","floor":18,"turns":2},{"damage":20,"enemies":"Shell Parasite","floor":19,"turns":6},{"damage":23,"enemies":"Shelled Parasite and Fungi","floor":20,"turns":3},{"damage":0,"enemies":"Slavers","floor":24,"turns":1},{"damage":0,"enemies":"Cultist and Chosen","floor":27,"turns":3},{"damage":0,"enemies":"Snake Plant","floor":29,"turns":2},{"damage":0,"enemies":"Gremlin Leader","floor":30,"turns":4},{"damage":4,"enemies":"Shelled Parasite and Fungi","floor":31,"turns":4},{"damage":65,"enemies":"Collector","floor":33,"turns":9},{"damage":11,"enemies":"Orb Walker","floor":35,"turns":4},{"damage":0,"enemies":"3 Shapes","floor":39,"turns":5},{"damage":7,"enemies":"Reptomancer","floor":40,"turns":4},{"damage":0,"enemies":"Nemesis","floor":44,"turns":7},{"damage":14,"enemies":"Writhing Mass","floor":45,"turns":7},{"damage":38,"enemies":"Maw","floor":46,"turns":8},{"damage":7,"enemies":"Reptomancer","floor":47,"turns":5},{"damage":0,"enemies":"3 Darklings","floor":48,"turns":2},{"damage":89,"enemies":"Awakened One","floor":50,"turns":11}],"seed_played":"-449076954539808984","potions_obtained":[{"floor":2.0,"key":"Dexterity Potion"},{"floor":10,"key":"Weak Potion"},{"floor":16,"key":"LiquidMemories"},{"floor":20,"key":"Fruit Juice"},{"floor":30,"key":"Swift Potion"},{"floor":33,"key":"Regen Potion"},{"floor":47,"key":"PowerPotion"}],"is_trial":false,"path_per_floor":["M","M","M","?","?","E","?","R","T","M","R","E","$","M","R","B",null,"M","M","M","$","?","R","E","R","T","M","?","M","E","M","R","B",null,"M","$","?","?","M","E","R","$","T","E","M","M","E","M","R","B"],"character_chosen":"DEFECT","items_purchased":["Conserve Battery","Undo","Flash of Steel","Sweeping Beam"],"campfire_rested":4,"item_purchase_floors":[13,21,21,36],"current_hp_per_floor":[62,69,71,71,71,33,33,33,33,33,33,32,32,32,32,8,55,50,37,21,21,21,42,49,70,70,71,71,71,71,67,67,14,61,57,57,57,57,57,60,85,85,85,86,79,48,48,48,73,0,0],"gold":443,"neow_bonus":"BOSS_RELIC","is_daily":false,"chose_seed":false,"campfire_upgraded":3,"win_rate":0.0,"timestamp":1608895775,"path_taken":["M","M","M","?","?","E","?","R","T","M","R","E","$","M","R","BOSS","M","?","M","$","?","R","E","R","T","M","?","M","E","M","R","BOSS","M","$","?","?","?","E","R","$","T","E","M","M","E","M","R","BOSS"],"items_purchased_type":["Card","Card","Card","Card"],"build_version":"2020-12-22","purchased_purges":2,"victory":false,"max_hp_per_floor":[71,71,71,71,71,71,71,71,71,71,71,71,71,71,71,71,71,71,71,71,71,71,71,71,71,71,71,71,71,71,71,71,76,76,76,76,76,76,76,86,86,86,86,86,86,86,86,86,86,86,86],"card_choices":[{"not_picked":["Leap","Sweeping Beam"],"picked":"Reinforced Body","floor":1.0},{"not_picked":["Go for the Eyes","Redo","Sweeping Beam"],"picked":"SKIP","floor":2.0},{"not_picked":["Sweeping Beam","Redo"],"picked":"Leap","floor":3.0},{"not_picked":["Barrage","FTL"],"picked":"Core Surge","floor":6.0},{"not_picked":["Turbo","Reinforced Body","Redo"],"picked":"SKIP","floor":10},{"not_picked":["Beam Cell","Steam Power"],"picked":"Genetic Algorithm","floor":12},{"not_picked":["Darkness","Static Discharge"],"picked":"Meteor Strike","floor":14},{"not_picked":["Machine Learning","Seek"],"picked":"Multi-Cast","floor":16},{"not_picked":["Compile Driver+1","Melter"],"picked":"Capacitor","floor":18},{"not_picked":["Rebound","Stack","Chaos"],"picked":"SKIP","floor":19},{"not_picked":["Stack+1","Chaos","Streamline"],"picked":"SKIP","floor":20},{"not_picked":["Creative AI","Rip and Tear","Go for the Eyes"],"picked":"SKIP","floor":24},{"not_picked":["Blizzard","Stack","Redo"],"picked":"SKIP","floor":27},{"not_picked":["Blizzard","Stack","Redo"],"picked":"SKIP","floor":27},{"not_picked":["Steam","Redo","Static Discharge"],"picked":"SKIP","floor":29},{"not_picked":["Storm","Creative AI"],"picked":"Turbo+1","floor":30},{"not_picked":["Streamline","Steam"],"picked":"Chaos+1","floor":31},{"not_picked":["Thunder Strike","All For One"],"picked":"Reboot","floor":33},{"not_picked":["Chill","Steam","Streamline+1"],"picked":"SKIP","floor":35},{"not_picked":["Turbo+1","Streamline","Conserve Battery"],"picked":"SKIP","floor":39},{"not_picked":["FTL+1","Stack"],"picked":"Leap+1","floor":40},{"not_picked":["Scrape","Gash"],"picked":"Loop+1","floor":44},{"not_picked":["Force Field","Beam Cell+1"],"picked":"Sweeping Beam","floor":45},{"not_picked":["Leap","Blizzard"],"picked":"Hyperbeam","floor":46},{"not_picked":["Ball Lightning","Gash","Beam Cell+1"],"picked":"SKIP","floor":47},{"not_picked":["Stack+1","FTL+1","Darkness"],"picked":"SKIP","floor":48}],"player_experience":1011053,"relics_obtained":[{"floor":6.0,"key":"Mercury Hourglass"},{"floor":12,"key":"Boot"},{"floor":24,"key":"Orichalcum"},{"floor":26,"key":"Ornamental Fan"},{"floor":30,"key":"Bag of Preparation"},{"floor":40,"key":"Pear"},{"floor":43,"key":"Old Coin"},{"floor":44,"key":"HornCleat"},{"floor":47,"key":"FossilizedHelix"}],"event_choices":[{"damage_healed":0.0,"max_hp_gain":0.0,"max_hp_loss":0.0,"gold_gain":0.0,"event_name":"Liars Game","player_choice":"Ignored","floor":4.0,"gold_loss":0.0,"damage_taken":0.0},{"damage_healed":0.0,"max_hp_gain":0.0,"max_hp_loss":0.0,"gold_gain":0.0,"event_name":"Living Wall","player_choice":"Grow","floor":5.0,"gold_loss":0.0,"damage_taken":0.0,"cards_upgraded":["Hyperbeam"]},{"damage_healed":0.0,"max_hp_gain":0.0,"max_hp_loss":0.0,"gold_gain":0.0,"cards_transformed":["Creative AI"],"event_name":"Transmorgrifier","player_choice":"Transformed","floor":7.0,"gold_loss":0.0,"damage_taken":0.0,"cards_obtained":["Hyperbeam"]},{"damage_healed":0,"gold_gain":0,"player_choice":"Ignored","damage_taken":0,"max_hp_gain":0,"max_hp_loss":0,"event_name":"Vampires","floor":22,"gold_loss":0},{"damage_healed":0,"gold_gain":0,"player_choice":"Obtained Relic","damage_taken":0,"relics_obtained":["PreservedInsect"],"max_hp_gain":0,"max_hp_loss":0,"event_name":"Addict","floor":28,"gold_loss":85},{"damage_healed":0,"gold_gain":0,"player_choice":"Paid","damage_taken":0,"relics_obtained":["Red Mask"],"max_hp_gain":0,"max_hp_loss":0,"event_name":"Tomb of Lord Red Mask","floor":37,"gold_loss":10},{"cards_removed":["Streamline"],"damage_healed":0,"gold_gain":0,"player_choice":"Card Removal","damage_taken":0,"max_hp_gain":0,"max_hp_loss":0,"event_name":"Wheel of Change","floor":38,"gold_loss":0}],"is_beta":false,"boss_relics":[{"not_picked":["Tiny House","Runic Dome"],"picked":"Fusion Hammer"},{"not_picked":["SacredBark","Philosopher\u0027s Stone"],"picked":"Inserter"}],"items_purged_floors":[21,36],"is_endless":false,"potions_floor_spawned":[2,10,12,16,18,20,30,33,40,44,47],"killed_by":"Awakened One","ascension_level":20}}