{"host":"9v3x998ddbx8o276","time":1608875959,"event":{"mods":["AchievementEnabler","BaseMod","Colored Map","Highlight Path","Minty Spire (QoL Compilation)","Quick Restart","Rare Cards Sparkle"],"gold_per_floor":[112,112,130,145,161,161,161,161,161,192,192,192,192,207,207,207,207],"floor_reached":16,"playtime":388,"items_purged":[],"score":200,"play_id":"a9eb3720-1fa7-4347-9b20-6b57cd8ac87b","local_time":"20201225162919","is_ascension_mode":true,"campfire_choices":[{"floor":6,"key":"REST"},{"floor":8,"key":"REST"},{"data":"1","floor":11,"key":"LIFT"},{"data":"Poisoned Stab","floor":13,"key":"SMITH"},{"floor":15,"key":"REST"}],"circlet_count":0,"master_deck":["AscendersBane","Strike_G","Strike_G","Strike_G","Defend_G","Defend_G","Defend_G","Defend_G","Defend_G","Survivor","Neutralize","Trip","Slice","Catalyst","Infinite Blades","Catalyst","Poisoned Stab+1","Underhanded Strike"],"relics":["Ring of the Snake","Shuriken","Anchor","Girya"],"acts_visited":["Exordium"],"potions_floor_usage":[10,16,16],"damage_taken":[{"damage":14,"enemies":"Jaw Worm","floor":1,"turns":5},{"damage":0,"enemies":"Cultist","floor":3,"turns":3},{"damage":8,"enemies":"2 Louse","floor":4,"turns":3},{"damage":14,"enemies":"Red Slaver","floor":5,"turns":6},{"damage":40,"enemies":"Lagavulin","floor":10,"turns":6},{"damage":13,"enemies":"Large Slime","floor":14,"turns":5},{"damage":32,"enemies":"The Guardian","floor":16,"turns":8}],"seed_played":"-3763673995859842839","potions_obtained":[{"floor":4,"key":"GamblersBrew"},{"floor":10,"key":"SpeedPotion"},{"floor":14,"key":"PowerPotion"}],"is_trial":false,"path_per_floor":["M","?","M","M","M","R","T","R","T","E","R","?","R","M","R","B"],"character_chosen":"THE_SILENT","items_purchased":[],"campfire_rested":3,"item_purchase_floors":[],"current_hp_per_floor":[45,45,45,37,23,42,42,61,61,21,21,21,21,8,27,0,0],"gold":207,"neow_bonus":"RANDOM_COLORLESS","is_daily":false,"chose_seed":false,"campfire_upgraded":1,"win_rate":0.0,"timestamp":1608875959,"path_taken":["M","?","M","M","?","R","?","R","T","E","R","?","R","M","R","BOSS"],"items_purchased_type":[],"build_version":"2020-12-22","purchased_purges":0,"victory":false,"max_hp_per_floor":[66,66,66,66,66,66,66,66,66,66,66,66,66,66,66,66,66],"card_choices":[{"not_picked":["Forethought","Panacea"],"picked":"Trip","floor":0},{"not_picked":["Deflect","Prepared"],"picked":"Slice","floor":1},{"not_picked":["Tactician","Acrobatics"],"picked":"Catalyst","floor":3},{"not_picked":["Acrobatics","PiercingWail"],"picked":"Infinite Blades","floor":4},{"not_picked":["Outmaneuver","Acrobatics"],"picked":"Catalyst","floor":5},{"not_picked":["Slice","Heel Hook"],"picked":"Poisoned Stab","floor":10},{"not_picked":["Flechettes","Heel Hook"],"picked":"Underhanded Strike","floor":14}],"player_experience":2064760,"relics_obtained":[{"floor":7,"key":"Shuriken"},{"floor":9,"key":"Anchor"},{"floor":10,"key":"Girya"}],"event_choices":[{"cards_removed":["Strike_G"],"damage_healed":0,"gold_gain":0,"player_choice":"Purged","damage_taken":0,"max_hp_gain":0,"max_hp_loss":0,"event_name":"Purifier","floor":2,"gold_loss":0},{"cards_removed":["Strike_G"],"damage_healed":0,"gold_gain":0,"player_choice":"Offered Basic","damage_taken":0,"max_hp_gain":0,"max_hp_loss":0,"event_name":"Bonfire Elementals","floor":12,"gold_loss":0}],"is_beta":false,"boss_relics":[],"items_purged_floors":[],"is_endless":false,"potions_floor_spawned":[4,10,14],"killed_by":"The Guardian","ascension_level":20}}