{"host":"qxeepl7ydvsgmfdb","time":1608897437,"event":{"mods":["AchievementEnabler","BaseMod","Colored Powertips","Minty Spire (QoL Compilation)","Quick Restart","slay the spire mod where everything is the same but ironclad has a cowboy hat"],"gold_per_floor":[116,126,76,76,76,117,64,64,91,91,111,135,160,160,160,283,283,299,9,29,50,50,50,63,63,63,97,121,164,178,196,196,324,324,338,145,163,226,226,226,246,267,293,293,314,372,332,352,352,352,352],"floor_reached":50,"playtime":2172,"items_purged":["Strike_G"],"score":614,"play_id":"3d4193f8-fcf5-4703-876b-d67a6a244b04","local_time":"20201225065717","is_ascension_mode":true,"campfire_choices":[{"data":"After Image","floor":10.0,"key":"SMITH"},{"floor":15.0,"key":"REST"},{"floor":23,"key":"REST"},{"data":"Venomology","floor":25,"key":"SMITH"},{"floor":32,"key":"REST"},{"data":"Adrenaline","floor":40,"key":"SMITH"},{"floor":44,"key":"REST"},{"floor":49,"key":"REST"}],"circlet_count":0,"master_deck":["Strike_G+1","Strike_G","Strike_G","Defend_G","Defend_G","Defend_G","Defend_G","Defend_G+1","Neutralize","Deadly Poison","After Image+1","Cloak And Dagger","Poisoned Stab","Blade Dance","Venomology+1","CurseOfTheBell","Deadly Poison","Dramatic Entrance","Backflip+1","Deflect","Slice+1","Deadly Poison","Dagger Throw+1","Poisoned Stab+1","Adrenaline+1","Accuracy+1"],"relics":["Ring of the Snake","NeowsBlessing","Golden Idol","Ice Cream","Anchor","Regal Pillow","CultistMask","Calling Bell","Blood Vial","Mercury Hourglass","Pocketwatch","Lee\u0027s Waffle","MutagenicStrength","Ornamental Fan","Red Mask","Gambling Chip","SacredBark","Membership Card","Peace Pipe","Ancient Tea Set","Incense Burner"],"acts_visited":["Exordium","TheCity","TheBeyond"],"potions_floor_usage":[18,29,29,30,33,33,38,41,41,50,50,50,50],"damage_taken":[{"damage":0.0,"enemies":"Small Slimes","floor":1.0,"turns":1.0},{"damage":0.0,"enemies":"2 Louse","floor":2.0,"turns":1.0},{"damage":0.0,"enemies":"3 Sentries","floor":6.0,"turns":2.0},{"damage":0.0,"enemies":"Jaw Worm","floor":11.0,"turns":3.0},{"damage":2.0,"enemies":"3 Louse","floor":12.0,"turns":3.0},{"damage":8.0,"enemies":"Gremlin Gang","floor":13.0,"turns":5.0},{"damage":21,"enemies":"The Guardian","floor":16,"turns":12},{"damage":10,"enemies":"Shell Parasite","floor":18,"turns":6},{"damage":4,"enemies":"3 Byrds","floor":20,"turns":4},{"damage":36,"enemies":"Centurion and Healer","floor":21,"turns":8},{"damage":4,"enemies":"Snecko","floor":24,"turns":5},{"damage":14,"enemies":"Masked Bandits","floor":27,"turns":5},{"damage":0,"enemies":"Snake Plant","floor":28,"turns":4},{"damage":30,"enemies":"Book of Stabbing","floor":29,"turns":6},{"damage":20,"enemies":"Sentry and Sphere","floor":30,"turns":6},{"damage":5,"enemies":"Shelled Parasite and Fungi","floor":31,"turns":7},{"damage":91,"enemies":"Automaton","floor":33,"turns":10},{"damage":0,"enemies":"Orb Walker","floor":35,"turns":3},{"damage":0,"enemies":"3 Shapes","floor":37,"turns":3},{"damage":0,"enemies":"Mind Bloom Boss Battle","floor":38,"turns":3},{"damage":0,"enemies":"3 Darklings","floor":41,"turns":2},{"damage":44,"enemies":"Maw","floor":42,"turns":8},{"damage":0,"enemies":"Spire Growth","floor":45,"turns":4},{"damage":36,"enemies":"2 Orb Walkers","floor":46,"turns":5},{"damage":22,"enemies":"4 Shapes","floor":48,"turns":5},{"damage":59,"enemies":"Awakened One","floor":50,"turns":11}],"seed_played":"-8213069983257955637","potions_obtained":[{"floor":2.0,"key":"Fruit Juice"},{"floor":11.0,"key":"SpeedPotion"},{"floor":12.0,"key":"FairyPotion"},{"floor":16,"key":"ColorlessPotion"},{"floor":33,"key":"BlessingOfTheForge"},{"floor":38,"key":"Strength Potion"},{"floor":47,"key":"Block Potion"}],"is_trial":false,"path_per_floor":["M","M","?","?","?","E","$","?","T","R","M","M","M","?","R","B",null,"M","$","M","M","?","R","M","R","T","?","M","E","M","M","R","B",null,"M","$","M","?","?","R","M","M","T","R","M","?","?","M","R","B"],"character_chosen":"THE_SILENT","items_purchased":["Cloak And Dagger","Lee\u0027s Waffle","Deadly Poison","Dramatic Entrance","Membership Card"],"campfire_rested":5,"item_purchase_floors":[7,19,19,19,36],"current_hp_per_floor":[70,75,75,60,42,42,42,42,42,42,42,40,32,32,69,48,68,60,82,78,44,44,82,78,78,78,66,68,40,22,19,58,3,62,64,64,66,68,68,68,70,28,28,67,69,35,35,15,54,0,0],"gold":352,"neow_bonus":"THREE_ENEMY_KILL","is_daily":false,"chose_seed":false,"campfire_upgraded":3,"win_rate":0.0,"timestamp":1608897437,"path_taken":["M","M","?","?","?","E","$","?","T","R","?","M","M","?","R","BOSS","M","$","?","M","?","R","M","R","T","?","M","E","M","M","R","BOSS","M","$","M","?","?","R","M","M","T","R","M","?","?","?","R","BOSS"],"items_purchased_type":["Card","Relic","Card","Card","Relic"],"build_version":"2020-12-22","purchased_purges":1,"victory":false,"max_hp_per_floor":[70,75,75,75,75,75,75,75,75,75,75,75,75,75,75,75,75,75,82,82,82,82,82,82,82,82,82,82,82,82,82,82,82,82,82,82,82,82,82,82,82,82,82,82,82,82,82,82,82,82,82],"card_choices":[{"not_picked":["Blade Dance","Concentrate"],"picked":"Deadly Poison","floor":1.0},{"not_picked":["Heel Hook","Dagger Throw","Flying Knee"],"picked":"SKIP","floor":2.0},{"not_picked":["Slice","Poisoned Stab"],"picked":"After Image","floor":6.0},{"not_picked":["All Out Attack","Choke"],"picked":"Poisoned Stab","floor":11.0},{"not_picked":["Blur","Dodge and Roll","Prepared"],"picked":"SKIP","floor":12.0},{"not_picked":["Sucker Punch","Prepared"],"picked":"Blade Dance","floor":13.0},{"not_picked":["Die Die Die","After Image"],"picked":"Venomology","floor":16},{"not_picked":["Terror","Skewer","Tactician"],"picked":"SKIP","floor":18},{"not_picked":["Escape Plan+1","Bane"],"picked":"Backflip+1","floor":20},{"not_picked":["Blur+1","Leg Sweep"],"picked":"Deflect","floor":21},{"not_picked":["Bane","Wraith Form v2","Prepared"],"picked":"SKIP","floor":24},{"not_picked":["Concentrate+1","Bouncing Flask"],"picked":"Slice+1","floor":27},{"not_picked":["Escape Plan","PiercingWail"],"picked":"Deadly Poison","floor":28},{"not_picked":["Infinite Blades","Eviscerate"],"picked":"Dagger Throw+1","floor":29},{"not_picked":["Calculated Gamble","Dodge and Roll","Masterful Stab+1"],"picked":"SKIP","floor":30},{"not_picked":["Bane","Cloak And Dagger"],"picked":"Poisoned Stab+1","floor":31},{"not_picked":["Grand Finale","Malaise"],"picked":"Adrenaline","floor":33},{"not_picked":["Outmaneuver+1","Acrobatics","Heel Hook"],"picked":"SKIP","floor":35},{"not_picked":["Deadly Poison+1","Endless Agony"],"picked":"Accuracy+1","floor":37},{"not_picked":["Accuracy+1","Poisoned Stab+1","Outmaneuver+1"],"picked":"SKIP","floor":41},{"not_picked":["Dodge and Roll+1","Endless Agony","Concentrate"],"picked":"SKIP","floor":42},{"not_picked":["Flying Knee","Predator","Prepared+1"],"picked":"SKIP","floor":45},{"not_picked":["Poisoned Stab","After Image","Dodge and Roll"],"picked":"SKIP","floor":48}],"player_experience":376488,"relics_obtained":[{"floor":6.0,"key":"Ice Cream"},{"floor":9.0,"key":"Regal Pillow"},{"floor":17,"key":"Blood Vial"},{"floor":17,"key":"Mercury Hourglass"},{"floor":17,"key":"Pocketwatch"},{"floor":26,"key":"Ornamental Fan"},{"floor":27,"key":"Red Mask"},{"floor":29,"key":"Gambling Chip"},{"floor":38,"key":"Peace Pipe"},{"floor":43,"key":"Ancient Tea Set"},{"floor":46,"key":"Incense Burner"}],"event_choices":[{"cards_removed":["Strike_G"],"damage_healed":0.0,"max_hp_gain":0.0,"max_hp_loss":0.0,"gold_gain":0.0,"event_name":"The Cleric","player_choice":"Card Removal","floor":3.0,"gold_loss":50.0,"damage_taken":0.0},{"damage_healed":0.0,"max_hp_gain":0.0,"max_hp_loss":0.0,"gold_gain":0.0,"event_name":"Shining Light","player_choice":"Entered Light","floor":4.0,"gold_loss":0.0,"damage_taken":15.0,"cards_upgraded":["Defend_G","Strike_G"]},{"damage_healed":0.0,"max_hp_gain":0.0,"max_hp_loss":0.0,"gold_gain":0.0,"event_name":"Golden Idol","player_choice":"Take Damage","floor":5.0,"gold_loss":0.0,"damage_taken":18.0,"relics_obtained":["Golden Idol"]},{"damage_healed":0.0,"max_hp_gain":0.0,"max_hp_loss":0.0,"gold_gain":0.0,"event_name":"Dead Adventurer","player_choice":"Searched \u00271\u0027 times","floor":8.0,"gold_loss":0.0,"damage_taken":0.0,"relics_obtained":["Anchor"]},{"damage_healed":0.0,"max_hp_gain":0.0,"max_hp_loss":0.0,"gold_gain":0.0,"event_name":"FaceTrader","player_choice":"Trade","floor":14.0,"gold_loss":0.0,"damage_taken":0.0,"relics_obtained":["CultistMask"]},{"damage_healed":0,"gold_gain":0,"player_choice":"Inject Mutagens","damage_taken":0,"relics_obtained":["MutagenicStrength"],"max_hp_gain":0,"max_hp_loss":0,"event_name":"Drug Dealer","floor":22,"gold_loss":0},{"damage_healed":0,"gold_gain":0,"player_choice":"Fought Bandits","damage_taken":0,"max_hp_gain":0,"max_hp_loss":0,"event_name":"Masked Bandits","floor":27,"gold_loss":0},{"damage_healed":0,"gold_gain":0,"player_choice":"Fight","damage_taken":0,"max_hp_gain":0,"max_hp_loss":0,"event_name":"MindBloom","floor":38,"gold_loss":0},{"cards_removed":["Survivor"],"damage_healed":0,"gold_gain":0,"player_choice":"Removed Skill","damage_taken":0,"max_hp_gain":0,"max_hp_loss":0,"event_name":"Falling","floor":39,"gold_loss":0},{"damage_healed":0,"gold_gain":0,"player_choice":"Fight","damage_taken":0,"max_hp_gain":0,"max_hp_loss":0,"event_name":"Mysterious Sphere","floor":46,"gold_loss":0},{"damage_healed":0,"gold_gain":0,"player_choice":"Bought 3 Potions","damage_taken":0,"max_hp_gain":0,"max_hp_loss":0,"event_name":"The Woman in Blue","floor":47,"gold_loss":0}],"is_beta":false,"boss_relics":[{"not_picked":["Tiny House","Runic Pyramid"],"picked":"Calling Bell"},{"not_picked":["Busted Crown","Runic Dome"],"picked":"SacredBark"}],"items_purged_floors":[36],"is_endless":false,"potions_floor_spawned":[2,11,12,16,21,28,31,33,35,38,48],"killed_by":"Awakened One","ascension_level":5}}