{"host":"3z9xbwjeimmg738z","time":1608869406,"event":{"mods":["2.2 Compatiblity","Act Like it!","AlwaysNeverKeys","Aspiration","Bard","Bartender","BaseMod","Beaked The Cultist","Better Altar","Better Match","Better Note","Better Sensory Stone","Better Skull","Better Third Choice","CapriCore","ChefMod","Colored Powertips","Defuse TimeMaze Blight","Dio Mod","Displayed Cursed Tome","Emptier Cage","Faster Ascension Climbing","Fiend Mod","Gensokyo","GifTheSpireLib","Hallownest","Hubris","JesterMod","KinomotoSakuraMod(????)","Koishi","Mari Mod (Legacy)","Mari\u0027s V1 Patch","Marisa????????","Minty Spire (QoL Compilation)","Pale of the Ancients","Permanent Neow","Replay The Spire","Robot Space Explorer","Shop Mod","StSLib","Stuff the Spire","The Accelerator","The Construct","The Immortal","The Marked","The Mystic","The Saiyan","The Senshi","The Servant 0.9.4","TheArtist","Uncapped","Wandering Minibosses","vexMod"],"gold_per_floor":[119,138,138,63,79,106,126,161,187,187,187,187,187,187],"floor_reached":13,"playtime":396,"items_purged":["theSenshi:SailorKick"],"score":98,"play_id":"3eb26111-ef8c-4806-9a84-47bf4111ab6e","local_time":"20201224201006","is_ascension_mode":true,"campfire_choices":[],"circlet_count":0,"master_deck":["theSenshi:SailorKick","theSenshi:SailorKick","theSenshi:SailorKick","theSenshi:SailorBlock","theSenshi:SailorBlock","theSenshi:SailorBlock","theSenshi:RoseThrow","theSenshi:MoonPrismPowerMakeUp","theSenshi:SupersonicWaves","theSenshi:SupersonicWaves","theSenshi:LunaSensingAllies"],"relics":["theSenshi:TransformationBroochRelic","Centennial Puzzle","hubris:ToyBattleship","aspiration:ChemicalBlood"],"acts_visited":["Exordium"],"potions_floor_usage":[8,8],"damage_taken":[{"damage":0,"enemies":"Small Slimes","floor":1,"turns":5},{"damage":4,"enemies":"Cultist","floor":2,"turns":3},{"damage":0,"enemies":"2 Louse","floor":5,"turns":2},{"damage":31,"enemies":"Gremlin Nob","floor":6,"turns":5},{"damage":3,"enemies":"Red Slaver","floor":7,"turns":3},{"damage":26,"enemies":"Lagavulin","floor":8,"turns":9},{"damage":13,"enemies":"Gremlin Nob","floor":13,"turns":3}],"seed_played":"-8727640147322308325","potions_obtained":[{"floor":2,"key":"GamblersBrew"},{"floor":6,"key":"Flashbang"},{"floor":7,"key":"Fire Potion"}],"is_trial":false,"path_per_floor":["M","M","?","$","M","E","M","E","T","PTL","PTL","?","E"],"character_chosen":"THE_SENSHI","items_purchased":[],"campfire_rested":0,"item_purchase_floors":[],"current_hp_per_floor":[75,71,71,71,71,40,37,11,11,11,11,11,0,0],"gold":187,"neow_bonus":"THREE_CARDS","is_daily":false,"chose_seed":false,"campfire_upgraded":0,"win_rate":0.0,"timestamp":1608869406,"path_taken":["M","M","?","$","M","E","?","E","T","PTL","PTL","?","E"],"items_purchased_type":[],"build_version":"2020-12-22","purchased_purges":1,"victory":false,"max_hp_per_floor":[75,75,75,75,75,75,75,75,75,75,75,75,75,75],"card_choices":[{"not_picked":["theSenshi:TallSilhouette","theSenshi:EncouragingSpeech"],"picked":"theSenshi:SupersonicWaves","floor":0},{"not_picked":["theSenshi:MoonPrincessHalation","theSenshi:MoonKick","theSenshi:TuxedoSmokingBomber"],"picked":"SKIP","floor":1},{"not_picked":["theSenshi:DramaticEntrance","theSenshi:TuxedoMaskAssists"],"picked":"theSenshi:SupersonicWaves","floor":2},{"not_picked":["theSenshi:SupersonicWaves","theSenshi:MoonTiaraMagic","theSenshi:MoonCrisisMakeUp"],"picked":"SKIP","floor":5},{"not_picked":["theSenshi:SupersonicWaves","theSenshi:MoonTiaraMagic","theSenshi:MoonCrisisMakeUp"],"picked":"SKIP","floor":5},{"not_picked":["theSenshi:MoonKick","theSenshi:MoonsReflection","theSenshi:MoonlightKnight"],"picked":"SKIP","floor":6},{"not_picked":["theSenshi:MoonPunch","theSenshi:SupersonicWaves","theSenshi:MoonPower"],"picked":"SKIP","floor":7},{"not_picked":["theSenshi:TallSilhouette","theSenshi:EncouragingSpeech","theSenshi:SailorStarHealerAssists"],"picked":"SKIP","floor":8}],"player_experience":457326,"relics_obtained":[{"floor":6,"key":"Centennial Puzzle"},{"floor":8,"key":"hubris:ToyBattleship"},{"floor":9,"key":"aspiration:ChemicalBlood"}],"event_choices":[{"cards_removed":["theSenshi:RoseThrow"],"damage_healed":0,"gold_gain":0,"player_choice":"Give","damage_taken":0,"max_hp_gain":0,"max_hp_loss":0,"event_name":"betterNote:BetterNote","floor":3,"gold_loss":0,"cards_obtained":["Defend_R"]},{"damage_healed":0,"gold_gain":0,"cards_transformed":["theSenshi:SailorBlock"],"player_choice":"Transformed","damage_taken":0,"max_hp_gain":0,"max_hp_loss":0,"event_name":"Transmorgrifier","floor":12,"gold_loss":0,"cards_obtained":["theSenshi:LunaSensingAllies"]}],"is_beta":false,"boss_relics":[],"items_purged_floors":[4],"is_endless":false,"potions_floor_spawned":[2,6,7],"killed_by":"Gremlin Nob","ascension_level":1}}