{"host":"cdsckls8bq3ibwt8","time":1608939255,"event":{"mods":["AchievementEnabler","BaseMod","Better Third Choice","Downfall","Hermit","Minty Spire (QoL Compilation)","Rare Cards Sparkle","Relic Stats","Replay The Spire","StSLib","The Cursed","The Disciple"],"gold_per_floor":[114,114,124,141,156,156,182,195,246,246,279,204,224,244,244,318,318,328,328,328,347,359,359,391,306,306,341,341,279,279,299,299,299,299],"floor_reached":33,"playtime":2273,"items_purged":["Voices"],"score":594,"play_id":"6977090d-3807-46b9-8751-89b50b23e9ba","local_time":"20201225153415","is_ascension_mode":true,"campfire_choices":[{"floor":6.0,"key":"REST"},{"floor":10.0,"key":"REST"},{"floor":23.0,"key":"REST"},{"data":"Evolve","floor":28.0,"key":"SMITH"},{"data":"Heavy Blade","floor":30.0,"key":"SMITH"},{"floor":32.0,"key":"REST"}],"circlet_count":0,"master_deck":["AscendersBane","Strike_R","Strike_R","Strike_R","Defend_R","Defend_R","Defend_R","Defend_R","Bash","Pot Of Greed","Clothesline","Pot Of Greed","Replay:Bag of Tricks+1","Headbutt","ReplayTheSpireMod:Corrosion Curse","ReplayTheSpireMod:Stacked","Metallicize","Shrug It Off","Dropkick","Thunderclap","Evolve+1","Bludgeon","Overencumbered","Pot Of Greed","CommonCold","Immolate","Fire Breathing","Spot Weakness","Hemogenesis","Limit Break","Armaments","Heavy Blade+1","Rupture+1"],"relics":["Burning Blood","Grinning Jar","ReplayTheSpireMod:Spearhead","Question Card","Regal Pillow","ReplayTheSpireMod:TigerMarble","Replay:Ancient Bell","Strawberry","Blue Candle","Champion Belt","MutagenicStrength","Omamori","ReplayFunnel","Oddly Smooth Stone","ReplayTheSpireMod:CursedCoin"],"acts_visited":["Exordium","TheCity"],"potions_floor_usage":[33,33],"damage_taken":[{"damage":9.0,"enemies":"2 Louse","floor":1.0,"turns":2.0},{"damage":12.0,"enemies":"Jaw Worm","floor":3.0,"turns":2.0},{"damage":4.0,"enemies":"Small Slimes","floor":4.0,"turns":3.0},{"damage":19.0,"enemies":"Red Slaver","floor":5.0,"turns":4.0},{"damage":23.0,"enemies":"3 Sentries","floor":7.0,"turns":10.0},{"damage":11.0,"enemies":"Gremlin Gang","floor":8.0,"turns":5.0},{"damage":18.0,"enemies":"Gremlin Nob","floor":11.0,"turns":4.0},{"damage":3.0,"enemies":"Looter","floor":13.0,"turns":4.0},{"damage":10.0,"enemies":"Exordium Wildlife","floor":14.0,"turns":5.0},{"damage":40.0,"enemies":"Fading Forest","floor":16.0,"turns":13.0},{"damage":18.0,"enemies":"3 Byrds","floor":18.0,"turns":8.0},{"damage":6.0,"enemies":"Shell Parasite","floor":21.0,"turns":1.0},{"damage":26.0,"enemies":"Sentry and Sphere","floor":22.0,"turns":5.0},{"damage":19.0,"enemies":"Replay:Snechameleon","floor":24.0,"turns":6.0},{"damage":34.0,"enemies":"Slavers","floor":27.0,"turns":5.0},{"damage":22.0,"enemies":"Snake Plant","floor":31.0,"turns":4.0},{"damage":63,"enemies":"Collector","floor":33,"turns":5}],"seed_played":"5444605194532941585","potions_obtained":[{"floor":3.0,"key":"Energy Potion"},{"floor":5.0,"key":"FearPotion"},{"floor":7.0,"key":"AttackPotion"},{"floor":14.0,"key":"EntropicBrew"},{"floor":16.0,"key":"ColorlessPotion"},{"floor":22.0,"key":"Ancient Potion"},{"floor":31.0,"key":"Energy Potion"}],"is_trial":false,"path_per_floor":["M","?","M","M","M","R","E","M","T","R","E","?","M","M","R","B",null,"M","?","?","M","M","R","E","?","T","E","R","$","R","M","R","B"],"character_chosen":"IRONCLAD","items_purchased":["Armaments","ReplayTheSpireMod:CursedCoin","Heavy Blade","SteroidPotion"],"campfire_rested":4,"item_purchase_floors":[29,29,29,29],"current_hp_per_floor":[65,42,36,38,25,47,30,25,25,62,50,50,53,49,49,15,67,55,55,55,55,35,74,65,65,65,37,37,37,37,21,60,0,0],"gold":299,"neow_bonus":"RANDOM_COMMON_RELIC","is_daily":false,"chose_seed":false,"campfire_upgraded":2,"win_rate":0.0,"timestamp":1608939255,"path_taken":["M","?","M","M","M","R","E","M","T","R","E","?","M","M","R","BOSS","M","?","?","?","?","R","E","?","T","E","R","$","R","M","R","BOSS"],"items_purchased_type":["Card","Relic","Card","Potion"],"build_version":"2020-12-22","purchased_purges":1,"victory":false,"max_hp_per_floor":[75,75,75,75,75,75,75,75,75,75,75,75,75,75,75,75,82,82,82,82,82,82,82,82,82,82,82,82,82,82,82,82,82,82],"relic_stats":{"Regal Pillow":45,"counters":[17,86],"Blue Candle":[2],"Champion Belt":[12],"Question Card":15,"obtain_stats":[{"ReplayFunnel":25,"Regal Pillow":9,"ReplayTheSpireMod:CursedCoin":29,"Blue Candle":17,"Oddly Smooth Stone":27,"Replay:Ancient Bell":17,"Omamori":24,"Question Card":7,"Burning Blood":0,"ReplayTheSpireMod:Spearhead":2,"Strawberry":17,"MutagenicStrength":19,"ReplayTheSpireMod:TigerMarble":11,"Champion Belt":17,"Grinning Jar":0},{"ReplayFunnel":14,"Regal Pillow":6,"ReplayTheSpireMod:CursedCoin":15,"Blue Candle":10,"Oddly Smooth Stone":15,"Replay:Ancient Bell":10,"Omamori":14,"Question Card":5,"Burning Blood":0,"ReplayTheSpireMod:Spearhead":1,"Strawberry":10,"MutagenicStrength":11,"ReplayTheSpireMod:TigerMarble":7,"Champion Belt":10,"Grinning Jar":0},{"ReplayFunnel":72,"Regal Pillow":26,"ReplayTheSpireMod:CursedCoin":77,"Blue Candle":52,"Oddly Smooth Stone":77,"Replay:Ancient Bell":52,"Omamori":72,"Question Card":21,"Burning Blood":0,"ReplayTheSpireMod:Spearhead":2,"Strawberry":52,"MutagenicStrength":60,"ReplayTheSpireMod:TigerMarble":30,"Champion Belt":52,"Grinning Jar":0}],"Burning Blood":96},"card_choices":[{"not_picked":["Pommel Strike","Dual Wield"],"picked":"Clothesline","floor":1.0},{"not_picked":["Anger","Rupture"],"picked":"Headbutt","floor":3.0},{"not_picked":["Clash","Twin Strike"],"picked":"ReplayTheSpireMod:Corrosion Curse","floor":4.0},{"not_picked":["Defy Death","Twin Strike"],"picked":"ReplayTheSpireMod:Stacked","floor":5.0},{"not_picked":["Hemokinesis","Headbutt"],"picked":"Metallicize","floor":7.0},{"not_picked":["Entrench","Bloodletting","Perfected Strike","Dual Wield"],"picked":"SKIP","floor":8.0},{"not_picked":["Havoc","Infernal Blade","Abandon"],"picked":"Shrug It Off","floor":11.0},{"not_picked":["Clash","Hemokinesis","Pommel Strike"],"picked":"Dropkick","floor":13.0},{"not_picked":["Perfected Strike","Cleave","Wild Strike"],"picked":"Thunderclap","floor":14.0},{"not_picked":["Hemogenesis","Exhume","Barricade"],"picked":"Bludgeon","floor":16.0},{"not_picked":["TheCursedMod:Dregs","Languid","Parasite"],"picked":"Overencumbered","floor":17.0},{"not_picked":["Amnesia","Languid","Regret"],"picked":"Voices","floor":17.0},{"not_picked":["Delirium","Clumsy","Doubt"],"picked":"CommonCold","floor":17.0},{"not_picked":["Pommel Strike","Cleave","Havoc"],"picked":"Immolate","floor":18.0},{"not_picked":["ReplayTheSpireMod:Strike From Hell","Flex","Replay:Undeath\u0027s Touch"],"picked":"Fire Breathing","floor":21.0},{"not_picked":["Life Link+1","Twin Strike","Armaments+1"],"picked":"Spot Weakness","floor":22.0},{"not_picked":["Searing Blow","Clash","Clothesline"],"picked":"Hemogenesis","floor":24.0},{"not_picked":["Dropkick","Anger","Sword Boomerang"],"picked":"Limit Break","floor":27.0},{"not_picked":["Replay:Undeath\u0027s Touch+1","Twin Strike","Warcry"],"picked":"Rupture+1","floor":31.0}],"player_experience":359955,"relics_obtained":[{"floor":7.0,"key":"Question Card"},{"floor":9.0,"key":"Regal Pillow"},{"floor":11.0,"key":"ReplayTheSpireMod:TigerMarble"},{"floor":24.0,"key":"Omamori"},{"floor":27.0,"key":"Oddly Smooth Stone"}],"event_choices":[{"cards_removed":["Strike_R"],"damage_healed":0.0,"max_hp_gain":0.0,"max_hp_loss":0.0,"gold_gain":0.0,"event_name":"The Cleric","player_choice":"Card Removal","floor":12.0,"gold_loss":75.0,"damage_taken":0.0},{"damage_healed":0.0,"max_hp_gain":0.0,"max_hp_loss":0.0,"gold_gain":0.0,"event_name":"Drug Dealer","player_choice":"Inject Mutagens","floor":19.0,"gold_loss":0.0,"damage_taken":0.0,"relics_obtained":["MutagenicStrength"]},{"damage_healed":0.0,"max_hp_gain":0.0,"max_hp_loss":0.0,"gold_gain":0.0,"event_name":"Upgrade Shrine","player_choice":"Upgraded","floor":20.0,"gold_loss":0.0,"damage_taken":0.0,"cards_upgraded":["Replay:Bag of Tricks"]},{"damage_healed":0.0,"max_hp_gain":0.0,"max_hp_loss":0.0,"gold_gain":0.0,"event_name":"Addict","player_choice":"Obtained Relic","floor":25.0,"gold_loss":85.0,"damage_taken":0.0,"relics_obtained":["ReplayFunnel"]}],"is_beta":false,"boss_relics":[{"not_picked":["Kintsugi","Coffee Dripper"],"picked":"Replay:Ancient Bell"},{"not_picked":["King of Hearts","Dream Catcher"],"picked":"Strawberry"},{"not_picked":["Replay:Bottled Eggs","Frozen Egg 2"],"picked":"Blue Candle"},{"not_picked":["Prayer Wheel","Durian"],"picked":"Champion Belt"}],"items_purged_floors":[29],"is_endless":false,"potions_floor_spawned":[3,5,7,14,16,22,31],"killed_by":"Collector","ascension_level":20}}