{"host":"jm9833yuloeli2yd","time":1608866361,"event":{"mods":["AchievementEnabler","BaseMod","Better Altar","Better Match","Better Note","Better Sensory Stone","Better Skull","Better Third Choice","Better Vampires","BetterRewards","Colored Map","Colored Powertips","DeckTracker","Hubris","Marked Mod","Minty Spire (QoL Compilation)","Permanent Neow","Quick Restart","StSLib","SuperFastMode"],"gold_per_floor":[117,129,143,156,156,156,189,189,213,238,203,273,57,184,184,255,255,215,140,140,62,62,62,62,62],"floor_reached":24,"playtime":743,"items_purged":["Strike_B"],"score":474,"play_id":"031cd4ed-ce59-464d-9187-3cc5855ef08a","local_time":"20201224221921","is_ascension_mode":true,"campfire_choices":[{"data":"Sunder","floor":6,"key":"SMITH"},{"data":"Zap","floor":15,"key":"SMITH"},{"floor":23,"key":"REST"}],"circlet_count":0,"master_deck":["AscendersBane","Strike_B","Strike_B","Defend_B","Defend_B","Defend_B","Defend_B","Zap+1","Dualcast","Reboot","Glacier","Ball Lightning","FTL","Sunder+1","BootSequence","Recycle","FTL","Chill","Multi-Cast","Stack+1","Coolheaded","Self Repair","Echo Form","Conserve Battery"],"relics":["Cracked Core","Dream Catcher","hubris:Icosahedron","Happy Flower","Blood Vial","StrikeDummy","Bottled Lightning","Ectoplasm"],"acts_visited":["Exordium","TheCity"],"potions_floor_usage":[7,13,24],"damage_taken":[{"damage":4.0,"enemies":"2 Louse","floor":1.0,"turns":3.0},{"damage":0.0,"enemies":"Small Slimes","floor":2.0,"turns":4.0},{"damage":0,"enemies":"Cultist","floor":3,"turns":3},{"damage":0,"enemies":"2 Fungi Beasts","floor":4,"turns":3},{"damage":9,"enemies":"3 Sentries","floor":7,"turns":6},{"damage":1,"enemies":"Gremlin Nob","floor":10,"turns":3},{"damage":0,"enemies":"3 Sentries","floor":14,"turns":4},{"damage":23,"enemies":"Hexaghost","floor":16,"turns":9},{"damage":7,"enemies":"2 Thieves","floor":18,"turns":2},{"damage":17,"enemies":"3 Byrds","floor":20,"turns":4},{"damage":57,"enemies":"Book of Stabbing","floor":24,"turns":5}],"seed_played":"-6050025827866846072","potions_obtained":[{"floor":1.0,"key":"DuplicationPotion"},{"floor":2.0,"key":"SteroidPotion"},{"floor":10,"key":"Fruit Juice"},{"floor":20,"key":"PotionOfCapacity"}],"is_trial":false,"path_per_floor":["M","M","M","M","?","R","E","?","T","E","?","T","$","E","R","B",null,"M","?","M","$","?","R","E"],"character_chosen":"DEFECT","items_purchased":["FTL","BlessingOfTheForge","Self Repair"],"campfire_rested":1,"item_purchase_floors":[13,13,21],"current_hp_per_floor":[42,42,42,42,42,42,33,33,33,32,49,49,54,56,56,35,66,61,61,46,46,27,49,0,0],"gold":62,"neow_bonus":"THREE_RARE_CARDS","is_daily":false,"chose_seed":false,"campfire_upgraded":2,"win_rate":0.0,"timestamp":1608866361,"path_taken":["M","M","M","M","?","R","E","?","T","E","?","?","$","E","R","BOSS","M","?","M","$","?","R","E"],"items_purchased_type":["Card","Potion","Card"],"build_version":"2020-12-22","purchased_purges":1,"victory":false,"max_hp_per_floor":[71,71,71,71,71,71,71,71,71,71,71,71,76,76,76,76,76,76,76,76,76,76,76,76,76],"card_choices":[{"not_picked":["hubris:Prefetch","Rainbow"],"picked":"Reboot","floor":0.0},{"not_picked":["Conserve Battery","Fusion"],"picked":"Glacier","floor":1.0},{"not_picked":["Scrape","Stack"],"picked":"Ball Lightning","floor":2.0},{"not_picked":["Turbo","Consume"],"picked":"FTL","floor":3},{"not_picked":["Gash","Double Energy"],"picked":"Sunder","floor":4},{"not_picked":["Ball Lightning","Streamline"],"picked":"BootSequence","floor":7},{"not_picked":["Barrage","Stack"],"picked":"Recycle","floor":10},{"not_picked":["Barrage","FTL"],"picked":"Chill","floor":14},{"not_picked":["Hyperbeam","Creative AI"],"picked":"Multi-Cast","floor":16},{"not_picked":["Streamline","Coolheaded"],"picked":"Stack+1","floor":18},{"not_picked":["Rebound","Undo"],"picked":"Coolheaded","floor":20},{"not_picked":["Rebound","Tempest"],"picked":"Conserve Battery","floor":23}],"player_experience":1157751,"relics_obtained":[{"floor":7,"key":"Dream Catcher"},{"floor":9,"key":"Happy Flower"},{"floor":10,"key":"Blood Vial"},{"floor":12,"key":"StrikeDummy"},{"floor":14,"key":"Bottled Lightning"}],"event_choices":[{"damage_healed":0,"gold_gain":0,"player_choice":"Ignored","damage_taken":156,"max_hp_gain":0,"max_hp_loss":0,"event_name":"betterThird:BetterSerpent","floor":5,"gold_loss":0},{"damage_healed":17,"gold_gain":0,"player_choice":"Healed","damage_taken":0,"max_hp_gain":0,"max_hp_loss":0,"event_name":"The Cleric","floor":11,"gold_loss":35},{"cards_removed":["Strike_B"],"damage_healed":0,"gold_gain":0,"player_choice":"Gave Gold","damage_taken":0,"max_hp_gain":0,"max_hp_loss":0,"event_name":"Beggar","floor":19,"gold_loss":75},{"damage_healed":0,"gold_gain":2,"player_choice":"2","damage_taken":0,"max_hp_gain":0,"max_hp_loss":19,"event_name":"betterStone:BetterStone","floor":22,"gold_loss":0}],"is_beta":false,"boss_relics":[{"not_picked":["hubris:ScarierMask","Empty Cage"],"picked":"Ectoplasm"}],"items_purged_floors":[13],"is_endless":false,"potions_floor_spawned":[1,2,4,10,16,20],"killed_by":"Book of Stabbing","ascension_level":20}}