{"host":"qy7jow5usmjkdnnq","time":1608932505,"event":{"mods":["BaseMod","Colored Map","Downfall","Minty Spire (QoL Compilation)","Permanent Neow","Relic Stats","StSLib"],"gold_per_floor":[99,111,111,122,222,251,302,227,254,254,265,321,246,270,286,386,386,386,397,497,507,507,523,523,523,537,537,565,565,585,596,612,712,712,712,722,737,792,804,804,804,804,823,840,840,869,794,804,820,820],"floor_reached":51,"playtime":5388,"items_purged":[],"score":871,"play_id":"6bcb7b60-f24a-492f-bc75-c4f9601f0e0d","local_time":"20201225224145","is_ascension_mode":true,"campfire_choices":[{"data":"champ:Taunt","floor":1,"key":"SMITH"},{"floor":8,"key":"RECALL"},{"data":"champ:CheapShot","floor":13,"key":"SMITH"},{"data":"champ:Devastate","floor":18,"key":"SMITH"},{"data":"champ:Backstep","floor":25,"key":"SMITH"},{"data":"champ:Backstep","floor":27,"key":"SMITH"},{"data":"champ:Control","floor":29,"key":"SMITH"},{"data":"champ:CalledShot","floor":35,"key":"SMITH"},{"data":"champ:HoldFirm","floor":42,"key":"SMITH"},{"data":"champ:HoldFirm","floor":47,"key":"SMITH"}],"circlet_count":0,"master_deck":["champ:Strike","champ:Defend","champ:Defend","champ:Execute","champ:Taunt+1","champ:ShieldThrow","champ:Control+1","champ:BerserkersShout","champ:DefensiveShout","champ:RisingSlash","champ:Backstep+1","champ:CheapShot+1","champ:AdrenalArmor","champ:Encircle","champ:IronFortress","champ:ShieldThrow","champ:Backstep+1","champ:DeathBlow","champ:Devastate+1","champ:RageSigil+1","champ:Control","champ:RageSigil","champ:ShieldWall","champ:BringItOn","champ:Shatter+1","champ:HoldFirm+1","champ:EndlessRage+1","champ:CalledShot+1","champ:EnchantSword","champ:AdrenalArmor+1","champ:Encircle","champ:ArenaPreparation","champ:HoldFirm+1","Clumsy","champ:Backstep+1","champ:GutPunch+1","champ:Control+1"],"relics":["champ:ChampionCrown","downfall:ShatteredFragment","WristBlade","Omamori","downfall:HeartBlessingBlue","Prayer Wheel","Ice Cream","downfall:HeartBlessingRed","Odd Mushroom","Cursed Key","MutagenicStrength","Question Card","Tiny Chest","Empty Cage","Pocketwatch","InkBottle","Sundial","Toxic Egg 2","downfall:HeartBlessingGreen"],"acts_visited":["Exordium","TheCity","TheBeyond"],"potions_floor_usage":[5,20,28,31,33,38,49],"damage_taken":[{"damage":12,"enemies":"Jaw Worm","floor":2,"turns":4},{"damage":0,"enemies":"Small Slimes","floor":4,"turns":1},{"damage":18,"enemies":"Small Slimes","floor":5,"turns":5},{"damage":26,"enemies":"Lagavulin","floor":6,"turns":6},{"damage":19,"enemies":"Gremlin Nob","floor":9,"turns":4},{"damage":9,"enemies":"Cultist","floor":11,"turns":3},{"damage":24,"enemies":"3 Sentries","floor":12,"turns":4},{"damage":6,"enemies":"The Mushroom Lair","floor":14,"turns":3},{"damage":13,"enemies":"3 Louse","floor":15,"turns":2},{"damage":48,"enemies":"downfall:Silent","floor":16,"turns":6},{"damage":22,"enemies":"3 Byrds","floor":19,"turns":5},{"damage":26,"enemies":"downfall:Augmenter","floor":20,"turns":3},{"damage":22,"enemies":"Spheric Guardian","floor":21,"turns":2},{"damage":4,"enemies":"Snake Plant","floor":23,"turns":1},{"damage":37,"enemies":"Cultist and Chosen","floor":26,"turns":4},{"damage":31,"enemies":"Book of Stabbing","floor":28,"turns":3},{"damage":13,"enemies":"Chosen and Byrds","floor":30,"turns":4},{"damage":25,"enemies":"Snake Plant","floor":31,"turns":4},{"damage":16,"enemies":"Shelled Parasite and Fungi","floor":32,"turns":4},{"damage":61,"enemies":"downfall:Ironclad","floor":33,"turns":5},{"damage":32,"enemies":"3 Shapes","floor":36,"turns":10},{"damage":44,"enemies":"3 Darklings","floor":37,"turns":4},{"damage":46,"enemies":"2 Orb Walkers","floor":38,"turns":6},{"damage":16,"enemies":"Spire Growth","floor":39,"turns":3},{"damage":33,"enemies":"Maw","floor":43,"turns":6},{"damage":63,"enemies":"Transient","floor":44,"turns":5},{"damage":67,"enemies":"Reptomancer","floor":46,"turns":6},{"damage":29,"enemies":"Spire Growth","floor":48,"turns":3},{"damage":66,"enemies":"Maw","floor":49,"turns":4},{"damage":20,"enemies":"downfall:Watcher","floor":50,"turns":4}],"seed_played":"-18076817878195816","potions_obtained":[{"floor":2,"key":"SkillPotion"},{"floor":5,"key":"Energy Potion"},{"floor":9,"key":"Guardian:BlockOnCardUsePotion"},{"floor":15,"key":"champ:OpenerPotion"},{"floor":21,"key":"Fire Potion"},{"floor":26,"key":"GamblersBrew"},{"floor":28,"key":"Dexterity Potion"},{"floor":31,"key":"Dexterity Potion"},{"floor":36,"key":"Regen Potion"},{"floor":48,"key":"AttackPotion"},{"floor":49,"key":"Strength Potion"}],"is_trial":false,"path_per_floor":["R","M","?","M","?","E","T","R","E","?","M","?","R","?","M","B",null,"R","M","?","M","?","M","T","R","M","R","E","R","M","M","M","B",null,"R","M","M","?","M","?","T","R","M","M","T","E","R","M","M","B",null],"character_chosen":"THE_CHAMP","items_purchased":[],"campfire_rested":0,"item_purchase_floors":[],"current_hp_per_floor":[90,88,61,61,61,58,58,68,55,55,55,50,50,50,46,23,100,100,100,91,91,91,91,91,91,79,79,77,77,77,69,69,45,100,100,92,79,64,63,63,63,63,73,73,73,57,57,43,21,21],"gold":820,"neow_bonus":"ONE_RANDOM_RARE_CARD","is_daily":false,"chose_seed":false,"campfire_upgraded":9,"win_rate":0.0,"timestamp":1608932505,"path_taken":["R","M","?","M","?","E","T","R","E","?","?","?","R","?","M","BOSS","R","M","?","M","?","M","T","R","M","R","E","R","M","M","M","BOSS","R","M","M","?","M","?","T","R","?","M","?","E","R","M","M","BOSS"],"items_purchased_type":[],"build_version":"2020-12-22","purchased_purges":0,"victory":true,"max_hp_per_floor":[90,90,90,90,90,90,90,100,100,100,100,100,100,100,100,100,100,100,100,100,100,100,100,100,100,100,100,100,100,100,100,100,100,100,100,100,100,100,100,100,100,100,100,100,100,100,100,100,100,100],"relic_stats":{"counters":[30,124],"Sundial":[0],"Prayer Wheel":16,"Tiny Chest":1,"Cursed Key":3,"Question Card":26,"obtain_stats":[{"Ice Cream":12,"downfall:ShatteredFragment":3,"downfall:HeartBlessingRed":13,"champ:ChampionCrown":0,"downfall:HeartBlessingGreen":47,"Omamori":6,"Odd Mushroom":14,"Cursed Key":17,"Question Card":24,"Empty Cage":34,"WristBlade":5,"downfall:HeartBlessingBlue":8,"Sundial":45,"MutagenicStrength":20,"Prayer Wheel":9,"Tiny Chest":28,"Toxic Egg 2":46,"InkBottle":41,"Pocketwatch":38},{"Ice Cream":7,"downfall:ShatteredFragment":1,"downfall:HeartBlessingRed":7,"champ:ChampionCrown":0,"downfall:HeartBlessingGreen":27,"Omamori":4,"Odd Mushroom":8,"Cursed Key":10,"Question Card":14,"Empty Cage":20,"WristBlade":3,"downfall:HeartBlessingBlue":4,"Sundial":26,"MutagenicStrength":12,"Prayer Wheel":5,"Tiny Chest":16,"Toxic Egg 2":27,"InkBottle":24,"Pocketwatch":23},{"Ice Cream":27,"downfall:ShatteredFragment":4,"downfall:HeartBlessingRed":27,"champ:ChampionCrown":0,"downfall:HeartBlessingGreen":113,"Omamori":16,"Odd Mushroom":30,"Cursed Key":38,"Question Card":49,"Empty Cage":73,"WristBlade":10,"downfall:HeartBlessingBlue":16,"Sundial":107,"MutagenicStrength":46,"Prayer Wheel":20,"Tiny Chest":56,"Toxic Egg 2":113,"InkBottle":96,"Pocketwatch":93}],"InkBottle":[16],"Pocketwatch":[15]},"card_choices":[{"not_picked":["champ:PerfectedStrike","champ:GutPunch"],"picked":"champ:Control","floor":2},{"not_picked":["champ:FanOfKnives","champ:PerfectedStrike"],"picked":"champ:BerserkersShout","floor":4},{"not_picked":["champ:BladeFlurry","champ:BringItOn"],"picked":"champ:DefensiveShout","floor":5},{"not_picked":["champ:BerserkerStyle","champ:FocusedDefense"],"picked":"champ:RisingSlash","floor":6},{"not_picked":["champ:StanceDance","champ:CheapShot"],"picked":"champ:Backstep","floor":9},{"not_picked":["champ:CrookedStrike","champ:BerserkersShout"],"picked":"champ:AdrenalArmor","floor":11},{"not_picked":["champ:DefensiveShout","champ:Shatter"],"picked":"champ:Encircle","floor":11},{"not_picked":["champ:RageSigil","champ:ShieldWall"],"picked":"champ:IronFortress","floor":12},{"not_picked":["champ:Shatter","champ:ShieldWall"],"picked":"champ:ShieldThrow","floor":14},{"not_picked":["champ:RisingSlash","champ:ShieldSigil"],"picked":"champ:Backstep","floor":15},{"not_picked":["champ:FalseCounter","champ:Duel"],"picked":"champ:DeathBlow","floor":15},{"not_picked":["champ:CrownThrow","champ:MurderStrike"],"picked":"champ:Devastate","floor":16},{"not_picked":["champ:PerfectedStrike","champ:GladiatorStyle"],"picked":"champ:RageSigil+1","floor":19},{"not_picked":["champ:Circumvent","champ:PreciseThrust","champ:Riposte"],"picked":"SKIP","floor":19},{"not_picked":["champ:ShieldSigil","champ:EnchantShield"],"picked":"champ:Control","floor":20},{"not_picked":["champ:FanOfKnives+1","champ:BerserkersShout+1"],"picked":"champ:BringItOn","floor":21},{"not_picked":["champ:Aggression","champ:PerfectedStrike"],"picked":"champ:Shatter+1","floor":21},{"not_picked":["champ:RapidStrikes","champ:DeathBlow","champ:GutPunch"],"picked":"SKIP","floor":23},{"not_picked":["champ:BringItOn+1","champ:FanOfKnives","champ:BladeFlurry"],"picked":"SKIP","floor":23},{"not_picked":["champ:Aggression","champ:GladiatorsShout","champ:Circumvent","champ:ShieldThrow"],"picked":"SKIP","floor":26},{"not_picked":["champ:BringItOn","champ:FocusedGladiator+1","champ:FocusedBerserking","champ:RageSigil+1"],"picked":"SKIP","floor":26},{"not_picked":["champ:PerfectedStrike+1","champ:FocusedBerserking+1","champ:RageSigil","champ:FanOfKnives"],"picked":"SKIP","floor":28},{"not_picked":["champ:FanOfKnives","champ:Encircle+1","champ:BerserkersShout"],"picked":"champ:HoldFirm","floor":30},{"not_picked":["champ:EnragedBash","champ:BringItOn","champ:Circumvent","champ:TornadoPunch"],"picked":"SKIP","floor":30},{"not_picked":["champ:DefensiveShout","champ:GladiatorsShout","champ:FocusedDefense"],"picked":"champ:EndlessRage+1","floor":31},{"not_picked":["champ:GutPunch+1","champ:GladiatorsShout","champ:EnragedBash"],"picked":"champ:CalledShot","floor":31},{"not_picked":["champ:Haymaker","champ:DefensiveShout","champ:RapidStrikes","champ:RecklessLeap"],"picked":"SKIP","floor":32},{"not_picked":["champ:BladeFlurry","champ:Backstep","champ:PerfectedStrike","champ:Shatter"],"picked":"SKIP","floor":32},{"not_picked":["champ:DancingMaster","champ:ShieldThrow","champ:HeavySlash"],"picked":"champ:EnchantSword","floor":33},{"not_picked":["champ:RecklessLeap+1","champ:RageSigil","champ:FocusedDefense+1","champ:ShieldWall+1"],"picked":"SKIP","floor":36},{"not_picked":["champ:FanOfKnives+1","champ:Riposte+1","champ:GladiatorStyle","champ:SkillfulDodge"],"picked":"SKIP","floor":36},{"not_picked":["champ:BringItOn+1","champ:GladiatorsShout+1","champ:HeartStrike"],"picked":"champ:AdrenalArmor+1","floor":37},{"not_picked":["champ:PerfectedStrike+1","champ:FanOfKnives","champ:BringItOn"],"picked":"champ:Encircle","floor":37},{"not_picked":["champ:PerfectedStrike","champ:DancingMaster","champ:Circumvent"],"picked":"champ:ArenaPreparation","floor":39},{"not_picked":["champ:BringItOn+1","champ:Lariat","champ:FocusedGladiator","champ:StanceDance"],"picked":"SKIP","floor":39},{"not_picked":["champ:CrookedStrike","champ:EndlessRage","champ:BerserkerStyle","champ:PerfectedStrike"],"picked":"SKIP","floor":43},{"not_picked":["champ:FocusedGladiator+1","champ:BladeFlurry+1","champ:StanceDance","champ:EnGarde+1"],"picked":"SKIP","floor":43},{"not_picked":["champ:BringItOn+1","champ:BerserkersShout","champ:DefensiveShout+1","champ:ShieldSigil+1"],"picked":"SKIP","floor":44},{"not_picked":["champ:CrownThrow","champ:Haymaker","champ:BerserkersShout","champ:BringItOn+1"],"picked":"SKIP","floor":44},{"not_picked":["champ:RageSigil+1","champ:DeathBlow+1","champ:Circumvent+1"],"picked":"champ:Backstep+1","floor":46},{"not_picked":["champ:BerserkersShout+1","champ:CrookedStrike","champ:DefensiveShout+1"],"picked":"champ:GutPunch+1","floor":48},{"not_picked":["champ:DancingMaster","champ:BringItOn+1","champ:TornadoPunch+1","champ:FanOfKnives"],"picked":"SKIP","floor":48},{"not_picked":["champ:ShieldSigil+1","champ:Shatter","champ:Haymaker"],"picked":"champ:Control+1","floor":49},{"not_picked":["champ:ViciousMockery+1","champ:BerserkersShout+1","champ:FanOfKnives","champ:FocusedGladiator+1"],"picked":"SKIP","floor":49}],"player_experience":521012,"relics_obtained":[{"floor":5,"key":"WristBlade"},{"floor":6,"key":"Omamori"},{"floor":9,"key":"Prayer Wheel"},{"floor":12,"key":"Ice Cream"},{"floor":14,"key":"Odd Mushroom"},{"floor":20,"key":"MutagenicStrength"},{"floor":24,"key":"Question Card"},{"floor":28,"key":"Tiny Chest"},{"floor":38,"key":"Pocketwatch"},{"floor":41,"key":"InkBottle"},{"floor":45,"key":"Sundial"},{"floor":46,"key":"Toxic Egg 2"}],"event_choices":[{"damage_healed":0,"gold_gain":0,"cards_transformed":["champ:Strike"],"player_choice":"Transformed","damage_taken":0,"max_hp_gain":0,"max_hp_loss":0,"event_name":"Transmorgrifier","floor":10,"gold_loss":0,"cards_obtained":["champ:CheapShot"]},{"damage_healed":0,"gold_gain":0,"player_choice":"Fought Mushrooms","damage_taken":0,"max_hp_gain":0,"max_hp_loss":0,"event_name":"Mushrooms","floor":14,"gold_loss":0},{"damage_healed":0,"gold_gain":0,"player_choice":"Fight","damage_taken":0,"max_hp_gain":0,"max_hp_loss":0,"event_name":"Mysterious Sphere","floor":38,"gold_loss":0},{"damage_healed":0,"gold_gain":0,"player_choice":"Copied","damage_taken":0,"max_hp_gain":0,"max_hp_loss":0,"event_name":"Duplicator","floor":40,"gold_loss":0,"cards_obtained":["champ:HoldFirm"]}],"is_beta":false,"boss_relics":[{"not_picked":["expansioncontent:StudyCardRelic","Black Star"],"picked":"Cursed Key"},{"not_picked":["Sozu","Coffee Dripper"],"picked":"Empty Cage"}],"items_purged_floors":[],"is_endless":false,"potions_floor_spawned":[2,5,9,15,16,21,26,28,31,32,36,37,48,49],"ascension_level":3}}