{"host":"z34yzn8hj4ic20ef","time":1608865338,"event":{"mods":["AchievementEnabler","BaseMod","Minty Spire (QoL Compilation)","StSLib","SuperFastMode"],"gold_per_floor":[118,40,59,59,69,69,98,98,98,124,60,86,86,119,119,193,193,193,207,46,46,63,63,92,92,163,178,178,178,195,95,95,168,168,181,76,86,96,96,96,111,137,188,223,243,255,265,0,0,0,0],"floor_reached":50,"playtime":3385,"items_purged":["Strike_G","Strike_G","Defend_G"],"score":1184,"play_id":"69fbc061-2740-44e9-b065-55f11428db83","local_time":"20201225120218","is_ascension_mode":true,"campfire_choices":[{"data":"Poisoned Stab","floor":6.0,"key":"SMITH"},{"data":"Expertise","floor":8.0,"key":"SMITH"},{"data":"Calculated Gamble","floor":15.0,"key":"SMITH"},{"data":"Tactician","floor":23.0,"key":"SMITH"},{"data":"Calculated Gamble","floor":25.0,"key":"SMITH"},{"data":"Acrobatics","floor":28,"key":"SMITH"},{"data":"Neutralize","floor":32,"key":"SMITH"},{"data":"Tactician","floor":40,"key":"SMITH"},{"data":"Reflex","floor":49,"key":"SMITH"}],"circlet_count":0,"master_deck":["AscendersBane","Strike_G","Defend_G","Defend_G","Defend_G","Defend_G","Survivor","Neutralize+1","All Out Attack","Catalyst","Poisoned Stab+1","Expertise+1","Blade Dance","Grand Finale","Calculated Gamble+1","Backflip","Calculated Gamble+1","After Image","Tactician+1","Acrobatics+1","Ghostly","Ghostly","Ghostly","Tactician+1","Dagger Throw","Reflex+1","Footwork","Blur+1","Trip","Reflex+1"],"relics":["Ring of the Snake","NeowsBlessing","Paper Crane","MawBank","Odd Mushroom","Ninja Scroll","Runic Dome","Matryoshka","Dream Catcher","Eternal Feather","HoveringKite","Pantograph","Orichalcum","Pen Nib","Bronze Scales"],"acts_visited":["Exordium","TheCity","TheBeyond"],"potions_floor_usage":[33,50,50,50],"damage_taken":[{"damage":0.0,"enemies":"Cultist","floor":1.0,"turns":1.0},{"damage":0.0,"enemies":"Jaw Worm","floor":3.0,"turns":1.0},{"damage":0.0,"enemies":"2 Louse","floor":5.0,"turns":1.0},{"damage":20.0,"enemies":"Lagavulin","floor":7.0,"turns":6.0},{"damage":2.0,"enemies":"Looter","floor":10.0,"turns":3.0},{"damage":5.0,"enemies":"The Mushroom Lair","floor":12.0,"turns":3.0},{"damage":0.0,"enemies":"Gremlin Nob","floor":14.0,"turns":2.0},{"damage":13.0,"enemies":"Hexaghost","floor":16.0,"turns":9.0},{"damage":0.0,"enemies":"Shell Parasite","floor":18.0,"turns":1.0},{"damage":5.0,"enemies":"2 Thieves","floor":19.0,"turns":3.0},{"damage":0.0,"enemies":"Snake Plant","floor":22.0,"turns":3.0},{"damage":12.0,"enemies":"Book of Stabbing","floor":24.0,"turns":5.0},{"damage":25,"enemies":"Snecko","floor":27,"turns":8},{"damage":0,"enemies":"Cultist and Chosen","floor":30,"turns":3},{"damage":5,"enemies":"Champ","floor":33,"turns":14},{"damage":0,"enemies":"Orb Walker","floor":35,"turns":5},{"damage":13,"enemies":"3 Shapes","floor":37,"turns":6},{"damage":1,"enemies":"Sphere and 2 Shapes","floor":38,"turns":4},{"damage":0,"enemies":"3 Darklings","floor":41,"turns":2},{"damage":0,"enemies":"Reptomancer","floor":42,"turns":5},{"damage":13,"enemies":"Nemesis","floor":44,"turns":7},{"damage":0,"enemies":"Spire Growth","floor":45,"turns":3},{"damage":0,"enemies":"Maw","floor":46,"turns":8},{"damage":5,"enemies":"Sphere and 2 Shapes","floor":47,"turns":8},{"damage":73,"enemies":"Time Eater","floor":50,"turns":12}],"seed_played":"-8030676923876211317","potions_obtained":[{"floor":1.0,"key":"SmokeBomb"},{"floor":5.0,"key":"CunningPotion"},{"floor":10.0,"key":"DuplicationPotion"},{"floor":30,"key":"Block Potion"},{"floor":38,"key":"EntropicBrew"},{"floor":41,"key":"DuplicationPotion"},{"floor":42,"key":"Dexterity Potion"}],"is_trial":false,"path_per_floor":["M","$","M","?","M","R","E","R","T","M","$","?","?","E","R","B",null,"M","M","$","?","M","R","E","R","T","M","R","?","M","$","R","B",null,"M","$","M","M","?","R","M","E","T","E","M","M","M","$","R","B"],"character_chosen":"THE_SILENT","items_purchased":["Catalyst","Calculated Gamble","Tactician","Tactician","Dagger Throw","Trip","Reflex"],"campfire_rested":0,"item_purchase_floors":[2,11,20,36,36,48,48],"current_hp_per_floor":[59,59,59,59,59,59,39,39,39,37,37,32,25,25,25,12,53,53,48,48,48,48,48,36,36,36,11,23,23,23,23,33,28,32,32,32,19,18,18,33,33,33,33,20,20,20,15,15,33,0,0],"gold":0,"neow_bonus":"THREE_ENEMY_KILL","is_daily":false,"chose_seed":false,"campfire_upgraded":9,"win_rate":0.0,"timestamp":1608865338,"path_taken":["M","$","M","?","?","R","E","R","T","M","?","?","?","E","R","BOSS","M","M","$","?","M","R","E","R","T","M","R","?","M","$","R","BOSS","M","$","M","M","?","R","M","E","T","E","?","M","M","$","R","BOSS"],"items_purchased_type":["Card","Card","Card","Card","Card","Card","Card"],"build_version":"2020-12-22","purchased_purges":3,"victory":false,"max_hp_per_floor":[66,66,66,66,66,66,66,66,66,66,66,66,66,66,66,66,66,66,66,66,66,66,66,66,66,66,66,66,33,33,33,33,33,33,33,33,33,33,33,33,33,33,33,33,33,33,33,33,33,33,33],"card_choices":[{"not_picked":["Backflip","Setup"],"picked":"All Out Attack","floor":1.0},{"not_picked":["Slice","Skewer"],"picked":"Poisoned Stab","floor":3.0},{"not_picked":["Dodge and Roll","Acrobatics"],"picked":"Blade Dance","floor":5.0},{"not_picked":["Poisoned Stab","PiercingWail"],"picked":"Grand Finale","floor":7.0},{"not_picked":["Cloak And Dagger","Quick Slash","Blade Dance"],"picked":"SKIP","floor":10.0},{"not_picked":["Blur","Flying Knee"],"picked":"Backflip","floor":12.0},{"not_picked":["PiercingWail","Underhanded Strike"],"picked":"Calculated Gamble","floor":14.0},{"not_picked":["Glass Knife","Bullet Time"],"picked":"After Image","floor":16.0},{"not_picked":["Terror","Crippling Poison","Blade Dance"],"picked":"SKIP","floor":19.0},{"not_picked":["Deadly Poison","Backflip+1","Bane+1"],"picked":"SKIP","floor":22.0},{"not_picked":["Cloak And Dagger","Outmaneuver+1","Dash"],"picked":"SKIP","floor":24.0},{"not_picked":["Cloak And Dagger","Underhanded Strike","Crippling Poison+1"],"picked":"SKIP","floor":27},{"not_picked":["Heel Hook","Quick Slash+1","Underhanded Strike"],"picked":"SKIP","floor":30},{"not_picked":["Quick Slash","Deadly Poison+1","Terror"],"picked":"SKIP","floor":35},{"not_picked":["Underhanded Strike","Backstab","Quick Slash"],"picked":"SKIP","floor":37},{"not_picked":["Deadly Poison","Endless Agony+1"],"picked":"Reflex+1","floor":38},{"not_picked":["Prepared","Dagger Spray","Quick Slash+1"],"picked":"SKIP","floor":41},{"not_picked":["Wraith Form v2","PiercingWail"],"picked":"Footwork","floor":42},{"not_picked":["Quick Slash","Infinite Blades"],"picked":"Blur+1","floor":44},{"not_picked":["Concentrate","Sucker Punch","Riddle With Holes"],"picked":"SKIP","floor":45},{"not_picked":["Dodge and Roll","Backflip","Footwork"],"picked":"SKIP","floor":46},{"not_picked":["Escape Plan","Sucker Punch","Tactician+1"],"picked":"SKIP","floor":47}],"player_experience":665903,"relics_obtained":[{"floor":7.0,"key":"Paper Crane"},{"floor":9.0,"key":"MawBank"},{"floor":12.0,"key":"Odd Mushroom"},{"floor":14.0,"key":"Ninja Scroll"},{"floor":24.0,"key":"Matryoshka"},{"floor":26.0,"key":"Dream Catcher"},{"floor":26.0,"key":"Eternal Feather"},{"floor":42,"key":"Pantograph"},{"floor":43,"key":"Orichalcum"},{"floor":43,"key":"Pen Nib"},{"floor":44,"key":"Bronze Scales"}],"event_choices":[{"damage_healed":0.0,"max_hp_gain":0.0,"max_hp_loss":0.0,"gold_gain":0.0,"cards_transformed":["Strike_G"],"event_name":"Transmorgrifier","player_choice":"Transformed","floor":4.0,"gold_loss":0.0,"damage_taken":0.0,"cards_obtained":["Expertise"]},{"damage_healed":0.0,"max_hp_gain":0.0,"max_hp_loss":0.0,"gold_gain":0.0,"event_name":"Mushrooms","player_choice":"Fought Mushrooms","floor":12.0,"gold_loss":0.0,"damage_taken":0.0},{"cards_removed":["Strike_G"],"damage_healed":0.0,"max_hp_gain":0.0,"max_hp_loss":0.0,"gold_gain":0.0,"event_name":"Golden Wing","player_choice":"Card Removal","floor":13.0,"gold_loss":0.0,"damage_taken":7.0},{"damage_healed":0.0,"max_hp_gain":0.0,"max_hp_loss":0.0,"gold_gain":0.0,"event_name":"The Library","player_choice":"Read","floor":21.0,"gold_loss":0.0,"damage_taken":0.0,"cards_obtained":["Acrobatics"]},{"damage_healed":0,"gold_gain":0,"player_choice":"Became a Ghost","damage_taken":0,"max_hp_gain":0,"max_hp_loss":33,"event_name":"Ghosts","floor":29,"gold_loss":0,"cards_obtained":["Ghostly","Ghostly","Ghostly"]},{"damage_healed":0,"gold_gain":0,"player_choice":"Ignored","damage_taken":0,"max_hp_gain":0,"max_hp_loss":0,"event_name":"SecretPortal","floor":39,"gold_loss":0}],"is_beta":false,"boss_relics":[{"not_picked":["SlaversCollar","Calling Bell"],"picked":"Runic Dome"},{"not_picked":["Philosopher\u0027s Stone","Fusion Hammer"],"picked":"HoveringKite"}],"items_purged_floors":[20,31,48],"is_endless":false,"potions_floor_spawned":[1,5,10,18,30,38,41,42,45,47],"killed_by":"Time Eater","ascension_level":19}}