{"host":"rvgqag7mtxu5qaaz","time":1608931386,"event":{"mods":["AchievementEnabler","BaseMod","Downfall","Hermit","Hubris","Minty Spire (QoL Compilation)","Replay The Spire","StSLib","SuperFastMode","The Animator","The Construct","The Cursed","The Disciple","The Necromancer"],"gold_per_floor":[114,134,84,84,107,141,171,189,241,241,241,241],"floor_reached":11,"playtime":424,"items_purged":[],"score":73,"play_id":"09dd5e4f-4c06-4212-9949-2026daab5af2","local_time":"20201225162306","is_ascension_mode":false,"campfire_choices":[],"circlet_count":0,"master_deck":["hermit:Strike_Hermit","hermit:Strike_Hermit","hermit:Strike_Hermit","hermit:Strike_Hermit","hermit:Defend_Hermit","hermit:Defend_Hermit","hermit:Defend_Hermit","hermit:Snapshot","hermit:Covet","hermit:Headshot","hermit:Snipe","hermit:HighCaliber","hermit:Shortfuse","hermit:CursedWeapon","hermit:Midnight"],"relics":["hermit:Momento","Ginger","Golden Idol","ReplayTheSpireMod:TigerMarble","Odd Mushroom","hubris:OldNail"],"acts_visited":["Exordium"],"potions_floor_usage":[8,11],"damage_taken":[{"damage":3,"enemies":"Small Slimes","floor":1,"turns":3},{"damage":0,"enemies":"2 Louse","floor":2,"turns":2},{"damage":0,"enemies":"Cultist","floor":5,"turns":2},{"damage":13,"enemies":"Gremlin Nob","floor":6,"turns":3},{"damage":22,"enemies":"The Mushroom Lair","floor":7,"turns":4},{"damage":12,"enemies":"Exordium Thugs","floor":8,"turns":4},{"damage":13,"enemies":"Lagavulin","floor":11,"turns":2}],"seed_played":"120500782395643723","potions_obtained":[{"floor":7,"key":"Toxic Potion"},{"floor":8,"key":"Venom Potion"}],"is_trial":false,"path_per_floor":["M","M","?","?","M","E","?","M","T","?","E"],"character_chosen":"HERMIT","items_purchased":[],"campfire_rested":0,"item_purchase_floors":[],"current_hp_per_floor":[72,72,72,54,54,41,19,7,7,7,0,0],"gold":241,"neow_bonus":"ONE_RARE_RELIC","is_daily":false,"chose_seed":false,"campfire_upgraded":0,"win_rate":0.0,"timestamp":1608931386,"path_taken":["M","M","?","?","M","E","?","M","T","?","E"],"items_purchased_type":[],"build_version":"2020-12-22","purchased_purges":0,"victory":false,"max_hp_per_floor":[75,75,75,75,75,75,75,75,75,75,75,75],"card_choices":[{"not_picked":["hermit:Desperado","hermit:Glare"],"picked":"hermit:Headshot","floor":1},{"not_picked":["hermit:Grudge","hermit:Manifest"],"picked":"hermit:Snipe","floor":2},{"not_picked":["hermit:LowProfile","hermit:Ricochet"],"picked":"hermit:HighCaliber","floor":5},{"not_picked":["hermit:Horror","hermit:Dive"],"picked":"hermit:Shortfuse","floor":6},{"not_picked":["hermit:HoleUp","hermit:Midnight"],"picked":"hermit:CursedWeapon","floor":7},{"not_picked":["hermit:Malice","hermit:GhostlyPresence"],"picked":"hermit:Midnight","floor":8}],"player_experience":302924,"relics_obtained":[{"floor":6,"key":"ReplayTheSpireMod:TigerMarble"},{"floor":7,"key":"Odd Mushroom"},{"floor":9,"key":"hubris:OldNail"}],"event_choices":[{"cards_removed":["Languid"],"damage_healed":0,"gold_gain":0,"player_choice":"Card Removal","damage_taken":0,"max_hp_gain":0,"max_hp_loss":0,"event_name":"The Cleric","floor":3,"gold_loss":50},{"damage_healed":0,"gold_gain":0,"player_choice":"Take Damage","damage_taken":18,"relics_obtained":["Golden Idol"],"max_hp_gain":0,"max_hp_loss":0,"event_name":"Golden Idol","floor":4,"gold_loss":0},{"damage_healed":0,"gold_gain":0,"player_choice":"Fought Mushrooms","damage_taken":0,"max_hp_gain":0,"max_hp_loss":0,"event_name":"Mushrooms","floor":7,"gold_loss":0},{"cards_removed":["hermit:Defend_Hermit"],"damage_healed":0,"gold_gain":0,"player_choice":"Forget","damage_taken":0,"max_hp_gain":0,"max_hp_loss":0,"event_name":"Living Wall","floor":10,"gold_loss":0}],"is_beta":false,"boss_relics":[],"items_purged_floors":[],"is_endless":false,"potions_floor_spawned":[7,8],"killed_by":"Lagavulin","ascension_level":0}}