{"host":"e40jm352kjzixotw","time":1608925440,"event":{"mods":["Arknights The Spire","BaseMod","Better Altar","BetterRewards","Colored Map","Colored Powertips","DeckTracker","Dota2Spire","Minty Spire (QoL Compilation)","Rare Cards Sparkle","Relic Stats","Shade Mod","StSLib","The Animator","TheSwordswoman"],"gold_per_floor":[119,137,156,175,185,185,185],"floor_reached":6,"playtime":329,"items_purged":[],"score":40,"play_id":"fef702ea-bd3c-41ef-841e-7f13d33d3000","local_time":"20201225204400","is_ascension_mode":false,"campfire_choices":[],"circlet_count":0,"master_deck":["ats:Strike C","ats:Strike G","ats:Strike S","ats:Strike V","ats:Armor Crushing Shot","ats:Defend","ats:Defend","ats:Defend","ats:Defend","ats:Emotion Absorption","ats:Consecutive Shot Auto","ats:Assault Order","ats:Soul Absorption","ats:Disruption Kick","ats:Composite Medical Shells"],"relics":["ats:Sanity","NeowsBlessing"],"acts_visited":["Exordium"],"potions_floor_usage":[5,6],"damage_taken":[{"damage":0,"enemies":"2 Louse","floor":1,"turns":2},{"damage":0,"enemies":"Cultist","floor":2,"turns":1},{"damage":0,"enemies":"Small Slimes","floor":3,"turns":1},{"damage":14,"enemies":"3 Louse","floor":4,"turns":5},{"damage":24,"enemies":"Large Slime","floor":5,"turns":10},{"damage":40,"enemies":"Lagavulin","floor":6,"turns":5}],"seed_played":"7434596222632139087","potions_obtained":[{"floor":2,"key":"Fruit Juice"},{"floor":4,"key":"Explosive Potion"}],"is_trial":false,"path_per_floor":["M","M","M","M","M","E"],"character_chosen":"DOCTOR_CLASS","items_purchased":[],"campfire_rested":0,"item_purchase_floors":[],"current_hp_per_floor":[72,72,72,58,34,0,0],"gold":185,"neow_bonus":"THREE_ENEMY_KILL","is_daily":false,"chose_seed":false,"campfire_upgraded":0,"win_rate":0.0,"timestamp":1608925440,"path_taken":["M","M","M","M","M","E"],"items_purchased_type":[],"build_version":"2020-12-22","purchased_purges":0,"victory":false,"max_hp_per_floor":[72,72,72,72,72,77,77],"relic_stats":{"counters":[6,24],"obtain_stats":[{"NeowsBlessing":0,"ats:Sanity":0},{"NeowsBlessing":0,"ats:Sanity":0},{"NeowsBlessing":0,"ats:Sanity":0}]},"card_choices":[{"not_picked":["ats:Revitalization","ats:Steam Pump"],"picked":"ats:Consecutive Shot Auto","floor":1},{"not_picked":["ats:Support Order","ats:Cat Scratch"],"picked":"ats:Assault Order","floor":2},{"not_picked":["ats:Revitalization","ats:Flexible Camouflage"],"picked":"ats:Soul Absorption","floor":3},{"not_picked":["ats:Poison Spread","ats:Assault Order"],"picked":"ats:Disruption Kick","floor":4},{"not_picked":["ats:Flexible Camouflage","ats:Powerful Strike"],"picked":"ats:Composite Medical Shells","floor":5}],"player_experience":1163149,"relics_obtained":[],"event_choices":[],"is_beta":false,"boss_relics":[],"items_purged_floors":[],"is_endless":false,"potions_floor_spawned":[2,4],"killed_by":"Lagavulin","ascension_level":0}}