{"host":"2461dio7vetlq1z3","time":1608904709,"event":{"mods":["2.2 Compatiblity","AchievementEnabler","Aspiration","BaseMod","Better Third Choice","Hermit","Minty Spire (QoL Compilation)","Relic Stats","Spicy Shops","StSLib","The Runesmith","Waifu the Spire"],"gold_per_floor":[115,115,115,15,30,30,45,76,114,161,189,213,225,237,249,261,261],"floor_reached":16,"playtime":528,"items_purged":[],"score":220,"play_id":"efdd24fb-8cb1-4a6e-a561-9b319e3ef50c","local_time":"20201225145829","is_ascension_mode":true,"campfire_choices":[{"data":"Dramatic Entrance","floor":6,"key":"SMITH"},{"data":"Whirlwind","floor":13,"key":"SMITH"},{"data":"Sever Soul","floor":15,"key":"SMITH"}],"circlet_count":0,"master_deck":["AscendersBane","Strike_R","Strike_R","Strike_R","Strike_R","Defend_R","Defend_R","Defend_R","Defend_R","Bash+1","Shrug It Off","Dramatic Entrance+1","Metallicize","Offering","Sever Soul+1","Heavy Blade","Whirlwind+1"],"relics":["Burning Blood","MawBank","Akabeko","Omamori","Golden Idol"],"acts_visited":["Exordium"],"potions_floor_usage":[10,16,16],"damage_taken":[{"damage":7,"enemies":"2 Louse","floor":1,"turns":4},{"damage":2,"enemies":"Small Slimes","floor":5,"turns":4},{"damage":14,"enemies":"Jaw Worm","floor":7,"turns":4},{"damage":38,"enemies":"3 Sentries","floor":8,"turns":16},{"damage":25,"enemies":"Gremlin Nob","floor":10,"turns":4},{"damage":0,"enemies":"3 Louse","floor":11,"turns":1},{"damage":0,"enemies":"2 Fungi Beasts","floor":12,"turns":1},{"damage":40,"enemies":"Slime Boss","floor":16,"turns":6}],"seed_played":"-8786666847525774313","potions_obtained":[{"floor":7,"key":"FearPotion"},{"floor":8,"key":"Regen Potion"},{"floor":10,"key":"Dexterity Potion"}],"is_trial":false,"path_per_floor":["M","?","?","$","M","R","M","E","T","E","M","M","R","?","R","B"],"character_chosen":"IRONCLAD","items_purchased":["Dramatic Entrance"],"campfire_rested":0,"item_purchase_floors":[4],"current_hp_per_floor":[67,67,67,67,71,71,63,31,31,12,18,24,24,24,24,0,0],"gold":261,"neow_bonus":"UPGRADE_CARD","is_daily":false,"chose_seed":false,"campfire_upgraded":3,"win_rate":0.0,"timestamp":1608904709,"path_taken":["M","?","?","?","M","R","M","E","T","E","M","M","R","?","R","BOSS"],"items_purchased_type":["Card"],"build_version":"2020-12-22","purchased_purges":0,"victory":false,"max_hp_per_floor":[75,75,75,75,75,75,75,75,75,75,75,75,75,75,75,75,75],"relic_stats":{"counters":[8,40],"Golden Idol":0,"MawBank":96,"obtain_stats":[{"Golden Idol":14,"Omamori":10,"MawBank":8,"Burning Blood":0,"Akabeko":9},{"Golden Idol":7,"Omamori":5,"MawBank":4,"Burning Blood":0,"Akabeko":4},{"Golden Idol":34,"Omamori":32,"MawBank":28,"Burning Blood":0,"Akabeko":28}],"Burning Blood":42},"card_choices":[{"not_picked":["Flex","Second Wind"],"picked":"Shrug It Off","floor":1},{"not_picked":["Thunderclap","Rupture","Flex"],"picked":"SKIP","floor":5},{"not_picked":["Fire Breathing","Sentinel"],"picked":"Metallicize","floor":7},{"not_picked":["Blood for Blood","True Grit"],"picked":"Offering","floor":8},{"not_picked":["Flex","Warcry"],"picked":"Sever Soul","floor":10},{"not_picked":["Flex","Perfected Strike"],"picked":"Heavy Blade","floor":11},{"not_picked":["Uppercut","True Grit"],"picked":"Whirlwind","floor":12}],"player_experience":934587,"relics_obtained":[{"floor":8,"key":"MawBank"},{"floor":9,"key":"Akabeko"},{"floor":10,"key":"Omamori"}],"event_choices":[{"damage_healed":0,"gold_gain":0,"player_choice":"Ignored","damage_taken":115,"max_hp_gain":0,"max_hp_loss":0,"event_name":"betterThird:BetterSerpent","floor":2,"gold_loss":0},{"cards_removed":["Strike_R"],"damage_healed":0,"gold_gain":0,"player_choice":"Forget","damage_taken":0,"max_hp_gain":0,"max_hp_loss":0,"event_name":"Living Wall","floor":3,"gold_loss":0},{"damage_healed":0,"gold_gain":0,"player_choice":"Take Wound","damage_taken":0,"relics_obtained":["Golden Idol"],"max_hp_gain":0,"max_hp_loss":0,"event_name":"Golden Idol","floor":14,"gold_loss":0,"cards_obtained":["Injury"]}],"is_beta":false,"boss_relics":[],"items_purged_floors":[],"is_endless":false,"potions_floor_spawned":[7,8,10,11],"killed_by":"Slime Boss","ascension_level":20}}