{"host":"640uue19m79c7wbt","time":1608876835,"event":{"mods":["BaseMod","Colored Map","Googly Eyes","Highlight Path","Minty Spire (QoL Compilation)","Quick Restart","StSLib"],"gold_per_floor":[110,385,29,45,58,77,111,134,158,177,177,177,177],"floor_reached":12,"playtime":314,"items_purged":["Regret"],"score":160,"play_id":"118bb1c7-94db-4e5e-b491-68f734eb0e25","local_time":"20201225011355","is_ascension_mode":true,"campfire_choices":[{"floor":11,"key":"REST"}],"circlet_count":0,"master_deck":["AscendersBane","Strike_G","Strike_G","Strike_G","Strike_G","Strike_G","Defend_G","Defend_G+1","Defend_G+1","Defend_G","Defend_G","Survivor","Neutralize","Dagger Spray","Sadistic Nature","Bullet Time","Dagger Spray","Cloak And Dagger","Poisoned Stab","Concentrate","Catalyst"],"relics":["Ring of the Snake","NeowsBlessing","Oddly Smooth Stone","Odd Mushroom","War Paint"],"acts_visited":["Exordium"],"potions_floor_usage":[7,8,10],"damage_taken":[{"damage":0,"enemies":"Small Slimes","floor":1,"turns":1},{"damage":0,"enemies":"Cultist","floor":4,"turns":1},{"damage":0,"enemies":"2 Louse","floor":5,"turns":1},{"damage":9,"enemies":"Exordium Thugs","floor":6,"turns":4},{"damage":37,"enemies":"Lagavulin","floor":7,"turns":7},{"damage":0,"enemies":"The Mushroom Lair","floor":8,"turns":3},{"damage":0,"enemies":"Large Slime","floor":10,"turns":4},{"damage":23,"enemies":"Gremlin Nob","floor":12,"turns":4}],"seed_played":"2946497221000360994","potions_obtained":[{"floor":4,"key":"Fire Potion"},{"floor":5,"key":"LiquidMemories"},{"floor":8,"key":"Fire Potion"}],"is_trial":false,"path_per_floor":["M","?","$","M","M","M","E","?","T","M","R","E"],"character_chosen":"THE_SILENT","items_purchased":["Sadistic Nature","Bullet Time"],"campfire_rested":1,"item_purchase_floors":[3,3],"current_hp_per_floor":[59,59,59,59,59,50,13,13,13,13,32,9,9],"gold":177,"neow_bonus":"THREE_ENEMY_KILL","is_daily":false,"chose_seed":false,"campfire_upgraded":0,"win_rate":0.0,"timestamp":1608876835,"path_taken":["M","?","$","?","M","?","E","?","T","M","R","E"],"items_purchased_type":["Card","Card"],"build_version":"2020-12-22","purchased_purges":1,"victory":false,"max_hp_per_floor":[66,66,66,66,66,66,66,66,66,66,66,66,66],"card_choices":[{"not_picked":["Flying Knee","All Out Attack"],"picked":"Dagger Spray","floor":1},{"not_picked":["Sucker Punch","All Out Attack"],"picked":"Dagger Spray","floor":4},{"not_picked":["Reflex","Deflect"],"picked":"Cloak And Dagger","floor":5},{"not_picked":["PiercingWail","Dagger Spray"],"picked":"Poisoned Stab","floor":6},{"not_picked":["Masterful Stab","Reflex"],"picked":"Concentrate","floor":7},{"not_picked":["Quick Slash","Setup"],"picked":"Catalyst","floor":10}],"player_experience":1227122,"relics_obtained":[{"floor":7,"key":"Oddly Smooth Stone"},{"floor":8,"key":"Odd Mushroom"},{"floor":9,"key":"War Paint"}],"event_choices":[{"damage_healed":0,"gold_gain":275,"player_choice":"Desecrate","damage_taken":0,"max_hp_gain":0,"max_hp_loss":0,"event_name":"Golden Shrine","floor":2,"gold_loss":0,"cards_obtained":["Regret"]},{"damage_healed":0,"gold_gain":0,"player_choice":"Fought Mushrooms","damage_taken":0,"max_hp_gain":0,"max_hp_loss":0,"event_name":"Mushrooms","floor":8,"gold_loss":0}],"is_beta":false,"boss_relics":[],"items_purged_floors":[3],"is_endless":false,"potions_floor_spawned":[4,5,8],"killed_by":"Gremlin Nob","ascension_level":20}}