{"host":"06m9oppdo8i5oa5j","time":1608940387,"event":{"mods":["AchievementEnabler","BaseMod","Block Reminder","Colored Map","Colored Powertips","Minty Spire (QoL Compilation)","Rare Cards Sparkle"],"gold_per_floor":[118,38,53,53,76,76,110,110,178,178,194,217,235,248,248,371,371,396,38,38,58,71,71,111,140,140,182,182,206,231,254,254,391,418,439,457,489,489,525,525,570,570,639,664,664,664],"floor_reached":45,"playtime":9311,"items_purged":["Strike_B"],"score":674,"play_id":"a9e46562-d75c-40fb-98b8-c6fb8c3b7556","local_time":"20201225155307","is_ascension_mode":true,"campfire_choices":[{"data":"Storm","floor":6.0,"key":"SMITH"},{"floor":8.0,"key":"REST"},{"data":"Static Discharge","floor":10.0,"key":"SMITH"},{"floor":15.0,"key":"REST"},{"floor":23.0,"key":"REST"},{"floor":28.0,"key":"REST"},{"data":"Force Field","floor":32.0,"key":"SMITH"},{"floor":40.0,"key":"REST"},{"floor":42.0,"key":"REST"}],"circlet_count":0,"master_deck":["Defend_B","Defend_B","Zap","Dualcast","Storm+1","Capacitor","Static Discharge+1","Redo","Force Field+1","Ball Lightning","Steam","Thunder Strike","Reinforced Body+1","Barrage","Hello World","Coolheaded","Loop","Force Field+1","Conserve Battery+1","Tempest+1","Steam+1","Sunder+1","Creative AI","Beam Cell+1","Barrage+1","Hello World+1","Thinking Ahead","Enlightenment","Barrage+1","Parasite","Auto Shields+1","Redo+1","Double Energy+1"],"relics":["Cracked Core","Golden Idol","Regal Pillow","White Beast Statue","Empty Cage","Runic Capacitor","Enchiridion","CeramicFish","Nunchaku","Bottled Flame","Astrolabe","Bird Faced Urn","Gremlin Horn"],"acts_visited":["Exordium","TheCity","TheBeyond"],"potions_floor_usage":[],"damage_taken":[{"damage":2.0,"enemies":"Jaw Worm","floor":1.0,"turns":3.0},{"damage":0.0,"enemies":"Small Slimes","floor":3.0,"turns":3.0},{"damage":4.0,"enemies":"2 Louse","floor":5.0,"turns":3.0},{"damage":36.0,"enemies":"Gremlin Nob","floor":7.0,"turns":4.0},{"damage":10.0,"enemies":"Looter","floor":11.0,"turns":4.0},{"damage":26.0,"enemies":"3 Louse","floor":12.0,"turns":4.0},{"damage":3.0,"enemies":"Exordium Wildlife","floor":13.0,"turns":4.0},{"damage":13.0,"enemies":"Gremlin Gang","floor":14.0,"turns":4.0},{"damage":0.0,"enemies":"Slime Boss","floor":16.0,"turns":6.0},{"damage":21.0,"enemies":"Shell Parasite","floor":18.0,"turns":4.0},{"damage":11.0,"enemies":"3 Byrds","floor":21.0,"turns":4.0},{"damage":0.0,"enemies":"Snecko","floor":22.0,"turns":4.0},{"damage":14.0,"enemies":"Gremlin Leader","floor":24.0,"turns":5.0},{"damage":0.0,"enemies":"Chosen and Byrds","floor":25.0,"turns":5.0},{"damage":27.0,"enemies":"Slavers","floor":27.0,"turns":5.0},{"damage":5.0,"enemies":"Cultist and Chosen","floor":29.0,"turns":4.0},{"damage":0.0,"enemies":"Centurion and Healer","floor":30.0,"turns":6.0},{"damage":0.0,"enemies":"3 Cultists","floor":31.0,"turns":5.0},{"damage":87.0,"enemies":"Collector","floor":33.0,"turns":9.0},{"damage":13.0,"enemies":"3 Shapes","floor":35.0,"turns":4.0},{"damage":0.0,"enemies":"Orb Walker","floor":37.0,"turns":3.0},{"damage":41.0,"enemies":"Writhing Mass","floor":39.0,"turns":6.0},{"damage":66.0,"enemies":"Reptomancer","floor":41.0,"turns":4.0},{"damage":18.0,"enemies":"Spire Growth","floor":44.0,"turns":2.0},{"damage":32,"enemies":"Jaw Worm Horde","floor":45,"turns":1}],"seed_played":"-272534264110678146","potions_obtained":[{"floor":7.0,"key":"FocusPotion"},{"floor":11.0,"key":"LiquidBronze"},{"floor":12.0,"key":"SkillPotion"},{"floor":13.0,"key":"LiquidMemories"},{"floor":14.0,"key":"ColorlessPotion"},{"floor":16.0,"key":"ColorlessPotion"},{"floor":18.0,"key":"AttackPotion"},{"floor":21.0,"key":"BlessingOfTheForge"},{"floor":22.0,"key":"FocusPotion"},{"floor":24.0,"key":"FairyPotion"},{"floor":25.0,"key":"Explosive Potion"},{"floor":27.0,"key":"Swift Potion"},{"floor":29.0,"key":"AttackPotion"},{"floor":30.0,"key":"Ancient Potion"},{"floor":31.0,"key":"Explosive Potion"},{"floor":33.0,"key":"Ancient Potion"},{"floor":35.0,"key":"SteroidPotion"},{"floor":37.0,"key":"Regen Potion"},{"floor":39.0,"key":"Ancient Potion"},{"floor":41.0,"key":"DuplicationPotion"},{"floor":44.0,"key":"FocusPotion"}],"is_trial":false,"path_per_floor":["M","$","M","?","M","R","E","R","T","R","M","M","M","M","R","B",null,"M","$","?","M","M","R","E","M","T","E","R","M","M","M","R","B",null,"M","?","M","?","M","R","E","R","T","M","M"],"character_chosen":"DEFECT","items_purchased":["Capacitor","Runic Capacitor","Barrage","Hello World","Coolheaded"],"campfire_rested":6,"item_purchase_floors":[2,19,19,19,19],"current_hp_per_floor":[80,80,80,60,56,56,20,59,59,59,49,23,20,7,46,46,82,61,61,45,34,34,73,59,59,59,32,71,66,66,66,66,24,82,69,59,59,59,30,69,3,42,42,32,0,0],"gold":664,"neow_bonus":"TEN_PERCENT_HP_BONUS","is_daily":false,"chose_seed":false,"campfire_upgraded":3,"win_rate":0.0,"timestamp":1608940387,"path_taken":["M","$","M","?","M","R","E","R","T","R","M","M","M","M","R","BOSS","M","$","?","M","M","R","E","M","T","E","R","M","M","M","R","BOSS","M","?","M","?","M","R","E","R","T","M","M"],"items_purchased_type":["Card","Relic","Card","Card","Card"],"build_version":"2020-12-22","purchased_purges":1,"victory":false,"max_hp_per_floor":[82,82,82,82,82,82,82,82,82,82,82,82,82,82,82,82,82,82,82,82,82,82,82,82,82,82,82,82,82,82,82,82,82,82,82,82,82,82,82,82,82,82,82,82,82,82],"card_choices":[{"not_picked":["Stack","Cold Snap"],"picked":"Storm","floor":1.0},{"not_picked":["Cold Snap","Chaos"],"picked":"Static Discharge","floor":3.0},{"not_picked":["Blizzard","Scrape"],"picked":"Redo","floor":5.0},{"not_picked":["Gash","Stack"],"picked":"Force Field","floor":7.0},{"not_picked":["Beam Cell","Reprogram","Darkness"],"picked":"SKIP","floor":11.0},{"not_picked":["Sweeping Beam","Coolheaded"],"picked":"Ball Lightning","floor":12.0},{"not_picked":["Stack","Cold Snap","Aggregate"],"picked":"SKIP","floor":13.0},{"not_picked":["Ball Lightning","Sweeping Beam"],"picked":"Steam","floor":14.0},{"not_picked":["Multi-Cast","Rainbow"],"picked":"Thunder Strike","floor":16.0},{"not_picked":["Storm","Cold Snap"],"picked":"Reinforced Body+1","floor":18.0},{"not_picked":["Double Energy","Beam Cell"],"picked":"Loop","floor":21.0},{"not_picked":["Cold Snap+1","Blizzard+1","Streamline"],"picked":"SKIP","floor":22.0},{"not_picked":["Coolheaded+1","Aggregate+1"],"picked":"Force Field+1","floor":24.0},{"not_picked":["Compile Driver","Glacier"],"picked":"Conserve Battery+1","floor":25.0},{"not_picked":["Redo","Blizzard"],"picked":"Tempest+1","floor":27.0},{"not_picked":["Cold Snap","Blizzard"],"picked":"Steam+1","floor":29.0},{"not_picked":["Go for the Eyes","Compile Driver","Stack+1"],"picked":"SKIP","floor":30.0},{"not_picked":["Conserve Battery","FTL"],"picked":"Sunder+1","floor":31.0},{"not_picked":["Hyperbeam","Core Surge"],"picked":"Creative AI","floor":33.0},{"not_picked":["Beam Cell","Stack+1","Blizzard+1"],"picked":"SKIP","floor":35.0},{"not_picked":["Flash of Steel","Finesse"],"picked":"Thinking Ahead","floor":36.0},{"not_picked":["Chrysalis","Trip"],"picked":"Enlightenment","floor":36.0},{"not_picked":["Chill","Streamline"],"picked":"Barrage+1","floor":37.0},{"not_picked":["Barrage+1","Gash"],"picked":"Auto Shields+1","floor":39.0},{"not_picked":["Beam Cell","Creative AI"],"picked":"Redo+1","floor":41.0},{"not_picked":["Darkness+1","Stack+1"],"picked":"Double Energy+1","floor":44.0}],"player_experience":181977,"relics_obtained":[{"floor":7.0,"key":"Regal Pillow"},{"floor":9.0,"key":"White Beast Statue"},{"floor":20.0,"key":"Enchiridion"},{"floor":24.0,"key":"CeramicFish"},{"floor":26.0,"key":"Nunchaku"},{"floor":27.0,"key":"Bottled Flame"},{"floor":41.0,"key":"Bird Faced Urn"},{"floor":43.0,"key":"Gremlin Horn"}],"event_choices":[{"damage_healed":0.0,"max_hp_gain":0.0,"max_hp_loss":0.0,"gold_gain":0.0,"event_name":"Golden Idol","player_choice":"Take Damage","floor":4.0,"gold_loss":0.0,"damage_taken":20.0,"relics_obtained":["Golden Idol"]},{"damage_healed":0.0,"max_hp_gain":0.0,"max_hp_loss":0.0,"gold_gain":0.0,"event_name":"Cursed Tome","player_choice":"Obtained Book","floor":20.0,"gold_loss":0.0,"damage_taken":16.0},{"damage_healed":0.0,"max_hp_gain":0.0,"max_hp_loss":0.0,"gold_gain":0.0,"event_name":"SensoryStone","player_choice":"Memory 3","floor":36.0,"gold_loss":0.0,"damage_taken":10.0},{"damage_healed":0.0,"max_hp_gain":0.0,"max_hp_loss":0.0,"gold_gain":0.0,"event_name":"Tomb of Lord Red Mask","player_choice":"Ignored","floor":38.0,"gold_loss":0.0,"damage_taken":0.0}],"is_beta":false,"boss_relics":[{"not_picked":["Runic Dome","Busted Crown"],"picked":"Empty Cage"},{"not_picked":["Calling Bell","Pandora\u0027s Box"],"picked":"Astrolabe"}],"items_purged_floors":[19],"is_endless":false,"potions_floor_spawned":[7,11,12,13,14,16,18,21,22,24,25,27,29,30,31,33,35,37,39,41,44],"killed_by":"Jaw Worm Horde","ascension_level":4}}