{"host":"njruw0b0uprlitpx","time":1608856863,"event":{"mods":["2.2 Compatiblity","Astrologer","Bartender","BaseMod","Better Altar","Better Match","Better Note","Better Sensory Stone","Better Skull","Better Third Choice","BetterRewards","Block Reminder","Chen","Colored Map","Colored Powertips","Jedi Mod","Keyboard Shortcuts","Magitek Elite","Minty Spire (QoL Compilation)","Quick Restart","Relic Stats","Replay The Spire","SacredBarkPlus","Spicy Shops","StSLib","SuperFastMode","The Disciple","The Evolution","The Forsaken","The Marked","The Mystic","The Necromancer","The Spell Scribe","TheVelvet","Wandering Minibosses"],"gold_per_floor":[118,118,118,137,157,190,190,206,206,220,220,247,15,15,15,111,111,121,196,196,196,208,208,208,239,239,239,259,274,274,274],"floor_reached":30,"playtime":1161,"items_purged":["Strike_L"],"score":544,"play_id":"6c0ceab2-b1fa-4044-8590-b92f01028386","local_time":"20201224184103","is_ascension_mode":true,"campfire_choices":[{"floor":7.0,"key":"REST"},{"data":"Blood_Hilt","floor":11.0,"key":"SMITH"},{"floor":15.0,"key":"REST"},{"data":"Valor","floor":23.0,"key":"SMITH"},{"data":"Valor","floor":24.0,"key":"SMITH"}],"circlet_count":0,"master_deck":["Strike_L","Strike_L","Strike_L","Defend_L","Defend_L","Defend_L","Defend_L","Fire2","Cure","Blood_Hilt+1","Gaia_Gear","Shell","Flametongue","Haste","Transfusion","Rasp","Reflect","Valor+1","Rune_Blade","Remember","Enhancer+1","Valor+1","Crystal_Sword+1","Esuna"],"relics":["Pendant","Mango","ReplayTheSpireMod:Shallot","InkBottle","Membership Card","Chemical X","Singing Bowl","Snecko Eye","jedi:angrymask","Ornamental Fan","jedi:kaleidoscope"],"acts_visited":["Exordium","TheCity"],"potions_floor_usage":[],"damage_taken":[{"damage":4.0,"enemies":"Small Slimes","floor":1.0,"turns":4.0},{"damage":9.0,"enemies":"Jaw Worm","floor":4.0,"turns":5.0},{"damage":1.0,"enemies":"Cultist","floor":5.0,"turns":4.0},{"damage":54.0,"enemies":"Lagavulin","floor":6.0,"turns":10.0},{"damage":16.0,"enemies":"Large Slime","floor":8.0,"turns":7.0},{"damage":9.0,"enemies":"3 Louse","floor":10.0,"turns":4.0},{"damage":19.0,"enemies":"Gremlin Nob","floor":12.0,"turns":5.0},{"damage":18.0,"enemies":"The Guardian","floor":16.0,"turns":10.0},{"damage":15.0,"enemies":"Chosen","floor":18.0,"turns":5.0},{"damage":20.0,"enemies":"2 Thieves","floor":22.0,"turns":3.0},{"damage":35.0,"enemies":"Slavers","floor":25.0,"turns":5.0},{"damage":0.0,"enemies":"Snecko","floor":28.0,"turns":3.0},{"damage":24.0,"enemies":"Shelled Parasite and Fungi","floor":29.0,"turns":4.0},{"damage":23,"enemies":"Snake Plant","floor":30,"turns":2}],"seed_played":"1049959801713293342","potions_obtained":[{"floor":6.0,"key":"DuplicationPotion"},{"floor":12.0,"key":"jedi:wingpotion"},{"floor":16.0,"key":"Death Potion"},{"floor":29.0,"key":"Elixir"}],"is_trial":false,"path_per_floor":["M","?","?","M","M","E","R","M","T","M","R","E","$","T","R","B",null,"M","?","?","?","M","R","R","E","T","T","M","M","M"],"character_chosen":"MAGITEKELITE","items_purchased":["Blood_Hilt","Membership Card","Chemical X","Valor","Rune_Blade"],"campfire_rested":2,"item_purchase_floors":[0,13,13,13,13],"current_hp_per_floor":[59,59,59,59,63,33,56,47,47,46,46,39,39,39,62,64,74,65,58,62,62,48,48,48,31,31,31,31,21,0,0],"gold":274,"neow_bonus":"","is_daily":false,"chose_seed":false,"campfire_upgraded":3,"win_rate":0.0,"timestamp":1608856863,"path_taken":["M","?","?","M","?","E","R","M","T","M","R","E","$","?","R","BOSS","M","?","?","?","M","R","R","E","T","?","?","M","M"],"items_purchased_type":["Card","Relic","Relic","Card","Card"],"build_version":"2020-12-22","purchased_purges":1,"victory":false,"max_hp_per_floor":[63,63,63,63,63,77,77,77,77,77,77,77,77,77,77,77,77,77,77,77,77,79,79,79,79,79,79,79,81,81,81],"relic_stats":{"Singing Bowl":4,"counters":[18,85],"Ornamental Fan":[8],"Snecko Eye":[37,39,28,39],"Chemical X":[11],"obtain_stats":[{"jedi:angrymask":25,"Singing Bowl":14,"Golden Idol":2,"Mango":6,"Replay:Kaleidoscope":3,"jedi:kaleidoscope":27,"ReplayTheSpireMod:Shallot":9,"Pendant":0,"Ornamental Fan":26,"Snecko Eye":17,"Art of War":6,"Membership Card":13,"Chemical X":13,"InkBottle":12},{"jedi:angrymask":15,"Singing Bowl":11,"Golden Idol":1,"Mango":8,"Replay:Kaleidoscope":1,"jedi:kaleidoscope":15,"ReplayTheSpireMod:Shallot":9,"Pendant":0,"Ornamental Fan":15,"Snecko Eye":12,"Art of War":3,"Membership Card":11,"Chemical X":11,"InkBottle":11},{"jedi:angrymask":76,"Singing Bowl":53,"Golden Idol":1,"Mango":37,"Replay:Kaleidoscope":1,"jedi:kaleidoscope":76,"ReplayTheSpireMod:Shallot":44,"Pendant":0,"Ornamental Fan":76,"Snecko Eye":63,"Art of War":12,"Membership Card":53,"Chemical X":53,"InkBottle":53}],"InkBottle":[11]},"card_choices":[{"not_picked":["Gladius","Cursed_Shield"],"picked":"Gaia_Gear","floor":1.0},{"not_picked":["Throw","Astra"],"picked":"Shell","floor":4.0},{"not_picked":["Flare","Gladius"],"picked":"Flametongue","floor":5.0},{"not_picked":["Flare","Thunder_Blade"],"picked":"Haste","floor":6.0},{"not_picked":["Thunder_Blade","Man_Eater"],"picked":"Transfusion","floor":8.0},{"not_picked":["Gaia_Gear","Falchion"],"picked":"Rasp","floor":10.0},{"not_picked":["Vox","Water"],"picked":"Reflect","floor":12.0},{"not_picked":["Drain","Might"],"picked":"Remember","floor":16.0},{"not_picked":["Heavy_Shield","Balance"],"picked":"Enhancer+1","floor":18.0},{"not_picked":["Gladius+1","Astra","Quake"],"picked":"Singing Bowl","floor":22.0},{"not_picked":["Vox","Poisona+1"],"picked":"Crystal_Sword+1","floor":25.0},{"not_picked":["Vox","Barrier"],"picked":"Esuna","floor":28.0},{"not_picked":["Mythril_Knife","Flametongue","Throw"],"picked":"Singing Bowl","floor":29.0}],"player_experience":1758545,"relics_obtained":[{"floor":6.0,"key":"Mango"},{"floor":9.0,"key":"ReplayTheSpireMod:Shallot"},{"floor":12.0,"key":"InkBottle"},{"floor":14.0,"key":"Singing Bowl"},{"floor":25.0,"key":"jedi:angrymask"},{"floor":26.0,"key":"Ornamental Fan"},{"floor":27.0,"key":"jedi:kaleidoscope"}],"event_choices":[{"damage_healed":0.0,"max_hp_gain":0.0,"max_hp_loss":0.0,"gold_gain":75.0,"event_name":"FaceTrader","player_choice":"Touch","floor":19.0,"gold_loss":0.0,"damage_taken":7.0},{"damage_healed":4.0,"max_hp_gain":0.0,"max_hp_loss":0.0,"gold_gain":0.0,"event_name":"betterSkull:BetterSkull","player_choice":"LEAVE ","floor":20.0,"gold_loss":0.0,"damage_taken":0.0,"cards_upgraded":[],"relics_obtained":[]},{"damage_healed":0.0,"max_hp_gain":0.0,"max_hp_loss":0.0,"gold_gain":0.0,"event_name":"Duplicator","player_choice":"Copied","floor":21.0,"gold_loss":0.0,"damage_taken":0.0,"cards_obtained":["Valor"]}],"is_beta":false,"boss_relics":[{"not_picked":["Kintsugi","Silver_Glasses"],"picked":"Snecko Eye"}],"items_purged_floors":[13],"is_endless":false,"potions_floor_spawned":[6,12,16,29],"killed_by":"Snake Plant","ascension_level":9}}