{"host":"wkq136ike0ligh15","time":1608864876,"event":{"mods":["Bard","BaseMod","Clockwork Mod","Minty Spire (QoL Compilation)","StSLib"],"gold_per_floor":[118,130,146,146,165,199,199,1,1,29,54,54,5,18,18,120,120,130,24,41,60,80,80,80],"floor_reached":23,"playtime":1211,"items_purged":[],"score":203,"play_id":"9ea586ba-892c-4242-ae43-cc0242ec1761","local_time":"20201224215436","is_ascension_mode":false,"campfire_choices":[{"floor":12.0,"key":"REST"},{"data":"Malaise","floor":15.0,"key":"SMITH"}],"circlet_count":0,"master_deck":["Strike_G","Strike_G+1","Strike_G","Strike_G+1","Strike_G","Defend_G","Defend_G","Defend_G","Defend_G","Defend_G","Survivor","Neutralize","Malaise+1","Dagger Spray","Dash","Caltrops","Finisher","Outmaneuver","Quick Slash","Tools of the Trade","Bouncing Flask","Dagger Throw","Poisoned Stab","Unload","PiercingWail","Noxious Fumes","Reflex","Terror+1","Masterful Stab","Sucker Punch"],"relics":["Ring of the Serpent","Kunai","Ninja Scroll","MealTicket","Whetstone","Darkstone Periapt","Odd Mushroom","Bag of Preparation"],"acts_visited":["Exordium","TheCity"],"potions_floor_usage":[23],"damage_taken":[{"damage":0.0,"enemies":"Small Slimes","floor":1.0,"turns":5.0},{"damage":2.0,"enemies":"Cultist","floor":2.0,"turns":4.0},{"damage":1.0,"enemies":"Jaw Worm","floor":3.0,"turns":6.0},{"damage":0.0,"enemies":"2 Fungi Beasts","floor":5.0,"turns":4.0},{"damage":20.0,"enemies":"3 Sentries","floor":6.0,"turns":8.0},{"damage":9.0,"enemies":"The Mushroom Lair","floor":10.0,"turns":4.0},{"damage":5.0,"enemies":"Lagavulin","floor":11.0,"turns":6.0},{"damage":0.0,"enemies":"Blue Slaver","floor":14.0,"turns":4.0},{"damage":5.0,"enemies":"The Guardian","floor":16.0,"turns":13.0},{"damage":0.0,"enemies":"Chosen","floor":18.0,"turns":3.0},{"damage":24.0,"enemies":"3 Byrds","floor":20.0,"turns":5.0},{"damage":2.0,"enemies":"Cultist and Chosen","floor":21.0,"turns":5.0},{"damage":32.0,"enemies":"3 Cultists","floor":22.0,"turns":6.0},{"damage":17,"enemies":"Slavers","floor":23,"turns":5}],"seed_played":"3210887148987567907","potions_obtained":[{"floor":2.0,"key":"SmokeBomb"},{"floor":6.0,"key":"Poison Potion"},{"floor":10.0,"key":"Swift Potion"},{"floor":14.0,"key":"CultistPotion"},{"floor":16.0,"key":"Block Potion"},{"floor":22.0,"key":"Weak Potion"}],"is_trial":false,"path_per_floor":["M","M","M","?","M","E","?","$","T","?","E","R","$","M","R","B",null,"M","$","M","M","M","E"],"character_chosen":"THE_SILENT","items_purchased":["Whetstone","Quick Slash","Dagger Throw","Noxious Fumes","Reflex"],"campfire_rested":1,"item_purchase_floors":[8,8,13,19,19],"current_hp_per_floor":[70,68,67,67,67,47,44,59,59,50,45,66,70,70,70,65,70,70,70,46,44,12,0,0],"gold":80,"neow_bonus":"ONE_RANDOM_RARE_CARD","is_daily":false,"chose_seed":false,"campfire_upgraded":1,"win_rate":0.0,"timestamp":1608864876,"path_taken":["M","M","M","?","?","E","?","$","T","?","E","R","?","M","R","BOSS","M","$","M","M","M","E"],"items_purchased_type":["Relic","Card","Card","Card","Card"],"build_version":"2020-12-22","purchased_purges":0,"victory":false,"max_hp_per_floor":[70,70,70,70,70,70,70,70,70,70,70,70,70,70,70,70,70,70,70,70,70,70,70,70],"card_choices":[{"not_picked":["Dodge and Roll","Sucker Punch"],"picked":"Dagger Spray","floor":1.0},{"not_picked":["Backflip","Deflect"],"picked":"Dash","floor":2.0},{"not_picked":["Dash","Sucker Punch"],"picked":"Caltrops","floor":3.0},{"not_picked":["Blur","Bouncing Flask"],"picked":"Finisher","floor":5.0},{"not_picked":["Underhanded Strike","Backstab"],"picked":"Outmaneuver","floor":6.0},{"not_picked":["Backflip","Bane"],"picked":"Tools of the Trade","floor":10.0},{"not_picked":["Choke","Dash"],"picked":"Bouncing Flask","floor":11.0},{"not_picked":["Bane","Deflect"],"picked":"Poisoned Stab","floor":14.0},{"not_picked":["Tools of the Trade","Malaise"],"picked":"Unload","floor":16.0},{"not_picked":["Backflip","Endless Agony+1"],"picked":"PiercingWail","floor":18.0},{"not_picked":["Riddle With Holes","Choke"],"picked":"Terror+1","floor":20.0},{"not_picked":["Outmaneuver+1","Poisoned Stab"],"picked":"Masterful Stab","floor":21.0},{"not_picked":["Underhanded Strike","Outmaneuver"],"picked":"Sucker Punch","floor":22.0}],"player_experience":230740,"relics_obtained":[{"floor":6.0,"key":"Ninja Scroll"},{"floor":9.0,"key":"Darkstone Periapt"},{"floor":10.0,"key":"Odd Mushroom"},{"floor":11.0,"key":"Bag of Preparation"}],"event_choices":[{"damage_healed":0.0,"max_hp_gain":0.0,"max_hp_loss":0.0,"gold_gain":0.0,"event_name":"WeMeetAgain","player_choice":"Gave Potion","floor":4.0,"gold_loss":0.0,"damage_taken":0.0,"relics_obtained":["Kunai"]},{"damage_healed":0.0,"max_hp_gain":0.0,"max_hp_loss":0.0,"gold_gain":0.0,"event_name":"Scrap Ooze","player_choice":"Success","floor":7.0,"gold_loss":0.0,"damage_taken":3.0,"relics_obtained":["MealTicket"]},{"damage_healed":0.0,"max_hp_gain":0.0,"max_hp_loss":0.0,"gold_gain":0.0,"event_name":"Mushrooms","player_choice":"Fought Mushrooms","floor":10.0,"gold_loss":0.0,"damage_taken":0.0}],"is_beta":false,"boss_relics":[{"not_picked":["Sozu","Coffee Dripper"],"picked":"Ring of the Serpent"}],"items_purged_floors":[],"is_endless":false,"potions_floor_spawned":[2,6,10,14,16,22],"killed_by":"Slavers","ascension_level":0}}