{"host":"ydb2tj77qwtn71sy","time":1608879056,"event":{"mods":["2.2 Compatiblity","AchievementEnabler","Aspiration","BaseMod","Bestiary","Better Note","Better Skull","Better Third Choice","BetterRewards","Colored Map","Colored Powertips","Conspire","DeckTracker","Displayed Cursed Tome","Infinite Spire","Lobotomy","Minty Spire (QoL Compilation)","Relic Stats","Replay The Spire","Spicy Shops","StSLib","The Blue Laboratory","Uncapped"],"gold_per_floor":[114,114,129,144,159,189,204,234,246,288,315,357,369,396,408,520,532,559,586,613,640,652,694,706,748,810,822,834,876,903,945,957,1069,1081,1108,1120,1132,1144,1181,1223,1235,1277,1289,1301,1343,375,375,405,405,405],"floor_reached":51,"playtime":2175,"items_purged":[],"score":1296,"play_id":"ce23245b-197c-43bf-bd56-24d039f5a7cd","local_time":"20201225155056","daily_mods":["Draft","Hoarder","Elite Swarm"],"is_ascension_mode":false,"campfire_choices":[{"floor":13,"key":"REST"},{"data":"1","floor":15,"key":"LIFT"},{"data":"2","floor":24,"key":"LIFT"},{"data":"3","floor":32,"key":"LIFT"},{"data":"Pot Of Greed","floor":41,"key":"SMITH"},{"data":"Pot Of Greed","floor":44,"key":"SMITH"},{"data":"Pot Of Greed","floor":47,"key":"SMITH"}],"circlet_count":0,"master_deck":["Perfected Strike","Perfected Strike","Perfected Strike","Thunderclap","Thunderclap","Thunderclap","Headbutt","Headbutt","Headbutt","Ghostly Armor","Ghostly Armor","Ghostly Armor","Warcry","Warcry","Warcry","Thunderclap","Thunderclap","Thunderclap","Anger","Anger","Anger","Iron Wave","Iron Wave","Iron Wave","Armaments","Armaments","Armaments","Twin Strike","Twin Strike","Twin Strike","Anger","Anger","Anger","Flex","Flex","Flex","Cleave","Cleave","Cleave","ReplayTheSpireMod:LeadingStrike","ReplayTheSpireMod:LeadingStrike","ReplayTheSpireMod:LeadingStrike","Combust","Combust","Combust","Wild Strike","Wild Strike","Wild Strike","Anger","Anger","Anger","Reckless Charge","Reckless Charge","Reckless Charge","Rampage","Rampage","Rampage","Double Tap","Double Tap","Double Tap","Immolate","Immolate","Immolate","Replay:Undeath\u0027s Touch","Replay:Undeath\u0027s Touch","Replay:Undeath\u0027s Touch","Feed","Feed","Feed","Heavy Blade","Heavy Blade","Heavy Blade","Bludgeon","Bludgeon","Bludgeon","Flex+1","Flex+1","Flex+1","Iron Wave+1","Iron Wave+1","Iron Wave+1","Pot Of Greed+1","Pot Of Greed+1","Pot Of Greed+1","Pot Of Greed","Pot Of Greed","Pot Of Greed","Pot Of Greed+1","Pot Of Greed","Pot Of Greed","Pot Of Greed","Pot Of Greed","Pot Of Greed","Pot Of Greed","Pot Of Greed","Pot Of Greed","Pot Of Greed","Pot Of Greed","Pot Of Greed","Pot Of Greed","Pot Of Greed","Pot Of Greed","Reaper","Reaper","Reaper","Anger+1","Anger+1","Anger+1","infinitespire:Collect+1","infinitespire:Collect+1","infinitespire:Collect+1","Pot Of Greed+1","Pot Of Greed+1","Pot Of Greed+1","infinitespire:Starlight+1","infinitespire:Starlight+1","infinitespire:Starlight+1","Infernal Blade+1","Infernal Blade+1","Infernal Blade+1","Sword Boomerang","Sword Boomerang","Sword Boomerang"],"relics":["Burning Blood","Akabeko","MawBank","Replay:Bottled Steam","infinitespire:FocusingShard","Girya","Coffee Dripper","infinitespire:Joker Card","StrikeDummy","Juzu Bracelet","Grinning Jar","Regal Pillow","Busted Crown","Toxic Egg 2","Anchor","Pondfish Scales","Unceasing Top","aspiration:ChemicalBlood","ReplayTheSpireMod:Spearhead","HandDrill","Self Forming Clay","Replay:Baseball","Centennial Puzzle","infinitespire:PuzzleCube","aspiration:FrozenJewel"],"acts_visited":["Exordium","TheCity","TheBeyond"],"potions_floor_usage":[23,25,31],"damage_taken":[{"damage":4,"enemies":"conspire:RoseBush","floor":1,"turns":1},{"damage":16,"enemies":"infinitespire:Voidling","floor":3,"turns":3},{"damage":5,"enemies":"Small Slimes","floor":4,"turns":2},{"damage":13,"enemies":"3 Louse","floor":5,"turns":2},{"damage":0,"enemies":"Gremlin Nob","floor":6,"turns":2},{"damage":0,"enemies":"Large Slime","floor":7,"turns":3},{"damage":24,"enemies":"Lagavulin","floor":8,"turns":5},{"damage":4,"enemies":"3 Sentries","floor":10,"turns":4},{"damage":0,"enemies":"Exordium Wildlife","floor":11,"turns":2},{"damage":13,"enemies":"Gremlin Nob","floor":12,"turns":3},{"damage":18,"enemies":"conspire:2 RoseBushes","floor":14,"turns":3},{"damage":0,"enemies":"Fading Forest","floor":16,"turns":11},{"damage":15,"enemies":"2 Thieves","floor":18,"turns":3},{"damage":21,"enemies":"3 Byrds","floor":19,"turns":3},{"damage":12,"enemies":"Sentry and Sphere","floor":20,"turns":3},{"damage":21,"enemies":"Shelled Parasite and Fungi","floor":21,"turns":4},{"damage":15,"enemies":"Slavers","floor":23,"turns":3},{"damage":12,"enemies":"Replay:Snechameleon","floor":25,"turns":4},{"damage":0,"enemies":"conspire:Head Lice","floor":29,"turns":2},{"damage":1,"enemies":"3 Cultists","floor":30,"turns":2},{"damage":12,"enemies":"Book of Stabbing","floor":31,"turns":2},{"damage":25,"enemies":"Collector","floor":33,"turns":4},{"damage":0,"enemies":"Orb Walker","floor":35,"turns":1},{"damage":8,"enemies":"Giant Head","floor":40,"turns":5},{"damage":0,"enemies":"Reptomancer","floor":42,"turns":3},{"damage":6,"enemies":"Nemesis","floor":45,"turns":4},{"damage":0,"enemies":"Giant Head","floor":48,"turns":2},{"damage":16,"enemies":"Donu and Deca","floor":50,"turns":5}],"seed_played":"-567031674859551473","potions_obtained":[{"floor":4,"key":"SteroidPotion"},{"floor":5,"key":"blueLaboratory:PyrophylliteBrew"},{"floor":7,"key":"Energy Potion"},{"floor":11,"key":"LifebloodPotion"},{"floor":23,"key":"blueLaboratory:RememoryPotion"},{"floor":30,"key":"blueLaboratory:FruitPunch"},{"floor":40,"key":"blueLaboratory:BottleOfVodka"}],"is_trial":false,"path_per_floor":["M","?","M","M","M","E","M","E","T","E","M","E","R","M","R","B",null,"M","M","M","M","?","E","R","E","T","?","$","E","M","E","R","B",null,"M","AVR","?","?","T","E","R","E","T","R","E","$","R","E","R_BF","B",null],"character_chosen":"IRONCLAD","items_purchased":["HandDrill","Self Forming Clay","Replay:Baseball","Infernal Blade+1","Centennial Puzzle","infinitespire:PuzzleCube","Sword Boomerang"],"campfire_rested":1,"item_purchase_floors":[46,46,46,46,46,46,46],"current_hp_per_floor":[80,80,70,71,64,70,76,58,58,60,66,59,80,71,71,77,83,77,65,59,44,44,35,35,29,29,29,29,35,40,36,36,17,91,94,94,94,94,94,94,94,94,94,94,97,97,97,97,97,98],"gold":405,"neow_bonus":"","is_daily":true,"chose_seed":false,"campfire_upgraded":3,"win_rate":0.0,"timestamp":1608879056,"path_taken":["M","?","M","M","?","E","M","E","T","E","M","E","R","M","R","BOSS","M","M","M","M","?","E","R","E","T","?","?","E","M","E","R","BOSS","M","AVR","?","?","?","E","R","E","T","R","E","$","R","E","R_BF","BOSS"],"items_purchased_type":["Relic","Relic","Relic","Card","Relic","Relic","Card"],"build_version":"2020-12-22","purchased_purges":0,"victory":true,"max_hp_per_floor":[80,80,80,80,80,80,80,80,80,80,80,80,80,83,83,83,83,86,89,89,89,89,89,89,89,89,89,89,89,89,91,91,91,91,94,94,94,94,94,94,94,94,94,94,97,97,97,97,97,100],"relic_stats":{"Regal Pillow":0,"Centennial Puzzle":[3],"Busted Crown":14,"counters":[28,91],"Self Forming Clay":[12],"Juzu Bracelet":0,"HandDrill":[4],"MawBank":456,"obtain_stats":[{"Regal Pillow":31,"Juzu Bracelet":26,"Burning Blood":0,"Centennial Puzzle":46,"HandDrill":46,"Toxic Egg 2":36,"Replay:Bottled Steam":9,"aspiration:ChemicalBlood":43,"Girya":12,"Self Forming Clay":46,"infinitespire:FocusingShard":10,"infinitespire:Joker Card":23,"MawBank":8,"Akabeko":6,"aspiration:FrozenJewel":48,"Anchor":39,"Pondfish Scales":40,"ReplayTheSpireMod:Spearhead":45,"Replay:Baseball":46,"Busted Crown":34,"Coffee Dripper":17,"Grinning Jar":29,"StrikeDummy":25,"Unceasing Top":42,"infinitespire:PuzzleCube":46},{"Regal Pillow":21,"Juzu Bracelet":18,"Burning Blood":0,"Centennial Puzzle":26,"HandDrill":26,"Toxic Egg 2":23,"Replay:Bottled Steam":7,"aspiration:ChemicalBlood":25,"Girya":10,"Self Forming Clay":26,"infinitespire:FocusingShard":8,"infinitespire:Joker Card":17,"MawBank":7,"Akabeko":5,"aspiration:FrozenJewel":27,"Anchor":23,"Pondfish Scales":24,"ReplayTheSpireMod:Spearhead":26,"Replay:Baseball":26,"Busted Crown":22,"Coffee Dripper":12,"Grinning Jar":19,"StrikeDummy":18,"Unceasing Top":25,"infinitespire:PuzzleCube":26},{"Regal Pillow":67,"Juzu Bracelet":61,"Burning Blood":0,"Centennial Puzzle":84,"HandDrill":84,"Toxic Egg 2":72,"Replay:Bottled Steam":18,"aspiration:ChemicalBlood":80,"Girya":27,"Self Forming Clay":84,"infinitespire:FocusingShard":22,"infinitespire:Joker Card":57,"MawBank":18,"Akabeko":10,"aspiration:FrozenJewel":86,"Anchor":72,"Pondfish Scales":77,"ReplayTheSpireMod:Spearhead":84,"Replay:Baseball":84,"Busted Crown":71,"Coffee Dripper":41,"Grinning Jar":63,"StrikeDummy":61,"Unceasing Top":80,"infinitespire:PuzzleCube":84}],"Burning Blood":136,"Unceasing Top":[12]},"card_choices":[{"not_picked":["Shockwave","Havoc"],"picked":"Perfected Strike","floor":0},{"not_picked":["Run Through","Sever Soul"],"picked":"Thunderclap","floor":0},{"not_picked":["Rupture","Sentinel"],"picked":"Headbutt","floor":0},{"not_picked":["Blood for Blood","Searing Blow"],"picked":"Ghostly Armor","floor":0},{"not_picked":["Shockwave","Bloodletting"],"picked":"Warcry","floor":0},{"not_picked":["Heavy Blade","True Grit"],"picked":"Thunderclap","floor":0},{"not_picked":["Hemokinesis","True Grit"],"picked":"Anger","floor":0},{"not_picked":["Headbutt","Clash"],"picked":"Iron Wave","floor":0},{"not_picked":["Inflame","Uppercut"],"picked":"Armaments","floor":0},{"not_picked":["Clash","Anger"],"picked":"Twin Strike","floor":0},{"not_picked":["Clash","Heavy Blade"],"picked":"Anger","floor":0},{"not_picked":["Sentinel","Clash"],"picked":"Flex","floor":0},{"not_picked":["True Grit","ReplayTheSpireMod:Corrosion Curse"],"picked":"Cleave","floor":0},{"not_picked":["Perfected Strike","Body Slam"],"picked":"ReplayTheSpireMod:LeadingStrike","floor":0},{"not_picked":["Headbutt","ReplayTheSpireMod:Strike From Hell"],"picked":"Combust","floor":0},{"not_picked":["Sword Boomerang","Fire Breathing"],"picked":"Wild Strike","floor":1},{"not_picked":["Second Wind","Shockwave"],"picked":"Anger","floor":3},{"not_picked":["Warcry","Body Slam"],"picked":"Reckless Charge","floor":4},{"not_picked":["Cleave","Pommel Strike"],"picked":"Rampage","floor":5},{"not_picked":["Brutality","Barricade","Fiend Fire"],"picked":"SKIP","floor":6},{"not_picked":["Armaments","Dropkick","Thunderclap"],"picked":"SKIP","floor":7},{"not_picked":["Impervious","Offering"],"picked":"Double Tap","floor":8},{"not_picked":["Replay:Many Hands","Double Tap"],"picked":"Immolate","floor":10},{"not_picked":["Rupture","Wild Strike"],"picked":"Replay:Undeath\u0027s Touch","floor":11},{"not_picked":["Offering","Impervious"],"picked":"Feed","floor":12},{"not_picked":["Replay:Undeath\u0027s Touch","ReplayTheSpireMod:Strike From Hell"],"picked":"Heavy Blade","floor":14},{"not_picked":["Corruption","Barricade"],"picked":"Bludgeon","floor":16},{"not_picked":["Rupture","Bloodletting+1","Replay:Undeath\u0027s Touch"],"picked":"SKIP","floor":18},{"not_picked":["Shrug It Off+1","Run Through+1"],"picked":"Flex+1","floor":19},{"not_picked":["Exhume","ReplayTheSpireMod:Corrosion Curse","Havoc"],"picked":"SKIP","floor":20},{"not_picked":["Flex+1","Sword Boomerang"],"picked":"Iron Wave+1","floor":21},{"not_picked":["Eclipse","Bludgeon","Exhume"],"picked":"SKIP","floor":23},{"not_picked":["Juggernaut","Replay:Many Hands","Hemogenesis"],"picked":"SKIP","floor":25},{"not_picked":["conspire:Purge","Juggernaut","Exhume"],"picked":"SKIP","floor":29},{"not_picked":["Body Slam+1","ReplayTheSpireMod:Strike From Hell","Cleave"],"picked":"SKIP","floor":30},{"not_picked":["Body Slam+1","ReplayTheSpireMod:Strike From Hell","Cleave"],"picked":"SKIP","floor":30},{"not_picked":["Limit Break","Immolate"],"picked":"Reaper","floor":31},{"not_picked":[],"picked":"Anger+1","floor":35},{"not_picked":["Immolate"],"picked":"SKIP","floor":40},{"not_picked":["Barricade"],"picked":"SKIP","floor":42},{"not_picked":["Fiend Fire"],"picked":"SKIP","floor":45},{"not_picked":["conspire:HitWhereItHurts"],"picked":"SKIP","floor":48}],"player_experience":377195,"relics_obtained":[{"floor":6,"key":"Akabeko"},{"floor":8,"key":"MawBank"},{"floor":9,"key":"Replay:Bottled Steam"},{"floor":10,"key":"infinitespire:FocusingShard"},{"floor":12,"key":"Girya"},{"floor":23,"key":"infinitespire:Joker Card"},{"floor":25,"key":"StrikeDummy"},{"floor":26,"key":"Juzu Bracelet"},{"floor":29,"key":"Grinning Jar"},{"floor":31,"key":"Regal Pillow"},{"floor":39,"key":"Anchor"},{"floor":40,"key":"Pondfish Scales"},{"floor":42,"key":"Unceasing Top"},{"floor":43,"key":"aspiration:ChemicalBlood"},{"floor":45,"key":"ReplayTheSpireMod:Spearhead"},{"floor":48,"key":"aspiration:FrozenJewel"}],"event_choices":[{"damage_healed":0,"gold_gain":0,"player_choice":"Bought 0 Potions","damage_taken":0,"max_hp_gain":0,"max_hp_loss":0,"event_name":"The Woman in Blue","floor":2,"gold_loss":0},{"damage_healed":0,"gold_gain":0,"player_choice":"Ignored","damage_taken":0,"max_hp_gain":0,"max_hp_loss":0,"event_name":"The Mausoleum","floor":22,"gold_loss":0},{"damage_healed":0,"gold_gain":0,"player_choice":"Leave","damage_taken":0,"max_hp_gain":0,"max_hp_loss":0,"event_name":"conspire:Investor","floor":37,"gold_loss":0}],"is_beta":false,"boss_relics":[{"not_picked":["Velvet Choker","Honey Jar"],"picked":"Coffee Dripper"},{"not_picked":["aspiration:DefectSkillbook","Runic Dome"],"picked":"Busted Crown"}],"items_purged_floors":[],"is_endless":false,"potions_floor_spawned":[4,5,7,11,16,19,23,30,40,42,48],"ascension_level":0}}