{"host":"rwzz6mk6bpmb57ql","time":1608868475,"event":{"mods":["AchievementEnabler","BaseMod","BetterRewards","Colored Map","Highlight Path","Hubris","Minty Spire (QoL Compilation)","Replay The Spire","StSLib"],"gold_per_floor":[6614,6629,6729,6743,6760,6760,6047,6047,6074,6087,6087,6119,6119,6119,6136,6163,6163,6265,6265,6279,6204,6204,6216,5832,5862,5862,5873,5873,5898,5312,5312,4245,4245,4245,4340,4340,4358,3911,3958,3972,3992,3992,4018,4029,4029,3038,3071,3071,2290,2306,2306,2306,2306,2306,1104,1133,1133],"floor_reached":58,"playtime":2785,"items_purged":["Strike_G","Strike_G","Strike_G","Defend_G","Corpse Explosion","Bouncing Flask","Neutralize"],"score":2601,"play_id":"19246d71-b7c7-4788-91b5-3a50b78bb990","local_time":"20201224215435","is_ascension_mode":true,"campfire_choices":[{"floor":6,"key":"RECALL"},{"data":"Blur","floor":8,"key":"SMITH"},{"data":"Dodge and Roll","floor":11,"key":"SMITH"},{"data":"Backflip","floor":17,"key":"SMITH"},{"data":"Footwork","floor":26,"key":"SMITH"},{"data":"After Image","floor":31,"key":"SMITH"},{"data":"The Bomb","floor":34,"key":"SMITH"},{"data":"Dodge and Roll","floor":42,"key":"SMITH"},{"data":"ReplayUltimateDefense","floor":48,"key":"SMITH"},{"data":"Burst","floor":51,"key":"SMITH"},{"data":"Burst","floor":54,"key":"SMITH"}],"circlet_count":0,"master_deck":["AscendersBane","Defend_G+1","Defend_G+1","Survivor","Blur+1","Dodge and Roll+1","Backflip+1","Deflect+1","Replay:Bag of Tricks+1","Footwork+1","Replay:Poison Smokescreen+1","After Image+1","Dodge and Roll+1","The Bomb+1","The Bomb+1","Prepared+1","Fluid Movement","Burst+1","Burst+1","ReplayUltimateDefense+1","Backflip+1","Fluid Movement","Fluid Movement","Mayhem","Adrenaline"],"relics":["Ring of the Snake","Bird Faced Urn","Potion Belt","Replay:Mystery Machine","Mercury Hourglass","Medical Kit","hubris:DeckOfHolding","Pantograph","SacredBark","Regal Pillow","InkBottle","Toy Ornithopter","hubris:DisguiseKit","Chemical X","hubris:AncientText","hubris:64BitClover","Ornamental Fan","ReplayTheSpireMod:ShopPack","Empty Cage","War Paint","Dream Catcher","Cauldron","CaptainsWheel","Ginger","Replay:Bottled Steam","ClockworkSouvenir","Orichalcum","Bag of Preparation","Bag of Marbles","Simple Rune","The Specimen","Tough Bandages","Blood Vial","Quantum Egg","HandDrill","Nunchaku"],"acts_visited":["Exordium","TheCity","TheBeyond","TheEnding"],"potions_floor_usage":[12,16,16,16,20,25,27,27,29,33,35,39,39,47,47,52,52,56,57,57,57],"damage_taken":[{"damage":8,"enemies":"2 Louse","floor":1,"turns":4},{"damage":20,"enemies":"Cultist","floor":2,"turns":7},{"damage":12,"enemies":"Jaw Worm","floor":4,"turns":3},{"damage":0,"enemies":"Large Slime","floor":5,"turns":3},{"damage":7,"enemies":"3 Louse","floor":10,"turns":3},{"damage":13,"enemies":"3 Sentries","floor":12,"turns":11},{"damage":0,"enemies":"Exordium Wildlife","floor":15,"turns":1},{"damage":9,"enemies":"Lagavulin","floor":16,"turns":9},{"damage":0,"enemies":"Slime Boss","floor":18,"turns":2},{"damage":0,"enemies":"3 Byrds","floor":20,"turns":3},{"damage":3,"enemies":"Shell Parasite","floor":23,"turns":6},{"damage":15,"enemies":"Book of Stabbing","floor":25,"turns":4},{"damage":9,"enemies":"Sentry and Sphere","floor":27,"turns":6},{"damage":0,"enemies":"Gremlin Leader","floor":29,"turns":4},{"damage":0,"enemies":"Centurion and Healer","floor":33,"turns":2},{"damage":44,"enemies":"Pondfish","floor":35,"turns":12},{"damage":10,"enemies":"3 Darklings","floor":37,"turns":5},{"damage":6,"enemies":"2 Orb Walkers","floor":39,"turns":3},{"damage":0,"enemies":"3 Shapes","floor":40,"turns":1},{"damage":0,"enemies":"Jaw Worm Horde","floor":41,"turns":1},{"damage":0,"enemies":"R_Hoarder","floor":43,"turns":1},{"damage":0,"enemies":"Writhing Mass","floor":44,"turns":1},{"damage":10,"enemies":"Reptomancer","floor":47,"turns":3},{"damage":36,"enemies":"Time Eater","floor":52,"turns":10},{"damage":0,"enemies":"Shield and Spear","floor":56,"turns":4},{"damage":0,"enemies":"The Heart","floor":57,"turns":10}],"seed_played":"5138579190292656074","potions_obtained":[{"floor":5,"key":"AttackPotion"},{"floor":10,"key":"Dexterity Potion"},{"floor":15,"key":"Energy Potion"},{"floor":16,"key":"Explosive Potion"},{"floor":18,"key":"LiquidMemories"},{"floor":20,"key":"Ancient Potion"},{"floor":25,"key":"Weak Potion"},{"floor":27,"key":"SteroidPotion"},{"floor":37,"key":"FearPotion"},{"floor":38,"key":"Fire Potion"},{"floor":38,"key":"SkillPotion"},{"floor":38,"key":"AttackPotion"},{"floor":41,"key":"Weak Potion"}],"is_trial":false,"path_per_floor":["M","M","?","M","M","R","$","R","T","M","R","E","PTL","PTL","M","E","R","B",null,"M","?","?","M","$","E","R","M","T","E","$","R","$","M","R","B",null,"M","$","?","M","M","R","E","M","T","$","E","R","$","?","R","B",null,"R","$","E","B",null],"character_chosen":"THE_SILENT","items_purchased":["Replay:Mystery Machine","Mercury Hourglass","Medical Kit","Backflip","Poison Potion","Footwork","Regal Pillow","Death Potion","Chemical X","hubris:AncientText","SmokeBomb","SpeedPotion","Dodge and Roll","hubris:64BitClover","Ornamental Fan","ReplayTheSpireMod:ShopPack","The Bomb","War Paint","Dream Catcher","Cauldron","ClockworkSouvenir","Orichalcum","Bag of Preparation","Burst","PowerPotion","ReplayUltimateDefense","Simple Rune","The Specimen","Fluid Movement","Adrenaline Potion","Fluid Movement","Mayhem","Toxic Potion","LifebloodPotion","Venom Potion","Blood Vial","Quantum Egg","HandDrill"],"campfire_rested":0,"item_purchase_floors":[7,7,7,7,7,24,24,24,30,30,30,30,32,32,32,32,32,38,38,38,46,46,46,46,46,46,49,49,49,49,55,55,55,55,55,55,55,55],"current_hp_per_floor":[125,105,105,93,93,93,93,93,93,86,86,73,73,73,73,64,64,89,127,127,127,127,124,124,111,111,102,102,109,109,109,109,116,116,103,131,125,125,131,131,131,131,131,131,131,131,130,130,130,95,95,102,131,131,131,140,140],"gold":1133,"neow_bonus":"ONE_RARE_RELIC","is_daily":false,"chose_seed":false,"campfire_upgraded":10,"win_rate":0.0,"timestamp":1608868475,"path_taken":["M","M","?","M","M","R","$","R","T","?","R","E","PTL","PTL","M","E","R","BOSS","M","?","?","M","$","E","R","M","T","E","?","R","$","M","R","BOSS","M","$","?","M","M","R","E","M","T","$","E","R","$","?","R","BOSS","R","$","E","BOSS"],"items_purchased_type":["Relic","Relic","Relic","Card","Potion","Card","Relic","Potion","Relic","Relic","Potion","Potion","Card","Relic","Relic","Relic","Card","Relic","Relic","Relic","Relic","Relic","Relic","Card","Potion","Card","Relic","Relic","Card","Potion","Card","Card","Potion","Potion","Potion","Relic","Relic","Relic"],"build_version":"2020-12-22","purchased_purges":7,"victory":true,"max_hp_per_floor":[140,140,140,140,140,140,140,140,140,140,140,140,140,140,140,140,140,140,140,140,140,140,140,140,140,140,140,140,140,140,140,140,140,140,140,140,140,140,140,140,140,140,140,140,140,140,140,140,140,140,140,140,140,140,140,140,140],"card_choices":[{"not_picked":["Blade Dance","Caltrops"],"picked":"Blur","floor":1},{"not_picked":["Underhanded Strike","Expertise"],"picked":"Bouncing Flask","floor":2},{"not_picked":["Deflect","Slice"],"picked":"Dodge and Roll","floor":4},{"not_picked":["hubris:SlightOfHand","Hidden Blade","Bane"],"picked":"SKIP","floor":5},{"not_picked":["Blade Dance","Glass Knife","Sneak Up"],"picked":"SKIP","floor":10},{"not_picked":["Underhanded Strike","Dagger Throw"],"picked":"Deflect","floor":12},{"not_picked":["Eviscerate","Quick Slash","Backflip"],"picked":"SKIP","floor":15},{"not_picked":["Die Die Die","Flying Knee","ReplayTheSpireMod:Scrap Shanks"],"picked":"SKIP","floor":16},{"not_picked":["Storm of Steel","Adrenaline"],"picked":"Replay:Bag of Tricks","floor":18},{"not_picked":["Outmaneuver+1","PiercingWail","Skewer"],"picked":"SKIP","floor":20},{"not_picked":["Sucker Punch+1","Backstab","PiercingWail+1"],"picked":"SKIP","floor":23},{"not_picked":["A Thousand Cuts","Underhanded Strike"],"picked":"Replay:Poison Smokescreen+1","floor":25},{"not_picked":["Sucker Punch+1","Bane","Flying Knee"],"picked":"SKIP","floor":27},{"not_picked":["Dodge and Roll","Expertise"],"picked":"After Image","floor":29},{"not_picked":["Secret Technique","Magnetism","Midas Touch"],"picked":"The Bomb","floor":32},{"not_picked":["Bullet Time","Malaise","Replay:AllIn"],"picked":"Corpse Explosion","floor":35},{"not_picked":["Dagger Throw+1","Crippling Poison","EmptyBody"],"picked":"Prepared+1","floor":37},{"not_picked":["Dagger Spray+1","Hidden Blade+1","Poisoned Stab","Weave"],"picked":"SKIP","floor":40},{"not_picked":["Choke+1","Slice","Accuracy+1","Consecrate"],"picked":"SKIP","floor":41},{"not_picked":["Riddle With Holes+1","Cloak And Dagger","WreathOfFlame"],"picked":"Fluid Movement","floor":43},{"not_picked":["ReplayTheSpireMod:Scrap Shanks","All Out Attack","Catalyst+1","CrushJoints"],"picked":"SKIP","floor":44},{"not_picked":["Bouncing Flask+1","ReplayTheSpireMod:Speed Training+1","ConjureBlade"],"picked":"Backflip+1","floor":47},{"not_picked":["Accuracy+1","Toxin Wave+1","FlyingSleeves"],"picked":"Adrenaline","floor":56}],"player_experience":157229,"relics_obtained":[{"floor":12,"key":"hubris:DeckOfHolding"},{"floor":16,"key":"Pantograph"},{"floor":25,"key":"InkBottle"},{"floor":28,"key":"Toy Ornithopter"},{"floor":29,"key":"hubris:DisguiseKit"},{"floor":39,"key":"CaptainsWheel"},{"floor":43,"key":"Ginger"},{"floor":45,"key":"Replay:Bottled Steam"},{"floor":47,"key":"Bag of Marbles"},{"floor":50,"key":"Tough Bandages"},{"floor":56,"key":"Nunchaku"}],"event_choices":[{"damage_healed":0,"gold_gain":100,"player_choice":"Gold","damage_taken":0,"max_hp_gain":0,"max_hp_loss":0,"event_name":"Wheel of Change","floor":3,"gold_loss":0},{"cards_removed":["hubris:Compulsion"],"damage_healed":0,"gold_gain":0,"player_choice":"Gave Gold","damage_taken":0,"max_hp_gain":0,"max_hp_loss":0,"event_name":"Beggar","floor":21,"gold_loss":75},{"damage_healed":0,"gold_gain":0,"player_choice":"Fight","damage_taken":0,"max_hp_gain":0,"max_hp_loss":0,"event_name":"Mysterious Sphere","floor":39,"gold_loss":0}],"is_beta":false,"boss_relics":[{"not_picked":["Pandora\u0027s Box","hubris:HollowSoul"],"picked":"SacredBark"},{"not_picked":["Kintsugi","hubris:TerracottaHorce"],"picked":"Empty Cage"}],"items_purged_floors":[7,24,30,32,46,49,55],"is_endless":false,"potions_floor_spawned":[5,10,15,16,18,20,25,27,37,41],"ascension_level":11}}