{"host":"wfy07lporsqrbz3r","time":1608897104,"event":{"mods":["BaseMod","Minty Spire (QoL Compilation)","Replay The Spire","StSLib"],"gold_per_floor":[112,112,37,47,60,89,100,130,130,160,160,177,63,63,63,137,137,149,149,49,49,69,69,69],"floor_reached":23,"playtime":836,"items_purged":["Strike_G","Strike_G"],"score":468,"play_id":"8b3779b2-6b79-4f5c-8aaa-0f986ae48714","local_time":"20201225195144","is_ascension_mode":true,"campfire_choices":[{"data":"ReplayTheSpireMod:Scrap Shanks","floor":11.0,"key":"SMITH"},{"floor":15.0,"key":"REST"}],"circlet_count":0,"master_deck":["AscendersBane","Strike_G","Strike_G","Strike_G","Defend_G","Defend_G","Defend_G","Defend_G","Defend_G","Survivor","Neutralize","Blade Dance","ReplayTheSpireMod:Scrap Shanks+1","ReplayTheSpireMod:Shiv Toss","Dagger Throw","Blade Dance","Reflex","Choke","ReplayTheSpireMod:Scrap Shanks","Adrenaline","Acrobatics","Replay:Parry","PiercingWail"],"relics":["Ring of the Snake","NeowsBlessing","Replay:Wax Seal","Oddly Smooth Stone","Happy Flower","Ornamental Fan","ReplayTheSpireMod:DimensionalGlitch"],"acts_visited":["Exordium","TheCity"],"potions_floor_usage":[],"damage_taken":[{"damage":0.0,"enemies":"2 Louse","floor":1.0,"turns":1.0},{"damage":0.0,"enemies":"Cultist","floor":4.0,"turns":1.0},{"damage":0.0,"enemies":"Jaw Worm","floor":5.0,"turns":1.0},{"damage":25.0,"enemies":"3 Sentries","floor":6.0,"turns":7.0},{"damage":7.0,"enemies":"Large Slime","floor":7.0,"turns":5.0},{"damage":0.0,"enemies":"Gremlin Nob","floor":8.0,"turns":2.0},{"damage":14.0,"enemies":"3 Sentries","floor":10.0,"turns":6.0},{"damage":12.0,"enemies":"3 Louse","floor":12.0,"turns":3.0},{"damage":30.0,"enemies":"Hexaghost","floor":16.0,"turns":11.0},{"damage":0.0,"enemies":"Spheric Guardian","floor":18.0,"turns":3.0},{"damage":4.0,"enemies":"Shell Parasite","floor":22.0,"turns":4.0},{"damage":21,"enemies":"Replay:Snechameleon","floor":23,"turns":5}],"seed_played":"544170075318626581","potions_obtained":[{"floor":4.0,"key":"LiquidBronze"},{"floor":6.0,"key":"Regen Potion"},{"floor":8.0,"key":"Explosive Potion"},{"floor":12.0,"key":"Toxic Potion"},{"floor":16.0,"key":"Explosive Potion"},{"floor":18.0,"key":"ColorlessPotion"}],"is_trial":false,"path_per_floor":["M","?","$","M","M","E","M","E","T","E","R","M","$","T","R","B",null,"M","?","$","?","M","E"],"character_chosen":"THE_SILENT","items_purchased":["ReplayTheSpireMod:Scrap Shanks","ReplayTheSpireMod:Scrap Shanks"],"campfire_rested":1,"item_purchase_floors":[3,13],"current_hp_per_floor":[59,59,59,59,59,34,41,41,41,27,27,15,15,15,34,4,51,51,51,51,33,29,8,8],"gold":69,"neow_bonus":"THREE_ENEMY_KILL","is_daily":false,"chose_seed":false,"campfire_upgraded":1,"win_rate":0.0,"timestamp":1608897104,"path_taken":["M","?","?","?","M","E","?","E","T","E","R","?","?","?","R","BOSS","M","?","$","?","M","E"],"items_purchased_type":["Card","Card"],"build_version":"2020-12-22","purchased_purges":2,"victory":false,"max_hp_per_floor":[66,66,66,66,66,66,66,66,66,66,66,66,66,66,66,66,66,66,66,66,66,66,66,66],"card_choices":[{"not_picked":["Accuracy","Bane"],"picked":"Blade Dance","floor":1.0},{"not_picked":["Cloak And Dagger","Acrobatics"],"picked":"ReplayTheSpireMod:Shiv Toss","floor":4.0},{"not_picked":["Replay:Poison Smokescreen","Bane"],"picked":"Dagger Throw","floor":5.0},{"not_picked":["Quick Slash","ReplayTheSpireMod:Speed Training","Slice"],"picked":"SKIP","floor":6.0},{"not_picked":["Finisher","Infinite Blades"],"picked":"Blade Dance","floor":7.0},{"not_picked":["Quick Slash","Cloak And Dagger","A Thousand Cuts"],"picked":"SKIP","floor":8.0},{"not_picked":["Crippling Poison","Endless Agony"],"picked":"Reflex","floor":10.0},{"not_picked":["Distraction","Acrobatics"],"picked":"Choke","floor":12.0},{"not_picked":["A Thousand Cuts","Die Die Die"],"picked":"Adrenaline","floor":16.0},{"not_picked":["Sucker Punch","Eviscerate"],"picked":"Acrobatics","floor":18.0},{"not_picked":["Deflect","Flying Knee"],"picked":"PiercingWail","floor":22.0}],"player_experience":712490,"relics_obtained":[{"floor":6.0,"key":"Replay:Wax Seal"},{"floor":8.0,"key":"Oddly Smooth Stone"},{"floor":9.0,"key":"Happy Flower"},{"floor":14.0,"key":"Ornamental Fan"}],"event_choices":[{"damage_healed":0.0,"max_hp_gain":0.0,"max_hp_loss":0.0,"gold_gain":0.0,"event_name":"Match and Keep!","player_choice":"0 cards matched","floor":2.0,"gold_loss":0.0,"damage_taken":0.0,"cards_obtained":[]},{"damage_healed":0.0,"max_hp_gain":0.0,"max_hp_loss":0.0,"gold_gain":0.0,"event_name":"Ghosts","player_choice":"Ignored","floor":19.0,"gold_loss":0.0,"damage_taken":0.0},{"damage_healed":0.0,"max_hp_gain":0.0,"max_hp_loss":0.0,"gold_gain":0.0,"event_name":"Knowing Skull","player_choice":"CARD ","floor":21.0,"potions_obtained":[],"gold_loss":0.0,"damage_taken":12.0,"cards_obtained":["Replay:Parry"]}],"is_beta":false,"boss_relics":[{"not_picked":["Snecko Eye","Replay:Drink Me"],"picked":"ReplayTheSpireMod:DimensionalGlitch"}],"items_purged_floors":[13,20],"is_endless":false,"potions_floor_spawned":[4,6,8,12,16,18],"killed_by":"Replay:Snechameleon","ascension_level":20}}