{"host":"1hv1kueuvc4r3rdp","time":1608880855,"event":{"mods":["AchievementEnabler","BaseMod","DeckTracker","Highlight Path","Minty Spire (QoL Compilation)","Permanent Neow","StSLib"],"gold_per_floor":[115,127,97,110,23,23,50,50,50,109,119,147,147,159,159,260,260,276,294,310,7,7,7,22,22,22,22,22],"floor_reached":27,"playtime":775,"items_purged":["Defend_R"],"score":248,"play_id":"96c364ae-4540-4eff-8b52-8c1eaced5065","local_time":"20201225012055","is_ascension_mode":false,"campfire_choices":[{"data":"Perfected Strike","floor":6,"key":"SMITH"},{"data":"Pommel Strike","floor":8,"key":"SMITH"},{"data":"Cleave","floor":13,"key":"SMITH"},{"data":"Bash","floor":15,"key":"SMITH"},{"data":"Flame Barrier","floor":23,"key":"SMITH"}],"circlet_count":0,"master_deck":["Strike_R","Strike_R","Strike_R","Strike_R","Strike_R","Defend_R","Defend_R+1","Defend_R","Bash+1","Perfected Strike+1","Twin Strike","Cleave+1","Impatience","Pommel Strike+1","True Grit+1","Evolve+1","True Grit","Iron Wave","Flame Barrier+1"],"relics":["Burning Blood","Frozen Egg 2","Red Skull","Strawberry","War Paint","Black Star","The Courier"],"acts_visited":["Exordium","TheCity"],"potions_floor_usage":[10,16,18,20,24,24,27],"damage_taken":[{"damage":10,"enemies":"Jaw Worm","floor":1,"turns":5},{"damage":0,"enemies":"Cultist","floor":2,"turns":2},{"damage":12,"enemies":"Small Slimes","floor":4,"turns":3},{"damage":21,"enemies":"3 Sentries","floor":7,"turns":7},{"damage":21,"enemies":"3 Sentries","floor":10,"turns":7},{"damage":1,"enemies":"2 Fungi Beasts","floor":11,"turns":3},{"damage":27,"enemies":"Gremlin Nob","floor":12,"turns":4},{"damage":0,"enemies":"Exordium Wildlife","floor":14,"turns":1},{"damage":36,"enemies":"Hexaghost","floor":16,"turns":8},{"damage":13,"enemies":"3 Byrds","floor":18,"turns":5},{"damage":29,"enemies":"Shell Parasite","floor":19,"turns":4},{"damage":18,"enemies":"Snecko","floor":20,"turns":7},{"damage":27,"enemies":"3 Cultists","floor":24,"turns":6},{"damage":14,"enemies":"Sentry and Sphere","floor":27,"turns":3}],"seed_played":"1471504637369235","potions_obtained":[{"floor":3,"key":"DistilledChaos"},{"floor":3,"key":"SkillPotion"},{"floor":4,"key":"Block Potion"},{"floor":11,"key":"Ancient Potion"},{"floor":12,"key":"DuplicationPotion"},{"floor":14,"key":"Fire Potion"},{"floor":20,"key":"PowerPotion"}],"is_trial":true,"path_per_floor":["M","M","?","M","$","R","E","R","T","?","M","E","R","M","R","B",null,"M","M","M","$","?","R","M","?","T","M"],"character_chosen":"IRONCLAD","items_purchased":["Impatience","Fruit Juice","Iron Wave","LiquidMemories"],"campfire_rested":0,"item_purchase_floors":[5,21,21,21],"current_hp_per_floor":[76,80,80,74,74,74,59,59,59,51,56,35,35,41,41,11,87,80,57,45,45,45,45,29,11,11,0,0],"gold":22,"neow_bonus":"","is_daily":false,"chose_seed":true,"campfire_upgraded":5,"win_rate":0.0,"timestamp":1608880855,"path_taken":["M","M","?","M","?","R","E","R","T","?","M","E","R","M","R","BOSS","M","M","M","$","?","R","M","?","T","M"],"items_purchased_type":["Card","Potion","Card","Potion"],"build_version":"2020-12-22","purchased_purges":1,"victory":false,"max_hp_per_floor":[80,80,80,80,80,80,80,80,80,87,87,87,87,87,87,87,87,87,87,87,87,87,87,92,97,97,97,97],"card_choices":[{"not_picked":["Infernal Blade","Anger"],"picked":"Perfected Strike","floor":1},{"not_picked":["Dark Embrace","Headbutt"],"picked":"Twin Strike","floor":2},{"not_picked":["Pommel Strike","Flame Barrier"],"picked":"Cleave","floor":4},{"not_picked":["Havoc","Bloodletting"],"picked":"Pommel Strike","floor":7},{"not_picked":["Shrug It Off","Cleave"],"picked":"True Grit","floor":10},{"not_picked":["Clothesline","Iron Wave","Flex"],"picked":"SKIP","floor":11},{"not_picked":["Double Tap","Cleave"],"picked":"Evolve+1","floor":12},{"not_picked":["Sword Boomerang","Thunderclap","Cleave"],"picked":"SKIP","floor":14},{"not_picked":["Second Wind+1","Reckless Charge","Wild Strike"],"picked":"SKIP","floor":18},{"not_picked":["Thunderclap+1","Flex+1"],"picked":"True Grit","floor":19},{"not_picked":["Body Slam","Dropkick","Havoc"],"picked":"SKIP","floor":20},{"not_picked":["Uppercut","Heavy Blade+1","Clash+1"],"picked":"SKIP","floor":24}],"player_experience":1099993,"relics_obtained":[{"floor":7,"key":"Frozen Egg 2"},{"floor":9,"key":"Red Skull"},{"floor":10,"key":"Strawberry"},{"floor":12,"key":"War Paint"},{"floor":26,"key":"The Courier"}],"event_choices":[{"damage_healed":0,"gold_gain":0,"player_choice":"Bought 2 Potions","damage_taken":0,"max_hp_gain":0,"max_hp_loss":0,"event_name":"The Woman in Blue","floor":3,"gold_loss":0},{"damage_healed":0,"gold_gain":30,"player_choice":"Searched \u00272\u0027 times","damage_taken":0,"max_hp_gain":0,"max_hp_loss":0,"event_name":"Dead Adventurer","floor":10,"gold_loss":0},{"damage_healed":0,"gold_gain":0,"player_choice":"Read","damage_taken":0,"max_hp_gain":0,"max_hp_loss":0,"event_name":"The Library","floor":22,"gold_loss":0,"cards_obtained":["Flame Barrier"]},{"damage_healed":0,"gold_gain":0,"player_choice":"Shed Blood","damage_taken":23,"max_hp_gain":5,"max_hp_loss":0,"event_name":"Forgotten Altar","floor":25,"gold_loss":0}],"is_beta":false,"boss_relics":[{"not_picked":["Ectoplasm","Runic Pyramid"],"picked":"Black Star"}],"items_purged_floors":[21],"is_endless":false,"potions_floor_spawned":[4,11,12,14,20],"killed_by":"Sentry and Sphere","ascension_level":0}}