{"host":"43ljbksi7ebmxfn8","time":1608898862,"event":{"mods":["Act Like it!","BaseMod","Gensokyo","Minty Spire (QoL Compilation)","MostiFishMod","Pale of the Ancients","Quick Restart","Shop Mod","Spicy Shops","StSLib","TestMod","篝火指南"],"gold_per_floor":[360,393,323,323,20,49,66,100,150,185,185,196,37,66,66,143,143,155,155,173,188,204,243,243,283,362,362,395,419,419,419,419,510,510,539,559,1789,1789,1789,3042,1839,962,962,1362,1992,1443,2066,2098,859,884,1515,1541,1541,564,140,179,34,59,59,64],"floor_reached":61,"playtime":2658,"items_purged":["Strike_B","Defend_B"],"score":2860,"play_id":"e420f487-feab-4e85-bfe8-62f70fb225db","local_time":"20201225202102","is_ascension_mode":true,"campfire_choices":[{"data":"Skim","floor":15.0,"key":"SMITH"},{"floor":24.0,"key":"RECALL"},{"data":"White Noise","floor":32.0,"key":"SMITH"}],"circlet_count":0,"master_deck":["AscendersBane","MostiFishMod:ActiveDefenseSystem","Heatsinks+1","Skim+1","MostiFishMod:Prepare+1","MostiFishMod:Overload+1","White Noise+1","Gensokyo:ShootingStar","MostiFishMod:DeathFromBelow","MostiFishMod:MusicBox+1","Panacea","testmod-TemporaryDeletion+1","Violence","testmod-Wormhole","Storm+1"],"relics":["Cracked Core","GuanYuAspect","testmod-GiftOfSatan","SynthV:TestCard","Kunai","testmod-TestBox","MerchantsRug","Frozen Egg 2","testmod-IndustrialRevolution","BirthdayGift-Icosahedron","testmod-RealStoneCalender","testmod-DeterminationOfClimber","testmod-Fortitude","Vajra","Eternal Feather","Bag of Preparation","Gensokyo:RedStar","Gensokyo:DualWield","Mummified Hand","PrismaticShard","testmod-ArcanaOfDestiny","Lantern","Gambling Chip","Toolbox","HandDrill","Akabeko","Toy Ornithopter","Runic Capacitor","DollysMirror","OrangePellets","Technique","Art of War","Thread and Needle","paleoftheancients:Timepiece","paleoftheancients:KeyRelic","Oddly Smooth Stone","Gremlin Horn","paleoftheancients:SoulOfTheWokeBloke","ClockworkSouvenir","testmod-AssaultLearning","testmod-BalancedPeriapt","Strawberry","Dodecahedron","Membership Card","Cables","Bag of Marbles","Sundial","ImprovedEquipment","Happy Flower","Medical Kit","Pen Nib"],"acts_visited":["Exordium","Gensokyo:Gensokyo","Gensokyo:Gensokyoer","Gensokyo:Gensokyoest"],"potions_floor_usage":[],"damage_taken":[{"damage":3.0,"enemies":"Gensokyo:Gryphon","floor":1.0,"turns":2.0},{"damage":15.0,"enemies":"Gensokyo:Mamizou","floor":2.0,"turns":5.0},{"damage":16.0,"enemies":"Gensokyo:Aya","floor":6.0,"turns":4.0},{"damage":0.0,"enemies":"Gensokyo:2_Kodama","floor":7.0,"turns":1.0},{"damage":14.0,"enemies":"Gensokyo:Mamizou","floor":8.0,"turns":4.0},{"damage":12.0,"enemies":"Gensokyo:Cirno","floor":10.0,"turns":5.0},{"damage":17.0,"enemies":"Gensokyo:3_Fairies","floor":12.0,"turns":3.0},{"damage":0.0,"enemies":"Gensokyo:Aya","floor":14.0,"turns":3.0},{"damage":0.0,"enemies":"Gensokyo:Reimu","floor":16.0,"turns":2.0},{"damage":0.0,"enemies":"Gensokyo:3_Dogs","floor":18.0,"turns":1.0},{"damage":0.0,"enemies":"Gensokyo:Chomper","floor":20.0,"turns":2.0},{"damage":0.0,"enemies":"Gensokyo:Monolith_and_Dog","floor":21.0,"turns":2.0},{"damage":7.0,"enemies":"Gensokyo:Mirror_and_Dog","floor":22.0,"turns":2.0},{"damage":0.0,"enemies":"Gensokyo:Reisen","floor":23.0,"turns":1.0},{"damage":0.0,"enemies":"Gensokyo:Tenshi","floor":25.0,"turns":2.0},{"damage":0.0,"enemies":"Gensokyo:Koishi","floor":28.0,"turns":1.0},{"damage":0.0,"enemies":"Gensokyo:Swordslinger","floor":29.0,"turns":2.0},{"damage":0.0,"enemies":"Gensokyo:Eternal_Rivals","floor":33.0,"turns":1.0},{"damage":0,"enemies":"Gensokyo:AncientGuardian","floor":35,"turns":1},{"damage":0,"enemies":"Gensokyo:3_Bats","floor":36,"turns":1},{"damage":0,"enemies":"Gensokyo:Dusk_and_Dawn","floor":37,"turns":1},{"damage":0,"enemies":"Gensokyo:Kasen","floor":40,"turns":1},{"damage":0,"enemies":"Gensokyo:Rafflesia","floor":45,"turns":1},{"damage":0,"enemies":"Gensokyo:AtlasGolem","floor":47,"turns":1},{"damage":0,"enemies":"Gensokyo:Sharpion","floor":48,"turns":1},{"damage":0,"enemies":"Gensokyo:Scarlet_Devils","floor":50,"turns":1},{"damage":0,"enemies":"Gensokyo:Scarlet_Devils","floor":51,"turns":2},{"damage":0,"enemies":"Gensokyo:Scarlet_Devils","floor":52,"turns":1},{"damage":28,"enemies":"Gensokyo:Scarlet_Devils","floor":56,"turns":4},{"damage":0,"enemies":"paleoftheancients:N","floor":60,"turns":3}],"seed_played":"-3609542106059569204","potions_obtained":[{"floor":1.0,"key":"Explosive Potion"},{"floor":7.0,"key":"Energy Potion"},{"floor":10.0,"key":"Strength Potion"},{"floor":18.0,"key":"testmod-EscapePotion"},{"floor":45,"key":"EssenceOfDarkness"}],"is_trial":false,"path_per_floor":["M","?","?","?","$","E","M","E","T","E","?","M","COS","E","R","B",null,"M","?","M","M","M","E","R","E","T","?","E","M","?","?","R","B",null,"M","M","M","?","?","E","R","$","T","?","M","COS","M","M","R","B","M","M","?","$","R","M","R","T","?","B",null],"character_chosen":"DEFECT","items_purchased":["MerchantsRug","PrismaticShard","testmod-ArcanaOfDestiny","Boot","Old Coin","Lantern","testmod-FightingIntention+1","Static Discharge+1","Darkness","testmod-LimitFlipper","Gambling Chip","MostiFishMod:MusicBox+1","Toolbox","HandDrill","Akabeko","Static Discharge+1","OrangePellets","Technique","War Paint","Art of War","Thread and Needle","Blood Vial","testmod-TreasureHunter","ClockworkSouvenir","testmod-AssaultLearning","testmod-BalancedPeriapt","Strawberry","Dodecahedron","testmod-TemporaryDeletion+1","Violence","Membership Card","testmod-Wormhole","Cables","Bag of Marbles","Sundial","ImprovedEquipment","Happy Flower","Medical Kit"],"campfire_rested":0,"item_purchase_floors":[5,41,41,41,41,41,41,41,41,41,42,42,42,42,42,42,49,49,49,49,49,49,49,54,54,54,54,54,54,54,55,55,55,55,57,57,57,57],"current_hp_per_floor":[37,31,31,31,31,35,39,34,34,46,25,18,18,36,36,65,65,65,59,59,64,63,64,64,64,64,57,57,57,57,57,57,44,49,57,57,57,57,43,57,57,57,57,57,57,57,57,51,56,57,57,57,57,57,57,57,57,57,57,57],"gold":64,"neow_bonus":"TWO_FIFTY_GOLD","is_daily":false,"chose_seed":false,"campfire_upgraded":2,"win_rate":0.0,"timestamp":1608898862,"path_taken":["M","?","?","?","$","E","M","E","T","E","?","M","COS","E","R","BOSS","M","?","M","M","?","E","R","E","T","?","E","M","?","?","R","BOSS","M","M","M","?","?","E","R","$","T","?","?","COS","M","M","R","BOSS","M","M","?","$","R","M","R","T","?","BOSS"],"items_purchased_type":["Relic","Relic","Relic","Relic","Relic","Relic","Card","Card","Card","Card","Relic","Card","Relic","Relic","Relic","Card","Relic","Relic","Relic","Relic","Relic","Relic","Card","Relic","Relic","Relic","Relic","Relic","Card","Card","Relic","Card","Relic","Relic","Relic","Relic","Relic","Relic"],"build_version":"2020-12-22","purchased_purges":2,"victory":true,"max_hp_per_floor":[41,41,41,41,41,46,46,46,46,46,60,60,60,65,65,65,65,65,59,59,64,64,64,64,64,64,57,57,57,57,57,57,57,57,57,57,57,57,57,57,57,57,57,57,57,57,57,57,57,57,57,57,57,57,57,57,57,57,57,57],"card_choices":[{"not_picked":["Reinforced Body","Go for the Eyes","Steam Power"],"picked":"SKIP","floor":1.0},{"not_picked":["Streamline","Compile Driver","Rebound","Consume","Go for the Eyes"],"picked":"SKIP","floor":2.0},{"not_picked":["Barrage","Stack","Sweeping Beam","Core Surge"],"picked":"MostiFishMod:ActiveDefenseSystem","floor":6.0},{"not_picked":["Steam","Barrage","Beam Cell","Hologram","Redo"],"picked":"SKIP","floor":7.0},{"not_picked":["Ball Lightning","Tempest","Rebound","Steam"],"picked":"Defragment+1","floor":8.0},{"not_picked":["Static Discharge+1","Compile Driver","MostiFishMod:IceShield","Genetic Algorithm"],"picked":"Heatsinks+1","floor":10.0},{"not_picked":["Turbo","Cold Snap","Conserve Battery","Ball Lightning","Stack"],"picked":"SKIP","floor":12.0},{"not_picked":["Turbo","MostiFishMod:Culaccino","Hologram","Go for the Eyes"],"picked":"Skim","floor":14.0},{"not_picked":["MostiFishMod:IntelligentEquipment+1","Creative AI+1","Electrodynamics+1","Meteor Strike"],"picked":"MostiFishMod:Prepare+1","floor":16.0},{"not_picked":["Tempest+1","Chaos","Cold Snap","Hologram","MostiFishMod:PushDownKick"],"picked":"SKIP","floor":18.0},{"not_picked":["Sunder","Barrage","Static Discharge+1","MostiFishMod:GatherIntelligence","Redo"],"picked":"SKIP","floor":20.0},{"not_picked":["Reinforced Body+1","Rebound","Ball Lightning+1","Cold Snap","Melter"],"picked":"SKIP","floor":21.0},{"not_picked":["Cold Snap","Fusion","Rebound+1","Redo"],"picked":"MostiFishMod:Overload","floor":22.0},{"not_picked":["Rebound","Steam","Conserve Battery","Skim"],"picked":"White Noise","floor":23.0},{"not_picked":["Stack+1","Undo","MostiFishMod:ReprogramOld","Glacier","Doom and Gloom"],"picked":"SKIP","floor":25.0},{"not_picked":["Gensokyo:TekeTeke","Gensokyo:MissMary","Gensokyo:EightFeetTall","Gensokyo:LittleGreenMen"],"picked":"Gensokyo:SpontaneousHumanCombustion+1","floor":27.0},{"not_picked":["Rip and Tear","Lockon","Cold Snap","Redo","Sunder"],"picked":"SKIP","floor":28.0},{"not_picked":["Fusion","Redo","Turbo","Compile Driver","Go for the Eyes+1"],"picked":"SKIP","floor":29.0},{"not_picked":[],"picked":"Gensokyo:ShootingStar","floor":33.0},{"not_picked":["Hyperbeam","MostiFishMod:Hijack","MostiFishMod:IceShield","Echo Form+1"],"picked":"MostiFishMod:DeathFromBelow","floor":33.0},{"not_picked":["Ball Lightning","Steam","Leap","Go for the Eyes"],"picked":"Undo+1","floor":35},{"not_picked":["Go for the Eyes+1","Conserve Battery+1","Beam Cell","Tempest","Steam"],"picked":"SKIP","floor":36},{"not_picked":["Beam Cell+1","Go for the Eyes","Rip and Tear+1","Redo+1"],"picked":"MostiFishMod:LinkProtocol","floor":37},{"not_picked":["MostiFishMod:Nova","Machine Learning+1","Lockon","Recycle"],"picked":"MostiFishMod:DeathFromBelow","floor":40},{"not_picked":["Recycle","FlyingSleeves","Cloak And Dagger","Cleave+1"],"picked":"Warcry","floor":45},{"not_picked":["Thunderclap+1","Hologram","testmod-Librarian","WindmillStrike","Accuracy+1"],"picked":"SKIP","floor":47},{"not_picked":["Blizzard+1","True Grit","ThirdEye","FlyingSleeves+1"],"picked":"testmod-Automaton","floor":48},{"not_picked":["Protect","MostiFishMod:BrandingRite","Go for the Eyes","Capacitor+1"],"picked":"Panacea","floor":51},{"not_picked":["Stack","Flame Barrier","Setup","MostiFishMod:ThornCasing+1","Cold Snap"],"picked":"SKIP","floor":52},{"not_picked":["Prepared","ClearTheMind","Warcry+1","Deflect"],"picked":"Storm+1","floor":56}],"player_experience":363397,"relics_obtained":[{"floor":1.0,"key":"SynthV:TestCard"},{"floor":2.0,"key":"Kunai"},{"floor":6.0,"key":"testmod-OneHitWonder"},{"floor":8.0,"key":"Frozen Egg 2"},{"floor":10.0,"key":"testmod-IndustrialRevolution"},{"floor":14.0,"key":"testmod-RealStoneCalender"},{"floor":23.0,"key":"Pantograph"},{"floor":25.0,"key":"Vajra"},{"floor":26.0,"key":"Eternal Feather"},{"floor":28.0,"key":"Bag of Preparation"},{"floor":40,"key":"MawBank"},{"floor":43,"key":"Toy Ornithopter"},{"floor":51,"key":"paleoftheancients:SoulOfTheWokeBloke"},{"floor":58,"key":"Pen Nib"}],"event_choices":[{"damage_healed":0.0,"max_hp_gain":0.0,"max_hp_loss":0.0,"gold_gain":0.0,"event_name":"给自己的盒子","player_choice":"Swap Relic","floor":4.0,"relics_lost":["testmod-TestBox"],"gold_loss":0.0,"damage_taken":0.0,"relics_obtained":["testmod-TestBox"]},{"damage_healed":0,"gold_gain":400,"player_choice":"Sell","damage_taken":0,"max_hp_gain":0,"max_hp_loss":0,"event_name":"恩洛斯的盘子","floor":44,"relics_lost":["DaveBox"],"gold_loss":0},{"cards_removed":["MostiFishMod:MusicBox"],"damage_healed":0,"gold_gain":0,"player_choice":"Purged","damage_taken":0,"max_hp_gain":0,"max_hp_loss":0,"event_name":"Purifier","floor":53,"gold_loss":0}],"is_beta":false,"boss_relics":[{"not_picked":["ExusiaiGun","Snecko Eye"],"picked":"testmod-DeterminationOfClimber"},{"not_picked":["Inserter","TimeKeys"],"picked":"testmod-KeyOfTheVoid"}],"items_purged_floors":[5,5],"is_endless":false,"potions_floor_spawned":[1,7,10,14,16,18,22,25,36,45],"ascension_level":15}}