{"host":"0lnx88jdgcrh6gmr","time":1608871477,"event":{"mods":["2.2 Compatiblity","AchievementEnabler","BaseMod","Beaked The Cultist","Better Note","Better Skull","Better Third Choice","Block Reminder","Colored Map","Displayed Cursed Tome","Glutton Mod","Googly Eyes","Hermit","Highlight Path","Minty Spire (QoL Compilation)","Rare Cards Sparkle","Relic Stats","Shade Mod","Spicy Shops","StSLib","The Construct","The Cursed","The Disciple","The Mystic","The Servant 0.9.4","Unceasing Turn Reminder","everything is the same but u backflip on backflip","slay the spire mod where everything is the same but ironclad has a cowboy hat"],"gold_per_floor":[15,15,29,29,29,29,48,48,74,88,98,111,111,122,122,220,220,202,202,218,228,228,228,228,238,238,256,266,282,282,282],"floor_reached":30,"playtime":1189,"items_purged":[],"score":253,"play_id":"5f0b48f7-a7f0-4cfd-967e-54fab5d7739f","local_time":"20201224214437","is_ascension_mode":false,"campfire_choices":[{"data":"Bash","floor":6.0,"key":"SMITH"},{"data":"Iron Wave","floor":8.0,"key":"SMITH"},{"floor":13.0,"key":"RECALL"},{"data":"Clothesline","floor":15.0,"key":"SMITH"},{"floor":24,"key":"REST"}],"circlet_count":0,"master_deck":["Strike_R","Strike_R","Strike_R","Strike_R","Strike_R","Defend_R","Defend_R","Defend_R","Defend_R","Bash+1","Clothesline+1","Iron Wave+1","Clash","Pommel Strike","Headbutt","Impervious","Cleave","BootSequence","J.A.X.","Infernal Blade+1"],"relics":["Black Blood","Lantern","Nilry\u0027s Codex"],"acts_visited":["Exordium","TheCity"],"potions_floor_usage":[],"damage_taken":[{"damage":3.0,"enemies":"Small Slimes","floor":1.0,"turns":3.0},{"damage":4.0,"enemies":"Cultist","floor":3.0,"turns":3.0},{"damage":6.0,"enemies":"Jaw Worm","floor":7.0,"turns":4.0},{"damage":13.0,"enemies":"Exordium Wildlife","floor":10.0,"turns":6.0},{"damage":9.0,"enemies":"Large Slime","floor":11.0,"turns":6.0},{"damage":0.0,"enemies":"Looter","floor":12.0,"turns":2.0},{"damage":3.0,"enemies":"2 Fungi Beasts","floor":14.0,"turns":3.0},{"damage":68.0,"enemies":"The Guardian","floor":16.0,"turns":13.0},{"damage":18,"enemies":"2 Thieves","floor":18,"turns":4},{"damage":4,"enemies":"Shell Parasite","floor":20,"turns":5},{"damage":23,"enemies":"Snake Plant","floor":21,"turns":5},{"damage":14,"enemies":"Snecko","floor":25,"turns":4},{"damage":15,"enemies":"Centurion and Healer","floor":27,"turns":5},{"damage":14,"enemies":"Snake Plant","floor":28,"turns":3},{"damage":33,"enemies":"Cultist and Chosen","floor":29,"turns":5},{"damage":73,"enemies":"Slavers","floor":30,"turns":5}],"seed_played":"8266070566296699138","potions_obtained":[{"floor":3.0,"key":"ElixirPotion"},{"floor":11.0,"key":"SpeedPotion"},{"floor":14.0,"key":"construct:ShiftPotion"},{"floor":27,"key":"Strength Potion"},{"floor":28,"key":"LiquidBronze"}],"is_trial":false,"path_per_floor":["M","?","M","$","?","R","M","R","T","M","M","M","R","M","R","B",null,"M","?","M","M","?","?","R","M","T","M","M","M","E"],"character_chosen":"IRONCLAD","items_purchased":[],"campfire_rested":1,"item_purchase_floors":[],"current_hp_per_floor":[96,96,96,96,96,96,96,96,96,89,86,92,92,95,95,33,96,90,90,96,85,69,69,96,94,94,91,89,68,0,0],"gold":282,"neow_bonus":"TWENTY_PERCENT_HP_BONUS","is_daily":false,"chose_seed":false,"campfire_upgraded":3,"win_rate":0.0,"timestamp":1608871477,"path_taken":["M","?","M","$","?","R","M","R","T","M","?","M","R","M","R","BOSS","M","?","M","M","?","?","R","M","T","?","M","M","E"],"items_purchased_type":[],"build_version":"2020-12-22","purchased_purges":0,"victory":false,"max_hp_per_floor":[96,96,96,96,96,96,96,96,96,96,96,96,96,96,96,96,96,96,96,96,96,96,96,96,96,96,96,96,96,96,96],"relic_stats":{"counters":[16,76],"Black Blood":125,"obtain_stats":[{"Lantern":9,"Nilry\u0027s Codex":22,"Black Blood":17,"Burning Blood":0},{"Lantern":3,"Nilry\u0027s Codex":11,"Black Blood":8,"Burning Blood":0},{"Lantern":10,"Nilry\u0027s Codex":54,"Black Blood":40,"Burning Blood":0}]},"card_choices":[{"not_picked":["Sword Boomerang","Combust"],"picked":"Clothesline","floor":1.0},{"not_picked":["Clothesline","Thunderclap"],"picked":"Pummel","floor":3.0},{"not_picked":["Dual Wield","Havoc"],"picked":"Iron Wave","floor":7.0},{"not_picked":["Whirlwind","Body Slam"],"picked":"Clash","floor":10.0},{"not_picked":["Metallicize","Brutality"],"picked":"Pommel Strike","floor":11.0},{"not_picked":["Dark Embrace","Sever Soul","Wild Strike"],"picked":"SKIP","floor":12.0},{"not_picked":["Carnage","Heavy Blade"],"picked":"Headbutt","floor":14.0},{"not_picked":["Barricade","Immolate"],"picked":"Impervious","floor":16.0},{"not_picked":["Headbutt","Shockwave"],"picked":"Cleave","floor":18},{"not_picked":["True Grit","Wild Strike","Headbutt"],"picked":"SKIP","floor":20},{"not_picked":["Cleave","Body Slam","Clothesline+1"],"picked":"SKIP","floor":21},{"not_picked":["Armaments","Headbutt+1"],"picked":"Infernal Blade+1","floor":25},{"not_picked":["Seeing Red+1","Iron Wave","Pummel"],"picked":"SKIP","floor":27},{"not_picked":["Limit Break","Spot Weakness","Rupture"],"picked":"SKIP","floor":28},{"not_picked":["Hemokinesis","Clash","Seeing Red"],"picked":"SKIP","floor":29}],"player_experience":205537,"relics_obtained":[{"floor":9.0,"key":"Lantern"}],"event_choices":[{"damage_healed":0.0,"max_hp_gain":0.0,"max_hp_loss":0.0,"gold_gain":0.0,"event_name":"Golden Idol","player_choice":"Ignored","floor":2.0,"gold_loss":0.0,"damage_taken":0.0},{"cards_removed":["Pummel"],"damage_healed":0.0,"max_hp_gain":0.0,"max_hp_loss":0.0,"gold_gain":0.0,"event_name":"Bonfire Elementals","player_choice":"Offered Uncommon","floor":5.0,"gold_loss":0.0,"damage_taken":0.0},{"cards_removed":["Impervious"],"damage_healed":0,"gold_gain":0,"player_choice":"Take \u0026 Give","damage_taken":0,"max_hp_gain":0,"max_hp_loss":0,"event_name":"betterNote:BetterNote","floor":19,"gold_loss":0,"cards_obtained":["BootSequence"]},{"damage_healed":0,"gold_gain":0,"player_choice":"Obtained Book","damage_taken":16,"max_hp_gain":0,"max_hp_loss":0,"event_name":"Cursed Tome","floor":22,"gold_loss":0},{"damage_healed":0,"gold_gain":0,"player_choice":"Obtain J.A.X.","damage_taken":0,"max_hp_gain":0,"max_hp_loss":0,"event_name":"Drug Dealer","floor":23,"gold_loss":0,"cards_obtained":["J.A.X."]}],"is_beta":false,"boss_relics":[{"not_picked":["Astrolabe","Busted Crown"],"picked":"Black Blood"}],"items_purged_floors":[],"is_endless":false,"potions_floor_spawned":[3,11,14,25,27,28],"killed_by":"Slavers","ascension_level":0}}