{"host":"w0w6jcqjdtkzk2bw","time":1608887963,"event":{"mods":["2.2 Compatiblity","AchievementEnabler","Aspiration","BaseMod","BetterRewards","Colored Map","Colored Powertips","Conspire","DeckTracker","Downfall","Energized Spire","Friendly Minions","Hermit","Highlight Path","Hubris","Infinite Spire","Marisa????????","Minty Spire (QoL Compilation)","Permanent Neow","Quick Restart","Replay The Spire","Shade Mod","StSLib","Synergy Search","Td1madao Mod","The Administrix","The Disciple","The Druid","The Gatherer","The Runesmith","The Spell Scribe","TheFirefly","TheSwordswoman"],"gold_per_floor":[111,211,222,237,309,335,335,368,368,403,289,289,94,106,106,211,211,230,230,243,243,137,168,120,120,120,154,167,201,220,251,251,356,356,370,340,356,369,369,396,396,427,427,427,443,455,465,483,483,483,483,483,29,56,56],"floor_reached":56,"playtime":4987,"items_purged":[],"score":1648,"play_id":"87b1bca7-91ac-4d76-a4b7-f4b2d0972346","local_time":"20201225041923","is_ascension_mode":true,"campfire_choices":[{"data":"Shade:SpectralStrikes","floor":7,"key":"SMITH"},{"data":"Shade:Carnophage","floor":12,"key":"SMITH"},{"data":"Shade:Doomsay","floor":15,"key":"SMITH"},{"data":"Shade:AuraOfUnlife","floor":25,"key":"SMITH"},{"floor":32,"key":"RECALL"},{"floor":41,"key":"REST"},{"data":"AdministrixMod:MixOfMercury","floor":49,"key":"SMITH"},{"data":"thefirefly:Regeneration","floor":52,"key":"SMITH"}],"circlet_count":0,"master_deck":["Shade:Strike_Shade","Shade:Strike_Shade","Shade:Strike_Shade","Shade:Strike_Shade","Shade:Defend_Shade","Shade:Defend_Shade","Shade:Defend_Shade","Shade:Defend_Shade","Shade:AnimateDead","Shade:CarefulCut","Shade:AuraOfUnlife+1","Shade:Excise","Shade:FleshToFlesh","Shade:SoulToxin","Shade:Bonestorm","Shade:SpectralStrikes+1","Shade:FeralStrike","Shade:OminousRitual","Shade:ClawBack","Shade:Carnophage+1","Shade:Doomsay+1","Shade:StitchTogether","Shade:SpectralStrikes+1","Shade:FeralStrike","Shade:Coordination","Shade:RitualOffering","Shade:ScuttlingHand","Shade:FleshOffering","Shade:ExtraLimbs","Shade:SpectralStrikes","Shade:SpectralStrikes","Shade:ExtraLimbs","Hologram+1","thefirefly:IonizedBarrier","infinitespire:Collect","Rebound+1","thefirefly:Regeneration+1","TalkToTheHand+1","Replay:Cycle+1","Gatherer:Frenzy+1","AdministrixMod:MixOfMercury+1","Shade:Carnophage","Shade:RitualOffering","Shade:DangerousRitual","Shade:FleshToFlesh","WatchCommand+1"],"relics":["Shade:YorickSkull","Blood Vial","FossilizedHelix","aspiration:HiddenCompartment","CaptainsWheel","aspiration:Lifesprig","hubris:SphereOfDissonance","conspire:Flyswatter","DollysMirror","ChewingGum","PrismaticShard","TungstenRod","infinitespire:Satchel","Potion Belt","Peace Pipe","infinitespire:CheckeredPen","Velvet Choker","Bottled Flame","hubris:FruitBowl","aspiration:KaomsHeart"],"acts_visited":["Exordium","TheCity","TheBeyond","TheEnding"],"potions_floor_usage":[6,10,20,29,42,46,50,53,54,55,55,55],"damage_taken":[{"damage":0,"enemies":"Jaw Worm","floor":1,"turns":4},{"damage":0,"enemies":"Cultist","floor":3,"turns":4},{"damage":0,"enemies":"Small Slimes","floor":4,"turns":4},{"damage":4,"enemies":"3 Sentries","floor":6,"turns":5},{"damage":0,"enemies":"Lagavulin","floor":8,"turns":7},{"damage":0,"enemies":"Gremlin Nob","floor":10,"turns":3},{"damage":0,"enemies":"3 Louse","floor":14,"turns":2},{"damage":0,"enemies":"Fading Forest","floor":16,"turns":11},{"damage":0,"enemies":"Spheric Guardian","floor":18,"turns":3},{"damage":0,"enemies":"conspire:FuzzyDice","floor":20,"turns":3},{"damage":9,"enemies":"Gremlin Leader","floor":23,"turns":3},{"damage":2,"enemies":"Slavers","floor":27,"turns":3},{"damage":5,"enemies":"Cultist and Chosen","floor":28,"turns":3},{"damage":10,"enemies":"Gremlin Leader","floor":29,"turns":3},{"damage":0,"enemies":"Snecko","floor":30,"turns":3},{"damage":5,"enemies":"Nightmare","floor":31,"turns":6},{"damage":0,"enemies":"conspire:MysteriousRune","floor":33,"turns":4},{"damage":0,"enemies":"Orb Walker","floor":35,"turns":2},{"damage":0,"enemies":"3 Shapes","floor":37,"turns":2},{"damage":0,"enemies":"Spire Growth","floor":38,"turns":3},{"damage":0,"enemies":"Nemesis","floor":40,"turns":5},{"damage":0,"enemies":"Reptomancer","floor":42,"turns":3},{"damage":26,"enemies":"3 Darklings","floor":45,"turns":3},{"damage":0,"enemies":"Transient","floor":46,"turns":5},{"damage":8,"enemies":"4 Shapes","floor":47,"turns":3},{"damage":0,"enemies":"3 Darklings","floor":48,"turns":3},{"damage":7,"enemies":"hubris:GrandSnecko","floor":50,"turns":9},{"damage":46,"enemies":"Shield and Spear","floor":54,"turns":5},{"damage":62,"enemies":"The Heart","floor":55,"turns":8}],"seed_played":"-1333271385794763760","potions_obtained":[{"floor":1,"key":"Flashbang"},{"floor":3,"key":"Fire Potion"},{"floor":5,"key":"Doom Potion"},{"floor":8,"key":"infinitespire:BlackPotion"},{"floor":28,"key":"SpeedPotion"},{"floor":30,"key":"ColorlessPotion"},{"floor":33,"key":"conspire:TimeTravelPotion"},{"floor":36,"key":"Adrenaline Potion"},{"floor":36,"key":"Block Potion"},{"floor":40,"key":"Energy Potion"},{"floor":48,"key":"Venom Potion"}],"is_trial":false,"path_per_floor":["M","?","M","M","?","E","R","E","T","E","$","R","$","M","R","B",null,"M","?","M","?","$","E","$","R","T","E","M","E","M","NM","R","B",null,"M","?","M","M","$","E","R","E","T","T","M","M","M","M","R","B",null,"R","$","E","B",null],"character_chosen":"SHADE","items_purchased":["Blood Vial","Shade:AuraOfUnlife","Shade:Excise","Shade:Carnophage","Shade:Doomsay","Shade:StitchTogether","DollysMirror","Shade:ExtraLimbs","Shade:SpectralStrikes","Shade:ExtraLimbs","Bottled Flame","hubris:FruitBowl","aspiration:KaomsHeart","Shade:Carnophage","Shade:RitualOffering","Fruit Juice","ColorlessPotion","hexamod:EctoCoolerPotion","Shade:DangerousRitual","Shade:FleshToFlesh"],"campfire_rested":1,"item_purchase_floors":[0,0,0,11,11,13,13,22,22,24,39,39,39,53,53,53,53,53,53,53],"current_hp_per_floor":[60,60,62,64,48,46,46,48,48,50,50,50,50,52,52,61,65,65,65,65,57,57,50,50,50,50,50,47,39,41,45,45,54,65,65,65,65,65,157,166,215,215,215,215,189,191,185,187,187,189,215,215,222,183,133],"gold":56,"neow_bonus":"","is_daily":false,"chose_seed":false,"campfire_upgraded":6,"win_rate":0.0,"timestamp":1608887963,"path_taken":["M","?","M","?","?","E","R","E","T","E","$","R","$","M","R","BOSS","M","?","M","?","$","E","$","R","T","E","M","E","M","NM","R","BOSS","M","?","?","M","?","E","R","E","T","?","M","M","M","M","R","BOSS","R","$","E","BOSS"],"items_purchased_type":["Relic","Card","Card","Card","Card","Card","Relic","Card","Card","Card","Relic","Relic","Relic","Card","Card","Potion","Potion","Potion","Card","Card"],"build_version":"2020-12-22","purchased_purges":0,"victory":true,"max_hp_per_floor":[65,65,65,65,65,65,65,65,65,65,65,65,65,65,65,65,65,65,65,65,65,65,65,65,65,65,65,65,65,65,65,65,65,65,65,65,65,65,215,215,215,215,215,215,215,215,215,215,215,215,215,215,222,222,222],"card_choices":[{"not_picked":["Shade:GraveStillness","Shade:Premonition"],"picked":"Shade:FleshToFlesh","floor":1},{"not_picked":["Shade:AncientSpear","Shade:WallOfFlesh"],"picked":"Shade:SoulToxin","floor":3},{"not_picked":["Shade:SkeletonArmy","Shade:SoulToxin"],"picked":"Shade:Bonestorm","floor":4},{"not_picked":["Shade:CommandSoldier","Shade:Trample"],"picked":"Shade:SpectralStrikes","floor":5},{"not_picked":["Shade:SanguineRitual","Shade:WallOfFlesh"],"picked":"Shade:FeralStrike","floor":6},{"not_picked":["Shade:FingerOfDeath","Shade:PotionOfRestlessness"],"picked":"Shade:OminousRitual","floor":8},{"not_picked":["Shade:Trample","Shade:GreyBargain"],"picked":"Shade:ClawBack","floor":10},{"not_picked":["Shade:Bonestorm","Shade:DarkOfNight"],"picked":"Shade:FeralStrike","floor":14},{"not_picked":["Shade:DarkOfNight","Shade:OminousRitual"],"picked":"Shade:Coordination","floor":16},{"not_picked":["Shade:GreyBargain","Shade:SensePrey"],"picked":"Shade:RitualOffering","floor":18},{"not_picked":["Shade:BoneShards","Shade:SanguineRitual"],"picked":"Shade:ScuttlingHand","floor":20},{"not_picked":["Shade:CommandSoldier","Shade:FleshToFlesh"],"picked":"Shade:FleshOffering","floor":21},{"not_picked":["MillisecondPulsars","hermit:Misfire+1","Leg Sweep"],"picked":"SKIP","floor":23},{"not_picked":["FollowUp+1","Backflip","Hello World+1"],"picked":"SKIP","floor":27},{"not_picked":["hubris:Ukulele","Hello World+1","theScribe:RecklessResponse"],"picked":"SKIP","floor":28},{"not_picked":["Runesmith:Repurpose","Slimebound:GrowthPunch"],"picked":"Hologram+1","floor":29},{"not_picked":["theDruid:TwilightsCall","sneckomod:SoulExchange"],"picked":"thefirefly:IonizedBarrier","floor":30},{"not_picked":["infinitespire:Punishment","infinitespire:Execution"],"picked":"infinitespire:Collect","floor":31},{"not_picked":["sneckomod:SoulDraw","hexamod:InspiringFlames"],"picked":"Rebound+1","floor":31},{"not_picked":["Shade:Coordination","Violence"],"picked":"thefirefly:Regeneration","floor":33},{"not_picked":["theDruid:BagofTricks+1","Wild Strike"],"picked":"TalkToTheHand+1","floor":35},{"not_picked":["Slimebound:LeechingTouch+1","hermit:Manifest","Slimebound:Repurpose+1"],"picked":"SKIP","floor":37},{"not_picked":["Runesmith:WhiteBalance+1","Gatherer:Duality+1","AdministrixMod:XianArts+1"],"picked":"SKIP","floor":38},{"not_picked":["UnstableBomb","champ:GutPunch"],"picked":"Replay:Cycle+1","floor":40},{"not_picked":["Rainbow","Havoc","Awareness"],"picked":"SKIP","floor":42},{"not_picked":["champ:FlashCut+1","sneckomod:UnknownCommonAttack","Thunderclap"],"picked":"SKIP","floor":45},{"not_picked":["Acceleration+1","theScribe:ArcaneBarrier"],"picked":"Gatherer:Frenzy+1","floor":46},{"not_picked":["hermit:CalledShot","champ:HeavySlash"],"picked":"AdministrixMod:MixOfMercury","floor":47},{"not_picked":["Ball Lightning","AdministrixMod:Untouchable+1","theDruid:Swipe+1"],"picked":"SKIP","floor":48},{"not_picked":["Shade:SkeletonHug+1","AdministrixMod:Transition"],"picked":"WatchCommand+1","floor":54}],"player_experience":408517,"relics_obtained":[{"floor":5,"key":"aspiration:HiddenCompartment"},{"floor":6,"key":"CaptainsWheel"},{"floor":8,"key":"aspiration:Lifesprig"},{"floor":9,"key":"hubris:SphereOfDissonance"},{"floor":10,"key":"conspire:Flyswatter"},{"floor":21,"key":"PrismaticShard"},{"floor":23,"key":"TungstenRod"},{"floor":26,"key":"infinitespire:Satchel"},{"floor":27,"key":"Potion Belt"},{"floor":29,"key":"Peace Pipe"},{"floor":31,"key":"infinitespire:CheckeredPen"},{"floor":40,"key":"aspiration:KMNothing"},{"floor":42,"key":"aspiration:KMNothing"},{"floor":44,"key":"aspiration:KMNothing"}],"event_choices":[{"damage_healed":0,"gold_gain":100,"player_choice":"Pray","damage_taken":0,"max_hp_gain":0,"max_hp_loss":0,"event_name":"Golden Shrine","floor":2,"gold_loss":0},{"damage_healed":0,"gold_gain":0,"player_choice":"Bought 2 Potions","damage_taken":0,"max_hp_gain":0,"max_hp_loss":0,"event_name":"The Woman in Blue","floor":36,"gold_loss":0}],"is_beta":false,"boss_relics":[{"not_picked":["aspiration:SecretTechniqueScroll","Philosopher\u0027s Stone"],"picked":"ChewingGum"},{"not_picked":["infinitespire:Cupcake","Runesmith:UraniumAnvil"],"picked":"Velvet Choker"}],"items_purged_floors":[],"is_endless":false,"potions_floor_spawned":[1,3,8,28,30,33,37,38,40,48],"ascension_level":2}}