{"host":"qxeepl7ydvsgmfdb","time":1608906566,"event":{"mods":["AchievementEnabler","BaseMod","Colored Powertips","Minty Spire (QoL Compilation)","Quick Restart","slay the spire mod where everything is the same but ironclad has a cowboy hat"],"gold_per_floor":[109,123,123,198,68,100,118,118,145,171,171,20,33,43,43,145,145,159,194,194,194,95,121,134,154,181,181,193,193,193,218,218,323,323,336,383,383,395,617,617,222,222,222,182,37,37,54,54,54,54,54],"floor_reached":50,"playtime":1568,"items_purged":["Strike_G+1"],"score":670,"play_id":"f1617d4b-f31b-46ce-973b-4caae103312e","local_time":"20201225092926","is_ascension_mode":true,"campfire_choices":[{"data":"Noxious Fumes","floor":8.0,"key":"SMITH"},{"data":"Cloak And Dagger","floor":15.0,"key":"SMITH"},{"floor":32.0,"key":"REST"},{"floor":40,"key":"REST"},{"data":"1","floor":46,"key":"LIFT"},{"data":"Tools of the Trade","floor":49,"key":"SMITH"}],"circlet_count":0,"master_deck":["Strike_G+1","Strike_G+1","Strike_G+1","Strike_G+1","Defend_G+1","Defend_G+1","Defend_G+1","Defend_G+1","Defend_G+1","Survivor","Neutralize+1","All Out Attack+1","Blade Dance","Noxious Fumes+1","Slice+1","Blade Dance","Cloak And Dagger+1","Acrobatics","Blade Dance","Tools of the Trade+1","Dagger Throw+1","Cloak And Dagger","Poisoned Stab+1","After Image+1","Deadly Poison"],"relics":["Ring of the Snake","NeowsBlessing","Bag of Marbles","MealTicket","Omamori","PreservedInsect","HoveringKite","Red Mask","Nunchaku","Bronze Scales","Tiny Chest","MutagenicStrength","Whetstone","Calling Bell","Boot","Shuriken","Girya","Shovel","Orichalcum","HornCleat","Kunai","Lee\u0027s Waffle"],"acts_visited":["Exordium","TheCity","TheBeyond"],"potions_floor_usage":[47,48],"damage_taken":[{"damage":0.0,"enemies":"Jaw Worm","floor":1.0,"turns":1.0},{"damage":0.0,"enemies":"Small Slimes","floor":2.0,"turns":1.0},{"damage":0.0,"enemies":"Gremlin Nob","floor":6.0,"turns":1.0},{"damage":0.0,"enemies":"Cultist","floor":7.0,"turns":1.0},{"damage":0.0,"enemies":"3 Sentries","floor":10.0,"turns":2.0},{"damage":0.0,"enemies":"2 Fungi Beasts","floor":13.0,"turns":1.0},{"damage":9.0,"enemies":"Large Slime","floor":14.0,"turns":4.0},{"damage":49.0,"enemies":"The Guardian","floor":16.0,"turns":13.0},{"damage":22.0,"enemies":"Spheric Guardian","floor":18.0,"turns":4.0},{"damage":0.0,"enemies":"Masked Bandits","floor":19.0,"turns":3.0},{"damage":30.0,"enemies":"Gremlin Leader","floor":23.0,"turns":3.0},{"damage":17.0,"enemies":"Shell Parasite","floor":24.0,"turns":5.0},{"damage":0.0,"enemies":"Cultist and Chosen","floor":25.0,"turns":4.0},{"damage":2.0,"enemies":"Centurion and Healer","floor":28.0,"turns":4.0},{"damage":44.0,"enemies":"Collector","floor":33.0,"turns":5.0},{"damage":27.0,"enemies":"3 Darklings","floor":35.0,"turns":3.0},{"damage":9.0,"enemies":"2 Orb Walkers","floor":36.0,"turns":4.0},{"damage":0,"enemies":"3 Shapes","floor":38,"turns":4},{"damage":0,"enemies":"Transient","floor":47,"turns":5},{"damage":0,"enemies":"Spire Growth","floor":48,"turns":1},{"damage":81,"enemies":"Time Eater","floor":50,"turns":10}],"seed_played":"-4761924944568410580","potions_obtained":[{"floor":1.0,"key":"SkillPotion"},{"floor":2.0,"key":"EntropicBrew"},{"floor":7.0,"key":"GamblersBrew"},{"floor":13.0,"key":"Swift Potion"},{"floor":14.0,"key":"Regen Potion"},{"floor":18.0,"key":"Explosive Potion"},{"floor":24.0,"key":"Block Potion"},{"floor":25.0,"key":"Regen Potion"},{"floor":28.0,"key":"LiquidMemories"}],"is_trial":false,"path_per_floor":["M","M","?","?","$","E","M","R","T","E","?","$","M","M","R","B",null,"M","?","?","?","$","E","M","M","T","T","M","?","?","T","R","B",null,"M","?","?","M","?","R","$","T","T","?","$","R","M","M","R","B"],"character_chosen":"THE_SILENT","items_purchased":["Noxious Fumes","Slice","PreservedInsect","PowerPotion","SkillPotion","Orichalcum","SmokeBomb","DuplicationPotion","Lee\u0027s Waffle"],"campfire_rested":2,"item_purchase_floors":[5,5,12,22,22,41,41,41,45],"current_hp_per_floor":[70,70,56,45,45,45,45,45,45,45,45,60,60,51,51,16,57,35,35,35,35,50,20,3,3,3,3,1,1,24,24,45,16,57,30,21,39,39,39,60,70,70,70,70,77,77,77,77,77,0,0],"gold":54,"neow_bonus":"THREE_ENEMY_KILL","is_daily":false,"chose_seed":false,"campfire_upgraded":3,"win_rate":0.0,"timestamp":1608906566,"path_taken":["M","M","?","?","$","E","M","R","T","E","?","$","?","M","R","BOSS","M","?","?","?","$","E","M","M","T","?","?","?","?","?","R","BOSS","M","?","?","M","?","R","$","?","T","?","$","R","?","M","R","BOSS"],"items_purchased_type":["Card","Card","Relic","Potion","Potion","Relic","Potion","Potion","Relic"],"build_version":"2020-12-22","purchased_purges":1,"victory":false,"max_hp_per_floor":[70,70,70,70,70,70,70,70,70,70,70,70,70,70,70,70,70,70,70,70,70,70,70,70,70,70,70,70,70,70,70,70,70,70,70,70,70,70,70,70,70,70,70,70,77,77,77,77,77,77,77],"card_choices":[{"not_picked":["Expertise","Underhanded Strike"],"picked":"All Out Attack","floor":1.0},{"not_picked":["Backflip","Underhanded Strike"],"picked":"Blade Dance","floor":2.0},{"not_picked":["Finisher","Well Laid Plans"],"picked":"Blade Dance","floor":6.0},{"not_picked":["Underhanded Strike","Bouncing Flask","Sucker Punch"],"picked":"SKIP","floor":7.0},{"not_picked":["Flying Knee","Bouncing Flask"],"picked":"Cloak And Dagger","floor":10.0},{"not_picked":["Malaise","Flying Knee"],"picked":"Acrobatics","floor":13.0},{"not_picked":["Well Laid Plans","Dagger Throw"],"picked":"Blade Dance","floor":14.0},{"not_picked":["Unload","Malaise"],"picked":"Tools of the Trade","floor":16.0},{"not_picked":["Predator","Underhanded Strike"],"picked":"Dagger Throw+1","floor":18.0},{"not_picked":["Dagger Spray","Outmaneuver"],"picked":"Cloak And Dagger","floor":19.0},{"not_picked":["Endless Agony","Wraith Form v2","PiercingWail"],"picked":"SKIP","floor":23.0},{"not_picked":["Bane","Sucker Punch"],"picked":"Poisoned Stab+1","floor":24.0},{"not_picked":["Masterful Stab","PiercingWail","Bane"],"picked":"SKIP","floor":25.0},{"not_picked":["Bouncing Flask","Cloak And Dagger","Sucker Punch"],"picked":"SKIP","floor":28.0},{"not_picked":["Night Terror","Envenom"],"picked":"After Image","floor":33.0},{"not_picked":["Bane+1","Prepared+1","Dodge and Roll"],"picked":"SKIP","floor":35.0},{"not_picked":["Dagger Throw+1","Cloak And Dagger+1","Accuracy"],"picked":"SKIP","floor":38},{"not_picked":["All Out Attack","Phantasmal Killer"],"picked":"Deadly Poison","floor":47}],"player_experience":376488,"relics_obtained":[{"floor":6.0,"key":"Bag of Marbles"},{"floor":9.0,"key":"MealTicket"},{"floor":10.0,"key":"Omamori"},{"floor":19.0,"key":"Red Mask"},{"floor":23.0,"key":"Nunchaku"},{"floor":26.0,"key":"Bronze Scales"},{"floor":27.0,"key":"Tiny Chest"},{"floor":31.0,"key":"Whetstone"},{"floor":34.0,"key":"Boot"},{"floor":34.0,"key":"Shuriken"},{"floor":34.0,"key":"Girya"},{"floor":36.0,"key":"Shovel"},{"floor":42,"key":"HornCleat"},{"floor":43,"key":"Kunai"}],"event_choices":[{"damage_healed":0.0,"max_hp_gain":0.0,"max_hp_loss":0.0,"gold_gain":0.0,"event_name":"Shining Light","player_choice":"Entered Light","floor":3.0,"gold_loss":0.0,"damage_taken":14.0,"cards_upgraded":["Defend_G","All Out Attack"]},{"damage_healed":0.0,"max_hp_gain":0.0,"max_hp_loss":0.0,"gold_gain":75.0,"event_name":"World of Goop","player_choice":"Gather Gold","floor":4.0,"gold_loss":0.0,"damage_taken":11.0},{"damage_healed":0.0,"max_hp_gain":0.0,"max_hp_loss":0.0,"gold_gain":0.0,"event_name":"Match and Keep!","player_choice":"0 cards matched","floor":11.0,"gold_loss":0.0,"damage_taken":0.0,"cards_obtained":[]},{"damage_healed":0.0,"max_hp_gain":0.0,"max_hp_loss":0.0,"gold_gain":0.0,"event_name":"Masked Bandits","player_choice":"Fought Bandits","floor":19.0,"gold_loss":0.0,"damage_taken":0.0},{"damage_healed":0.0,"max_hp_gain":0.0,"max_hp_loss":0.0,"gold_gain":0.0,"event_name":"Back to Basics","player_choice":"Simplicity","floor":20.0,"gold_loss":0.0,"damage_taken":0.0,"cards_upgraded":["Strike_G","Strike_G","Strike_G","Strike_G","Strike_G","Defend_G","Defend_G","Defend_G","Defend_G"]},{"damage_healed":0.0,"max_hp_gain":0.0,"max_hp_loss":0.0,"gold_gain":0.0,"event_name":"Ghosts","player_choice":"Ignored","floor":21.0,"gold_loss":0.0,"damage_taken":0.0},{"damage_healed":0.0,"max_hp_gain":0.0,"max_hp_loss":0.0,"gold_gain":0.0,"event_name":"Drug Dealer","player_choice":"Inject Mutagens","floor":29.0,"gold_loss":0.0,"damage_taken":0.0,"relics_obtained":["MutagenicStrength"]},{"damage_healed":23.0,"max_hp_gain":0.0,"max_hp_loss":0.0,"gold_gain":0.0,"event_name":"The Library","player_choice":"Heal","floor":30.0,"gold_loss":0.0,"damage_taken":0.0},{"damage_healed":0.0,"max_hp_gain":0.0,"max_hp_loss":0.0,"gold_gain":0.0,"event_name":"Mysterious Sphere","player_choice":"Fight","floor":36.0,"gold_loss":0.0,"damage_taken":0.0},{"damage_healed":18.0,"max_hp_gain":0.0,"max_hp_loss":0.0,"gold_gain":0.0,"event_name":"Winding Halls","player_choice":"Writhe","floor":37.0,"gold_loss":0.0,"damage_taken":0.0,"cards_obtained":["Writhe"]},{"damage_healed":0,"gold_gain":222,"player_choice":"Wore Mask","damage_taken":0,"max_hp_gain":0,"max_hp_loss":0,"event_name":"Tomb of Lord Red Mask","floor":39,"gold_loss":0},{"damage_healed":0,"gold_gain":0,"player_choice":"Upgrade","damage_taken":0,"max_hp_gain":0,"max_hp_loss":0,"event_name":"Designer","floor":44,"gold_loss":40,"cards_upgraded":["After Image"]}],"is_beta":false,"boss_relics":[{"not_picked":["Pandora\u0027s Box","Coffee Dripper"],"picked":"HoveringKite"},{"not_picked":["Tiny House","Fusion Hammer"],"picked":"Calling Bell"}],"items_purged_floors":[41],"is_endless":false,"potions_floor_spawned":[1,2,7,13,14,18,24,25,28,48],"killed_by":"Time Eater","ascension_level":5}}