{"host":"4nqeo0vu1vuav7gg","time":1608908789,"event":{"mods":["AchievementEnabler","BaseMod","Block Reminder","Colored Map","Colored Powertips","Highlight Path","Minty Spire (QoL Compilation)","Quick Restart","Rare Cards Sparkle","Relic Relevance Reorder","StSLib"],"gold_per_floor":[114,289,289,306,0,0,35,48,48,75,94,127,0,11,11,108,108,123,133,34,45,45,45,45],"floor_reached":23,"playtime":862,"items_purged":["Doubt"],"score":354,"play_id":"19b3f1ce-8cb0-4a77-bf23-e7dca8448711","local_time":"20201225160629","is_ascension_mode":true,"campfire_choices":[{"data":"Inflame","floor":6.0,"key":"SMITH"},{"data":"Heavy Blade","floor":15.0,"key":"SMITH"}],"circlet_count":0,"master_deck":["AscendersBane","Strike_R","Strike_R","Strike_R","Strike_R","Defend_R","Defend_R","Defend_R","Defend_R","Bash","Iron Wave","Rage","Twin Strike","Inflame+1","Cleave","Rage","Immolate","Dark Embrace","Headbutt","Reaper","Dark Embrace+1","Armaments","Heavy Blade+1","Barricade+1","Feel No Pain+1","Thunderclap","Ghostly Armor","Sword Boomerang","Rage+1"],"relics":["Burning Blood","Pen Nib","Toy Ornithopter","NeowsBlessing","Bag of Marbles","Black Star","Frozen Egg 2","Juzu Bracelet","Matryoshka"],"acts_visited":["Exordium","TheCity"],"potions_floor_usage":[23],"damage_taken":[{"damage":0.0,"enemies":"Jaw Worm","floor":1.0,"turns":1.0},{"damage":0.0,"enemies":"Small Slimes","floor":4.0,"turns":1.0},{"damage":0.0,"enemies":"3 Sentries","floor":7.0,"turns":2.0},{"damage":0.0,"enemies":"Cultist","floor":8.0,"turns":3.0},{"damage":8.0,"enemies":"Gremlin Nob","floor":10.0,"turns":3.0},{"damage":11.0,"enemies":"Red Slaver","floor":11.0,"turns":4.0},{"damage":16.0,"enemies":"Lagavulin","floor":12.0,"turns":7.0},{"damage":0.0,"enemies":"3 Louse","floor":14.0,"turns":1.0},{"damage":12.0,"enemies":"Slime Boss","floor":16.0,"turns":6.0},{"damage":16.0,"enemies":"2 Thieves","floor":18.0,"turns":3.0},{"damage":23.0,"enemies":"3 Byrds","floor":19.0,"turns":4.0},{"damage":61.0,"enemies":"Snake Plant","floor":21.0,"turns":6.0},{"damage":19,"enemies":"Book of Stabbing","floor":23,"turns":2}],"seed_played":"-4994579830416964842","potions_obtained":[{"floor":7.0,"key":"SteroidPotion"},{"floor":10.0,"key":"LiquidMemories"},{"floor":11.0,"key":"HeartOfIron"},{"floor":16.0,"key":"ElixirPotion"},{"floor":18.0,"key":"LiquidBronze"},{"floor":21.0,"key":"Block Potion"}],"is_trial":false,"path_per_floor":["M","?","?","M","$","R","E","M","T","E","M","E","$","M","R","B",null,"M","M","$","M","?","E"],"character_chosen":"IRONCLAD","items_purchased":["Inflame","Cleave","Juzu Bracelet","Rage","Armaments","Ghostly Armor","Sword Boomerang"],"campfire_rested":0,"item_purchase_floors":[5,5,5,5,13,20,20],"current_hp_per_floor":[78,78,78,80,80,80,80,80,80,78,73,68,68,74,74,80,80,70,62,62,13,13,0,0],"gold":45,"neow_bonus":"THREE_ENEMY_KILL","is_daily":false,"chose_seed":false,"campfire_upgraded":2,"win_rate":0.0,"timestamp":1608908789,"path_taken":["M","?","?","?","$","R","E","M","T","E","M","E","?","M","R","BOSS","M","M","$","M","?","E"],"items_purchased_type":["Card","Card","Relic","Card","Card","Card","Card"],"build_version":"2020-12-22","purchased_purges":1,"victory":false,"max_hp_per_floor":[80,80,80,80,80,80,80,80,80,80,80,80,80,80,80,80,80,80,80,80,80,80,80,80],"card_choices":[{"not_picked":["Clash","Havoc"],"picked":"Iron Wave","floor":1.0},{"not_picked":["Seeing Red","Warcry"],"picked":"Twin Strike","floor":4.0},{"not_picked":["True Grit","Twin Strike"],"picked":"Immolate","floor":7.0},{"not_picked":["Cleave","Twin Strike"],"picked":"Dark Embrace","floor":8.0},{"not_picked":["Body Slam","Entrench"],"picked":"Headbutt","floor":10.0},{"not_picked":["Clash","Disarm"],"picked":"Reaper","floor":11.0},{"not_picked":["Burning Pact","True Grit"],"picked":"Dark Embrace+1","floor":12.0},{"not_picked":["Body Slam","Warcry"],"picked":"Heavy Blade","floor":14.0},{"not_picked":["Double Tap","Limit Break"],"picked":"Barricade+1","floor":16.0},{"not_picked":["Anger+1","Headbutt"],"picked":"Feel No Pain+1","floor":18.0},{"not_picked":["Pommel Strike","Cleave"],"picked":"Thunderclap","floor":19.0},{"not_picked":["Feel No Pain+1","Flex+1"],"picked":"Rage+1","floor":21.0}],"player_experience":1004135,"relics_obtained":[{"floor":7.0,"key":"Matryoshka"},{"floor":9.0,"key":"Toy Ornithopter"},{"floor":9.0,"key":"Frozen Egg 2"},{"floor":10.0,"key":"Pen Nib"},{"floor":12.0,"key":"Bag of Marbles"}],"event_choices":[{"damage_healed":0.0,"max_hp_gain":0.0,"max_hp_loss":0.0,"gold_gain":175.0,"event_name":"Liars Game","player_choice":"AGREE","floor":2.0,"gold_loss":0.0,"damage_taken":0.0,"cards_obtained":["Doubt"]},{"damage_healed":0.0,"max_hp_gain":0.0,"max_hp_loss":0.0,"gold_gain":0.0,"cards_transformed":["Strike_R"],"event_name":"Transmorgrifier","player_choice":"Transformed","floor":3.0,"gold_loss":0.0,"damage_taken":0.0,"cards_obtained":["Rage"]},{"damage_healed":0.0,"max_hp_gain":0.0,"max_hp_loss":0.0,"gold_gain":0.0,"event_name":"Cursed Tome","player_choice":"Ignored","floor":22.0,"gold_loss":0.0,"damage_taken":0.0}],"is_beta":false,"boss_relics":[{"not_picked":["Runic Cube","Astrolabe"],"picked":"Black Star"}],"items_purged_floors":[13],"is_endless":false,"potions_floor_spawned":[7,10,11,16,18,21],"killed_by":"Book of Stabbing","ascension_level":10}}