{"host":"baymyijz6sxaqj5s","time":1608892498,"event":{"mods":["AchievementEnabler","BaseMod","Colored Map","Colored Powertips","DeckTracker","KOR Keyword Fix","Keyboard Shortcuts","Minty Spire (QoL Compilation)","Quick Restart","StSLib","SuperFastMode"],"gold_per_floor":[109,121,141,141,141,141,158,187,257,285,56,56,56,76,76,76,76],"floor_reached":16,"playtime":502,"items_purged":[],"score":110,"play_id":"74f5777b-4f4d-4d3d-bb51-8fc2eb9b795f","local_time":"20201225193458","is_ascension_mode":true,"campfire_choices":[{"data":"Armaments","floor":6,"key":"SMITH"},{"floor":12,"key":"REST"},{"data":"Inflame","floor":15,"key":"SMITH"}],"circlet_count":0,"master_deck":["Strike_R","Strike_R","Strike_R","Strike_R","Defend_R","Defend_R","Defend_R","Defend_R","Bash","Shrug It Off","Armaments+1","Inflame+1","Battle Trance","Double Tap","Ghostly Armor"],"relics":["Burning Blood","Odd Mushroom","Ornamental Fan","Bag of Marbles","Vajra"],"acts_visited":["Exordium"],"potions_floor_usage":[8,8,16],"damage_taken":[{"damage":6,"enemies":"Jaw Worm","floor":1,"turns":5},{"damage":0,"enemies":"2 Louse","floor":2,"turns":3},{"damage":1,"enemies":"Cultist","floor":3,"turns":3},{"damage":9,"enemies":"Exordium Wildlife","floor":7,"turns":6},{"damage":10,"enemies":"The Mushroom Lair","floor":8,"turns":3},{"damage":33,"enemies":"3 Sentries","floor":10,"turns":12},{"damage":10,"enemies":"Lots of Slimes","floor":14,"turns":5},{"damage":81,"enemies":"Slime Boss","floor":16,"turns":11}],"seed_played":"2995219841880450651","potions_obtained":[{"floor":2,"key":"Fire Potion"},{"floor":7,"key":"Explosive Potion"},{"floor":14,"key":"ElixirPotion"}],"is_trial":false,"path_per_floor":["M","M","M","?","$","R","M","?","T","E","$","R","?","M","R","B"],"character_chosen":"IRONCLAD","items_purchased":["Double Tap","Vajra"],"campfire_rested":1,"item_purchase_floors":[11,11],"current_hp_per_floor":[88,88,88,88,88,88,85,81,81,54,54,80,80,76,76,0,0],"gold":76,"neow_bonus":"TEN_PERCENT_HP_BONUS","is_daily":false,"chose_seed":false,"campfire_upgraded":2,"win_rate":0.0,"timestamp":1608892498,"path_taken":["M","M","M","?","$","R","M","?","T","E","$","R","?","M","R","BOSS"],"items_purchased_type":["Card","Relic"],"build_version":"2020-12-22","purchased_purges":0,"victory":false,"max_hp_per_floor":[88,88,88,88,88,88,88,88,88,88,88,88,88,88,88,88,88],"card_choices":[{"not_picked":["Anger","Dropkick","Headbutt"],"picked":"SKIP","floor":1},{"not_picked":["Evolve","Spot Weakness"],"picked":"Shrug It Off","floor":2},{"not_picked":["Whirlwind","Feel No Pain"],"picked":"Armaments","floor":3},{"not_picked":["Pommel Strike","Clothesline"],"picked":"Inflame","floor":7},{"not_picked":["Cleave","Headbutt","Battle Trance"],"picked":"SKIP","floor":10},{"not_picked":["Cleave","Headbutt"],"picked":"Battle Trance","floor":10},{"not_picked":["Thunderclap","Burning Pact"],"picked":"Ghostly Armor","floor":14}],"player_experience":243439,"relics_obtained":[{"floor":8,"key":"Odd Mushroom"},{"floor":9,"key":"Ornamental Fan"},{"floor":10,"key":"Bag of Marbles"}],"event_choices":[{"damage_healed":0,"gold_gain":0,"player_choice":"Ignored","damage_taken":0,"max_hp_gain":0,"max_hp_loss":0,"event_name":"Liars Game","floor":4,"gold_loss":0},{"damage_healed":0,"gold_gain":0,"player_choice":"Fought Mushrooms","damage_taken":0,"max_hp_gain":0,"max_hp_loss":0,"event_name":"Mushrooms","floor":8,"gold_loss":0},{"cards_removed":["Strike_R"],"damage_healed":0,"gold_gain":0,"player_choice":"Offered Basic","damage_taken":0,"max_hp_gain":0,"max_hp_loss":0,"event_name":"Bonfire Elementals","floor":13,"gold_loss":0}],"is_beta":false,"boss_relics":[],"items_purged_floors":[],"is_endless":false,"potions_floor_spawned":[2,7,14],"killed_by":"Slime Boss","ascension_level":2}}