{"host":"xkmvu47k9fdstweo","time":1608940288,"event":{"mods":["BaseMod","Colored Map","Conspire","Hubris","Minty Spire (QoL Compilation)","Quick Restart","Railgun Mod","Shop Mod","StSLib","The Alterego","The Servant 0.9.4","The Wild Card","TheBandit","WarShipGirlsR/??è≠èóR mod","vexMod"],"gold_per_floor":[111,124,25,25,43,43,69,69,116,148,148,181,181,181,181,286,286,305,305,417,121,121,121,38,38,61,94,94,122,82,100,100,196,196,316,39,56,69,69,69,123,123,150,150,150,178,53,63,63,63],"floor_reached":51,"playtime":1364,"items_purged":["Strike_S","hubris:Disease"],"score":945,"play_id":"46947f42-0f0e-47db-8dd7-d3ed693a7b64","local_time":"20201225185128","is_ascension_mode":true,"campfire_choices":[{"data":"SilverBlades","floor":6.0,"key":"SMITH"},{"data":"SurpressingFire","floor":8.0,"key":"SMITH"},{"data":"KidneyShot","floor":11.0,"key":"SMITH"},{"floor":15.0,"key":"REST"},{"data":"Sunlight","floor":23.0,"key":"SMITH"},{"data":"TrueSight","floor":28.0,"key":"SMITH"},{"floor":32.0,"key":"REST"},{"data":"ForgedInTime","floor":40,"key":"SMITH"},{"data":"SilverBlades","floor":42,"key":"SMITH"},{"data":"Luminosity","floor":44,"key":"SMITH"},{"data":"Panacea","floor":49,"key":"SMITH"}],"circlet_count":0,"master_deck":["Strike_S","Strike_S+1","Defend_S","Defend_S","Defend_S","Defend_S","KidneyShot+1","Exchange","GearUp","SilverBlades+1","SurpressingFire+1","Starlight","Ricochet","Moonlight","FanOfKnives","KillingDoll+1","KidneyShot","Sunlight+1","Orbit","SilverBlades+1","conspire:Banana","TrueSight+1","Dilation+1","BottledTime+1","ForgedInTime+1","Luminosity+1","Misdirection+1","Rearm","hubris:Lust","Panacea+1","Rearm+1"],"relics":["Uniform","Strawberry","Gremlin Horn","Juzu Bracelet","Boot","Broom","Bottled Tornado","hubris:Icosahedron","MysterySword","alterego_mod:FleetingLove","Membership Card","Whetstone","Regal Pillow","Mummified Hand","Du-Vu Doll","Cursed Key","Nunchaku","Pear","Medical Kit","Bag of Preparation","vexMod:BarristanHead","Blood Vial","Bag of Marbles"],"acts_visited":["Exordium","TheCity","TheBeyond"],"potions_floor_usage":[38,48,50],"damage_taken":[{"damage":2.0,"enemies":"Cultist","floor":1.0,"turns":5.0},{"damage":0.0,"enemies":"Jaw Worm","floor":2.0,"turns":5.0},{"damage":7.0,"enemies":"Small Slimes","floor":5.0,"turns":4.0},{"damage":3.0,"enemies":"Gremlin Nob","floor":7.0,"turns":4.0},{"damage":6.0,"enemies":"3 Sentries","floor":10.0,"turns":5.0},{"damage":16.0,"enemies":"Gremlin Nob","floor":12.0,"turns":3.0},{"damage":10.0,"enemies":"Hexaghost","floor":16.0,"turns":7.0},{"damage":22.0,"enemies":"2 Thieves","floor":18.0,"turns":3.0},{"damage":12.0,"enemies":"Shell Parasite","floor":20.0,"turns":4.0},{"damage":0.0,"enemies":"Gremlin Leader","floor":27.0,"turns":4.0},{"damage":15.0,"enemies":"Book of Stabbing","floor":29.0,"turns":4.0},{"damage":13.0,"enemies":"conspire:HollyBat","floor":31.0,"turns":7.0},{"damage":10.0,"enemies":"Champ","floor":33.0,"turns":8.0},{"damage":17.0,"enemies":"3 Shapes","floor":35.0,"turns":3.0},{"damage":3.0,"enemies":"Orb Walker","floor":37.0,"turns":3.0},{"damage":0,"enemies":"3 Darklings","floor":38,"turns":2},{"damage":0,"enemies":"Giant Head","floor":46,"turns":5},{"damage":6,"enemies":"Maw","floor":48,"turns":5},{"damage":15,"enemies":"hubris:GrandSnecko","floor":50,"turns":8}],"seed_played":"7520252573704867732","potions_obtained":[{"floor":1.0,"key":"EssenceOfSteel"},{"floor":5.0,"key":"Explosive Potion"},{"floor":20.0,"key":"Weak Potion"},{"floor":27.0,"key":"SteroidPotion"},{"floor":35.0,"key":"Swift Potion"},{"floor":46,"key":"AttackPotion"},{"floor":48,"key":"Ancient Potion"}],"is_trial":false,"path_per_floor":["M","M","$","T","M","R","E","R","T","E","R","E","?","?","R","B",null,"M","?","M","$","?","R","$","?","T","E","R","E","?","M","R","B",null,"M","$","M","M","?","R","T","R","T","R","?","E","$","M","R","B",null],"character_chosen":"THE_SERVANT","items_purchased":["SurpressingFire","Starlight","Membership Card","Whetstone","Orbit","SilverBlades","conspire:Banana","Nunchaku","Pear","Medical Kit","Bag of Marbles"],"campfire_rested":2,"item_purchase_floors":[3,3,21,21,21,24,24,36,36,36,47],"current_hp_per_floor":[70,70,70,70,63,63,60,60,60,54,54,38,38,38,59,49,72,50,50,38,38,38,38,38,45,45,46,46,32,32,20,57,48,76,60,70,67,67,67,67,67,67,67,67,67,68,68,65,65,52],"gold":63,"neow_bonus":"RANDOM_COMMON_RELIC","is_daily":false,"chose_seed":false,"campfire_upgraded":9,"win_rate":0.0,"timestamp":1608940288,"path_taken":["M","M","$","?","M","R","E","R","T","E","R","E","?","?","R","BOSS","M","?","M","$","?","R","$","?","T","E","R","E","?","M","R","BOSS","M","$","M","M","?","R","?","R","T","R","?","E","$","M","R","BOSS"],"items_purchased_type":["Card","Card","Relic","Relic","Card","Card","Card","Relic","Relic","Relic","Relic"],"build_version":"2020-12-22","purchased_purges":2,"victory":true,"max_hp_per_floor":[72,72,72,72,72,72,72,72,72,72,72,72,72,72,72,72,72,72,72,72,72,72,72,72,72,72,73,73,74,74,75,75,76,76,77,87,87,87,87,87,87,87,87,87,87,88,88,89,89,89],"card_choices":[{"not_picked":["BottledTime","Alleviate"],"picked":"GearUp","floor":1.0},{"not_picked":["Rearm","Unruled"],"picked":"SilverBlades","floor":2.0},{"not_picked":["TimeWarp","Luminosity"],"picked":"Ricochet","floor":5.0},{"not_picked":["Potential","ShatteredReality"],"picked":"Moonlight","floor":7.0},{"not_picked":["SilverBlades","StarChef"],"picked":"FanOfKnives","floor":10.0},{"not_picked":["TimeWarp","Sabotage"],"picked":"KillingDoll","floor":12.0},{"not_picked":["KillingDoll","Solidify"],"picked":"Sunlight","floor":16.0},{"not_picked":["Replace","DoubleEdge","Starlight"],"picked":"SKIP","floor":18.0},{"not_picked":["Desolation+1","Deadline","Starlight"],"picked":"SKIP","floor":20.0},{"not_picked":["Ricochet+1","BottledTime"],"picked":"TrueSight","floor":27.0},{"not_picked":["TimeTheft+1","Rearm"],"picked":"Dilation","floor":29.0},{"not_picked":["TimeWarp","Barrier"],"picked":"BottledTime+1","floor":31.0},{"not_picked":["Sunlight","PendulumOfEternity"],"picked":"ForgedInTime","floor":33.0},{"not_picked":["Spin","Starlight+1"],"picked":"Luminosity","floor":35.0},{"not_picked":["Alleviate","TimeWarp"],"picked":"Misdirection+1","floor":37},{"not_picked":["TimeWarp+1","TimeTheft+1"],"picked":"Rearm","floor":38},{"not_picked":["Apotheosis","conspire:Banana"],"picked":"Panacea","floor":45},{"not_picked":["Spin+1","Contraction"],"picked":"Rearm+1","floor":46},{"not_picked":["Ricochet+1","Unruled","ShatteredReality+1"],"picked":"SKIP","floor":48}],"player_experience":333505,"relics_obtained":[{"floor":4.0,"key":"Gremlin Horn"},{"floor":7.0,"key":"Juzu Bracelet"},{"floor":9.0,"key":"Boot"},{"floor":10.0,"key":"Broom"},{"floor":12.0,"key":"Bottled Tornado"},{"floor":26.0,"key":"Regal Pillow"},{"floor":27.0,"key":"Mummified Hand"},{"floor":29.0,"key":"Du-Vu Doll"},{"floor":41,"key":"Bag of Preparation"},{"floor":43,"key":"vexMod:BarristanHead"},{"floor":46,"key":"Blood Vial"}],"event_choices":[{"damage_healed":0.0,"max_hp_gain":0.0,"max_hp_loss":0.0,"gold_gain":0.0,"event_name":"Match and Keep!","player_choice":"1 cards matched","floor":14.0,"gold_loss":0.0,"damage_taken":0.0,"cards_obtained":["KidneyShot"]},{"damage_healed":0.0,"max_hp_gain":0.0,"max_hp_loss":0.0,"gold_gain":0.0,"event_name":"Secret Garden","player_choice":"Choice 1","floor":19.0,"gold_loss":0.0,"damage_taken":0.0,"relics_obtained":["alterego_mod:FleetingLove"]},{"damage_healed":0.0,"max_hp_gain":0.0,"max_hp_loss":0.0,"gold_gain":0.0,"event_name":"Beggar","player_choice":"Ignored","floor":22.0,"gold_loss":0.0,"damage_taken":0.0},{"damage_healed":0.0,"max_hp_gain":0.0,"max_hp_loss":0.0,"gold_gain":0.0,"event_name":"Designer","player_choice":"Upgrade","floor":30.0,"gold_loss":40.0,"damage_taken":0.0,"cards_upgraded":["Dilation"]},{"cards_removed":["Strike_S"],"damage_healed":0,"gold_gain":0,"player_choice":"Purged","damage_taken":0,"max_hp_gain":0,"max_hp_loss":0,"event_name":"Purifier","floor":39,"gold_loss":0},{"damage_healed":0,"gold_gain":0,"player_choice":"Memory 1","damage_taken":0,"max_hp_gain":0,"max_hp_loss":0,"event_name":"SensoryStone","floor":45,"gold_loss":0}],"is_beta":false,"boss_relics":[{"not_picked":["Astrolabe","Busted Crown"],"picked":"MysterySword"},{"not_picked":["vexMod:EndlessSickness","Runic Pyramid"],"picked":"Cursed Key"}],"items_purged_floors":[21,47],"is_endless":false,"potions_floor_spawned":[1,5,20,27,35,46,48],"ascension_level":4}}