{"host":"foq4mrde4mssg7vt","time":1608916957,"event":{"mods":["AchievementEnabler","BaseMod","Colored Map","Colored Powertips","Highlight Path","Minty Spire (QoL Compilation)","Relic Stats","everything is the same but u backflip on backflip"],"gold_per_floor":[217,367,385,401,104,135,135,150,223,223,248,248,276,296,296,369,369,381,21,33,83,99,99,142,162,162,174,174,99,99,136,136,222,222,232,232,40,60,94,122,143,186,198,229,241,241],"floor_reached":45,"playtime":2351,"items_purged":["Doubt","Judgement"],"score":1161,"play_id":"0d7a7f07-e8c7-42d6-88c5-ebc216b15586","local_time":"20201226012237","is_ascension_mode":true,"campfire_choices":[{"floor":10.0,"key":"REST"},{"data":"EmptyFist","floor":12.0,"key":"SMITH"},{"data":"Meditate","floor":15.0,"key":"SMITH"},{"floor":23.0,"key":"REST"},{"floor":30.0,"key":"REST"},{"data":"Eruption","floor":32.0,"key":"SMITH"}],"circlet_count":0,"master_deck":["AscendersBane","Strike_P+1","Strike_P+1","Strike_P+1","Defend_P+1","Defend_P+1","Defend_P+1","Eruption+1","Vigilance","Vengeance","CarveReality","FearNoEvil","FlurryOfBlows","FollowUp","ThirdEye+1","EmptyFist+1","Meditate+1","FlurryOfBlows","Adaptation","Tantrum","ClearTheMind+1","EmptyBody","Vault+1","LessonLearned","CutThroughFate","Shame"],"relics":["PureWater","Shovel","Yang","Orichalcum","Blue Candle","Cursed Key","Gremlin Horn","CeramicFish","Smiling Mask","Sozu","Bird Faced Urn","MawBank","White Beast Statue"],"acts_visited":["Exordium","TheCity","TheBeyond"],"potions_floor_usage":[],"damage_taken":[{"damage":0.0,"enemies":"Small Slimes","floor":1.0,"turns":2.0},{"damage":0.0,"enemies":"Cultist","floor":3.0,"turns":3.0},{"damage":9.0,"enemies":"Jaw Worm","floor":4.0,"turns":3.0},{"damage":32.0,"enemies":"Gremlin Nob","floor":6.0,"turns":3.0},{"damage":0.0,"enemies":"Blue Slaver","floor":8.0,"turns":2.0},{"damage":3.0,"enemies":"3 Sentries","floor":11.0,"turns":6.0},{"damage":0.0,"enemies":"Gremlin Nob","floor":13.0,"turns":2.0},{"damage":6.0,"enemies":"Large Slime","floor":14.0,"turns":4.0},{"damage":29.0,"enemies":"The Guardian","floor":16.0,"turns":12.0},{"damage":0.0,"enemies":"3 Byrds","floor":18.0,"turns":3.0},{"damage":12.0,"enemies":"2 Thieves","floor":20.0,"turns":4.0},{"damage":14.0,"enemies":"Snake Plant","floor":22.0,"turns":4.0},{"damage":18.0,"enemies":"Book of Stabbing","floor":24.0,"turns":4.0},{"damage":1.0,"enemies":"3 Cultists","floor":25.0,"turns":3.0},{"damage":4.0,"enemies":"Snecko","floor":27.0,"turns":3.0},{"damage":0.0,"enemies":"Gremlin Leader","floor":31.0,"turns":3.0},{"damage":18.0,"enemies":"Champ","floor":33.0,"turns":7.0},{"damage":7.0,"enemies":"3 Darklings","floor":35.0,"turns":3.0},{"damage":0.0,"enemies":"3 Shapes","floor":38.0,"turns":3.0},{"damage":15.0,"enemies":"Mind Bloom Boss Battle","floor":39.0,"turns":6.0},{"damage":1.0,"enemies":"Reptomancer","floor":40.0,"turns":5.0},{"damage":1.0,"enemies":"Giant Head","floor":42.0,"turns":7.0},{"damage":16.0,"enemies":"3 Darklings","floor":44.0,"turns":4.0},{"damage":42,"enemies":"Maw","floor":45,"turns":5}],"seed_played":"-4865005099607875655","potions_obtained":[{"floor":24.0,"key":"Regen Potion"}],"is_trial":false,"path_per_floor":["M","?","M","M","$","E","?","M","T","R","E","R","E","M","R","B",null,"M","$","M","?","M","R","E","M","T","M","?","?","R","E","R","B",null,"M","?","$","M","?","E","T","E","T","M","M"],"character_chosen":"WATCHER","items_purchased":["FlurryOfBlows","Block Potion","EntropicBrew","Adaptation","Gremlin Horn","LessonLearned"],"campfire_rested":3,"item_purchase_floors":[5,5,5,19,19,37],"current_hp_per_floor":[61,61,61,52,52,20,20,20,20,40,37,37,37,31,31,2,52,52,52,40,40,26,46,28,27,27,23,23,23,43,43,43,40,61,54,54,54,54,39,40,40,41,41,27,0,0],"gold":241,"neow_bonus":"HUNDRED_GOLD","is_daily":false,"chose_seed":false,"campfire_upgraded":3,"win_rate":0.0,"timestamp":1608916957,"path_taken":["M","?","M","M","$","E","?","M","T","R","E","R","E","M","R","BOSS","M","$","M","?","M","R","E","M","T","?","?","?","R","E","R","BOSS","M","?","$","M","?","E","?","E","T","M","M"],"items_purchased_type":["Card","Potion","Potion","Card","Relic","Card"],"build_version":"2020-12-22","purchased_purges":2,"victory":false,"max_hp_per_floor":[68,68,68,68,68,68,68,68,68,68,68,68,68,68,68,68,68,68,68,68,68,68,68,68,68,68,68,68,68,68,68,68,68,68,68,68,68,68,68,68,68,68,68,68,68,68],"relic_stats":{"Gremlin Horn":[15,15],"counters":[24,101],"Blue Candle":[2],"CeramicFish":54,"Yang":[381],"Orichalcum":[156],"Cursed Key":1,"Smiling Mask":50,"MawBank":60,"Sozu":4,"Shovel":0,"Bird Faced Urn":[8],"obtain_stats":[{"Gremlin Horn":19,"Blue Candle":13,"CeramicFish":24,"Yang":9,"Orichalcum":11,"Cursed Key":17,"Smiling Mask":31,"MawBank":40,"White Beast Statue":42,"Sozu":34,"Shovel":6,"Bird Faced Urn":39,"PureWater":0},{"Gremlin Horn":10,"Blue Candle":7,"CeramicFish":13,"Yang":5,"Orichalcum":6,"Cursed Key":9,"Smiling Mask":16,"MawBank":21,"White Beast Statue":22,"Sozu":17,"Shovel":4,"Bird Faced Urn":20,"PureWater":0},{"Gremlin Horn":40,"Blue Candle":21,"CeramicFish":52,"Yang":13,"Orichalcum":19,"Cursed Key":37,"Smiling Mask":61,"MawBank":85,"White Beast Statue":92,"Sozu":68,"Shovel":11,"Bird Faced Urn":80,"PureWater":0}]},"card_choices":[{"not_picked":["Crescendo","ClearTheMind"],"picked":"Vengeance","floor":1.0},{"not_picked":["Swivel","ThirdEye"],"picked":"CarveReality","floor":3.0},{"not_picked":["SashWhip","Prostrate"],"picked":"FearNoEvil","floor":4.0},{"not_picked":["Prostrate","EmptyBody"],"picked":"FollowUp","floor":6.0},{"not_picked":["FollowUp","Pray"],"picked":"ThirdEye","floor":8.0},{"not_picked":["InnerPeace","DeusExMachina"],"picked":"EmptyFist","floor":11.0},{"not_picked":["PathToVictory","Consecrate"],"picked":"Meditate","floor":13.0},{"not_picked":["Crescendo","Worship"],"picked":"FlurryOfBlows","floor":14.0},{"not_picked":["Alpha","Omniscience"],"picked":"Judgement","floor":16.0},{"not_picked":["Evaluate+1","Study","FollowUp"],"picked":"SKIP","floor":18.0},{"not_picked":["Meditate","JustLucky+1"],"picked":"Tantrum","floor":20.0},{"not_picked":["FlyingSleeves","Adaptation","Perseverance"],"picked":"SKIP","floor":22.0},{"not_picked":["Worship","Indignation"],"picked":"ClearTheMind","floor":24.0},{"not_picked":["Worship","Conclude","Meditate"],"picked":"SKIP","floor":25.0},{"not_picked":["Nirvana","SashWhip","JustLucky+1"],"picked":"SKIP","floor":27.0},{"not_picked":["LikeWater","CutThroughFate"],"picked":"EmptyBody","floor":31.0},{"not_picked":["Brilliance","Omniscience"],"picked":"Vault","floor":33.0},{"not_picked":["PathToVictory","ClearTheMind","Sanctity"],"picked":"SKIP","floor":35.0},{"not_picked":["Worship","PathToVictory","Halt"],"picked":"SKIP","floor":38.0},{"not_picked":["ClearTheMind","Protect+1"],"picked":"CutThroughFate","floor":39.0},{"not_picked":["CarveReality","FlurryOfBlows","ThirdEye+1"],"picked":"SKIP","floor":40.0},{"not_picked":["CarveReality","CutThroughFate","FollowUp"],"picked":"SKIP","floor":42.0},{"not_picked":["Indignation","EmptyFist","PathToVictory"],"picked":"SKIP","floor":44.0}],"player_experience":264851,"relics_obtained":[{"floor":6.0,"key":"Shovel"},{"floor":9.0,"key":"Yang"},{"floor":11.0,"key":"Orichalcum"},{"floor":13.0,"key":"Blue Candle"},{"floor":24.0,"key":"CeramicFish"},{"floor":31.0,"key":"Smiling Mask"},{"floor":39.0,"key":"Bird Faced Urn"},{"floor":40.0,"key":"MawBank"},{"floor":42.0,"key":"White Beast Statue"}],"event_choices":[{"damage_healed":0.0,"max_hp_gain":0.0,"max_hp_loss":0.0,"gold_gain":150.0,"event_name":"Liars Game","player_choice":"AGREE","floor":2.0,"gold_loss":0.0,"damage_taken":0.0,"cards_obtained":["Doubt"]},{"cards_removed":["Strike_P"],"damage_healed":0.0,"max_hp_gain":0.0,"max_hp_loss":0.0,"gold_gain":0.0,"event_name":"Purifier","player_choice":"Purged","floor":7.0,"gold_loss":0.0,"damage_taken":0.0},{"damage_healed":0.0,"max_hp_gain":0.0,"max_hp_loss":0.0,"gold_gain":50.0,"event_name":"Golden Shrine","player_choice":"Pray","floor":21.0,"gold_loss":0.0,"damage_taken":0.0},{"damage_healed":0.0,"max_hp_gain":0.0,"max_hp_loss":0.0,"gold_gain":0.0,"event_name":"Back to Basics","player_choice":"Simplicity","floor":28.0,"gold_loss":0.0,"damage_taken":0.0,"cards_upgraded":["Strike_P","Strike_P","Strike_P","Defend_P","Defend_P","Defend_P","Defend_P"]},{"cards_removed":["Defend_P"],"damage_healed":0.0,"max_hp_gain":0.0,"max_hp_loss":0.0,"gold_gain":0.0,"event_name":"Beggar","player_choice":"Gave Gold","floor":29.0,"gold_loss":75.0,"damage_taken":0.0},{"damage_healed":0.0,"max_hp_gain":0.0,"max_hp_loss":0.0,"gold_gain":0.0,"event_name":"Tomb of Lord Red Mask","player_choice":"Ignored","floor":36.0,"gold_loss":0.0,"damage_taken":0.0},{"damage_healed":0.0,"max_hp_gain":0.0,"max_hp_loss":0.0,"gold_gain":0.0,"event_name":"MindBloom","player_choice":"Fight","floor":39.0,"gold_loss":0.0,"damage_taken":0.0}],"is_beta":false,"boss_relics":[{"not_picked":["Empty Cage","Ectoplasm"],"picked":"Cursed Key"},{"not_picked":["Philosopher\u0027s Stone","Pandora\u0027s Box"],"picked":"Sozu"}],"items_purged_floors":[5,37],"is_endless":false,"potions_floor_spawned":[6,8,11,13,20,24,38,39,42,44],"killed_by":"Maw","ascension_level":16}}