{"host":"0rxdudjy6rylha1k","time":1608872432,"event":{"mods":["Aspiration","BaseMod","Colored Map","Colored Powertips","Downfall","Highlight Path","Hubris","Minty Spire (QoL Compilation)","StSLib"],"gold_per_floor":[99,99,99,99,110,35,60,83,102,134,154,154,179,193,205,300,300,300,300,369,386,403,503,557,572,572,582,593,593,593,621,632,737,737,737,751,766,433,448,498,524,54,54,54,54,54,54,72,89,89,89],"floor_reached":50,"playtime":4126,"items_purged":["sneckomod:Strike"],"score":664,"play_id":"6717ea2e-f5e6-4cb8-b53c-5ccce66d91c3","local_time":"20201224220032","is_ascension_mode":true,"campfire_choices":[{"floor":1.0,"key":"RECALL"},{"data":"Apotheosis","floor":6.0,"key":"SMITH"},{"floor":12.0,"key":"REST"},{"data":"sneckomod:UnknownColorless","floor":18.0,"key":"SMITH"},{"data":"sneckomod:SerpentIdol","floor":26.0,"key":"SMITH"},{"data":"sneckomod:UnknownStrength","floor":29.0,"key":"SMITH"},{"floor":35,"key":"DIG"},{"floor":43,"key":"REST"},{"floor":47,"key":"DIG"}],"circlet_count":0,"master_deck":["sneckomod:Strike","sneckomod:Strike","sneckomod:Defend","sneckomod:Defend","sneckomod:Defend","sneckomod:TailWhip","sneckomod:SnekBite","sneckomod:Unknown","sneckomod:Unknown","Apotheosis+1","sneckomod:DiceCrush","sneckomod:SlitherStrike","sneckomod:DiceBlock","sneckomod:UnknownWeak","sneckomod:UnknownStrength+1","sneckomod:QuickMove","sneckomod:UnknownColorless+1","CurseOfTheBell","sneckomod:UnknownCommonAttack+1","sneckomod:QuickBite","sneckomod:SerpentIdol+1","sneckomod:QuickBite","sneckomod:DefensiveFlair","sneckomod:ImprovisedAttack","sneckomod:DiceBlock+1","sneckomod:MorePower","sneckomod:SlitherStrike+1","sneckomod:PureSnecko+1","sneckomod:UnknownRareAttack+1","sneckomod:UnknownColorless+1","sneckomod:UnknownX+1","expansioncontent:CaCaw","sneckomod:UnknownDexterity+1","sneckomod:SlitherStrike+1"],"relics":["sneckomod:SneckoSoul","hubris:Towel","downfall:HeartBlessingRed","Blood Vial","Strawberry","champ:DuelingGlove","Odd Mushroom","Bronze Scales","Calling Bell","Dream Catcher","hubris:PeanutButter","Calipers","downfall:GremlinWheel","Bag of Preparation","Ornamental Fan","hubris:Backtick","Shovel","Darkstone Periapt","Bird Faced Urn","Lantern","Toy Ornithopter","Bag of Marbles"],"acts_visited":["Exordium","TheCity","TheBeyond"],"potions_floor_usage":[31,33,37,39,40,48,48,49,49],"damage_taken":[{"damage":5.0,"enemies":"Jaw Worm","floor":5.0,"turns":3.0},{"damage":5.0,"enemies":"2 Louse","floor":9.0,"turns":3.0},{"damage":27.0,"enemies":"3 Sentries","floor":10.0,"turns":7.0},{"damage":3.0,"enemies":"The Mushroom Lair","floor":11.0,"turns":3.0},{"damage":2.0,"enemies":"Lagavulin","floor":13.0,"turns":3.0},{"damage":0.0,"enemies":"Small Slimes","floor":14.0,"turns":2.0},{"damage":2.0,"enemies":"Blue Slaver","floor":15.0,"turns":3.0},{"damage":39.0,"enemies":"downfall:Ironclad","floor":16.0,"turns":8.0},{"damage":0.0,"enemies":"Chosen","floor":19.0,"turns":1.0},{"damage":0.0,"enemies":"Centurion and Healer","floor":20.0,"turns":5.0},{"damage":0.0,"enemies":"Snake Plant","floor":21.0,"turns":3.0},{"damage":5.0,"enemies":"Sentry and Sphere","floor":22.0,"turns":4.0},{"damage":8.0,"enemies":"Sentry and Sphere","floor":23.0,"turns":3.0},{"damage":0.0,"enemies":"Centurion and Healer","floor":25.0,"turns":4.0},{"damage":4.0,"enemies":"3 Cultists","floor":27.0,"turns":4.0},{"damage":0.0,"enemies":"Cultist and Chosen","floor":28.0,"turns":4.0},{"damage":42,"enemies":"Slavers","floor":31,"turns":3},{"damage":9,"enemies":"Centurion and Healer","floor":32,"turns":3},{"damage":26,"enemies":"downfall:Watcher","floor":33,"turns":8},{"damage":17,"enemies":"3 Darklings","floor":36,"turns":7},{"damage":0,"enemies":"Orb Walker","floor":37,"turns":3},{"damage":23,"enemies":"Spire Growth","floor":39,"turns":4},{"damage":48,"enemies":"Mind Bloom Boss Battle","floor":40,"turns":8},{"damage":0,"enemies":"downfall:FleeingMerchant","floor":42,"turns":4},{"damage":0,"enemies":"Sphere and 2 Shapes","floor":48,"turns":3},{"damage":7,"enemies":"Transient","floor":49,"turns":5},{"damage":112,"enemies":"downfall:Silent","floor":50,"turns":9}],"seed_played":"6129388678035152956","potions_obtained":[{"floor":5.0,"key":"sneckomod:MuddlingPotion"},{"floor":10.0,"key":"Strength Potion"},{"floor":11.0,"key":"SteroidPotion"},{"floor":15.0,"key":"SkillPotion"},{"floor":20.0,"key":"ColorlessPotion"},{"floor":22.0,"key":"sneckomod:DiceRollPotion"},{"floor":23.0,"key":"sneckomod:MuddlingPotion"},{"floor":27.0,"key":"Strength Potion"},{"floor":32,"key":"EssenceOfSteel"},{"floor":36,"key":"EssenceOfSteel"},{"floor":37,"key":"DuplicationPotion"},{"floor":39,"key":"Block Potion"},{"floor":48,"key":"Swift Potion"}],"is_trial":false,"path_per_floor":["R","?","?","?","M","R","T","T","M","E","?","R","E","M","M","B",null,"R","M","M","M","M","?","T","M","R","M","M","R","?","E","M","B",null,"R","M","M","?","M","?","T","$","R","?","?","?","R","M","M","B"],"character_chosen":"THE_SNECKO","items_purchased":["Toy Ornithopter","EssenceOfSteel","Guardian:BlockOnCardUsePotion","LiquidBronze"],"campfire_rested":2,"item_purchase_floors":[42,42,42,42],"current_hp_per_floor":[81,81,81,81,76,76,76,83,80,55,55,81,82,84,84,53,82,82,85,87,89,86,80,80,83,83,81,83,83,83,43,36,22,75,75,60,62,105,82,37,37,43,75,78,78,78,78,90,100,0,0],"gold":89,"neow_bonus":"RANDOM_COLORLESS_2","is_daily":false,"chose_seed":false,"campfire_upgraded":4,"win_rate":0.0,"timestamp":1608872432,"path_taken":["R","?","?","?","M","R","T","?","M","E","?","R","E","?","M","BOSS","R","M","?","?","?","?","T","M","R","?","M","R","?","E","M","BOSS","R","M","M","?","M","?","T","$","R","?","?","?","R","M","M","BOSS"],"items_purchased_type":["Relic","Potion","Potion","Potion"],"build_version":"2020-12-22","purchased_purges":1,"victory":false,"max_hp_per_floor":[81,81,81,81,81,81,81,88,88,88,89,89,90,90,90,91,91,91,92,92,92,92,92,92,93,93,93,93,93,93,93,93,93,93,93,93,93,105,105,106,106,108,108,111,111,111,111,111,112,112,112],"card_choices":[{"not_picked":["expansioncontent:DashGenerateEvil","Metamorphosis"],"picked":"Apotheosis","floor":0.0},{"not_picked":["sneckomod:UnknownBlock","sneckomod:UnknownStrike"],"picked":"sneckomod:DiceCrush","floor":5.0},{"not_picked":["sneckomod:QuickMove","sneckomod:Unknown2Cost"],"picked":"sneckomod:SlitherStrike","floor":9.0},{"not_picked":["sneckomod:MixItUp","sneckomod:SnekBeam"],"picked":"sneckomod:DiceBlock","floor":10.0},{"not_picked":["sneckomod:UnknownCommonSkill","sneckomod:Unknown1Cost"],"picked":"sneckomod:UnknownWeak","floor":11.0},{"not_picked":["sneckomod:UnknownClassBLUE","sneckomod:UnknownClassPURPLE"],"picked":"sneckomod:UnknownStrength","floor":13.0},{"not_picked":["sneckomod:UnlimitedRolls","sneckomod:RainOfDice"],"picked":"sneckomod:QuickMove","floor":14.0},{"not_picked":["sneckomod:SoulDraw","sneckomod:UnknownCommonSkill","sneckomod:WideSting"],"picked":"SKIP","floor":15.0},{"not_picked":["sneckomod:Cheat","sneckomod:Mudshield"],"picked":"sneckomod:UnknownColorless","floor":16.0},{"not_picked":["sneckomod:Unknown1Cost","sneckomod:UnknownCommonSkill+1"],"picked":"sneckomod:UnknownCommonAttack+1","floor":19.0},{"not_picked":["sneckomod:Unknown2Cost","sneckomod:UnknownStrike"],"picked":"sneckomod:QuickBite","floor":20.0},{"not_picked":["sneckomod:UnknownCommonSkill","sneckomod:QuickBite"],"picked":"sneckomod:SerpentIdol","floor":21.0},{"not_picked":["sneckomod:RainOfDice","sneckomod:SoulRoll"],"picked":"sneckomod:QuickBite","floor":22.0},{"not_picked":["sneckomod:Nope","sneckomod:Unknown1Cost"],"picked":"sneckomod:UnknownVulnerable","floor":25.0},{"not_picked":["sneckomod:UnknownBlock","sneckomod:IronFang"],"picked":"sneckomod:DefensiveFlair","floor":27.0},{"not_picked":["sneckomod:UnknownStrike+1","sneckomod:WideSting+1","sneckomod:RainOfDice"],"picked":"SKIP","floor":28.0},{"not_picked":["sneckomod:WideSting","sneckomod:UnknownCommonAttack"],"picked":"sneckomod:ImprovisedAttack","floor":31},{"not_picked":["sneckomod:UnknownStrike","sneckomod:UnknownClassGUARDIAN"],"picked":"sneckomod:DiceBlock+1","floor":32},{"not_picked":["sneckomod:UnknownRareSkill","sneckomod:UnknownRarePower"],"picked":"sneckomod:MorePower","floor":33},{"not_picked":["sneckomod:UnknownUncommonSkill+1","sneckomod:SoulDraw"],"picked":"sneckomod:SlitherStrike+1","floor":36},{"not_picked":["sneckomod:Unknown1Cost+1","sneckomod:UnknownClassSLIMEBOUND+1","sneckomod:UnknownUncommonAttack+1"],"picked":"SKIP","floor":36},{"not_picked":["sneckomod:UnknownClassGUARDIAN+1","sneckomod:UnknownCommonAttack+1","sneckomod:UnknownClassPURPLE+1"],"picked":"SKIP","floor":37},{"not_picked":["sneckomod:UnknownWeak","sneckomod:UnknownStrike+1","sneckomod:MixItUp"],"picked":"SKIP","floor":37},{"not_picked":["sneckomod:SoulRoll","sneckomod:UnknownCommonAttack"],"picked":"sneckomod:PureSnecko+1","floor":39},{"not_picked":["sneckomod:UnknownVulnerable+1","sneckomod:UnknownRareSkill+1"],"picked":"sneckomod:UnknownRareAttack+1","floor":40},{"not_picked":["sneckomod:UnknownClassBLUE+1","sneckomod:Unknown1Cost+1"],"picked":"sneckomod:UnknownColorless+1","floor":42},{"not_picked":["sneckomod:UnknownBlock","sneckomod:SnekBeam+1"],"picked":"sneckomod:UnknownX+1","floor":42},{"not_picked":["expansioncontent:GuardianWhirl","expansioncontent:Sear"],"picked":"expansioncontent:CaCaw","floor":46},{"not_picked":["sneckomod:DiceCrush+1","sneckomod:UnknownClassTHE_CHAMP_GRAY+1","sneckomod:QuickBite"],"picked":"SKIP","floor":48},{"not_picked":["sneckomod:UnknownWeak+1","sneckomod:UnknownClassSLIMEBOUND+1"],"picked":"sneckomod:UnknownDexterity+1","floor":49},{"not_picked":["sneckomod:QuickBite","sneckomod:MasterEye+1"],"picked":"sneckomod:SlitherStrike+1","floor":49}],"player_experience":2358328,"relics_obtained":[{"floor":7.0,"key":"Blood Vial"},{"floor":8.0,"key":"Strawberry"},{"floor":10.0,"key":"champ:DuelingGlove"},{"floor":11.0,"key":"Odd Mushroom"},{"floor":13.0,"key":"Bronze Scales"},{"floor":17.0,"key":"Dream Catcher"},{"floor":17.0,"key":"hubris:PeanutButter"},{"floor":17.0,"key":"Calipers"},{"floor":23.0,"key":"downfall:GremlinWheel"},{"floor":24.0,"key":"Bag of Preparation"},{"floor":31,"key":"Ornamental Fan"},{"floor":35,"key":"Darkstone Periapt"},{"floor":40,"key":"Bird Faced Urn"},{"floor":41,"key":"Lantern"},{"floor":47,"key":"Bag of Marbles"}],"event_choices":[{"damage_healed":0.0,"max_hp_gain":0.0,"max_hp_loss":0.0,"gold_gain":0.0,"event_name":"Mushrooms","player_choice":"Fought Mushrooms","floor":11.0,"gold_loss":0.0,"damage_taken":0.0},{"cards_removed":["sneckomod:UnknownVulnerable"],"damage_healed":0,"gold_gain":0,"player_choice":"Removed Skill","damage_taken":0,"max_hp_gain":0,"max_hp_loss":0,"event_name":"Falling","floor":45,"gold_loss":0}],"is_beta":false,"boss_relics":[{"not_picked":["hubris:GrandSneckoEye","hubris:TerracottaHorce"],"picked":"Calling Bell"},{"not_picked":["Fusion Hammer","Pandora\u0027s Box"],"picked":"hubris:Backtick"}],"items_purged_floors":[42],"is_endless":false,"potions_floor_spawned":[5,10,11,15,20,22,23,27,32,36,37,39,48],"killed_by":"downfall:Silent","ascension_level":6}}