{"host":"zhypnm5xlgq8j242","time":1608885770,"event":{"mods":["AchievementEnabler","BaseMod","BetterRewards","Colored Powertips","Hermit","Keyboard Shortcuts","Minty Spire (QoL Compilation)","Quick Restart","Replay The Spire","Shop Mod","StSLib","The Cursed","The Hierophant","The Runesmith"],"gold_per_floor":[111,111,61,61,78,78,110,128,128,128,128,142,154,154,154,279,279,294,64,55,76,91,91,91,109,109,125,159,84,84,118,118,246,246,261,221,244,265,65,108,122,162,212,212,243,243,243,262,262,262,262,262],"floor_reached":53,"playtime":3497,"items_purged":["Normality"],"score":1430,"play_id":"a3f7ea78-a881-409f-bc6e-a68a0e1a1a8c","local_time":"20201225174250","is_ascension_mode":true,"campfire_choices":[{"data":"Twin Strike","floor":6,"key":"SMITH"},{"data":"Demon Form","floor":10,"key":"SMITH"},{"data":"Power Through","floor":15,"key":"SMITH"},{"data":"Fiend Fire","floor":23,"key":"SMITH"},{"data":"Inflame","floor":30,"key":"SMITH"},{"floor":32,"key":"REST"},{"floor":44,"key":"REST"},{"floor":47,"key":"REST"},{"floor":51,"key":"REST"}],"circlet_count":0,"master_deck":["Strike_R+1","Strike_R+1","Strike_R+1","Strike_R+1","Strike_R+1","Defend_R+1","Defend_R+1","Defend_R+1","Bash+1","ReplayTheSpireMod:Strike From Hell","Self Repair+1","Twin Strike+1","Demon Form+1","Twin Strike","Cold Snap","Power Through+1","Fiend Fire+1","CurseOfTheBell","Sentinel","Impervious","Pommel Strike","True Grit","Heavy Blade","Sword Boomerang+1","Shrug It Off","Sword Boomerang","Infernal Blade+1","Inflame+1","Double Tap+1","Limit Break","Disarm+1","Evolve+1","Cleave+1","ReplayTheSpireMod:Limb From Limb","ReplayTheSpireMod:Stacked+1","Barricade+1","Intimidate+1"],"relics":["NeowsBlessing","Iron Core","Lizard Tail","Turnip","ReplayTheSpireMod:Ring of Collecting","Ring of Peace","Golden Idol","Calling Bell","Tiny Chest","Paper Frog","Pocketwatch","Orrery","Ring of Hypnosis","Toy Ornithopter","Orichalcum","Bag of Preparation","Fusion Hammer","Ring of Fury","Lantern","ClockworkSouvenir","ReplayTheSpireMod:TigerMarble","Shuriken","Ring of Greed","Frozen Egg 2","Membership Card","Smiling Mask","ReplayTheSpireMod:Shallot"],"acts_visited":["Exordium","TheCity","TheBeyond"],"potions_floor_usage":[16,16,20,21,21,28,28,40,40,45,52],"damage_taken":[{"damage":0,"enemies":"Cultist","floor":1,"turns":1},{"damage":0,"enemies":"Jaw Worm","floor":5,"turns":1},{"damage":0,"enemies":"Replay:BlueRogue","floor":7,"turns":1},{"damage":0,"enemies":"2 Louse","floor":8,"turns":2},{"damage":13,"enemies":"Large Slime","floor":12,"turns":5},{"damage":3,"enemies":"Blue Slaver","floor":13,"turns":5},{"damage":24,"enemies":"Fading Forest","floor":16,"turns":11},{"damage":10,"enemies":"Shell Parasite","floor":18,"turns":4},{"damage":0,"enemies":"2 Thieves","floor":20,"turns":4},{"damage":0,"enemies":"Snecko","floor":21,"turns":5},{"damage":5,"enemies":"Centurion and Healer","floor":22,"turns":5},{"damage":35,"enemies":"Cultist and Chosen","floor":25,"turns":8},{"damage":0,"enemies":"Snecko","floor":27,"turns":3},{"damage":47,"enemies":"Book of Stabbing","floor":28,"turns":6},{"damage":18,"enemies":"Replay:Snechameleon","floor":31,"turns":8},{"damage":14,"enemies":"Pondfish","floor":33,"turns":7},{"damage":0,"enemies":"Orb Walker","floor":35,"turns":4},{"damage":0,"enemies":"3 Shapes","floor":38,"turns":4},{"damage":16,"enemies":"Reptomancer","floor":40,"turns":4},{"damage":0,"enemies":"Jaw Worm Horde","floor":41,"turns":2},{"damage":40,"enemies":"R_Hoarder","floor":42,"turns":5},{"damage":18,"enemies":"Reptomancer","floor":45,"turns":7},{"damage":4,"enemies":"Sphere and 2 Shapes","floor":48,"turns":7},{"damage":43,"enemies":"Awakened One","floor":52,"turns":7}],"seed_played":"-1566834239488282776","potions_obtained":[{"floor":8,"key":"SkillPotion"},{"floor":12,"key":"Elixir"},{"floor":13,"key":"Energy Potion"},{"floor":16,"key":"LiquidBronze"},{"floor":18,"key":"SkillPotion"},{"floor":20,"key":"PowerPotion"},{"floor":27,"key":"Reflective Coating"},{"floor":33,"key":"Toxic Potion"},{"floor":35,"key":"SkillPotion"},{"floor":38,"key":"Dexterity Potion"},{"floor":42,"key":"FearPotion"},{"floor":45,"key":"SteroidPotion"}],"is_trial":false,"path_per_floor":["M","?","?","?","M","R","E","M","T","R","?","M","M","?","R","B",null,"M","$","M","M","M","R","?","M","T","M","E","?","R","E","R","B",null,"M","?","T","M","$","E","M","E","T","R","E","?","R","M","PTL","PTL","R","B",null],"character_chosen":"IRONCLAD","items_purchased":["Orrery","Evolve+1","ClockworkSouvenir"],"campfire_rested":4,"item_purchase_floors":[19,39,39],"current_hp_per_floor":[78,78,78,78,80,80,80,80,80,80,80,77,80,80,80,72,78,68,68,78,80,75,75,75,50,50,60,33,33,33,25,49,45,71,71,71,71,71,71,65,65,35,35,59,56,56,80,76,76,76,80,42],"gold":262,"neow_bonus":"THREE_ENEMY_KILL","is_daily":false,"chose_seed":false,"campfire_upgraded":5,"win_rate":0.0,"timestamp":1608885770,"path_taken":["M","?","?","?","M","R","E","M","T","R","?","?","M","?","R","BOSS","M","$","M","M","M","R","?","M","T","M","E","?","R","E","R","BOSS","M","?","?","?","$","E","M","E","T","R","E","?","R","M","PTL","PTL","R","BOSS"],"items_purchased_type":["Relic","Card","Relic"],"build_version":"2020-12-22","purchased_purges":1,"victory":true,"max_hp_per_floor":[80,80,80,80,80,80,80,80,80,80,80,80,80,80,80,80,80,80,80,80,80,80,80,80,80,80,80,80,80,80,80,80,80,80,80,80,80,80,80,80,80,80,80,80,80,80,80,80,80,80,80,80],"card_choices":[{"not_picked":["Iron Wave","Pommel Strike"],"picked":"ReplayTheSpireMod:Strike From Hell","floor":1},{"not_picked":["Clash","Hologram"],"picked":"Twin Strike","floor":5},{"not_picked":["Hemokinesis","Shockwave"],"picked":"Demon Form","floor":7},{"not_picked":["ReplayTheSpireMod:System Scan","Body Slam"],"picked":"Twin Strike","floor":8},{"not_picked":["Clash","Hemokinesis"],"picked":"Cold Snap","floor":12},{"not_picked":["Havoc","ReplayTheSpireMod:Strike From Hell"],"picked":"Power Through","floor":13},{"not_picked":["Reaper","Offering"],"picked":"Fiend Fire","floor":16},{"not_picked":["Thunderclap","Life Link","Body Slam"],"picked":"SKIP","floor":18},{"not_picked":["Iron Wave+1","Entrench"],"picked":"Sentinel","floor":19},{"not_picked":["Carnage","Run Through+1"],"picked":"Impervious","floor":19},{"not_picked":["Life Link+1","Run Through"],"picked":"Pommel Strike","floor":19},{"not_picked":["Perfected Strike","Pommel Strike+1"],"picked":"True Grit","floor":19},{"not_picked":["Iron Wave","Anger+1"],"picked":"Heavy Blade","floor":19},{"not_picked":["Clash+1","Intimidate"],"picked":"Sword Boomerang+1","floor":20},{"not_picked":["Searing Blow","Thunderclap"],"picked":"Shrug It Off","floor":21},{"not_picked":["Wild Strike","Flex"],"picked":"Sword Boomerang","floor":22},{"not_picked":["Hemogenesis","Clash","Shrug It Off"],"picked":"SKIP","floor":25},{"not_picked":["True Grit","Flex"],"picked":"Infernal Blade+1","floor":27},{"not_picked":["Sever Soul","Warcry"],"picked":"Inflame","floor":28},{"not_picked":["Shrug It Off+1","Pommel Strike"],"picked":"Double Tap","floor":31},{"not_picked":["Brutality","Reaper"],"picked":"Limit Break","floor":33},{"not_picked":["Twin Strike","Defy Death+1"],"picked":"Disarm+1","floor":35},{"not_picked":["Sever Soul","Sentinel"],"picked":"Havoc","floor":38},{"not_picked":["ReplayTheSpireMod:LeadingStrike","Run Through"],"picked":"Cleave+1","floor":40},{"not_picked":["Power Through","Rampage"],"picked":"ReplayTheSpireMod:Limb From Limb","floor":41},{"not_picked":["Cleave","Massacre"],"picked":"ReplayTheSpireMod:Stacked+1","floor":42},{"not_picked":["Pommel Strike+1","Headbutt+1"],"picked":"Barricade+1","floor":45},{"not_picked":["Cleave","Anger"],"picked":"Intimidate+1","floor":48}],"player_experience":608710,"relics_obtained":[{"floor":7,"key":"Lizard Tail"},{"floor":9,"key":"Turnip"},{"floor":11,"key":"ReplayTheSpireMod:Ring of Collecting"},{"floor":11,"key":"Ring of Peace"},{"floor":17,"key":"Tiny Chest"},{"floor":17,"key":"Paper Frog"},{"floor":17,"key":"Pocketwatch"},{"floor":26,"key":"Ring of Hypnosis"},{"floor":26,"key":"Toy Ornithopter"},{"floor":28,"key":"Orichalcum"},{"floor":31,"key":"Bag of Preparation"},{"floor":37,"key":"Ring of Fury"},{"floor":37,"key":"Lantern"},{"floor":40,"key":"ReplayTheSpireMod:TigerMarble"},{"floor":42,"key":"Shuriken"},{"floor":43,"key":"Ring of Greed"},{"floor":43,"key":"Frozen Egg 2"},{"floor":43,"key":"Membership Card"},{"floor":43,"key":"Smiling Mask"},{"floor":45,"key":"ReplayTheSpireMod:Shallot"}],"event_choices":[{"damage_healed":0,"gold_gain":0,"player_choice":"Grow","damage_taken":0,"max_hp_gain":0,"max_hp_loss":0,"event_name":"Living Wall","floor":2,"gold_loss":0,"cards_upgraded":["Bash"]},{"cards_removed":["Defend_R"],"damage_healed":0,"gold_gain":0,"player_choice":"Card Removal","damage_taken":0,"max_hp_gain":0,"max_hp_loss":0,"event_name":"The Cleric","floor":3,"gold_loss":50},{"damage_healed":0,"gold_gain":0,"player_choice":"Take Wound","damage_taken":0,"relics_obtained":["Golden Idol"],"max_hp_gain":0,"max_hp_loss":0,"event_name":"Golden Idol","floor":14,"gold_loss":0,"cards_obtained":["Injury"]},{"damage_healed":0,"gold_gain":0,"player_choice":"Simplicity","damage_taken":0,"max_hp_gain":0,"max_hp_loss":0,"event_name":"Back to Basics","floor":24,"gold_loss":0,"cards_upgraded":["Strike_R","Strike_R","Strike_R","Strike_R","Strike_R","Defend_R","Defend_R","Defend_R"]},{"cards_removed":["Injury"],"damage_healed":0,"gold_gain":0,"player_choice":"Gave Gold","damage_taken":0,"max_hp_gain":0,"max_hp_loss":0,"event_name":"Beggar","floor":29,"gold_loss":75},{"damage_healed":0,"gold_gain":0,"player_choice":"Upgrade","damage_taken":0,"max_hp_gain":0,"max_hp_loss":0,"event_name":"Designer","floor":36,"gold_loss":40,"cards_upgraded":["Double Tap"]},{"cards_removed":["Havoc"],"damage_healed":0,"gold_gain":0,"player_choice":"Removed Skill","damage_taken":0,"max_hp_gain":0,"max_hp_loss":0,"event_name":"Falling","floor":46,"gold_loss":0}],"is_beta":false,"boss_relics":[{"not_picked":["Snecko Eye","Painkiller Herb"],"picked":"Calling Bell"},{"not_picked":["Runic Dome","Electric Blood"],"picked":"Fusion Hammer"}],"items_purged_floors":[19],"is_endless":false,"potions_floor_spawned":[8,12,13,16,18,20,27,33,35,38,42,45],"ascension_level":7}}