{"host":"15dd7v8o90xso62x","time":1608904652,"event":{"mods":["BaseMod","Minty Spire (QoL Compilation)","Quick Restart","StSLib"],"gold_per_floor":[117,117,117,117,133,176,176,24,24,24,44,79,103,116,116,209,209,229,250,273,273,253,253,273,309,309,309,332,332,65,81,81,81,81],"floor_reached":33,"playtime":1064,"items_purged":[],"score":589,"play_id":"5ab217c4-cea8-4916-bb2a-4221257e7462","local_time":"20201225225732","is_ascension_mode":true,"campfire_choices":[{"data":"Zap","floor":7.0,"key":"SMITH"},{"data":"Dualcast","floor":10.0,"key":"SMITH"},{"data":"Static Discharge","floor":15.0,"key":"SMITH"},{"data":"Echo Form","floor":23.0,"key":"SMITH"},{"floor":27,"key":"REST"},{"floor":32,"key":"REST"}],"circlet_count":0,"master_deck":["AscendersBane","Defend_B","Defend_B","Defend_B","Defend_B","Zap+1","Dualcast+1","Ball Lightning","Ball Lightning","Static Discharge+1","Echo Form+1","BootSequence+1","Thunder Strike+1","Redo+1","Glacier+1","Chaos+1","Turbo+1","Doom and Gloom+1","Reinforced Body+1","Chill+1","Stack+1","Fusion+1","Compile Driver+1"],"relics":["Cracked Core","NeowsBlessing","Golden Idol","Toxic Egg 2","Letter Opener","Molten Egg 2","Astrolabe","Blood Vial","Ginger","Meat on the Bone"],"acts_visited":["Exordium","TheCity"],"potions_floor_usage":[25,25,31,33,33],"damage_taken":[{"damage":0.0,"enemies":"Cultist","floor":1.0,"turns":1.0},{"damage":0.0,"enemies":"Jaw Worm","floor":5.0,"turns":1.0},{"damage":0.0,"enemies":"Gremlin Nob","floor":6.0,"turns":1.0},{"damage":0.0,"enemies":"Small Slimes","floor":11.0,"turns":2.0},{"damage":10.0,"enemies":"3 Sentries","floor":12.0,"turns":5.0},{"damage":2.0,"enemies":"Exordium Wildlife","floor":13.0,"turns":3.0},{"damage":0.0,"enemies":"Lots of Slimes","floor":14.0,"turns":2.0},{"damage":16.0,"enemies":"The Guardian","floor":16.0,"turns":8.0},{"damage":0.0,"enemies":"Spheric Guardian","floor":18.0,"turns":3.0},{"damage":9.0,"enemies":"Shell Parasite","floor":19.0,"turns":4.0},{"damage":14.0,"enemies":"Shelled Parasite and Fungi","floor":20.0,"turns":6.0},{"damage":0.0,"enemies":"Snake Plant","floor":24.0,"turns":3.0},{"damage":32,"enemies":"Book of Stabbing","floor":25,"turns":5},{"damage":28,"enemies":"Chosen and Byrds","floor":28,"turns":6},{"damage":0,"enemies":"Sentry and Sphere","floor":31,"turns":3},{"damage":53,"enemies":"Champ","floor":33,"turns":8}],"seed_played":"-5103525188108110967","potions_obtained":[{"floor":11.0,"key":"Regen Potion"},{"floor":12.0,"key":"EntropicBrew"},{"floor":14.0,"key":"EntropicBrew"},{"floor":18.0,"key":"DuplicationPotion"},{"floor":22.0,"key":"BlessingOfTheForge"},{"floor":28,"key":"SkillPotion"},{"floor":29,"key":"Dexterity Potion"},{"floor":29,"key":"ColorlessPotion"},{"floor":31,"key":"Strength Potion"}],"is_trial":false,"path_per_floor":["M","?","?","?","M","E","R","$","T","R","M","E","M","M","R","B",null,"M","M","M","?","?","R","M","E","T","R","M","?","$","M","R","B"],"character_chosen":"DEFECT","items_purchased":["Echo Form","Meat on the Bone"],"campfire_rested":2,"item_purchase_floors":[8,30],"current_hp_per_floor":[64,57,62,36,36,36,36,36,36,36,36,38,36,36,36,20,62,62,53,39,39,39,39,39,7,7,29,3,3,3,17,39,0,0],"gold":81,"neow_bonus":"THREE_ENEMY_KILL","is_daily":false,"chose_seed":false,"campfire_upgraded":4,"win_rate":0.0,"timestamp":1608904652,"path_taken":["M","?","?","?","?","E","R","?","T","R","M","E","M","M","R","BOSS","M","M","M","?","?","R","?","E","T","R","M","?","$","M","R","BOSS"],"items_purchased_type":["Card","Relic"],"build_version":"2020-12-22","purchased_purges":0,"victory":false,"max_hp_per_floor":[71,71,76,76,76,76,76,76,76,76,76,76,76,76,76,76,76,76,76,76,76,76,76,76,76,76,76,76,76,76,76,76,76,76],"card_choices":[{"not_picked":["Cold Snap","Conserve Battery"],"picked":"Ball Lightning","floor":1.0},{"not_picked":["Coolheaded","Go for the Eyes"],"picked":"Ball Lightning","floor":5.0},{"not_picked":["Barrage","Rebound"],"picked":"Static Discharge","floor":6.0},{"not_picked":["Gash","Sunder"],"picked":"BootSequence+1","floor":11.0},{"not_picked":["Sweeping Beam+1","Steam Power+1"],"picked":"Thunder Strike+1","floor":12.0},{"not_picked":["Stack+1","Beam Cell+1"],"picked":"Redo+1","floor":13.0},{"not_picked":["Rebound+1","Turbo+1"],"picked":"Glacier+1","floor":14.0},{"not_picked":["Conserve Battery+1","Doom and Gloom+1"],"picked":"Reinforced Body+1","floor":18.0},{"not_picked":["Rebound+1","Barrage+1"],"picked":"Chill+1","floor":19.0},{"not_picked":["Barrage+1","Leap+1","Sunder+1"],"picked":"SKIP","floor":20.0},{"not_picked":["Streamline+1","Aggregate+1","Scrape+1"],"picked":"SKIP","floor":24.0},{"not_picked":["Melter+1","Rip and Tear+1"],"picked":"Stack+1","floor":25},{"not_picked":["Redo+1","Steam+1"],"picked":"Fusion+1","floor":28},{"not_picked":["Cold Snap+1","Amplify+1"],"picked":"Compile Driver+1","floor":31}],"player_experience":946862,"relics_obtained":[{"floor":6.0,"key":"Toxic Egg 2"},{"floor":9.0,"key":"Letter Opener"},{"floor":12.0,"key":"Molten Egg 2"},{"floor":25,"key":"Blood Vial"},{"floor":26,"key":"Ginger"}],"event_choices":[{"cards_removed":["Strike_B"],"damage_healed":0.0,"max_hp_gain":0.0,"max_hp_loss":0.0,"gold_gain":0.0,"event_name":"Golden Wing","player_choice":"Card Removal","floor":2.0,"gold_loss":0.0,"damage_taken":7.0},{"damage_healed":0.0,"max_hp_gain":5.0,"max_hp_loss":0.0,"gold_gain":0.0,"event_name":"Big Fish","player_choice":"Donut","floor":3.0,"gold_loss":0.0,"damage_taken":0.0},{"damage_healed":0.0,"max_hp_gain":0.0,"max_hp_loss":0.0,"gold_gain":0.0,"event_name":"Golden Idol","player_choice":"Take Damage","floor":4.0,"gold_loss":0.0,"damage_taken":26.0,"relics_obtained":["Golden Idol"]},{"damage_healed":0.0,"max_hp_gain":0.0,"max_hp_loss":0.0,"gold_gain":0.0,"event_name":"Vampires","player_choice":"Ignored","floor":21.0,"gold_loss":0.0,"damage_taken":0.0},{"damage_healed":0.0,"max_hp_gain":0.0,"max_hp_loss":0.0,"gold_gain":0.0,"event_name":"The Woman in Blue","player_choice":"Bought 1 Potion","floor":22.0,"gold_loss":0.0,"damage_taken":0.0},{"damage_healed":0,"gold_gain":0,"player_choice":"Got Potions","damage_taken":0,"max_hp_gain":0,"max_hp_loss":0,"event_name":"Lab","floor":29,"gold_loss":0}],"is_beta":false,"boss_relics":[{"not_picked":["Philosopher\u0027s Stone","Tiny House"],"picked":"Astrolabe"}],"items_purged_floors":[],"is_endless":false,"potions_floor_spawned":[11,12,14,16,18,28,31],"killed_by":"Champ","ascension_level":19}}