{"host":"5jn3rki867005t18","time":1608890244,"event":{"mods":["AchievementEnabler","BaseMod","Colored Map","DeckTracker","Highlight Path","Minty Spire (QoL Compilation)","Permanent Neow","Quick Restart","StSLib","SuperFastMode"],"gold_per_floor":[109,123,73,146,157,157,189,189,213,213,213,65,81,96,96,195,195,215,314,329,340,355,383,383,383,383],"floor_reached":25,"playtime":941,"items_purged":[],"score":223,"play_id":"4a093aab-6e1c-4c91-b94f-0cbaf5770298","local_time":"20201225185724","is_ascension_mode":false,"campfire_choices":[{"data":"Eruption","floor":6,"key":"SMITH"},{"data":"Adaptation","floor":8,"key":"SMITH"},{"floor":10,"key":"REST"},{"data":"Ragnarok","floor":15,"key":"SMITH"},{"data":"ClearTheMind","floor":24,"key":"SMITH"}],"circlet_count":0,"master_deck":["Strike_P","Strike_P","Strike_P","Defend_P","Defend_P","Defend_P","Defend_P","Eruption+1","Vigilance","FlurryOfBlows","Adaptation+1","CrushJoints","FollowUp","FollowUp","Ragnarok+1","Crescendo","Halt","SashWhip+1","ClearTheMind+1","WaveOfTheHand+1","SignatureMove","MentalFortress+1"],"relics":["PureWater","Ornamental Fan","Juzu Bracelet","Regal Pillow","Centennial Puzzle","Black Star","Damaru","Bag of Marbles"],"acts_visited":["Exordium","TheCity"],"potions_floor_usage":[7,7,9,16,16,16,18,21,21,25],"damage_taken":[{"damage":1,"enemies":"Jaw Worm","floor":1,"turns":4},{"damage":0,"enemies":"Small Slimes","floor":2,"turns":4},{"damage":0,"enemies":"Cultist","floor":5,"turns":3},{"damage":42,"enemies":"Gremlin Nob","floor":7,"turns":4},{"damage":0,"enemies":"Exordium Wildlife","floor":13,"turns":3},{"damage":5,"enemies":"Blue Slaver","floor":14,"turns":2},{"damage":15,"enemies":"Slime Boss","floor":16,"turns":5},{"damage":0,"enemies":"3 Byrds","floor":18,"turns":3},{"damage":0,"enemies":"Spheric Guardian","floor":20,"turns":3},{"damage":15,"enemies":"Centurion and Healer","floor":21,"turns":4},{"damage":8,"enemies":"Chosen and Byrds","floor":22,"turns":4},{"damage":20,"enemies":"Gremlin Leader","floor":23,"turns":2},{"damage":29,"enemies":"3 Cultists","floor":25,"turns":5}],"seed_played":"6336192404539611068","potions_obtained":[{"floor":1,"key":"Weak Potion"},{"floor":5,"key":"Dexterity Potion"},{"floor":7,"key":"EntropicBrew"},{"floor":16,"key":"Ancient Potion"},{"floor":18,"key":"LiquidBronze"},{"floor":20,"key":"BlessingOfTheForge"},{"floor":23,"key":"Strength Potion"}],"is_trial":false,"path_per_floor":["M","M","?","T","M","R","E","R","T","R","?","$","M","M","R","B",null,"M","?","M","M","M","E","R","M"],"character_chosen":"WATCHER","items_purchased":["Ragnarok"],"campfire_rested":1,"item_purchase_floors":[12],"current_hp_per_floor":[71,71,71,71,71,71,29,29,29,65,65,65,65,60,60,45,72,72,72,72,57,49,29,29,0,0],"gold":383,"neow_bonus":"THREE_CARDS","is_daily":false,"chose_seed":false,"campfire_upgraded":4,"win_rate":0.0,"timestamp":1608890244,"path_taken":["M","M","?","?","M","R","E","R","T","R","?","$","M","M","R","BOSS","M","?","M","M","M","E","R","M"],"items_purchased_type":["Card"],"build_version":"2020-12-22","purchased_purges":0,"victory":false,"max_hp_per_floor":[72,72,72,72,72,72,72,72,72,72,72,72,72,72,72,72,72,72,72,72,72,72,72,72,72,72],"card_choices":[{"not_picked":["Prostrate","Worship"],"picked":"FlurryOfBlows","floor":0},{"not_picked":["FlurryOfBlows","Vengeance"],"picked":"Adaptation","floor":1},{"not_picked":["Swivel","SandsOfTime"],"picked":"CrushJoints","floor":2},{"not_picked":["ForeignInfluence","PathToVictory"],"picked":"FollowUp","floor":5},{"not_picked":["MasterReality","FlurryOfBlows"],"picked":"FollowUp","floor":7},{"not_picked":["Prostrate","FlurryOfBlows"],"picked":"Crescendo","floor":13},{"not_picked":["Vengeance","Collect"],"picked":"Halt","floor":14},{"not_picked":["Protect","Perseverance"],"picked":"SashWhip+1","floor":18},{"not_picked":["FlurryOfBlows","Swivel"],"picked":"ClearTheMind","floor":20},{"not_picked":["ThirdEye","Swivel"],"picked":"WaveOfTheHand+1","floor":21},{"not_picked":["WaveOfTheHand+1","CutThroughFate+1"],"picked":"SignatureMove","floor":22},{"not_picked":["Pray","EmptyMind"],"picked":"MentalFortress+1","floor":23}],"player_experience":132630,"relics_obtained":[{"floor":4,"key":"Ornamental Fan"},{"floor":7,"key":"Juzu Bracelet"},{"floor":9,"key":"Regal Pillow"},{"floor":11,"key":"Centennial Puzzle"},{"floor":23,"key":"Damaru"},{"floor":23,"key":"Bag of Marbles"}],"event_choices":[{"cards_removed":["Strike_P"],"damage_healed":0,"gold_gain":0,"player_choice":"Card Removal","damage_taken":0,"max_hp_gain":0,"max_hp_loss":0,"event_name":"The Cleric","floor":3,"gold_loss":50},{"damage_healed":0,"gold_gain":0,"player_choice":"Relic","damage_taken":0,"max_hp_gain":0,"max_hp_loss":0,"event_name":"Wheel of Change","floor":11,"gold_loss":0},{"damage_healed":0,"gold_gain":99,"player_choice":"Stole From Cult","damage_taken":0,"max_hp_gain":0,"max_hp_loss":0,"event_name":"Nest","floor":19,"gold_loss":0}],"is_beta":false,"boss_relics":[{"not_picked":["Runic Pyramid","Ectoplasm"],"picked":"Black Star"}],"items_purged_floors":[],"is_endless":false,"potions_floor_spawned":[1,5,7,16,18,20,23],"killed_by":"3 Cultists","ascension_level":0}}