{"host":"x4x6fw95e6eqd4n0","time":1608937981,"event":{"mods":["AchievementEnabler","BaseMod","Colored Map","Colored Powertips","DeckTracker","Minty Spire (QoL Compilation)","Shop Mod"],"gold_per_floor":[116,116,127,127,138,138,156,156,234,250,278,278,278,296,296,396,396,410,442,442,45,45,45,55,55,81,81,81,99,99,114,114,219,219,233,246,98,146,196,196,196,206,206,256,297,79,79,98,98,98,98],"floor_reached":50,"playtime":3115,"items_purged":["Parasite"],"score":492,"play_id":"941a0590-9205-4692-91e7-ec0e4e11b392","local_time":"20201226011301","is_ascension_mode":false,"campfire_choices":[{"data":"Eruption","floor":6,"key":"SMITH"},{"data":"DeceiveReality","floor":8,"key":"SMITH"},{"data":"WheelKick","floor":12,"key":"SMITH"},{"data":"ReachHeaven","floor":13,"key":"SMITH"},{"data":"Worship","floor":15,"key":"SMITH"},{"data":"RitualDagger","floor":23,"key":"SMITH"},{"data":"MasterReality","floor":25,"key":"SMITH"},{"data":"DeceiveReality","floor":28,"key":"SMITH"},{"data":"Wallop","floor":30,"key":"SMITH"},{"data":"Wish","floor":32,"key":"SMITH"},{"data":"Vault","floor":40,"key":"SMITH"},{"data":"Establishment","floor":41,"key":"SMITH"},{"data":"1","floor":47,"key":"LIFT"},{"data":"2","floor":49,"key":"LIFT"}],"circlet_count":0,"master_deck":["Strike_P","Strike_P","Strike_P","Defend_P","Defend_P+1","Defend_P+1","Defend_P","Eruption+1","Vigilance","CurseOfTheBell","Vengeance","Iron Wave","WheelKick+1","DeceiveReality+1","SignatureMove","PathToVictory","ReachHeaven+1","Worship+1","MasterReality+1","DeceiveReality+1","WindmillStrike+1","RitualDagger+1","CrushJoints+1","Wallop+1","Wish+1","Establishment+1","EmptyMind+1","ThirdEye+1","Vault+1","FlyingSleeves+1","BattleHymn+1","SignatureMove","FearNoEvil","Judgement","Crescendo"],"relics":["Calling Bell","Strawberry","Meat on the Bone","WingedGreaves","Matryoshka","War Paint","Philosopher\u0027s Stone","Red Mask","Toy Ornithopter","Eternal Feather","Bag of Marbles","Oddly Smooth Stone","Vajra","Snecko Eye","Peace Pipe","Blood Vial","Girya","Lizard Tail","Art of War"],"acts_visited":["Exordium","TheCity","TheBeyond"],"potions_floor_usage":[3,18,33,33,33,45,50],"damage_taken":[{"damage":0,"enemies":"2 Louse","floor":1,"turns":2},{"damage":0,"enemies":"Cultist","floor":3,"turns":3},{"damage":2,"enemies":"Small Slimes","floor":5,"turns":4},{"damage":5,"enemies":"Blue Slaver","floor":7,"turns":6},{"damage":8,"enemies":"2 Fungi Beasts","floor":10,"turns":4},{"damage":14,"enemies":"3 Sentries","floor":11,"turns":7},{"damage":0,"enemies":"Large Slime","floor":14,"turns":2},{"damage":27,"enemies":"Slime Boss","floor":16,"turns":7},{"damage":19,"enemies":"3 Byrds","floor":18,"turns":6},{"damage":50,"enemies":"Masked Bandits","floor":19,"turns":7},{"damage":3,"enemies":"Chosen","floor":24,"turns":5},{"damage":12,"enemies":"Shelled Parasite and Fungi","floor":29,"turns":5},{"damage":0,"enemies":"Snecko","floor":31,"turns":3},{"damage":2,"enemies":"Champ","floor":33,"turns":7},{"damage":0,"enemies":"3 Shapes","floor":35,"turns":3},{"damage":23,"enemies":"3 Darklings","floor":36,"turns":4},{"damage":1,"enemies":"Transient","floor":38,"turns":6},{"damage":0,"enemies":"Mind Bloom Boss Battle","floor":39,"turns":3},{"damage":0,"enemies":"Writhing Mass","floor":42,"turns":4},{"damage":8,"enemies":"2 Orb Walkers","floor":44,"turns":5},{"damage":12,"enemies":"Maw","floor":45,"turns":6},{"damage":4,"enemies":"Spire Growth","floor":48,"turns":3},{"damage":140,"enemies":"Time Eater","floor":50,"turns":10}],"seed_played":"-3508904471975104447","potions_obtained":[{"floor":1,"key":"AttackPotion"},{"floor":5,"key":"FearPotion"},{"floor":16,"key":"BottledMiracle"},{"floor":19,"key":"LiquidBronze"},{"floor":24,"key":"LiquidMemories"},{"floor":29,"key":"Ancient Potion"},{"floor":36,"key":"SmokeBomb"},{"floor":38,"key":"SpeedPotion"},{"floor":44,"key":"LiquidMemories"}],"is_trial":false,"path_per_floor":["M","?","M","$","M","R","M","R","T","M","E","R","R","M","R","B",null,"M","?","?","$","?","R","M","R","T","?","R","M","R","M","R","B",null,"M","M","$","M","?","R","R","M","T","?","M","$","R","M","R","B"],"character_chosen":"WATCHER","items_purchased":["Toy Ornithopter","Eternal Feather","Vault","Art of War"],"campfire_rested":0,"item_purchase_floors":[21,21,37,46],"current_hp_per_floor":[79,79,79,79,77,77,72,72,72,64,50,50,50,50,50,35,79,60,22,16,16,16,28,37,49,49,49,61,49,61,61,76,79,79,79,56,56,55,55,73,79,79,79,71,66,66,76,72,76,0,0],"gold":98,"neow_bonus":"BOSS_RELIC","is_daily":false,"chose_seed":false,"campfire_upgraded":12,"win_rate":0.0,"timestamp":1608937981,"path_taken":["M","?","M","$","M","R","M","R","T","M","E","R","R","M","R","BOSS","M","?","?","$","?","R","M","R","T","?","R","M","R","M","R","BOSS","M","M","$","M","?","R","R","M","T","?","M","$","R","M","R","BOSS"],"items_purchased_type":["Relic","Relic","Card","Relic"],"build_version":"2020-12-13","purchased_purges":1,"victory":false,"max_hp_per_floor":[79,79,79,79,79,79,79,79,79,79,79,79,79,79,79,79,79,79,79,79,79,79,79,79,79,79,79,79,79,79,79,79,79,79,79,79,79,79,79,79,79,79,79,79,79,76,76,76,76,76,76],"card_choices":[{"not_picked":["Halt","CutThroughFate"],"picked":"Vengeance","floor":1},{"not_picked":["CutThroughFate","EmptyFist"],"picked":"WheelKick","floor":3},{"not_picked":["CutThroughFate","Evaluate"],"picked":"DeceiveReality","floor":5},{"not_picked":["Weave","CrushJoints"],"picked":"SignatureMove","floor":7},{"not_picked":["JustLucky","FlurryOfBlows"],"picked":"PathToVictory","floor":10},{"not_picked":["FollowUp","EmptyBody"],"picked":"ReachHeaven","floor":11},{"not_picked":["Nirvana","JustLucky"],"picked":"Worship","floor":14},{"not_picked":["Scrawl","SpiritShield"],"picked":"MasterReality","floor":16},{"not_picked":["Evaluate","Collect"],"picked":"DeceiveReality","floor":18},{"not_picked":["Worship","Tantrum"],"picked":"WindmillStrike+1","floor":19},{"not_picked":["FlurryOfBlows","Weave"],"picked":"CrushJoints+1","floor":24},{"not_picked":["BowlingBash","CutThroughFate+1"],"picked":"Wallop","floor":29},{"not_picked":["EmptyFist","Prostrate"],"picked":"Wish","floor":31},{"not_picked":["Alpha","Vault"],"picked":"Establishment","floor":33},{"not_picked":["Halt+1","Fasting2"],"picked":"EmptyMind+1","floor":35},{"not_picked":["FlyingSleeves+1","SashWhip"],"picked":"ThirdEye+1","floor":36},{"not_picked":["Evaluate","FollowUp"],"picked":"FlyingSleeves+1","floor":38},{"not_picked":["CrushJoints+1","Crescendo+1"],"picked":"BattleHymn+1","floor":39},{"not_picked":["Consecrate+1","Evaluate"],"picked":"SignatureMove","floor":42},{"not_picked":["BattleHymn","Fasting2"],"picked":"FearNoEvil","floor":44},{"not_picked":["FlurryOfBlows","JustLucky+1"],"picked":"Judgement","floor":45},{"not_picked":["Prostrate+1","FollowUp"],"picked":"Crescendo","floor":48}],"player_experience":86107,"relics_obtained":[{"floor":0,"key":"Strawberry"},{"floor":0,"key":"Meat on the Bone"},{"floor":0,"key":"WingedGreaves"},{"floor":9,"key":"Matryoshka"},{"floor":11,"key":"War Paint"},{"floor":19,"key":"Red Mask"},{"floor":26,"key":"Bag of Marbles"},{"floor":26,"key":"Oddly Smooth Stone"},{"floor":39,"key":"Peace Pipe"},{"floor":43,"key":"Blood Vial"},{"floor":43,"key":"Girya"},{"floor":44,"key":"Lizard Tail"}],"event_choices":[{"cards_removed":["Strike_P"],"damage_healed":0,"gold_gain":0,"player_choice":"Took Card","damage_taken":0,"max_hp_gain":0,"max_hp_loss":0,"event_name":"NoteForYourself","floor":2,"gold_loss":0,"cards_obtained":["Iron Wave"]},{"damage_healed":0,"gold_gain":0,"player_choice":"Fought Bandits","damage_taken":0,"max_hp_gain":0,"max_hp_loss":0,"event_name":"Masked Bandits","floor":19,"gold_loss":0},{"damage_healed":0,"gold_gain":0,"player_choice":"Joined the Cult","damage_taken":6,"max_hp_gain":0,"max_hp_loss":0,"event_name":"Nest","floor":20,"gold_loss":0,"cards_obtained":["RitualDagger"]},{"damage_healed":0,"gold_gain":0,"player_choice":"Ignored","damage_taken":0,"max_hp_gain":0,"max_hp_loss":0,"event_name":"Ghosts","floor":22,"gold_loss":0},{"damage_healed":0,"gold_gain":0,"player_choice":"Opened","damage_taken":0,"relics_obtained":["Vajra"],"max_hp_gain":0,"max_hp_loss":0,"event_name":"The Mausoleum","floor":27,"gold_loss":0},{"damage_healed":0,"gold_gain":0,"player_choice":"Fight","damage_taken":0,"max_hp_gain":0,"max_hp_loss":0,"event_name":"MindBloom","floor":39,"gold_loss":0},{"damage_healed":0,"gold_gain":0,"player_choice":"Fight","damage_taken":0,"max_hp_gain":0,"max_hp_loss":0,"event_name":"Mysterious Sphere","floor":44,"gold_loss":0}],"is_beta":false,"boss_relics":[{"not_picked":["SacredBark","Empty Cage"],"picked":"Philosopher\u0027s Stone"},{"not_picked":["Astrolabe","Busted Crown"],"picked":"Snecko Eye"}],"items_purged_floors":[46],"is_endless":false,"potions_floor_spawned":[1,5,16,19,24,29,36,38,44],"killed_by":"Time Eater","ascension_level":0}}