{"host":"6ko66ogg91i6g7xq","time":1608869631,"event":{"mods":["AchievementEnabler","Act Like it!","BaseMod","Colored Map","Colored Powertips","Downfall","Hermit","Minty Spire (QoL Compilation)","Quick Restart","Relic Stats","StSLib","The Jungle","everything is the same but u backflip on backflip"],"gold_per_floor":[113,188,188,212,222,256,268,300,359,401,424,455,467,510,522,534,534],"floor_reached":16,"playtime":448,"items_purged":[],"score":160,"play_id":"b854ed89-4a17-4978-9f5d-75959486d3fa","local_time":"20201224231351","is_ascension_mode":true,"campfire_choices":[{"floor":7,"key":"RECALL"},{"floor":13,"key":"REST"},{"data":"Catalyst","floor":15,"key":"SMITH"}],"circlet_count":0,"master_deck":["Strike_G","Strike_G","Strike_G","Strike_G","Strike_G","Defend_G","Defend_G","Defend_G","Defend_G","Defend_G","Survivor","Neutralize+1","Poisoned Stab","Catalyst+1","Noxious Fumes","Blur","Noxious Fumes"],"relics":["Ring of the Snake","NeowsBlessing","Lantern","MawBank","Torii","Letter Opener"],"acts_visited":["Exordium"],"potions_floor_usage":[14],"damage_taken":[{"damage":0,"enemies":"2 Louse","floor":1,"turns":1},{"damage":0,"enemies":"Jaw Worm","floor":5,"turns":1},{"damage":0,"enemies":"Lagavulin","floor":6,"turns":1},{"damage":0,"enemies":"Cultist","floor":8,"turns":4},{"damage":18,"enemies":"Gremlin Nob","floor":10,"turns":5},{"damage":1,"enemies":"Looter","floor":11,"turns":4},{"damage":1,"enemies":"Blue Slaver","floor":12,"turns":4},{"damage":4,"enemies":"3 Sentries","floor":14,"turns":6},{"damage":46,"enemies":"Slime Boss","floor":16,"turns":9}],"seed_played":"-5720446935196805175","potions_obtained":[{"floor":5,"key":"FearPotion"},{"floor":6,"key":"SmokeBomb"},{"floor":8,"key":"LiquidBronze"}],"is_trial":false,"path_per_floor":["M","?","?","T","M","E","R","M","T","E","M","M","R","E","R","B"],"character_chosen":"THE_SILENT","items_purchased":[],"campfire_rested":1,"item_purchase_floors":[],"current_hp_per_floor":[70,59,59,59,59,59,59,59,59,41,40,39,60,56,56,10,10],"gold":534,"neow_bonus":"THREE_ENEMY_KILL","is_daily":false,"chose_seed":false,"campfire_upgraded":1,"win_rate":0.0,"timestamp":1608869631,"path_taken":["M","?","?","?","M","E","R","M","T","E","M","?","R","E","R","BOSS"],"items_purchased_type":[],"build_version":"2020-12-22","purchased_purges":0,"victory":false,"max_hp_per_floor":[70,70,70,70,70,70,70,70,70,70,70,70,70,70,70,70,70],"relic_stats":{"Torii":11,"counters":[9,35],"Letter Opener":[30],"MawBank":120,"obtain_stats":[{"Lantern":4,"NeowsBlessing":0,"Torii":10,"Letter Opener":14,"MawBank":6,"Ring of the Snake":0},{"Lantern":1,"NeowsBlessing":0,"Torii":5,"Letter Opener":8,"MawBank":3,"Ring of the Snake":0},{"Lantern":1,"NeowsBlessing":0,"Torii":12,"Letter Opener":26,"MawBank":3,"Ring of the Snake":0}],"Ring of the Snake":[18]},"card_choices":[{"not_picked":["Dodge and Roll","Flechettes","Sucker Punch"],"picked":"SKIP","floor":1},{"not_picked":["Setup","Outmaneuver"],"picked":"Poisoned Stab","floor":5},{"not_picked":["Dodge and Roll","Blade Dance"],"picked":"Catalyst","floor":6},{"not_picked":["Poisoned Stab","Quick Slash"],"picked":"Noxious Fumes","floor":8},{"not_picked":["Accuracy","A Thousand Cuts"],"picked":"Blur","floor":10},{"not_picked":["Caltrops","Flying Knee"],"picked":"Noxious Fumes","floor":11},{"not_picked":["Dagger Spray","Outmaneuver","Concentrate"],"picked":"SKIP","floor":12},{"not_picked":["Deflect","Finisher","Wraith Form v2"],"picked":"SKIP","floor":14}],"player_experience":242437,"relics_obtained":[{"floor":4,"key":"Lantern"},{"floor":6,"key":"MawBank"},{"floor":10,"key":"Torii"},{"floor":14,"key":"Letter Opener"}],"event_choices":[{"damage_healed":0,"gold_gain":75,"player_choice":"Gather Gold","damage_taken":11,"max_hp_gain":0,"max_hp_loss":0,"event_name":"World of Goop","floor":2,"gold_loss":0},{"damage_healed":0,"gold_gain":0,"player_choice":"Grow","damage_taken":0,"max_hp_gain":0,"max_hp_loss":0,"event_name":"Living Wall","floor":3,"gold_loss":0,"cards_upgraded":["Neutralize"]}],"is_beta":false,"boss_relics":[],"items_purged_floors":[],"is_endless":false,"potions_floor_spawned":[5,6,8,12],"killed_by":"Slime Boss","ascension_level":2}}