{"host":"0285y92tozoijo7k","time":1608902136,"event":{"mods":["AchievementEnabler","Act Like it!","BaseMod","Colored Map","DeckTracker","Keyboard Shortcuts","Minty Spire (QoL Compilation)","Permanent Neow","StSLib","SuperFastMode"],"gold_per_floor":[111,71,87,104,120,153,200,228,254,266,286,286,6,22,22,94,94,114,134,144,158,338,370,370,384,384,82,82,115,91,120,120,197,197,215,215,233,251,267,267,267,293,293,293,308,308,183,197,197,197,197,197,47,79,79,79],"floor_reached":55,"playtime":2363,"items_purged":["Strike_G","Strike_G","Strike_G","Strike_G"],"score":1548,"play_id":"23a62e69-29df-40c9-abfa-41db3e9eb261","local_time":"20201225221536","is_ascension_mode":true,"campfire_choices":[{"data":"Blade Dance","floor":12.0,"key":"SMITH"},{"data":"Adrenaline","floor":15.0,"key":"SMITH"},{"data":"Bullet Time","floor":24,"key":"SMITH"},{"floor":32,"key":"REST"},{"data":"Apotheosis","floor":40,"key":"SMITH"},{"floor":49,"key":"RECALL"},{"data":"Night Terror","floor":52,"key":"SMITH"}],"circlet_count":0,"master_deck":["AscendersBane","Defend_G","Defend_G","Defend_G","Defend_G","Survivor","Neutralize","After Image","Infinite Blades","Accuracy","Accuracy","Blade Dance+1","Cloak And Dagger","Acrobatics","PiercingWail","Adrenaline+1","Backflip","Calculated Gamble","Bullet Time+1","Cloak And Dagger+1","Finisher+1","After Image","Blade Dance","Apotheosis+1","Decay","Deflect","Night Terror+1","Backflip","Adrenaline+1","Prepared+1","PiercingWail+1"],"relics":["Ring of the Snake","Meat on the Bone","Blood Vial","Bronze Scales","Nunchaku","Vajra","SacredBark","Orichalcum","Unceasing Top","Tiny Chest","Potion Belt","Coffee Dripper","Bag of Preparation","Ginger","Ninja Scroll"],"acts_visited":["Exordium","TheCity","TheBeyond","TheEnding"],"potions_floor_usage":[23,23,29,38,42,54,55],"damage_taken":[{"damage":0.0,"enemies":"Small Slimes","floor":1.0,"turns":3.0},{"damage":0.0,"enemies":"Cultist","floor":3.0,"turns":4.0},{"damage":2.0,"enemies":"2 Louse","floor":4.0,"turns":4.0},{"damage":12.0,"enemies":"Exordium Thugs","floor":5.0,"turns":4.0},{"damage":0.0,"enemies":"Lagavulin","floor":6.0,"turns":4.0},{"damage":14.0,"enemies":"3 Sentries","floor":8.0,"turns":7.0},{"damage":9.0,"enemies":"Large Slime","floor":10.0,"turns":4.0},{"damage":21.0,"enemies":"Lots of Slimes","floor":11.0,"turns":4.0},{"damage":0.0,"enemies":"Red Slaver","floor":14.0,"turns":1.0},{"damage":0.0,"enemies":"Slime Boss","floor":16.0,"turns":4.0},{"damage":0.0,"enemies":"3 Byrds","floor":18.0,"turns":4.0},{"damage":17.0,"enemies":"2 Thieves","floor":19.0,"turns":3.0},{"damage":15.0,"enemies":"Sentry and Sphere","floor":20.0,"turns":4.0},{"damage":3.0,"enemies":"Snake Plant","floor":21.0,"turns":4.0},{"damage":6,"enemies":"Slavers","floor":23,"turns":6},{"damage":11,"enemies":"Centurion and Healer","floor":25,"turns":4},{"damage":1,"enemies":"Book of Stabbing","floor":29,"turns":4},{"damage":29,"enemies":"Slavers","floor":31,"turns":5},{"damage":37,"enemies":"Automaton","floor":33,"turns":8},{"damage":9,"enemies":"Orb Walker","floor":35,"turns":3},{"damage":6,"enemies":"3 Shapes","floor":37,"turns":4},{"damage":37,"enemies":"Writhing Mass","floor":38,"turns":5},{"damage":24,"enemies":"3 Darklings","floor":39,"turns":4},{"damage":0,"enemies":"Reptomancer","floor":42,"turns":4},{"damage":1,"enemies":"Maw","floor":45,"turns":5},{"damage":11,"enemies":"Transient","floor":48,"turns":5},{"damage":9,"enemies":"Awakened One","floor":50,"turns":10},{"damage":28,"enemies":"Shield and Spear","floor":54,"turns":5},{"damage":47,"enemies":"The Heart","floor":55,"turns":6}],"seed_played":"69989335204018473","potions_obtained":[{"floor":2.0,"key":"Fruit Juice"},{"floor":2.0,"key":"SpeedPotion"},{"floor":2.0,"key":"SneckoOil"},{"floor":3.0,"key":"Explosive Potion"},{"floor":4.0,"key":"Weak Potion"},{"floor":8.0,"key":"ColorlessPotion"},{"floor":10.0,"key":"SpeedPotion"},{"floor":20.0,"key":"Swift Potion"},{"floor":25,"key":"PowerPotion"},{"floor":33,"key":"GamblersBrew"},{"floor":38,"key":"SteroidPotion"},{"floor":39,"key":"Fruit Juice"},{"floor":42,"key":"FearPotion"},{"floor":48,"key":"Block Potion"}],"is_trial":false,"path_per_floor":["M","?","M","M","M","E","T","E","T","M","M","R","$","M","R","B",null,"M","M","M","M","?","E","R","M","T","$","?","E","$","E","R","B",null,"M","?","M","M","M","R","?","E","T","T","M","?","$","M","R","B",null,"R","$","E","B"],"character_chosen":"THE_SILENT","items_purchased":["Vajra","Calculated Gamble","Apotheosis","Deflect"],"campfire_rested":1,"item_purchase_floors":[13,13,27,30],"current_hp_per_floor":[44,49,49,47,35,35,35,35,35,40,33,33,33,47,47,49,66,68,53,40,39,20,28,28,31,31,31,31,44,44,29,50,27,60,53,53,49,26,16,16,16,40,40,40,41,41,41,44,44,49,70,70,70,44,0,0],"gold":79,"neow_bonus":"TRANSFORM_TWO_CARDS","is_daily":false,"chose_seed":false,"campfire_upgraded":5,"win_rate":0.0,"timestamp":1608902136,"path_taken":["M","?","M","M","?","E","?","E","T","?","M","R","$","M","R","BOSS","M","M","?","?","?","E","R","M","T","?","?","E","$","E","R","BOSS","M","?","?","M","M","R","?","E","T","?","?","?","?","M","R","BOSS","R","$","E","BOSS"],"items_purchased_type":["Relic","Card","Card","Card"],"build_version":"2020-12-22","purchased_purges":4,"victory":false,"max_hp_per_floor":[66,71,71,71,71,71,71,71,71,71,71,71,71,71,71,71,71,71,71,71,71,71,71,71,71,71,71,71,71,71,71,71,71,71,71,71,71,71,71,71,71,81,81,81,81,77,77,77,77,77,77,77,77,77,77,77],"card_choices":[{"not_picked":["Sucker Punch","Dash"],"picked":"Accuracy","floor":1.0},{"not_picked":["Riddle With Holes","Outmaneuver"],"picked":"Accuracy","floor":3.0},{"not_picked":["Slice","Poisoned Stab"],"picked":"Blade Dance","floor":4.0},{"not_picked":["Flying Knee","Deadly Poison"],"picked":"Cloak And Dagger","floor":5.0},{"not_picked":["Dodge and Roll","Finisher"],"picked":"Acrobatics","floor":6.0},{"not_picked":["Sucker Punch","Flechettes"],"picked":"PiercingWail","floor":8.0},{"not_picked":["Eviscerate","Bane"],"picked":"Adrenaline","floor":10.0},{"not_picked":["Dagger Spray","PiercingWail"],"picked":"Backflip","floor":11.0},{"not_picked":["Dagger Spray","Bane","Sucker Punch"],"picked":"SKIP","floor":14.0},{"not_picked":["Unload","Wraith Form v2"],"picked":"Bullet Time","floor":16.0},{"not_picked":["Expertise","Poisoned Stab+1"],"picked":"Cloak And Dagger+1","floor":18.0},{"not_picked":["Deflect","Backstab","Endless Agony"],"picked":"SKIP","floor":19.0},{"not_picked":["Cloak And Dagger","Poisoned Stab","Outmaneuver"],"picked":"SKIP","floor":20.0},{"not_picked":["Quick Slash","Poisoned Stab"],"picked":"Finisher+1","floor":21.0},{"not_picked":["Concentrate","Deflect"],"picked":"After Image","floor":23},{"not_picked":["Dagger Spray","Eviscerate"],"picked":"Blade Dance","floor":25},{"not_picked":["Phantasmal Killer","Calculated Gamble","Underhanded Strike"],"picked":"SKIP","floor":29},{"not_picked":["Finisher","Blur","Bane"],"picked":"SKIP","floor":31},{"not_picked":["Glass Knife","Corpse Explosion"],"picked":"Night Terror","floor":33},{"not_picked":["Deflect","Dagger Throw","Backflip"],"picked":"SKIP","floor":35},{"not_picked":["Distraction","PiercingWail","Quick Slash+1"],"picked":"SKIP","floor":37},{"not_picked":["Setup","Expertise","Underhanded Strike"],"picked":"SKIP","floor":38},{"not_picked":["Underhanded Strike","Slice"],"picked":"Backflip","floor":39},{"not_picked":["Eviscerate","Outmaneuver"],"picked":"Prepared+1","floor":42},{"not_picked":["Backflip","Backstab","All Out Attack"],"picked":"SKIP","floor":45},{"not_picked":["Bouncing Flask","Bane","Doppelganger"],"picked":"SKIP","floor":48},{"not_picked":["Leg Sweep","Deflect"],"picked":"PiercingWail+1","floor":54}],"player_experience":379839,"relics_obtained":[{"floor":6.0,"key":"Meat on the Bone"},{"floor":7.0,"key":"Blood Vial"},{"floor":8.0,"key":"Bronze Scales"},{"floor":9.0,"key":"Nunchaku"},{"floor":23,"key":"Orichalcum"},{"floor":26,"key":"Unceasing Top"},{"floor":29,"key":"Tiny Chest"},{"floor":31,"key":"Potion Belt"},{"floor":42,"key":"Bag of Preparation"},{"floor":44,"key":"Ginger"},{"floor":54,"key":"Ninja Scroll"}],"event_choices":[{"damage_healed":0.0,"max_hp_gain":0.0,"max_hp_loss":0.0,"gold_gain":0.0,"event_name":"The Woman in Blue","player_choice":"Bought 3 Potions","floor":2.0,"gold_loss":0.0,"damage_taken":0.0},{"damage_healed":0,"gold_gain":180,"player_choice":"GOLD GOLD ","damage_taken":19,"max_hp_gain":0,"max_hp_loss":0,"event_name":"Knowing Skull","floor":22,"potions_obtained":[],"gold_loss":0,"cards_obtained":[]},{"damage_healed":0,"gold_gain":0,"player_choice":"Smashed Altar","damage_taken":0,"max_hp_gain":0,"max_hp_loss":0,"event_name":"Forgotten Altar","floor":28,"gold_loss":0,"cards_obtained":["Decay"]},{"damage_healed":0,"gold_gain":0,"player_choice":"Ignored","damage_taken":0,"max_hp_gain":0,"max_hp_loss":0,"event_name":"SecretPortal","floor":36,"gold_loss":0},{"damage_healed":0,"gold_gain":0,"player_choice":"Copied","damage_taken":0,"max_hp_gain":0,"max_hp_loss":0,"event_name":"Duplicator","floor":41,"gold_loss":0,"cards_obtained":["Adrenaline"]},{"damage_healed":0,"gold_gain":0,"player_choice":"Max HP","damage_taken":0,"max_hp_gain":0,"max_hp_loss":4,"event_name":"Winding Halls","floor":46,"gold_loss":0}],"is_beta":false,"boss_relics":[{"not_picked":["Busted Crown","Tiny House"],"picked":"SacredBark"},{"not_picked":["Cursed Key","Calling Bell"],"picked":"Coffee Dripper"}],"items_purged_floors":[13,27,47,53],"is_endless":false,"potions_floor_spawned":[3,4,8,10,20,25,33,38,39,42,48],"killed_by":"The Heart","ascension_level":16}}