{"host":"v5j5rnxu2olnd6jo","time":1608912515,"event":{"mods":["BaseMod","Custom Start","DeckTracker","Keyboard Shortcuts","Minty Spire (QoL Compilation)","Permanent Neow","Quick Restart","StSLib","SuperFastMode"],"gold_per_floor":[115,190,190,190,208,239,257,289,328,369,381,393,416,442,454,543,555,577,589,601,623,635,647,677,689,727,517,534,534,534],"floor_reached":29,"playtime":1059,"items_purged":[],"score":536,"play_id":"55c9d4af-133b-49c1-9a25-d06ddfd059e6","local_time":"20201226010835","is_ascension_mode":true,"campfire_choices":[{"data":"Bash","floor":12.0,"key":"SMITH"},{"data":"Sword Boomerang","floor":15.0,"key":"SMITH"},{"floor":23.0,"key":"REST"}],"circlet_count":0,"master_deck":["AscendersBane","Strike_R+1","Strike_R+1","Strike_R+1","Strike_R+1","Defend_R+1","Defend_R+1","Defend_R+1","Defend_R+1","Bash+1","Shrug It Off","Cleave","Offering","Clothesline","Sword Boomerang+1","Spot Weakness","Immolate","Evolve"],"relics":["Burning Blood","NeowsBlessing","PreservedInsect","MawBank","Potion Belt","Runic Cube","Omamori","Blood Vial"],"acts_visited":["Exordium","TheCity"],"potions_floor_usage":[24,24,28,29],"damage_taken":[{"damage":0.0,"enemies":"2 Louse","floor":1.0,"turns":1.0},{"damage":0.0,"enemies":"Cultist","floor":5.0,"turns":1.0},{"damage":0.0,"enemies":"3 Sentries","floor":6.0,"turns":2.0},{"damage":11.0,"enemies":"Jaw Worm","floor":7.0,"turns":5.0},{"damage":26.0,"enemies":"Lagavulin","floor":8.0,"turns":6.0},{"damage":12.0,"enemies":"Gremlin Nob","floor":10.0,"turns":3.0},{"damage":9.0,"enemies":"Blue Slaver","floor":13.0,"turns":4.0},{"damage":23.0,"enemies":"3 Louse","floor":14.0,"turns":5.0},{"damage":27.0,"enemies":"Hexaghost","floor":16.0,"turns":9.0},{"damage":34.0,"enemies":"Spheric Guardian","floor":18.0,"turns":4.0},{"damage":24.0,"enemies":"Shell Parasite","floor":21.0,"turns":6.0},{"damage":15,"enemies":"3 Cultists","floor":24,"turns":4},{"damage":21,"enemies":"Shelled Parasite and Fungi","floor":28,"turns":6},{"damage":16,"enemies":"Snake Plant","floor":29,"turns":1}],"seed_played":"-4555956068008866318","potions_obtained":[{"floor":5.0,"key":"LiquidBronze"},{"floor":6.0,"key":"LiquidMemories"},{"floor":10.0,"key":"PowerPotion"},{"floor":14.0,"key":"Energy Potion"},{"floor":18.0,"key":"BloodPotion"},{"floor":21.0,"key":"BlessingOfTheForge"}],"is_trial":false,"path_per_floor":["M","?","?","?","M","E","M","E","T","E","?","R","M","M","R","B",null,"M","?","?","M","?","R","M","T","T","$","M","M"],"character_chosen":"IRONCLAD","items_purchased":["Ancient Potion","PowerPotion","DistilledChaos"],"campfire_rested":1,"item_purchase_floors":[27,27,27],"current_hp_per_floor":[74,63,63,63,69,75,70,50,50,44,49,49,46,29,29,8,62,34,34,11,10,10,35,26,26,26,26,13,0,0],"gold":534,"neow_bonus":"THREE_ENEMY_KILL","is_daily":false,"chose_seed":false,"campfire_upgraded":2,"win_rate":0.0,"timestamp":1608912515,"path_taken":["M","?","?","?","M","E","?","E","T","E","?","R","M","M","R","BOSS","M","?","?","M","?","R","M","?","T","$","M","M"],"items_purchased_type":["Potion","Potion","Potion"],"build_version":"2020-12-22","purchased_purges":0,"victory":false,"max_hp_per_floor":[75,75,75,75,75,75,75,75,75,75,80,80,80,80,80,80,80,80,80,85,85,85,85,85,85,85,85,85,85,85],"card_choices":[{"not_picked":["Armaments","Wild Strike"],"picked":"Shrug It Off","floor":1.0},{"not_picked":["Flex","Entrench"],"picked":"Cleave","floor":5.0},{"not_picked":["Clash","Sentinel"],"picked":"Offering","floor":6.0},{"not_picked":["Bloodletting","Body Slam"],"picked":"Clothesline","floor":7.0},{"not_picked":["Pummel","Metallicize"],"picked":"Sword Boomerang","floor":8.0},{"not_picked":["Brutality","Sword Boomerang","Searing Blow"],"picked":"SKIP","floor":10.0},{"not_picked":["Dark Embrace","Wild Strike","Sever Soul"],"picked":"SKIP","floor":13.0},{"not_picked":["Disarm","Searing Blow"],"picked":"Spot Weakness","floor":14.0},{"not_picked":["Bludgeon","Demon Form"],"picked":"Immolate","floor":16.0},{"not_picked":["Twin Strike","Searing Blow"],"picked":"Evolve","floor":18.0},{"not_picked":["Clothesline+1","Uppercut","Shrug It Off"],"picked":"SKIP","floor":21.0},{"not_picked":["Iron Wave+1","True Grit","Carnage"],"picked":"SKIP","floor":24},{"not_picked":["Uppercut","True Grit","Armaments"],"picked":"SKIP","floor":28}],"player_experience":878994,"relics_obtained":[{"floor":6.0,"key":"PreservedInsect"},{"floor":8.0,"key":"MawBank"},{"floor":9.0,"key":"Potion Belt"},{"floor":25,"key":"Omamori"},{"floor":26,"key":"Blood Vial"}],"event_choices":[{"damage_healed":0.0,"max_hp_gain":0.0,"max_hp_loss":0.0,"gold_gain":75.0,"event_name":"World of Goop","player_choice":"Gather Gold","floor":2.0,"gold_loss":0.0,"damage_taken":11.0},{"damage_healed":0.0,"max_hp_gain":0.0,"max_hp_loss":0.0,"gold_gain":0.0,"event_name":"Liars Game","player_choice":"Ignored","floor":3.0,"gold_loss":0.0,"damage_taken":0.0},{"cards_removed":["Strike_R"],"damage_healed":0.0,"max_hp_gain":0.0,"max_hp_loss":0.0,"gold_gain":0.0,"event_name":"Wheel of Change","player_choice":"Card Removal","floor":4.0,"gold_loss":0.0,"damage_taken":0.0},{"damage_healed":0.0,"max_hp_gain":5.0,"max_hp_loss":0.0,"gold_gain":0.0,"event_name":"Big Fish","player_choice":"Donut","floor":11.0,"gold_loss":0.0,"damage_taken":0.0},{"damage_healed":0.0,"max_hp_gain":0.0,"max_hp_loss":0.0,"gold_gain":0.0,"event_name":"Back to Basics","player_choice":"Simplicity","floor":19.0,"gold_loss":0.0,"damage_taken":0.0,"cards_upgraded":["Strike_R","Strike_R","Strike_R","Strike_R","Defend_R","Defend_R","Defend_R","Defend_R"]},{"damage_healed":0.0,"max_hp_gain":5.0,"max_hp_loss":0.0,"gold_gain":0.0,"event_name":"Forgotten Altar","player_choice":"Shed Blood","floor":20.0,"gold_loss":0.0,"damage_taken":28.0},{"damage_healed":0.0,"max_hp_gain":0.0,"max_hp_loss":0.0,"gold_gain":0.0,"event_name":"Cursed Tome","player_choice":"Ignored","floor":22.0,"gold_loss":0.0,"damage_taken":0.0}],"is_beta":false,"boss_relics":[{"not_picked":["SlaversCollar","Mark of Pain"],"picked":"Runic Cube"}],"items_purged_floors":[],"is_endless":false,"potions_floor_spawned":[5,6,10,14,18,21],"killed_by":"Snake Plant","ascension_level":20}}