{"host":"vumwfieg2b2mnrfl","time":1608928504,"event":{"mods":["AchievementEnabler","BaseMod","Minty Spire (QoL Compilation)","Rare Cards Sparkle","Relic Stats"],"gold_per_floor":[17,17,33,53,53,53,88,88,88,105,137,147,161,236,236,310,310,321,334,360,459,470,501,501,526,526,526,550,562,12,47,47,118,118,136,136,136,358,372,372,263,290,290,324,17,17,17,31,31,31],"floor_reached":51,"playtime":2072,"items_purged":["Strike_R"],"score":1356,"play_id":"644c0b1a-a780-4df4-9d2e-9c71a5485ed9","local_time":"20201225143503","is_ascension_mode":true,"campfire_choices":[{"data":"Apotheosis","floor":6.0,"key":"SMITH"},{"floor":8.0,"key":"REST"},{"data":"Disarm","floor":15,"key":"SMITH"},{"floor":24,"key":"REST"},{"floor":27,"key":"DIG"},{"floor":29,"key":"REST"},{"floor":32,"key":"REST"},{"floor":40,"key":"DIG"},{"floor":47,"key":"REST"},{"floor":49,"key":"DIG"}],"circlet_count":0,"master_deck":["AscendersBane","Strike_R","Strike_R","Defend_R+1","Defend_R","Defend_R","Bash","Apotheosis+1","Shrug It Off","Anger","Clothesline","Disarm+1","Flame Barrier+1","Headbutt","Bloodletting+1","Headbutt+1","Whirlwind+1","Body Slam","Spot Weakness+1","True Grit+1","Metallicize","Limit Break","Hemokinesis","Flame Barrier","Disarm+1","Shame","Metallicize"],"relics":["Burning Blood","Calipers","HornCleat","Bag of Preparation","Astrolabe","Red Mask","PreservedInsect","Shovel","Shuriken","MawBank","Singing Bowl","Pocketwatch","Centennial Puzzle","Cursed Key","Orichalcum","Mummified Hand","Torii","Nunchaku","DollysMirror","War Paint","White Beast Statue"],"acts_visited":["Exordium","TheCity","TheBeyond"],"potions_floor_usage":[16,20,33,50],"damage_taken":[{"damage":8.0,"enemies":"2 Louse","floor":1.0,"turns":3.0},{"damage":6.0,"enemies":"Cultist","floor":3.0,"turns":3.0},{"damage":12.0,"enemies":"Jaw Worm","floor":4.0,"turns":4.0},{"damage":26.0,"enemies":"3 Sentries","floor":7.0,"turns":10.0},{"damage":12.0,"enemies":"Exordium Thugs","floor":10.0,"turns":7.0},{"damage":16.0,"enemies":"Lagavulin","floor":11.0,"turns":8.0},{"damage":0.0,"enemies":"Exordium Wildlife","floor":12.0,"turns":5.0},{"damage":13.0,"enemies":"3 Louse","floor":13.0,"turns":3.0},{"damage":16,"enemies":"Hexaghost","floor":16,"turns":14},{"damage":3,"enemies":"3 Byrds","floor":18,"turns":5},{"damage":32,"enemies":"Spheric Guardian","floor":19,"turns":7},{"damage":17,"enemies":"Masked Bandits","floor":20,"turns":5},{"damage":19,"enemies":"Cultist and Chosen","floor":22,"turns":5},{"damage":11,"enemies":"Gremlin Leader","floor":23,"turns":5},{"damage":18,"enemies":"Slavers","floor":25,"turns":5},{"damage":6,"enemies":"Snecko","floor":28,"turns":5},{"damage":42,"enemies":"Gremlin Leader","floor":31,"turns":6},{"damage":25,"enemies":"Champ","floor":33,"turns":8},{"damage":0,"enemies":"Orb Walker","floor":35,"turns":3},{"damage":6,"enemies":"3 Darklings","floor":39,"turns":7},{"damage":27,"enemies":"Reptomancer","floor":42,"turns":6},{"damage":49,"enemies":"Giant Head","floor":44,"turns":8},{"damage":2,"enemies":"Sphere and 2 Shapes","floor":48,"turns":6},{"damage":31,"enemies":"Awakened One","floor":50,"turns":9}],"seed_played":"-2215046844153477252","potions_obtained":[{"floor":1.0,"key":"Dexterity Potion"},{"floor":3.0,"key":"Swift Potion"},{"floor":5.0,"key":"FairyPotion"},{"floor":18,"key":"SteroidPotion"},{"floor":31,"key":"Strength Potion"},{"floor":33,"key":"BlessingOfTheForge"},{"floor":35,"key":"Strength Potion"}],"is_trial":false,"path_per_floor":["M","$","M","M","?","R","E","R","T","M","E","M","M","?","R","B",null,"M","M","?","?","M","E","R","E","T","R","M","R","$","E","R","B",null,"M","?","$","?","M","R","$","E","T","E","$","?","R","M","R","B",null],"character_chosen":"IRONCLAD","items_purchased":["Singing Bowl","Pocketwatch","Flame Barrier","DollysMirror","War Paint"],"campfire_rested":5,"item_purchase_floors":[30,30,41,45,45],"current_hp_per_floor":[70,70,70,64,64,64,44,68,68,62,52,58,51,43,43,33,68,75,53,46,46,33,28,55,47,47,47,47,75,75,45,75,56,91,99,99,99,99,101,101,101,80,80,43,43,43,76,82,82,57],"gold":31,"neow_bonus":"RANDOM_COLORLESS_2","is_daily":false,"chose_seed":false,"campfire_upgraded":2,"win_rate":0.0,"timestamp":1608928503,"path_taken":["M","$","M","M","?","R","E","R","T","M","E","?","M","?","R","BOSS","M","?","?","?","M","E","R","E","T","R","M","R","$","E","R","BOSS","M","?","?","?","M","R","$","E","T","E","$","?","R","M","R","BOSS"],"items_purchased_type":["Relic","Relic","Card","Relic","Relic"],"build_version":"2020-12-22","purchased_purges":1,"victory":true,"max_hp_per_floor":[80,80,80,80,80,80,80,80,80,80,80,80,80,80,80,80,80,84,88,92,92,92,92,92,96,96,96,96,96,96,102,102,102,102,104,104,104,104,106,106,106,106,106,112,112,112,112,114,114,114],"relic_stats":{"Singing Bowl":10,"Torii":4,"counters":[24,147],"Astrolabe":["Bloodletting","Headbutt","Whirlwind"],"PreservedInsect":278,"Bag of Preparation":[36],"Orichalcum":[42],"War Paint":["Flame Barrier","Defend_R"],"MawBank":36,"Cursed Key":1,"Burning Blood":144,"Centennial Puzzle":[18],"Nunchaku":[2],"Shovel":3,"Shuriken":[12],"Mummified Hand":[5],"obtain_stats":[{"Calipers":7,"Singing Bowl":30,"Torii":43,"Astrolabe":17,"PreservedInsect":23,"Bag of Preparation":11,"Orichalcum":40,"War Paint":45,"MawBank":27,"Cursed Key":34,"Burning Blood":0,"White Beast Statue":49,"Centennial Puzzle":31,"Nunchaku":44,"HornCleat":9,"Shovel":25,"Shuriken":26,"Mummified Hand":42,"DollysMirror":45,"Red Mask":20,"Pocketwatch":30},{"Calipers":4,"Singing Bowl":16,"Torii":21,"Astrolabe":9,"PreservedInsect":14,"Bag of Preparation":6,"Orichalcum":20,"War Paint":22,"MawBank":15,"Cursed Key":18,"Burning Blood":0,"White Beast Statue":23,"Centennial Puzzle":17,"Nunchaku":22,"HornCleat":4,"Shovel":15,"Shuriken":15,"Mummified Hand":21,"DollysMirror":22,"Red Mask":12,"Pocketwatch":16},{"Calipers":20,"Singing Bowl":94,"Torii":124,"Astrolabe":57,"PreservedInsect":84,"Bag of Preparation":35,"Orichalcum":118,"War Paint":132,"MawBank":89,"Cursed Key":108,"Burning Blood":0,"White Beast Statue":138,"Centennial Puzzle":100,"Nunchaku":132,"HornCleat":20,"Shovel":89,"Shuriken":89,"Mummified Hand":124,"DollysMirror":132,"Red Mask":74,"Pocketwatch":94}],"Pocketwatch":[84]},"card_choices":[{"not_picked":["Violence","Secret Technique"],"picked":"Apotheosis","floor":0.0},{"not_picked":["Sword Boomerang","Sever Soul"],"picked":"Shrug It Off","floor":1.0},{"not_picked":["Heavy Blade","True Grit"],"picked":"Anger","floor":3.0},{"not_picked":["Wild Strike","Clash","Evolve"],"picked":"SKIP","floor":4.0},{"not_picked":["Clash","Anger"],"picked":"Armaments","floor":7.0},{"not_picked":["Sword Boomerang","Clash"],"picked":"Clothesline","floor":10.0},{"not_picked":["Brutality","Heavy Blade"],"picked":"Disarm","floor":11.0},{"not_picked":["Shrug It Off","Power Through"],"picked":"Flame Barrier","floor":12.0},{"not_picked":["Shrug It Off","Wild Strike"],"picked":"Headbutt","floor":13.0},{"not_picked":["Impervious","Bludgeon"],"picked":"Feed","floor":16},{"not_picked":["Iron Wave","Armaments","Wild Strike"],"picked":"SKIP","floor":18},{"not_picked":["Twin Strike","Dropkick+1"],"picked":"Body Slam","floor":19},{"not_picked":["Corruption","Body Slam"],"picked":"Spot Weakness+1","floor":20},{"not_picked":["Cleave+1","Inflame+1","Perfected Strike"],"picked":"SKIP","floor":22},{"not_picked":["Reckless Charge","Headbutt"],"picked":"True Grit+1","floor":23},{"not_picked":["Warcry","Dual Wield"],"picked":"Metallicize","floor":25},{"not_picked":["Headbutt+1","True Grit","Havoc"],"picked":"SKIP","floor":28},{"not_picked":["Headbutt","Reckless Charge","Sentinel"],"picked":"Singing Bowl","floor":31},{"not_picked":["Juggernaut","Bludgeon"],"picked":"Limit Break","floor":33},{"not_picked":["Fire Breathing","Cleave","Sword Boomerang"],"picked":"Singing Bowl","floor":35},{"not_picked":["Iron Wave","Clothesline","Body Slam"],"picked":"Singing Bowl","floor":39},{"not_picked":["Combust+1","Berserk"],"picked":"Disarm+1","floor":42},{"not_picked":["Armaments","Feel No Pain","Twin Strike"],"picked":"Singing Bowl","floor":44},{"not_picked":["Anger","Spot Weakness+1","Perfected Strike"],"picked":"Singing Bowl","floor":48}],"player_experience":306618,"relics_obtained":[{"floor":7.0,"key":"Calipers"},{"floor":9.0,"key":"HornCleat"},{"floor":11.0,"key":"Bag of Preparation"},{"floor":20,"key":"Red Mask"},{"floor":23,"key":"PreservedInsect"},{"floor":25,"key":"Shovel"},{"floor":26,"key":"Shuriken"},{"floor":27,"key":"MawBank"},{"floor":31,"key":"Centennial Puzzle"},{"floor":40,"key":"Orichalcum"},{"floor":42,"key":"Mummified Hand"},{"floor":43,"key":"Torii"},{"floor":44,"key":"Nunchaku"},{"floor":49,"key":"White Beast Statue"}],"event_choices":[{"damage_healed":0.0,"max_hp_gain":0.0,"max_hp_loss":0.0,"gold_gain":0.0,"event_name":"Lab","player_choice":"Got Potions","floor":5.0,"gold_loss":0.0,"damage_taken":0.0},{"damage_healed":0,"gold_gain":75,"player_choice":"Touch","damage_taken":8,"max_hp_gain":0,"max_hp_loss":0,"event_name":"FaceTrader","floor":14,"gold_loss":0},{"damage_healed":0,"gold_gain":0,"player_choice":"Fought Bandits","damage_taken":0,"max_hp_gain":0,"max_hp_loss":0,"event_name":"Masked Bandits","floor":20,"gold_loss":0},{"damage_healed":0,"gold_gain":99,"player_choice":"Stole From Cult","damage_taken":0,"max_hp_gain":0,"max_hp_loss":0,"event_name":"Nest","floor":21,"gold_loss":0},{"damage_healed":0,"gold_gain":0,"cards_transformed":["Armaments"],"player_choice":"Transformed","damage_taken":0,"max_hp_gain":0,"max_hp_loss":0,"event_name":"Transmorgrifier","floor":36,"gold_loss":0,"cards_obtained":["Hemokinesis"]},{"damage_healed":0,"gold_gain":222,"player_choice":"Wore Mask","damage_taken":0,"max_hp_gain":0,"max_hp_loss":0,"event_name":"Tomb of Lord Red Mask","floor":38,"gold_loss":0},{"cards_removed":["Feed"],"damage_healed":0,"gold_gain":0,"player_choice":"Removed Attack","damage_taken":0,"max_hp_gain":0,"max_hp_loss":0,"event_name":"Falling","floor":46,"gold_loss":0}],"is_beta":false,"boss_relics":[{"not_picked":["Tiny House","Runic Dome"],"picked":"Astrolabe"},{"not_picked":["Velvet Choker","Philosopher\u0027s Stone"],"picked":"Cursed Key"}],"items_purged_floors":[41],"is_endless":false,"potions_floor_spawned":[1,3,7,10,18,31,33,35,48],"ascension_level":13}}