{"host":"3srbdas3e7jgqz5l","time":1608917671,"event":{"mods":["BaseMod","Downfall","Jorbs\u0027s Wanderer Trilogy","Minty Spire (QoL Compilation)","StSLib"],"gold_per_floor":[119,135,151,171,171,171,198,198,272,300,314,330,107,136,136,136,136],"floor_reached":16,"playtime":737,"items_purged":["Strike_R"],"score":207,"play_id":"e3cc00e4-173e-43de-bbe3-04afecf31b3e","local_time":"20201225173431","is_ascension_mode":true,"campfire_choices":[{"data":"Mind Blast","floor":6.0,"key":"SMITH"},{"data":"Corruption","floor":8.0,"key":"SMITH"},{"data":"Metallicize","floor":15.0,"key":"SMITH"}],"circlet_count":0,"master_deck":["AscendersBane","Strike_R","Strike_R","Strike_R","Strike_R","Defend_R","Defend_R","Defend_R","Defend_R","Bash","Corruption+1","Shockwave","Hemokinesis","Wild Strike","Clothesline","Mind Blast+1","Burning Pact","Shrug It Off","Flame Barrier","Metallicize+1","Shrug It Off","True Grit","Dark Embrace"],"relics":["Burning Blood","Charon\u0027s Ashes","Shuriken","Bag of Marbles","Ancient Tea Set"],"acts_visited":["Exordium"],"potions_floor_usage":[16],"damage_taken":[{"damage":9.0,"enemies":"Jaw Worm","floor":1.0,"turns":6.0},{"damage":4.0,"enemies":"Cultist","floor":2.0,"turns":4.0},{"damage":4.0,"enemies":"2 Louse","floor":3.0,"turns":3.0},{"damage":14.0,"enemies":"Blue Slaver","floor":4.0,"turns":3.0},{"damage":37.0,"enemies":"Lagavulin","floor":7.0,"turns":6.0},{"damage":16.0,"enemies":"Gremlin Nob","floor":10.0,"turns":4.0},{"damage":7.0,"enemies":"Exordium Thugs","floor":11.0,"turns":5.0},{"damage":0.0,"enemies":"2 Fungi Beasts","floor":12.0,"turns":3.0},{"damage":16.0,"enemies":"3 Sentries","floor":14.0,"turns":9.0},{"damage":33,"enemies":"Hexaghost","floor":16,"turns":16}],"seed_played":"8247819808238515866","potions_obtained":[{"floor":1.0,"key":"Regen Potion"},{"floor":2.0,"key":"Fruit Juice"},{"floor":4.0,"key":"SteroidPotion"}],"is_trial":false,"path_per_floor":["M","M","M","M","?","R","E","R","T","E","M","M","$","E","R","B"],"character_chosen":"IRONCLAD","items_purchased":["Shrug It Off","True Grit","Block Potion"],"campfire_rested":0,"item_purchase_floors":[13,13,13],"current_hp_per_floor":[65,72,74,66,66,66,35,35,35,37,36,42,42,32,32,0,0],"gold":136,"neow_bonus":"ONE_RANDOM_RARE_CARD","is_daily":false,"chose_seed":false,"campfire_upgraded":3,"win_rate":0.0,"timestamp":1608917671,"path_taken":["M","M","M","M","?","R","E","R","T","E","M","M","$","E","R","BOSS"],"items_purchased_type":["Card","Card","Potion"],"build_version":"2020-12-22","purchased_purges":1,"victory":false,"max_hp_per_floor":[75,80,80,80,80,80,80,80,80,80,80,80,80,80,80,80,80],"card_choices":[{"not_picked":["True Grit","Entrench"],"picked":"Shockwave","floor":1.0},{"not_picked":["Rampage","Wild Strike"],"picked":"Hemokinesis","floor":2.0},{"not_picked":["Cleave","Twin Strike"],"picked":"Wild Strike","floor":3.0},{"not_picked":["Bloodletting","Dual Wield"],"picked":"Clothesline","floor":4.0},{"not_picked":["Burning Pact","Bloodletting"],"picked":"Flame Barrier","floor":7.0},{"not_picked":["Searing Blow","Entrench","Headbutt"],"picked":"SKIP","floor":10.0},{"not_picked":["Body Slam","Sword Boomerang"],"picked":"Metallicize","floor":11.0},{"not_picked":["Body Slam","Clash","Iron Wave"],"picked":"SKIP","floor":12.0},{"not_picked":["Shrug It Off","Bloodletting"],"picked":"Dark Embrace","floor":14.0}],"player_experience":513801,"relics_obtained":[{"floor":7.0,"key":"Charon\u0027s Ashes"},{"floor":9.0,"key":"Shuriken"},{"floor":10.0,"key":"Bag of Marbles"},{"floor":14.0,"key":"Ancient Tea Set"}],"event_choices":[{"damage_healed":0.0,"max_hp_gain":0.0,"max_hp_loss":0.0,"gold_gain":0.0,"event_name":"Match and Keep!","player_choice":"3 cards matched","floor":5.0,"gold_loss":0.0,"damage_taken":0.0,"cards_obtained":["Mind Blast","Burning Pact","Shrug It Off"]}],"is_beta":false,"boss_relics":[],"items_purged_floors":[13],"is_endless":false,"potions_floor_spawned":[1,2,4,7],"killed_by":"Hexaghost","ascension_level":14}}