{"host":"tlbgt7ns5r9s9fgj","time":1608896356,"event":{"mods":["2.2 Compatiblity","Act Like it!","Aspiration","BaseMod","Better Altar","Better Match","Better Note","Better Sensory Stone","Better Skull","Better Third Choice","Better Vampires","BetterRewards","Challenge The Spire","Colored Map","Colored Powertips","Conspire","Downfall","Elementarium","Energized Spire","Friendly Minions","GifTheSpireLib","Halation","Highlight Path","Hubris","Ironclad Rager","Jedi Mod","Key Reminder","Marked Mod","Melee Mod","Minty Spire (QoL Compilation)","Pale of the Ancients","Permanent Neow","Pikachu Mod","Potionbrewer","Practice Mode","Relic Sorter","Remilia??????","Replay The Spire","Retaliation","SCP261 Mod","Shop Mod","Spicy Shops","Spikes Relics","StSLib","Stuff the Spire","The Factory","The Jungle","TheVacant","vexMod"],"gold_per_floor":[113,113,0,0,16,16,27,40,87,87,87,262,281,35,35,61,61,160,160,175,175,175,175,193,223,223,243,243,276,276,276,310,55,55,55,55,150,150,164,164,164,179,225,225,254,254,280,280,280,290,304,27,27,27,43,59,89,89,89,99,99,125,125,125],"floor_reached":65,"playtime":4292,"items_purged":["Regret","Doubt","Delirium"],"score":1499,"play_id":"57391fb0-75ce-4a98-858a-d3d3e63f006e","local_time":"20201225063916","is_ascension_mode":false,"campfire_choices":[{"data":"theVacant:ShriekingBlast","floor":6,"key":"SMITH"},{"data":"theVacant:ShriekingBlast","floor":17,"key":"SMITH"},{"data":"theVacant:VoidForm","floor":26,"key":"SMITH"},{"data":"theVacant:WhenDarknessComes","floor":44,"key":"SMITH"},{"data":"theVacant:Crunch","floor":48,"key":"SMITH"},{"data":"theVacant:Husk","floor":53,"key":"SMITH"},{"data":"theVacant:EyePoke","floor":59,"key":"SMITH"},{"data":"theVacant:Yeet","floor":61,"key":"SMITH"}],"circlet_count":0,"master_deck":["theVacant:VacantStarterStrike","theVacant:VacantStarterDefend","theVacant:VacantStarterDefend+1","theVacant:VacantStarterDefend","theVacant:VacantStarterDefend+1","theVacant:Release","theVacant:Crunch+1","theVacant:VacantStarterStrike","theVacant:Reconnect","theVacant:ShriekingBlast+1","theVacant:ShriekingBlast+1","theVacant:EmptyShield+1","theVacant:BellToll","theVacant:OnSecondThought+1","theVacant:Sneeze+1","theVacant:EmptyShield+1","theVacant:CleanseSoul","theVacant:Anguish","theVacant:VoidForm+1","theVacant:EyePoke+1","theVacant:Barrage+1","theVacant:OnSecondThought+1","theVacant:Dig+1","theVacant:OnSecondThought+1","theVacant:BrassMagnet","theVacant:Dig+1","theVacant:Yeet+1","theVacant:ReaperStrike","theVacant:WhenDarknessComes+1","theVacant:Jab+1","theVacant:Gloom+1","theVacant:Cower+1","theVacant:OnSecondThought+1","Madness+1","theVacant:BurdenBreak+1","theVacant:Dig+1","theVacant:Husk+1","theVacant:Jab+1","theVacant:Enrage+1","theVacant:VoidEmbrace","theVacant:Voidstone+1","theVacant:Cower+1"],"relics":["theVacant:BrassGoblet","StuffTheSpire:Mouthbags","Toxic Egg 2","Strawberry","Spirit Poop","Juzu Bracelet","jedi:paperlyon","theJungle:BirthdayCake","Ring of Fangs","Ring of Searing","Iron Hammer","GiantMaggot","halation:LettersToHer","keyreminder:keyreminder","jedi:shrinkray","Lizard Tail","Blue Candle","StuffTheSpire:MayFlowers","halation:BottledLove","halation:Pancakes","aspiration:HiddenCompartment","StuffTheSpire:Barrel","paleoftheancients:Timepiece","paleoftheancients:KeyRelic","Bronze Scales","CultistMask","paleoftheancients:SoulOfTheShapes","Chameleon Ring","War Paint","Pet Ghost"],"acts_visited":["Exordium","Exordium","theJungle:Jungle","theFactory:Factory"],"potions_floor_usage":[8,25,27,37,37,56,64,64,64],"damage_taken":[{"damage":7,"enemies":"2 Louse","floor":1,"turns":3},{"damage":6,"enemies":"Jaw Worm","floor":5,"turns":3},{"damage":2,"enemies":"Cultist","floor":7,"turns":3},{"damage":6,"enemies":"Looter","floor":8,"turns":2},{"damage":12,"enemies":"Blue Slaver","floor":13,"turns":3},{"damage":4,"enemies":"3 Sentries","floor":16,"turns":3},{"damage":0,"enemies":"Slime Boss","floor":18,"turns":7},{"damage":23,"enemies":"theJungle:Flameango_and_Byrd","floor":20,"turns":7},{"damage":37,"enemies":"theJungle:MUSHROOMGANG","floor":24,"turns":5},{"damage":22,"enemies":"theJungle:2_Phrogs","floor":25,"turns":6},{"damage":17,"enemies":"theJungle:JungleHuntersEncounter","floor":27,"turns":6},{"damage":2,"enemies":"theJungle:MamaSnecko","floor":29,"turns":7},{"damage":9,"enemies":"theJungle:Cassacara","floor":32,"turns":4},{"damage":17,"enemies":"theJungle:TotemBoss","floor":37,"turns":7},{"damage":5,"enemies":"theFactory:BigBot","floor":39,"turns":2},{"damage":36,"enemies":"theFactory:4_Mini-Bots","floor":42,"turns":5},{"damage":8,"enemies":"theFactory:Manservantes","floor":45,"turns":4},{"damage":5,"enemies":"theFactory:Sentries_and_Big_Bot","floor":50,"turns":3},{"damage":10,"enemies":"theFactory:6_Mini-Bots","floor":51,"turns":4},{"damage":5,"enemies":"theFactory:Experiment01","floor":54,"turns":5},{"damage":13,"enemies":"theFactory:Experiment01","floor":55,"turns":4},{"damage":73,"enemies":"theFactory:Experiment01","floor":56,"turns":6},{"damage":0,"enemies":"conspire:MimicChest","floor":57,"turns":1},{"damage":82,"enemies":"conspire:MimicChest","floor":60,"turns":8},{"damage":109,"enemies":"paleoftheancients:N","floor":64,"turns":6}],"seed_played":"2983246731881689291","potions_obtained":[{"floor":1,"key":"champ:CounterPotion"},{"floor":4,"key":"Dexterity Potion"},{"floor":4,"key":"champ:CounterPotion"},{"floor":7,"key":"BlessingOfTheForge"},{"floor":13,"key":"potionbrewer:AcidPotion"},{"floor":20,"key":"FairyPotion"},{"floor":25,"key":"SCP261:EnergyGasPotion"},{"floor":27,"key":"PowerPotion"},{"floor":37,"key":"potionbrewer:BoundlessPotion"},{"floor":42,"key":"Dexterity Potion"},{"floor":43,"key":"potionbrewer:AcidPotion"},{"floor":51,"key":"Strength Potion"},{"floor":55,"key":"potionbrewer:StunPotion"},{"floor":60,"key":"SkillPotion"}],"is_trial":false,"path_per_floor":["M","?","$","?","M","R","M","M","T","PTL","PTL","?","M","$","?","E","R","B",null,"M","?","?","?","M","E","R","M","T","E","PTL","PTL","E","$","?","T","R_BF","B",null,"M","?","T","M","?","R","E","?","T","R","?","M","M","$","R_BF","B","M","M","?","T","R","M","R","T","?","B",null],"character_chosen":"THE_VACANT","items_purchased":["theVacant:ShriekingBlast","theVacant:EmptyShield+1","theVacant:CleanseSoul","theVacant:Dig+1","theVacant:Yeet","StuffTheSpire:Barrel","theVacant:Husk","theVacant:Jab+1"],"campfire_rested":0,"item_purchase_floors":[3,3,14,33,33,52,52,52],"current_hp_per_floor":[73,73,73,73,67,67,65,59,66,66,66,66,54,54,54,50,50,50,87,64,64,84,84,47,25,25,8,8,6,6,6,32,32,32,32,32,15,107,102,102,102,66,24,24,84,75,75,75,54,49,39,39,39,107,105,75,91,91,91,61,61,61,61,65],"gold":125,"neow_bonus":"RANDOM_EVENT","is_daily":false,"chose_seed":false,"campfire_upgraded":8,"win_rate":0.0,"timestamp":1608896356,"path_taken":["M","?","$","?","?","R","M","M","T","PTL","PTL","?","M","$","?","E","R","BOSS","M","?","?","?","M","E","R","M","T","E","PTL","PTL","E","?","?","?","R_BF","BOSS","M","?","?","M","?","R","E","?","T","R","?","M","M","?","R_BF","BOSS","M","M","?","T","R","M","R","T","?","BOSS"],"items_purchased_type":["Card","Card","Card","Card","Card","Relic","Card","Card"],"build_version":"2020-12-22","purchased_purges":3,"victory":true,"max_hp_per_floor":[80,80,80,80,80,80,80,80,87,87,87,87,87,87,87,87,87,87,87,87,87,107,107,107,107,107,107,107,107,107,107,107,107,107,107,107,107,107,107,107,107,107,107,107,107,107,107,107,107,107,107,107,107,107,107,107,107,107,107,107,107,107,107,107],"card_choices":[{"not_picked":["theVacant:ShutAway","theVacant:CursedBlast"],"picked":"theVacant:Reconnect","floor":1},{"not_picked":["theVacant:CursedBlast","theVacant:ShriekingBlast"],"picked":"theVacant:BellToll","floor":5},{"not_picked":["theVacant:Dig+1","theVacant:Rejection"],"picked":"theVacant:OnSecondThought+1","floor":7},{"not_picked":["theVacant:GraveDigger","theVacant:Jab"],"picked":"theVacant:Sneeze+1","floor":8},{"not_picked":["theVacant:Thoughtseize","theVacant:Recover"],"picked":"theVacant:EmptyShield+1","floor":13},{"not_picked":["theVacant:Acceptance","theVacant:ShutAway+1"],"picked":"theVacant:Anguish","floor":16},{"not_picked":["theVacant:ForgeSoul","theVacant:DimensionTear"],"picked":"theVacant:VoidForm","floor":18},{"not_picked":["theVacant:Dig+1","theVacant:Whip"],"picked":"theVacant:EyePoke","floor":20},{"not_picked":["theVacant:CursedBlast","theVacant:Carve"],"picked":"theVacant:Barrage+1","floor":24},{"not_picked":["theVacant:GraveWave","theVacant:Snowball"],"picked":"theVacant:OnSecondThought+1","floor":25},{"not_picked":["theVacant:Fling","theVacant:CursedBlast"],"picked":"theVacant:Dig+1","floor":27},{"not_picked":["theVacant:Expand+1","theVacant:Hex+1"],"picked":"theVacant:OnSecondThought+1","floor":29},{"not_picked":["theVacant:Jab","theVacant:SurpriseAttack"],"picked":"theVacant:BrassMagnet","floor":32},{"not_picked":["theVacant:TimeSkip+1","theVacant:DimensionTear"],"picked":"theVacant:WhenDarknessComes","floor":37},{"not_picked":["theVacant:Enrage+1","theVacant:Spinshield+1"],"picked":"theVacant:Jab+1","floor":39},{"not_picked":["theVacant:BattleScars+1","theVacant:Fling"],"picked":"theVacant:Gloom+1","floor":42},{"not_picked":["theVacant:Fortify+1","theVacant:FiendFrost"],"picked":"theVacant:Cower+1","floor":43},{"not_picked":["theVacant:Reconnect+1","theVacant:Barrage+1"],"picked":"theVacant:OnSecondThought+1","floor":45},{"not_picked":["theVacant:Barrage","theVacant:Jab+1"],"picked":"theVacant:BurdenBreak+1","floor":50},{"not_picked":["theVacant:BrassMagnet+1","theVacant:Thoughtseize+1"],"picked":"theVacant:Dig+1","floor":51},{"not_picked":["theVacant:Soothe+1","theVacant:Immaterialize"],"picked":"theVacant:Enrage+1","floor":55},{"not_picked":["theVacant:Anguish+1","theVacant:Thoughtseize"],"picked":"theVacant:VoidEmbrace","floor":56},{"not_picked":["theVacant:EyePoke","theVacant:BellToll+1"],"picked":"theVacant:Voidstone+1","floor":57},{"not_picked":["theVacant:Immaterialize+1","theVacant:Barrage"],"picked":"theVacant:Cower+1","floor":60}],"player_experience":299436,"relics_obtained":[{"floor":9,"key":"Strawberry"},{"floor":16,"key":"Juzu Bracelet"},{"floor":23,"key":"Ring of Fangs"},{"floor":23,"key":"Ring of Searing"},{"floor":25,"key":"Iron Hammer"},{"floor":28,"key":"GiantMaggot"},{"floor":29,"key":"halation:LettersToHer"},{"floor":32,"key":"jedi:shrinkray"},{"floor":35,"key":"halation:LettersToHer"},{"floor":35,"key":"Lizard Tail"},{"floor":41,"key":"halation:LettersToHer"},{"floor":41,"key":"StuffTheSpire:MayFlowers"},{"floor":43,"key":"halation:BottledLove"},{"floor":45,"key":"halation:Pancakes"},{"floor":47,"key":"halation:LettersToHer"},{"floor":55,"key":"paleoftheancients:SoulOfTheShapes"},{"floor":57,"key":"Chameleon Ring"},{"floor":58,"key":"halation:LettersToHer"},{"floor":58,"key":"War Paint"},{"floor":62,"key":"Pet Ghost"},{"floor":62,"key":"halation:LettersToHer"}],"event_choices":[{"damage_healed":0,"gold_gain":0,"player_choice":"Box","damage_taken":0,"relics_obtained":["StuffTheSpire:Mouthbags"],"max_hp_gain":0,"max_hp_loss":0,"event_name":"Big Fish","floor":0,"gold_loss":0,"cards_obtained":["Regret"]},{"damage_healed":0,"gold_gain":0,"player_choice":"Got Potions","damage_taken":0,"max_hp_gain":0,"max_hp_loss":0,"event_name":"Lab","floor":4,"gold_loss":0},{"damage_healed":0,"gold_gain":175,"player_choice":"AGREE","damage_taken":87,"max_hp_gain":0,"max_hp_loss":0,"event_name":"betterThird:BetterSerpent","floor":12,"gold_loss":0},{"cards_removed":["Injury"],"damage_healed":0,"gold_gain":0,"player_choice":"Offered Curse","damage_taken":0,"relics_obtained":["Spirit Poop"],"max_hp_gain":0,"max_hp_loss":0,"event_name":"Bonfire Elementals","floor":15,"gold_loss":0},{"damage_healed":0,"gold_gain":0,"player_choice":"Ignored","damage_taken":0,"max_hp_gain":0,"max_hp_loss":0,"event_name":"betterNote:BetterNote","floor":21,"gold_loss":0,"cards_obtained":["Enlightenment"]},{"cards_removed":["theVacant:VacantStarterStrike"],"damage_healed":0,"gold_gain":0,"player_choice":"Purged","damage_taken":0,"max_hp_gain":0,"max_hp_loss":0,"event_name":"Purifier","floor":34,"gold_loss":0},{"damage_healed":0,"gold_gain":3,"player_choice":"2","damage_taken":0,"max_hp_gain":0,"max_hp_loss":21,"event_name":"betterStone:BetterStone","floor":49,"gold_loss":0}],"is_beta":false,"boss_relics":[{"not_picked":["vexMod:DeviousBotling","vexMod:FluxCapacitor"],"picked":"jedi:paperlyon"},{"not_picked":["Snecko Eye","halation:MonkeysPaw","energizedSpire:StickyHand"]}],"items_purged_floors":[14,14,33],"is_endless":false,"potions_floor_spawned":[1,7,13,20,25,27,37,42,51,55,60],"ascension_level":0}}