{"host":"cgaibh95wzkurumv","time":1608907216,"event":{"mods":["BaseMod","Minty Spire (QoL Compilation)","Replay The Spire","StSLib","The Runesmith"],"gold_per_floor":[114,114,129,54,69,99,114,144,144,174,252,282,632,632,632,632,632],"floor_reached":16,"playtime":752,"items_purged":["Decay"],"score":128,"play_id":"4a2b4ab2-b83a-4caf-857f-94b99022372c","local_time":"20201225114016","daily_mods":["Draft","Purple Cards","Elite Swarm"],"is_ascension_mode":false,"campfire_choices":[{"data":"Runesmith:CreatorForm","floor":15,"key":"SMITH"}],"circlet_count":0,"master_deck":["Runesmith:HeatExchange","Runesmith:FrozenChisel","Runesmith:CraftMagma","Runesmith:CraftProtectio","Runesmith:OneForEveryone","Runesmith:HeatedChisel","Runesmith:EnergizedChisel","Runesmith:EnergizedChisel","Runesmith:Reinforce","Runesmith:RunicBlueprint","Runesmith:HammerThrow","Runesmith:Discharge","Runesmith:HeatedChisel","Runesmith:EarthShield","Runesmith:ChaoticBlast","Runesmith:HammerThrow","Runesmith:BackupBattery","Runesmith:ChargedHammer","Runesmith:GrandSlam","Runesmith:UnstableHammer","Runesmith:CreatorForm+1","Runesmith:LightningRod+1","Runesmith:CraftMedicinae+1","Regret","Doubt"],"relics":["Runesmith:BrokenRuby","Pen Nib","Bag of Preparation","Replay:Ringing Soul","Toxic Egg 2","Runesmith:MiniCore","Ring of Greed","Old Coin","Replay:Wax Seal"],"acts_visited":["Exordium"],"potions_floor_usage":[16,16],"damage_taken":[{"damage":7,"enemies":"Small Slimes","floor":1,"turns":3},{"damage":0,"enemies":"Cultist","floor":3,"turns":3},{"damage":0,"enemies":"2 Louse","floor":5,"turns":1},{"damage":16,"enemies":"3 Sentries","floor":6,"turns":5},{"damage":5,"enemies":"Large Slime","floor":7,"turns":5},{"damage":10,"enemies":"Gremlin Nob","floor":8,"turns":4},{"damage":9,"enemies":"Replay:BlueRogue","floor":10,"turns":4},{"damage":8,"enemies":"Lagavulin","floor":12,"turns":5},{"damage":26,"enemies":"The Guardian","floor":16,"turns":9}],"seed_played":"-567031674859551473","potions_obtained":[{"floor":5,"key":"SpeedPotion"},{"floor":7,"key":"Swift Potion"},{"floor":8,"key":"Venom Potion"}],"is_trial":false,"path_per_floor":["M","?","M","$","M","E","M","E","T","E","?","E","?","?","R","B"],"character_chosen":"RUNESMITH_CLASS","items_purchased":[],"campfire_rested":0,"item_purchase_floors":[],"current_hp_per_floor":[63,63,63,63,63,47,42,32,32,26,26,21,24,24,24,0,0],"gold":632,"neow_bonus":"","is_daily":true,"chose_seed":false,"campfire_upgraded":1,"win_rate":0.0,"timestamp":1608907216,"path_taken":["M","?","?","$","M","E","M","E","T","E","?","E","?","?","R","BOSS"],"items_purchased_type":[],"build_version":"2020-12-22","purchased_purges":1,"victory":false,"max_hp_per_floor":[70,70,70,70,70,70,70,70,70,73,73,76,79,79,79,79,79],"card_choices":[{"not_picked":["Runesmith:ShiftingStrike","Runesmith:RuneHurl"],"picked":"Runesmith:HeatExchange","floor":0},{"not_picked":["Runesmith:WhiteBalance","Runesmith:Grindstone"],"picked":"Runesmith:FrozenChisel","floor":0},{"not_picked":["Runesmith:CraftVitae","Runesmith:RunicBlueprint"],"picked":"Runesmith:CraftMagma","floor":0},{"not_picked":["Runesmith:ElementalConversion","Runesmith:ShiftingStrike"],"picked":"Runesmith:CraftProtectio","floor":0},{"not_picked":["Runesmith:StaticCage","Runesmith:ChiselStab"],"picked":"Runesmith:OneForEveryone","floor":0},{"not_picked":["Runesmith:DoubleUp","Runesmith:BackupBattery"],"picked":"Runesmith:HeatedChisel","floor":0},{"not_picked":["Runesmith:MakeshiftArmor","Runesmith:Prism"],"picked":"Runesmith:EnergizedChisel","floor":0},{"not_picked":["Runesmith:BackupBattery","Runesmith:HeatedChisel"],"picked":"Runesmith:EnergizedChisel","floor":0},{"not_picked":["Runesmith:HammerTime","Runesmith:EnergizedChisel"],"picked":"Runesmith:Reinforce","floor":0},{"not_picked":["Runesmith:MakeshiftArmor","Runesmith:UnstableHammer"],"picked":"Runesmith:RunicBlueprint","floor":0},{"not_picked":["Runesmith:MakeshiftArmor","Runesmith:HeatedChisel"],"picked":"Runesmith:HammerThrow","floor":0},{"not_picked":["Runesmith:Augment","Runesmith:HeatExchange"],"picked":"Runesmith:Discharge","floor":0},{"not_picked":["Runesmith:HeatExchange","Runesmith:ShiftingStrike"],"picked":"Runesmith:HeatedChisel","floor":0},{"not_picked":["Runesmith:Electrocute","Runesmith:UnstableHammer"],"picked":"Runesmith:EarthShield","floor":0},{"not_picked":["Runesmith:ShiftingStrike","Runesmith:Overpower"],"picked":"Runesmith:ChaoticBlast","floor":0},{"not_picked":["Runesmith:ShiftingStrike","Runesmith:Refine"],"picked":"Runesmith:HammerThrow","floor":1},{"not_picked":["Runesmith:Repurpose","Runesmith:HeatExchange"],"picked":"Runesmith:BackupBattery","floor":3},{"not_picked":["Runesmith:RuneHurl","Runesmith:EarthShield"],"picked":"Runesmith:ChargedHammer","floor":5},{"not_picked":["Runesmith:CraftPrismatica","Runesmith:ArcReactor"],"picked":"Runesmith:GrandSlam","floor":6},{"not_picked":["Runesmith:HammerThrow","Runesmith:BackupBattery"],"picked":"Runesmith:UnstableHammer","floor":7},{"not_picked":["Runesmith:Supernova","Runesmith:GrandSlam"],"picked":"Runesmith:CreatorForm","floor":8},{"not_picked":["Runesmith:Duplicate+1","Runesmith:LastStand+1"],"picked":"Runesmith:LightningRod+1","floor":10},{"not_picked":["Runesmith:GenerateForcefield+1","Runesmith:UnlimitedPower"],"picked":"Runesmith:CraftMedicinae+1","floor":12}],"player_experience":243762,"relics_obtained":[{"floor":6,"key":"Pen Nib"},{"floor":8,"key":"Bag of Preparation"},{"floor":9,"key":"Replay:Ringing Soul"},{"floor":10,"key":"Toxic Egg 2"},{"floor":12,"key":"Runesmith:MiniCore"},{"floor":13,"key":"Ring of Greed"},{"floor":13,"key":"Old Coin"},{"floor":13,"key":"Replay:Wax Seal"}],"event_choices":[{"damage_healed":0,"gold_gain":0,"player_choice":"Cursed","damage_taken":0,"max_hp_gain":0,"max_hp_loss":0,"event_name":"Wheel of Change","floor":2,"gold_loss":0,"cards_obtained":["Decay"]},{"damage_healed":0,"gold_gain":78,"player_choice":"Gained Gold","damage_taken":0,"max_hp_gain":0,"max_hp_loss":0,"event_name":"Golden Wing","floor":11,"gold_loss":0},{"damage_healed":0,"gold_gain":0,"player_choice":"Ignored","damage_taken":0,"max_hp_gain":0,"max_hp_loss":0,"event_name":"Liars Game","floor":14,"gold_loss":0}],"is_beta":false,"boss_relics":[],"items_purged_floors":[4],"is_endless":false,"potions_floor_spawned":[5,7,8,12],"killed_by":"The Guardian","ascension_level":0}}