{"host":"kw4o7b3ro2ktmmbe","time":1608900501,"event":{"mods":["BaseMod","Evolution","Minty Spire (QoL Compilation)","Robot Space Explorer","StSLib"],"gold_per_floor":[110,130,130,305,315,315,315,335,335,345,77,77,102,102,102,223,223,217,217,217,316,21,21,21],"floor_reached":23,"playtime":1388,"items_purged":["Doubt"],"score":246,"play_id":"aedf2dbb-081c-4f18-abbe-283496d81765","local_time":"20201226014821","is_ascension_mode":true,"campfire_choices":[{"data":"RobotSpaceExplorer:Scanner","floor":6,"key":"SMITH"},{"floor":15,"key":"REST"}],"circlet_count":0,"master_deck":["RobotSpaceExplorer:Defend+1","RobotSpaceExplorer:Defend+1","RobotSpaceExplorer:Defend+1","RobotSpaceExplorer:Scan+1","RobotSpaceExplorer:MiniLasers","RobotSpaceExplorer:Scanner+1","RobotSpaceExplorer:Discharger","RobotSpaceExplorer:Fix","RobotSpaceExplorer:Arsenal","Bite","Bite","Bite","Bite","Bite"],"relics":["EVO:Axolotl","Busted Crown","Pear","Orichalcum","RobotSpaceExplorer:ToughPlating","Odd Mushroom","Golden Idol","Philosopher\u0027s Stone","Sling","Bag of Marbles"],"acts_visited":["Exordium","TheCity"],"potions_floor_usage":[13,16],"damage_taken":[{"damage":1,"enemies":"Cultist","floor":1,"turns":4},{"damage":3,"enemies":"Small Slimes","floor":2,"turns":5},{"damage":8,"enemies":"2 Louse","floor":5,"turns":4},{"damage":7,"enemies":"Looter","floor":8,"turns":3},{"damage":7,"enemies":"3 Louse","floor":10,"turns":5},{"damage":5,"enemies":"The Mushroom Lair","floor":13,"turns":5},{"damage":55,"enemies":"The Guardian","floor":16,"turns":17},{"damage":25,"enemies":"2 Thieves","floor":18,"turns":4},{"damage":82,"enemies":"Gremlin Leader","floor":23,"turns":9}],"seed_played":"8496608071380181502","potions_obtained":[{"floor":1,"key":"DuplicationPotion"},{"floor":13,"key":"SkillPotion"},{"floor":16,"key":"FearPotion"}],"is_trial":false,"path_per_floor":["M","M","?","?","M","R","?","M","T","M","$","?","?","?","R","B",null,"M","?","?","?","$","E"],"character_chosen":"RobotSpaceExplorer","items_purchased":["Orichalcum","RobotSpaceExplorer:Fix","Sling","Bag of Marbles"],"campfire_rested":1,"item_purchase_floors":[11,11,22,22],"current_hp_per_floor":[74,71,71,71,63,63,48,41,51,44,44,32,31,31,54,3,60,39,39,39,39,39,0,0],"gold":21,"neow_bonus":"BOSS_RELIC","is_daily":false,"chose_seed":false,"campfire_upgraded":1,"win_rate":0.0,"timestamp":1608900501,"path_taken":["M","M","?","?","M","R","?","M","T","M","$","?","?","?","R","BOSS","M","?","?","?","$","E"],"items_purchased_type":["Relic","Card","Relic","Relic"],"build_version":"2020-12-22","purchased_purges":1,"victory":false,"max_hp_per_floor":[75,75,75,75,75,75,75,75,85,85,85,85,85,79,79,79,79,79,79,55,55,55,55,55],"card_choices":[{"not_picked":["RobotSpaceExplorer:GlueShot"],"picked":"SKIP","floor":1},{"not_picked":["RobotSpaceExplorer:Smokescreen"],"picked":"SKIP","floor":2},{"not_picked":["RobotSpaceExplorer:Electropulse"],"picked":"SKIP","floor":5},{"not_picked":["RobotSpaceExplorer:SurgingShield"],"picked":"SKIP","floor":8},{"not_picked":[],"picked":"RobotSpaceExplorer:Discharger","floor":10},{"not_picked":[],"picked":"RobotSpaceExplorer:Arsenal","floor":16},{"not_picked":["RobotSpaceExplorer:SurgingStrike"],"picked":"SKIP","floor":18}],"player_experience":1793049,"relics_obtained":[{"floor":9,"key":"Pear"},{"floor":13,"key":"Odd Mushroom"}],"event_choices":[{"damage_healed":0,"gold_gain":0,"cards_transformed":["RobotSpaceExplorer:Defend"],"player_choice":"Change","damage_taken":0,"max_hp_gain":0,"max_hp_loss":0,"event_name":"Living Wall","floor":3,"gold_loss":0,"cards_obtained":["RobotSpaceExplorer:Scanner"]},{"damage_healed":0,"gold_gain":175,"player_choice":"AGREE","damage_taken":0,"max_hp_gain":0,"max_hp_loss":0,"event_name":"Liars Game","floor":4,"gold_loss":0,"cards_obtained":["Doubt"]},{"damage_healed":0,"gold_gain":0,"player_choice":"Entered Light","damage_taken":15,"max_hp_gain":0,"max_hp_loss":0,"event_name":"Shining Light","floor":7,"gold_loss":0,"cards_upgraded":["RobotSpaceExplorer:Strike","RobotSpaceExplorer:Scan"]},{"damage_healed":0,"gold_gain":0,"player_choice":"Success","damage_taken":12,"relics_obtained":["RobotSpaceExplorer:ToughPlating"],"max_hp_gain":0,"max_hp_loss":0,"event_name":"Scrap Ooze","floor":12,"gold_loss":0},{"damage_healed":0,"gold_gain":0,"player_choice":"Fought Mushrooms","damage_taken":0,"max_hp_gain":0,"max_hp_loss":0,"event_name":"Mushrooms","floor":13,"gold_loss":0},{"damage_healed":0,"gold_gain":0,"player_choice":"Lose Max HP","damage_taken":0,"relics_obtained":["Golden Idol"],"max_hp_gain":0,"max_hp_loss":6,"event_name":"Golden Idol","floor":14,"gold_loss":0},{"damage_healed":0,"gold_gain":0,"player_choice":"Simplicity","damage_taken":0,"max_hp_gain":0,"max_hp_loss":0,"event_name":"Back to Basics","floor":19,"gold_loss":0,"cards_upgraded":["RobotSpaceExplorer:Strike","RobotSpaceExplorer:Strike","RobotSpaceExplorer:Strike","RobotSpaceExplorer:Defend","RobotSpaceExplorer:Defend","RobotSpaceExplorer:Defend"]},{"damage_healed":0,"gold_gain":0,"player_choice":"Became a vampire","damage_taken":0,"max_hp_gain":0,"max_hp_loss":24,"event_name":"Vampires","floor":20,"gold_loss":0,"cards_obtained":["Bite","Bite","Bite","Bite","Bite"]},{"damage_healed":0,"gold_gain":99,"player_choice":"Stole From Cult","damage_taken":0,"max_hp_gain":0,"max_hp_loss":0,"event_name":"Nest","floor":21,"gold_loss":0}],"is_beta":false,"boss_relics":[{"not_picked":["Snecko Eye","Calling Bell"],"picked":"Philosopher\u0027s Stone"}],"items_purged_floors":[11],"is_endless":false,"potions_floor_spawned":[1,13,16],"killed_by":"Gremlin Leader","ascension_level":5}}