{"host":"84djn3gpchegxmg2","time":1608922982,"event":{"mods":["AchievementEnabler","BaseMod","Block Reminder","CapriCore","GifTheSpireLib","Minty Spire (QoL Compilation)","Rare Cards Sparkle","Relic Stats","Slay-I","StSLib","Waifu the Spire","everything is the same but u backflip on backflip"],"gold_per_floor":[117,33,52,72,72,104,104,118,118,132,149,149,162,182,182,286,286,302,320,320,23,35,35,60,77,77,2,16,30,60,60,60],"floor_reached":31,"playtime":1642,"items_purged":[],"score":350,"play_id":"5e1bccb9-d4ea-4073-860b-1b1934b5466b","local_time":"20201225200302","is_ascension_mode":true,"campfire_choices":[{"data":"Eruption","floor":7,"key":"SMITH"},{"floor":12,"key":"REST"},{"data":"Pray","floor":15,"key":"SMITH"},{"floor":23,"key":"REST"}],"circlet_count":0,"master_deck":["Strike_P+1","Strike_P","Strike_P+1","Strike_P","Defend_P","Defend_P","Defend_P","Defend_P","Eruption+1","Vigilance","Prostrate","Meditate","Consecrate+1","ClearTheMind","DeusExMachina","Vengeance","FollowUp","CarveReality","Pray+1","FollowUp+1","Brilliance","DeceiveReality","Tantrum","DeceiveReality","FollowUp","Halt","Indignation","Worship+1"],"relics":["PureWater","NeowsBlessing","Eternal Feather","Mummified Hand","Black Star","Membership Card","Whetstone","Singing Bowl","Art of War","Dream Catcher","Lee\u0027s Waffle","Pocketwatch","Omamori"],"acts_visited":["Exordium","TheCity"],"potions_floor_usage":[6,10,14,22,22,24,31],"damage_taken":[{"damage":0,"enemies":"2 Louse","floor":1,"turns":1},{"damage":0,"enemies":"Jaw Worm","floor":3,"turns":1},{"damage":0,"enemies":"Cultist","floor":4,"turns":1},{"damage":11,"enemies":"3 Sentries","floor":6,"turns":4},{"damage":15,"enemies":"Exordium Wildlife","floor":8,"turns":4},{"damage":6,"enemies":"Looter","floor":10,"turns":4},{"damage":4,"enemies":"Exordium Thugs","floor":11,"turns":4},{"damage":9,"enemies":"Exordium Wildlife","floor":13,"turns":2},{"damage":3,"enemies":"Red Slaver","floor":14,"turns":5},{"damage":0,"enemies":"Slime Boss","floor":16,"turns":4},{"damage":27,"enemies":"2 Thieves","floor":18,"turns":4},{"damage":2,"enemies":"Shell Parasite","floor":19,"turns":2},{"damage":46,"enemies":"Snake Plant","floor":22,"turns":5},{"damage":18,"enemies":"Book of Stabbing","floor":24,"turns":4},{"damage":10,"enemies":"Chosen and Byrds","floor":25,"turns":3},{"damage":25,"enemies":"Shelled Parasite and Fungi","floor":28,"turns":5},{"damage":30,"enemies":"Snecko","floor":29,"turns":6},{"damage":11,"enemies":"Gremlin Leader","floor":30,"turns":6},{"damage":18,"enemies":"Snake Plant","floor":31,"turns":2}],"seed_played":"-1005031375051587658","potions_obtained":[{"floor":3,"key":"SkillPotion"},{"floor":6,"key":"ColorlessPotion"},{"floor":8,"key":"EntropicBrew"},{"floor":14,"key":"StancePotion"},{"floor":22,"key":"PowerPotion"},{"floor":28,"key":"StancePotion"}],"is_trial":false,"path_per_floor":["M","$","M","M","?","E","R","M","T","M","M","R","M","M","R","B",null,"M","M","?","$","M","R","E","M","T","$","M","M","E","M"],"character_chosen":"WATCHER","items_purchased":["Meditate","Consecrate","DeceiveReality","Membership Card","Whetstone","Lee\u0027s Waffle"],"campfire_rested":2,"item_purchase_floors":[2,2,21,21,21,27],"current_hp_per_floor":[72,72,72,72,58,47,56,41,41,35,31,61,52,49,61,61,72,45,43,43,43,21,54,38,28,28,81,56,26,15,0,0],"gold":60,"neow_bonus":"THREE_ENEMY_KILL","is_daily":false,"chose_seed":false,"campfire_upgraded":2,"win_rate":0.0,"timestamp":1608922982,"path_taken":["M","$","M","M","?","E","R","M","T","M","M","R","M","M","R","BOSS","M","M","?","$","M","R","E","M","T","$","M","M","E","M"],"items_purchased_type":["Card","Card","Card","Relic","Relic","Relic"],"build_version":"2020-12-22","purchased_purges":0,"victory":false,"max_hp_per_floor":[72,72,72,72,72,72,72,72,72,72,72,72,72,72,72,72,72,72,72,72,72,72,72,74,74,74,81,81,81,81,81,81],"relic_stats":{"Dream Catcher":0,"Lee\u0027s Waffle":53,"Singing Bowl":2,"counters":[19,67],"Mummified Hand":[1],"Eternal Feather":42,"Black Star":2,"Art of War":[1],"Whetstone":["Strike_P","FollowUp"],"obtain_stats":[{"Lee\u0027s Waffle":27,"NeowsBlessing":0,"Singing Bowl":24,"Eternal Feather":6,"Omamori":30,"Whetstone":21,"Dream Catcher":26,"Mummified Hand":9,"Black Star":17,"Art of War":24,"Membership Card":21,"PureWater":0,"Pocketwatch":30},{"Lee\u0027s Waffle":15,"NeowsBlessing":0,"Singing Bowl":14,"Eternal Feather":4,"Omamori":18,"Whetstone":12,"Dream Catcher":15,"Mummified Hand":5,"Black Star":10,"Art of War":14,"Membership Card":12,"PureWater":0,"Pocketwatch":18},{"Lee\u0027s Waffle":48,"NeowsBlessing":0,"Singing Bowl":45,"Eternal Feather":7,"Omamori":65,"Whetstone":36,"Dream Catcher":48,"Mummified Hand":11,"Black Star":30,"Art of War":45,"Membership Card":36,"PureWater":0,"Pocketwatch":65}],"Pocketwatch":[0]},"card_choices":[{"not_picked":["Consecrate","FlurryOfBlows"],"picked":"Prostrate","floor":1},{"not_picked":["FearNoEvil","EmptyMind"],"picked":"ClearTheMind","floor":3},{"not_picked":["CrushJoints","TalkToTheHand"],"picked":"DeusExMachina","floor":4},{"not_picked":["WreathOfFlame","FlurryOfBlows"],"picked":"Vengeance","floor":6},{"not_picked":["ThirdEye","Evaluate","EmptyFist"],"picked":"SKIP","floor":8},{"not_picked":["PathToVictory","FlurryOfBlows"],"picked":"FollowUp","floor":10},{"not_picked":["Wallop","Vengeance"],"picked":"CarveReality","floor":11},{"not_picked":["Crescendo","PathToVictory"],"picked":"Pray","floor":13},{"not_picked":["ClearTheMind","Consecrate"],"picked":"FollowUp","floor":14},{"not_picked":["ConjureBlade","Ragnarok"],"picked":"Brilliance","floor":16},{"not_picked":["Worship+1","EmptyBody+1"],"picked":"DeceiveReality","floor":18},{"not_picked":["Crescendo","EmptyFist+1"],"picked":"Tantrum","floor":19},{"not_picked":["Vault","EmptyBody+1","FlyingSleeves"],"picked":"SKIP","floor":22},{"not_picked":["Consecrate","Scrawl","FlurryOfBlows"],"picked":"Singing Bowl","floor":24},{"not_picked":["FlurryOfBlows","Meditate+1"],"picked":"FollowUp","floor":25},{"not_picked":["LikeWater","FlurryOfBlows"],"picked":"Halt","floor":28},{"not_picked":["ClearTheMind","Consecrate"],"picked":"Indignation","floor":29},{"not_picked":["Protect+1","Evaluate+1"],"picked":"Worship+1","floor":30}],"player_experience":212804,"relics_obtained":[{"floor":6,"key":"Eternal Feather"},{"floor":9,"key":"Mummified Hand"},{"floor":24,"key":"Singing Bowl"},{"floor":24,"key":"Art of War"},{"floor":26,"key":"Dream Catcher"},{"floor":30,"key":"Pocketwatch"},{"floor":30,"key":"Omamori"}],"event_choices":[{"damage_healed":0,"gold_gain":0,"player_choice":"Entered Light","damage_taken":14,"max_hp_gain":0,"max_hp_loss":0,"event_name":"Shining Light","floor":5,"gold_loss":0,"cards_upgraded":["Consecrate","Strike_P"]},{"damage_healed":0,"gold_gain":0,"player_choice":"Ignored","damage_taken":0,"max_hp_gain":0,"max_hp_loss":0,"event_name":"Beggar","floor":20,"gold_loss":0}],"is_beta":false,"boss_relics":[{"not_picked":["Empty Cage","Sozu"],"picked":"Black Star"}],"items_purged_floors":[],"is_endless":false,"potions_floor_spawned":[3,6,8,14,16,22,28],"killed_by":"Snake Plant","ascension_level":1}}