{"host":"f14d6hm2349s9jse","time":1608861417,"event":{"mods":["2.2 Compatiblity","BaseMod","Hermit","Minty Spire (QoL Compilation)","StSLib"],"gold_per_floor":[110,127,140,39,39,106,139,178,178,205,265,304,370,401,401,581,581,581,581],"floor_reached":18,"playtime":1911,"items_purged":[],"score":222,"play_id":"09a0e84b-d019-4754-b8ff-c749808ab52a","local_time":"20201224205657","is_ascension_mode":true,"campfire_choices":[{"data":"hermit:DeadOrAlive","floor":15,"key":"SMITH"}],"circlet_count":0,"master_deck":["hermit:Strike_Hermit","hermit:Strike_Hermit","hermit:Strike_Hermit","hermit:Defend_Hermit","hermit:Defend_Hermit+1","hermit:Defend_Hermit","hermit:Defend_Hermit+1","hermit:Snapshot","hermit:Covet","hermit:Enervate","hermit:GhostlyPresence","hermit:Deadeye","hermit:Gestalt","hermit:Scavenge","hermit:DeadOrAlive+1","hermit:Deadeye","hermit:Vantage","hermit:FromBeyond","hermit:TakeAim","hermit:Dive","hermit:GhostlyPresence","hermit:RoundhouseKick"],"relics":["Runic Pyramid","War Paint","Pear","White Beast Statue","Velvet Choker"],"acts_visited":["Exordium","TheCity"],"potions_floor_usage":[14,16],"damage_taken":[{"damage":0.0,"enemies":"Cultist","floor":1.0,"turns":3.0},{"damage":0.0,"enemies":"Small Slimes","floor":2.0,"turns":3.0},{"damage":0.0,"enemies":"Jaw Worm","floor":3.0,"turns":4.0},{"damage":0.0,"enemies":"Lagavulin","floor":6.0,"turns":12.0},{"damage":1.0,"enemies":"3 Louse","floor":7.0,"turns":4.0},{"damage":0.0,"enemies":"Lots of Slimes","floor":8.0,"turns":4.0},{"damage":0.0,"enemies":"2 Fungi Beasts","floor":10.0,"turns":3.0},{"damage":5.0,"enemies":"3 Sentries","floor":11.0,"turns":6.0},{"damage":2.0,"enemies":"Large Slime","floor":12.0,"turns":5.0},{"damage":14,"enemies":"Gremlin Nob","floor":13,"turns":4},{"damage":0,"enemies":"Lots of Slimes","floor":14,"turns":6},{"damage":15,"enemies":"The Guardian","floor":16,"turns":15},{"damage":0,"enemies":"3 Byrds","floor":18,"turns":1}],"seed_played":"-1482779034794838044","potions_obtained":[{"floor":1.0,"key":"DistilledChaos"},{"floor":3.0,"key":"Swift Potion"},{"floor":8.0,"key":"SkillPotion"},{"floor":10.0,"key":"Fire Potion"},{"floor":12.0,"key":"EssenceOfSteel"},{"floor":14,"key":"EssenceOfSteel"},{"floor":16,"key":"SpeedPotion"}],"is_trial":false,"path_per_floor":["M","M","M","$","?","E","M","M","T","M","E","M","E","M","R","B",null,"M"],"character_chosen":"HERMIT","items_purchased":["hermit:Gestalt","hermit:Scavenge"],"campfire_rested":0,"item_purchase_floors":[4,4],"current_hp_per_floor":[75,75,75,75,75,75,74,74,74,74,79,77,63,63,63,48,85,85,85],"gold":581,"neow_bonus":"BOSS_RELIC","is_daily":false,"chose_seed":false,"campfire_upgraded":1,"win_rate":0.0,"timestamp":1608861417,"path_taken":["M","M","?","$","?","E","?","M","T","M","E","M","E","M","R","BOSS","M"],"items_purchased_type":["Card","Card"],"build_version":"2020-12-22","purchased_purges":0,"victory":false,"max_hp_per_floor":[75,75,75,75,75,75,75,75,75,75,85,85,85,85,85,85,85,85,85],"card_choices":[{"not_picked":["hermit:Vantage","hermit:CalledShot"],"picked":"hermit:Enervate","floor":1.0},{"not_picked":["hermit:ShadowCloak","hermit:TakeAim"],"picked":"hermit:GhostlyPresence","floor":2.0},{"not_picked":["hermit:Roulette","hermit:Midnight"],"picked":"hermit:Deadeye","floor":3.0},{"not_picked":["hermit:TakeCover","hermit:NoHoldsBarred"],"picked":"hermit:Deadeye","floor":6.0},{"not_picked":["hermit:Ricochet","hermit:DeadMansHand"],"picked":"hermit:Vantage","floor":7.0},{"not_picked":["hermit:Malice","hermit:Midnight","hermit:LowProfile"],"picked":"SKIP","floor":8.0},{"not_picked":["hermit:TakeCover","hermit:Feint"],"picked":"hermit:FromBeyond","floor":10.0},{"not_picked":["hermit:Spite","hermit:LowProfile"],"picked":"hermit:TakeAim","floor":11.0},{"not_picked":["hermit:Snipe","hermit:Ricochet"],"picked":"hermit:Dive","floor":12.0},{"not_picked":["hermit:BlackWind","hermit:Manifest"],"picked":"hermit:GhostlyPresence","floor":13},{"not_picked":["hermit:SprayPray","hermit:HoleUp","hermit:Dive"],"picked":"SKIP","floor":14},{"not_picked":["hermit:Purgatory","hermit:HighNoon"],"picked":"hermit:RoundhouseKick","floor":16}],"player_experience":2473159,"relics_obtained":[{"floor":6.0,"key":"War Paint"},{"floor":11.0,"key":"Pear"},{"floor":13,"key":"White Beast Statue"}],"event_choices":[{"damage_healed":0.0,"max_hp_gain":0.0,"max_hp_loss":0.0,"gold_gain":0.0,"cards_transformed":["hermit:Strike_Hermit"],"event_name":"Transmorgrifier","player_choice":"Transformed","floor":5.0,"gold_loss":0.0,"damage_taken":0.0,"cards_obtained":["hermit:DeadOrAlive"]}],"is_beta":false,"boss_relics":[{"not_picked":["Tiny House","SacredBark"],"picked":"Velvet Choker"}],"items_purged_floors":[],"is_endless":false,"potions_floor_spawned":[1,3,8,10,12,14,16],"killed_by":"3 Byrds","ascension_level":1}}