{"host":"cfluht5kr2kfk9p9","time":1608913277,"event":{"mods":["ATMod(阿瑾Mod)","BaseMod","Downfall","GungeonMod","Highlight Path","Minty Spire (QoL Compilation)","Quick Restart","Rare Cards Sparkle","Relic Stats","RumiaBox-露米娅的神秘盒子","Spicy Shops","StSLib","TestMod","The Alterego","【功能Mod】混沌之环修复补丁"],"gold_per_floor":[118,134,134,148,159,190,190,1189,1189,0,40,53,78,94,94,172,172,182,182,21,21,11,11,45,60,87,87,122,122,156,170,170,246,246,259,276,332,27,38,70,70,127,127,127,127,151,175,222,234,257,283,295,307,40,95,95,95],"floor_reached":56,"playtime":6652,"items_purged":["Strike_G","Writhe","Strike_G","Strike_G"],"score":2166,"play_id":"21678630-7d79-4fe3-87e0-c1c494916574","local_time":"20201226002117","is_ascension_mode":true,"campfire_choices":[{"floor":7.0,"key":"RECALL"},{"data":"AT_BreakingExtremeWeapon","floor":15.0,"key":"SMITH"},{"data":"Blade Dance","floor":23.0,"key":"SMITH"},{"data":"Cloak And Dagger","floor":27.0,"key":"SMITH"},{"data":"Terror","floor":29.0,"key":"SMITH"},{"data":"Storm of Steel","floor":32.0,"key":"SMITH"},{"data":"AT_ArcaneSupremacy","floor":41.0,"key":"SMITH"},{"data":"Neutralize","floor":44.0,"key":"SMITH"},{"data":"AT_Desolate","floor":49.0,"key":"SMITH"},{"data":"Backflip","floor":53.0,"key":"SMITH"}],"circlet_count":4,"master_deck":["AscendersBane","Strike_G","Defend_G","Defend_G","Defend_G","Defend_G","Defend_G","Survivor","Neutralize+1","AT_BreakingExtremeWeapon+1","Dagger Spray","Cloak And Dagger+1","Backflip+1","Blade Dance+1","Terror+1","Storm of Steel+1","Backflip+1","After Image","Prepared+1","AT_ArcaneSupremacy+1","AT_WindRun+1","Tactician+1","AT_Desolate+1","Reflex+1","Acrobatics+1","Adrenaline+1","Terror+1"],"relics":["testmod-TestBox","AT_ATBox","testmod-GiftOfSatan","Circlet","Bottled Tornado","testmod-FatalChain","Bronze Scales","Black Star","Membership Card","GodSword6","Orichalcum","GodSword4","Toxic Egg 2","ChaoDraw","FossilizedHelix","testmod-CyclicPeriapt","testmod-EnergyCheck","Prayer Wheel","Medical Kit","AT_SpeedBoots","ClockworkSouvenir","testmod-Acrobat","Strawberry","AT_EbonyIvory","Juzu Bracelet","LastBattle","MagicDraw3","MawBank","AT_BladeRuinedKing","Bag of Preparation"],"acts_visited":["Exordium","Hallownest:Greenpath","Hallownest:CityofTears","TheEnding"],"potions_floor_usage":[],"damage_taken":[{"damage":0.0,"enemies":"Hallownest:monsterHuskWarrior","floor":1.0,"turns":2.0},{"damage":0.0,"enemies":"Hallownest:2_MossCreeps","floor":2.0,"turns":1.0},{"damage":0.0,"enemies":"Hallownest:monsterHuskGuard","floor":4.0,"turns":2.0},{"damage":0.0,"enemies":"Hallownest:monsterMossCharger","floor":5.0,"turns":3.0},{"damage":0.0,"enemies":"Hallownest:eliteMossKnight","floor":6.0,"turns":4.0},{"damage":0.0,"enemies":"Hallownest:Guard_and_Warrior","floor":12.0,"turns":3.0},{"damage":23.0,"enemies":"Hallownest:eliteCrystalGuardian","floor":13.0,"turns":4.0},{"damage":11.0,"enemies":"Hallownest:2_Tiktiks_1_Baldur_1_Crawlid","floor":14.0,"turns":2.0},{"damage":26.0,"enemies":"Hallownest:BossFalseKnight","floor":16.0,"turns":5.0},{"damage":15.0,"enemies":"Hallownest:3_Youths","floor":18.0,"turns":3.0},{"damage":17.0,"enemies":"Hallownest:Nosk","floor":24.0,"turns":4.0},{"damage":0.0,"enemies":"Hallownest:Flukemon_and_Top","floor":25.0,"turns":1.0},{"damage":10.0,"enemies":"Hallownest:eliteWatcherKnight","floor":28.0,"turns":7.0},{"damage":7.0,"enemies":"Hallownest:eliteSoulWarrior","floor":30.0,"turns":2.0},{"damage":0.0,"enemies":"Hallownest:monsterShrumalOgre","floor":31.0,"turns":2.0},{"damage":0.0,"enemies":"Hallownest:BossSoulMaster","floor":33.0,"turns":4.0},{"damage":0.0,"enemies":"Hallownest:Shield_Heavy","floor":35.0,"turns":2.0},{"damage":0.0,"enemies":"Hallownest:3_Siblings","floor":36.0,"turns":2.0},{"damage":0.0,"enemies":"Hallownest:2_Primals","floor":37.0,"turns":2.0},{"damage":26.0,"enemies":"Hallownest:2_Wing_and_1_Kings","floor":39.0,"turns":2.0},{"damage":0.0,"enemies":"Hallownest:StalkingDevout","floor":40.0,"turns":3.0},{"damage":0.0,"enemies":"Hallownest:eliteCollector","floor":42.0,"turns":4.0},{"damage":0.0,"enemies":"Hallownest:2_Wandering_and_1_Horned","floor":46.0,"turns":3.0},{"damage":0.0,"enemies":"Hallownest:2_Great","floor":47.0,"turns":2.0},{"damage":0.0,"enemies":"Hallownest:StalkingDevout","floor":48.0,"turns":2.0},{"damage":53.0,"enemies":"Hallownest:BossHollowKnight","floor":50.0,"turns":4.0},{"damage":36.0,"enemies":"Hallownest:Radiance","floor":51.0,"turns":6.0},{"damage":0.0,"enemies":"Shield and Spear","floor":55.0,"turns":2.0},{"damage":0,"enemies":"The Heart","floor":56,"turns":1}],"seed_played":"-9093588348747247159","potions_obtained":[{"floor":2.0,"key":"Weak Potion"},{"floor":5.0,"key":"Poison Potion"},{"floor":12.0,"key":"CunningPotion"},{"floor":24.0,"key":"FairyPotion"},{"floor":46.0,"key":"SteroidPotion"}],"is_trial":false,"path_per_floor":["M","M","?","M","M","E","R","?","T","?","$","M","E","M","R","B",null,"M","?","$","?","$","R","E","M","T","R","E","R","E","M","R","B",null,"M","M","?","$","M","E","R","E","T","R","?","M","M","E","R","B","B",null,"R","$","E","B"],"character_chosen":"THE_SILENT","items_purchased":["Membership Card","Medical Kit","AT_SpeedBoots","ClockworkSouvenir","Adrenaline+1","AT_BladeRuinedKing"],"campfire_rested":0,"item_purchase_floors":[20,38,38,38,54,54],"current_hp_per_floor":[59,59,59,71,76,81,81,81,81,81,81,86,63,64,64,65,88,80,74,74,74,74,74,86,86,86,86,103,103,99,106,106,106,106,111,111,111,111,101,112,112,118,118,118,118,126,126,126,126,85,79,114,121,121,133,133,133],"gold":95,"neow_bonus":"BOSS_RELIC","is_daily":false,"chose_seed":false,"campfire_upgraded":9,"win_rate":0.0,"timestamp":1608913277,"path_taken":["M","M","?","M","?","E","R","?","T","?","$","M","E","M","R","BOSS","M","?","$","?","$","R","E","M","T","R","E","R","E","?","R","BOSS","M","M","?","$","M","E","R","E","T","R","?","M","M","E","R","BOSS","BOSS","R","$","E","BOSS"],"items_purchased_type":["Relic","Relic","Relic","Relic","Card","Relic"],"build_version":"2020-12-22","purchased_purges":4,"victory":false,"max_hp_per_floor":[66,66,66,71,76,81,81,81,81,81,81,86,86,91,91,96,96,96,96,96,96,96,96,101,101,101,101,106,106,106,106,106,106,106,111,111,111,111,116,121,121,121,121,121,121,126,126,126,126,126,126,126,133,133,133,133,133],"relic_stats":{"counters":[29,83],"Bronze Scales":[137],"Prayer Wheel":3,"Black Star":7,"Juzu Bracelet":0,"Bag of Preparation":[0],"Orichalcum":[54],"Medical Kit":[2],"MawBank":72,"obtain_stats":[{"AT_ATBox":0,"DemoMod:GlassGuonStoneRelic":4,"Hallownest:DreamNailRelic":3,"Juzu Bracelet":42,"Bag of Preparation":55,"Bottled Tornado":6,"MagicDraw3":48,"ClockworkSouvenir":38,"Strawberry":53,"Prayer Wheel":37,"Fusion Hammer":0,"Toxic Egg 2":28,"Ring of the Snake":0,"testmod-TestBox":0,"testmod-FatalChain":9,"DemoMod:WeirdEgg":40,"Circlet":0,"testmod-CyclicPeriapt":30,"AT_EbonyIvory":42,"AT_BladeRuinedKing":54,"Orichalcum":24,"LastBattle":43,"Hallownest:KingsIdolRelic":45,"Medical Kit":38,"MawBank":48,"ChaoDraw":28,"AT_SpeedBoots":38,"testmod-GiftOfSatan":0,"Hallownest:BankAccountRelic":10,"Bronze Scales":13,"testmod-Acrobat":40,"Black Star":17,"GodSword6":21,"Membership Card":20,"GodSword4":24,"testmod-EnergyCheck":34,"FossilizedHelix":30},{"AT_ATBox":0,"DemoMod:GlassGuonStoneRelic":3,"Hallownest:DreamNailRelic":2,"Juzu Bracelet":22,"Bag of Preparation":28,"Bottled Tornado":5,"MagicDraw3":25,"ClockworkSouvenir":19,"Strawberry":27,"Prayer Wheel":19,"Fusion Hammer":0,"Toxic Egg 2":13,"Ring of the Snake":0,"testmod-TestBox":0,"testmod-FatalChain":5,"DemoMod:WeirdEgg":21,"Circlet":0,"testmod-CyclicPeriapt":14,"AT_EbonyIvory":22,"AT_BladeRuinedKing":27,"Orichalcum":11,"LastBattle":22,"Hallownest:KingsIdolRelic":22,"Medical Kit":19,"MawBank":25,"ChaoDraw":13,"AT_SpeedBoots":19,"testmod-GiftOfSatan":0,"Hallownest:BankAccountRelic":5,"Bronze Scales":7,"testmod-Acrobat":21,"Black Star":9,"GodSword6":10,"Membership Card":10,"GodSword4":11,"testmod-EnergyCheck":16,"FossilizedHelix":14},{"AT_ATBox":0,"DemoMod:GlassGuonStoneRelic":5,"Hallownest:DreamNailRelic":3,"Juzu Bracelet":64,"Bag of Preparation":83,"Bottled Tornado":12,"MagicDraw3":71,"ClockworkSouvenir":55,"Strawberry":81,"Prayer Wheel":55,"Fusion Hammer":0,"Toxic Egg 2":41,"Ring of the Snake":0,"testmod-TestBox":0,"testmod-FatalChain":12,"DemoMod:WeirdEgg":60,"Circlet":0,"testmod-CyclicPeriapt":43,"AT_EbonyIvory":64,"AT_BladeRuinedKing":81,"Orichalcum":33,"LastBattle":64,"Hallownest:KingsIdolRelic":64,"Medical Kit":55,"MawBank":71,"ChaoDraw":41,"AT_SpeedBoots":55,"testmod-GiftOfSatan":0,"Hallownest:BankAccountRelic":12,"Bronze Scales":19,"testmod-Acrobat":60,"Black Star":26,"GodSword6":29,"Membership Card":29,"GodSword4":33,"testmod-EnergyCheck":49,"FossilizedHelix":43}]},"card_choices":[{"not_picked":["Prepared","Backstab"],"picked":"Dagger Spray","floor":1.0},{"not_picked":["Prepared","Caltrops"],"picked":"Cloak And Dagger","floor":2.0},{"not_picked":["Acrobatics","Finisher"],"picked":"Backflip","floor":4.0},{"not_picked":["Poisoned Stab","Flechettes"],"picked":"Blade Dance","floor":5.0},{"not_picked":["Deadly Poison","Deflect","Infinite Blades"],"picked":"SKIP","floor":6.0},{"not_picked":["Cloak And Dagger","Grand Finale"],"picked":"Terror","floor":12.0},{"not_picked":["PiercingWail","Underhanded Strike","Poisoned Stab"],"picked":"SKIP","floor":13.0},{"not_picked":["Blade Dance","Backstab","Deflect"],"picked":"SKIP","floor":14.0},{"not_picked":["Bullet Time","Tools of the Trade"],"picked":"Storm of Steel","floor":16.0},{"not_picked":["Outmaneuver","AT_WindFlip","Sucker Punch"],"picked":"SKIP","floor":18.0},{"not_picked":["All Out Attack+1","Prepared","Poisoned Stab"],"picked":"SKIP","floor":24.0},{"not_picked":["Acrobatics","Caltrops","Leg Sweep"],"picked":"SKIP","floor":25.0},{"not_picked":["Caltrops+1","Deadly Poison+1"],"picked":"Backflip+1","floor":28.0},{"not_picked":["Heel Hook","Caltrops","Bane"],"picked":"SKIP","floor":30.0},{"not_picked":["Sucker Punch","Prepared+1","Dagger Spray"],"picked":"SKIP","floor":31.0},{"not_picked":["Bullet Time+1","Storm of Steel+1"],"picked":"After Image","floor":33.0},{"not_picked":["Blade Dance+1","Deflect+1"],"picked":"Prepared+1","floor":35.0},{"not_picked":["Dodge and Roll+1","AT_WindFlip"],"picked":"AT_ArcaneSupremacy","floor":36.0},{"not_picked":["Noxious Fumes","Slice"],"picked":"AT_WindRun+1","floor":39.0},{"not_picked":["Underhanded Strike","Calculated Gamble+1","Dodge and Roll+1"],"picked":"SKIP","floor":39.0},{"not_picked":["Endless Agony","Dagger Throw"],"picked":"Tactician+1","floor":40.0},{"not_picked":["Malaise+1","Quick Slash","Dagger Throw"],"picked":"SKIP","floor":42.0},{"not_picked":["Skewer","Bane"],"picked":"AT_Desolate","floor":46.0},{"not_picked":["Heel Hook+1","Deadly Poison+1","Dagger Throw+1"],"picked":"SKIP","floor":46.0},{"not_picked":["Poisoned Stab","Deadly Poison+1"],"picked":"Reflex+1","floor":47.0},{"not_picked":["Caltrops","Footwork"],"picked":"Acrobatics+1","floor":47.0},{"not_picked":["Deadly Poison+1","Caltrops+1","Slice"],"picked":"SKIP","floor":48.0},{"not_picked":["Deflect+1","Setup+1"],"picked":"Terror+1","floor":55.0}],"player_experience":21793,"relics_obtained":[{"floor":6.0,"key":"Bottled Tornado"},{"floor":9.0,"key":"testmod-FatalChain"},{"floor":13.0,"key":"Bronze Scales"},{"floor":24.0,"key":"Orichalcum"},{"floor":24.0,"key":"GodSword4"},{"floor":28.0,"key":"Toxic Egg 2"},{"floor":28.0,"key":"ChaoDraw"},{"floor":30.0,"key":"FossilizedHelix"},{"floor":30.0,"key":"testmod-CyclicPeriapt"},{"floor":37.0,"key":"Prayer Wheel"},{"floor":40.0,"key":"testmod-Acrobat"},{"floor":40.0,"key":"DemoMod:WeirdEgg"},{"floor":42.0,"key":"AT_EbonyIvory"},{"floor":42.0,"key":"Juzu Bracelet"},{"floor":43.0,"key":"LastBattle"},{"floor":48.0,"key":"MagicDraw3"},{"floor":48.0,"key":"MawBank"},{"floor":55.0,"key":"Bag of Preparation"}],"event_choices":[{"damage_healed":0.0,"max_hp_gain":0.0,"max_hp_loss":0.0,"gold_gain":999.0,"event_name":"恩洛斯的盘子","player_choice":"Sell","floor":8.0,"relics_lost":["Fusion Hammer"],"gold_loss":0.0,"damage_taken":0.0}],"is_beta":false,"boss_relics":[{"not_picked":["Ectoplasm","testmod-NegativeEmotionEnhancer"],"picked":"Black Star"},{"not_picked":["Cursed Key","testmod-TimeTraveler"],"picked":"testmod-EnergyCheck"}],"items_purged_floors":[20,22,38,38],"is_endless":false,"potions_floor_spawned":[2,5,12,24,28,33,36,39,46,47,55],"killed_by":"The Heart","ascension_level":20}}