{"host":"edk8ruzv78x6jv19","time":1608878828,"event":{"mods":["BaseMod","Better Third Choice","Energized Spire","Infinite Spire","Minty Spire (QoL Compilation)","Replay The Spire","StSLib","The Blue Laboratory","Thieving Mod","Treasure Hunter"],"gold_per_floor":[588,548,32,48,138,138,138,171,196,121,121,21,21,47,47,143,143,155,170,270,270,302,302,302,41,41,55,55,55,55,55,55,165,165,184,196,196,232,107,107,107,107,107,135,135,165,15,15,15,15],"floor_reached":51,"playtime":1333,"items_purged":["ReplayTheSpireMod:Muscle Training","Flex","Flex","Clash","Flex+1","Inflame+1"],"score":1149,"play_id":"f4595f7d-01ba-4552-b46a-b5a98b979d96","local_time":"20201225004708","daily_mods":["SealedDeck","Heirloom","Time Dilation","Flight","DeadlyEvents","Elite Swarm","Lethality"],"is_ascension_mode":false,"campfire_choices":[{"data":"Inflame","floor":6,"key":"SMITH"},{"data":"Inflame","floor":7,"key":"SMITH"},{"data":"Limit Break","floor":11,"key":"SMITH"},{"data":"TH:EnergyPotion","floor":13,"key":"SMITH"},{"data":"infinitespire:OneForAll","floor":23,"key":"SMITH"},{"data":"Limit Break","floor":24,"key":"SMITH"},{"data":"infinitespire:Collect","floor":28,"key":"SMITH"},{"data":"TH:CopperCoins","floor":30,"key":"SMITH"},{"floor":32,"key":"DIG"},{"data":"Limit Break","floor":40,"key":"SMITH"},{"data":"Flex","floor":41,"key":"SMITH"},{"data":"Swift Strike","floor":42,"key":"SMITH"},{"data":"Limit Break","floor":45,"key":"SMITH"},{"data":"Metamorphosis","floor":49,"key":"SMITH"}],"circlet_count":0,"master_deck":["infinitespire:OneForAll+1","Clash","Clash","Clash+1","Inflame+1","Purity","Clash","TH:EnergyPotion+1","Limit Break+1","TH:CopperCoins+1","TH:EnergyPotion","TH:PixieDust","infinitespire:Collect+1","TH:CopperCoins","Limit Break+1","TH:EnergyPotion","TH:Mimic","TH:EnergyPotion","Swift Strike+1","TH:Mimic","Limit Break+1","TH:PixieDust","TH:Mimic","Limit Break+1","Metamorphosis+1","TH:TreasureMap","TH:TreasureMap"],"relics":["Burning Blood","Gremlin Horn","BargainBundle","infinitespire:Lucky Rock","BranchBurnRelic","Torii","King of Hearts","Pondfish Scales","energizedSpire:TabascoSauce","Mercury Hourglass","Black Blood","Bag of Marbles","infinitespire:Bottled Soul","Onion Ring","Replay:Mystery Machine","Pocketwatch","Runic Pyramid","infinitespire:Beetle Shell","Gambling Chip","Replay:Bottled Flurry","Blue Candle","ReplayTheSpireMod:ShopPack"],"acts_visited":["Exordium","TheCity","TheBeyond"],"potions_floor_usage":[16,33,33,46,50,50],"damage_taken":[{"damage":0,"enemies":"2 Louse","floor":1,"turns":1},{"damage":0,"enemies":"Cultist","floor":4,"turns":1},{"damage":0,"enemies":"Replay:BlueRogue","floor":8,"turns":1},{"damage":12,"enemies":"3 Sentries","floor":14,"turns":2},{"damage":75,"enemies":"Hexaghost","floor":16,"turns":5},{"damage":24,"enemies":"Shell Parasite","floor":18,"turns":2},{"damage":18,"enemies":"Chosen","floor":19,"turns":3},{"damage":24,"enemies":"Slavers","floor":22,"turns":2},{"damage":0,"enemies":"3 Cultists","floor":27,"turns":1},{"damage":29,"enemies":"Pondfish","floor":33,"turns":5},{"damage":60,"enemies":"3 Shapes","floor":35,"turns":5},{"damage":0,"enemies":"Orb Walker","floor":36,"turns":1},{"damage":0,"enemies":"Reptomancer","floor":38,"turns":1},{"damage":6,"enemies":"R_Hoarder","floor":44,"turns":2},{"damage":20,"enemies":"Nemesis","floor":46,"turns":3},{"damage":33,"enemies":"infinitespire:MassOfShapes","floor":50,"turns":3}],"seed_played":"-5831171700186460782","potions_obtained":[{"floor":1,"key":"Strength Potion"},{"floor":2,"key":"DuplicationPotion"},{"floor":2,"key":"blueLaboratory:EmptyBottle"},{"floor":2,"key":"blueLaboratory:ForbiddenFruitJuice"},{"floor":16,"key":"Weak Potion"},{"floor":22,"key":"SpeedPotion"},{"floor":35,"key":"ColorlessPotion"},{"floor":36,"key":"Doom Potion"}],"is_trial":true,"path_per_floor":["M","?","$","M","?","R","R","E","T","$","R","$","R","E","R","B",null,"M","M","?","AVR","E","R","R","$","T","M","R","T","R","$","R","B",null,"M","M","?","E","$","R","R","R","T","E","R","E","$","AVR","R","B",null],"character_chosen":"IRONCLAD","items_purchased":["Gremlin Horn","BargainBundle","infinitespire:Lucky Rock","Purity","infinitespire:Bottled Soul"],"campfire_rested":0,"item_purchase_floors":[3,3,3,3,25],"current_hp_per_floor":[80,80,80,80,80,80,80,80,80,80,80,80,80,74,80,20,80,59,44,44,44,29,29,29,29,29,38,38,38,38,38,38,24,80,29,38,38,47,47,47,47,47,47,52,52,45,45,45,45,25],"gold":15,"neow_bonus":"","is_daily":false,"chose_seed":false,"campfire_upgraded":13,"win_rate":0.0,"timestamp":1608878828,"path_taken":["M","?","$","?","?","R","R","?","T","?","R","$","R","?","R","BOSS","M","M","?","AVR","?","R","R","$","T","?","R","?","R","?","R","BOSS","M","M","?","?","$","R","R","R","T","E","R","?","$","AVR","R","BOSS"],"items_purchased_type":["Relic","Relic","Relic","Card","Relic"],"build_version":"2020-12-22","purchased_purges":6,"victory":true,"max_hp_per_floor":[80,80,80,80,80,80,80,80,80,80,80,80,80,80,80,80,80,80,80,80,80,80,80,80,80,80,80,80,80,80,80,80,80,80,80,80,80,80,80,80,80,80,80,80,80,80,80,80,80,80],"card_choices":[{"not_picked":["Body Slam","Replay:Undeath\u0027s Touch","Shockwave"],"picked":"SKIP","floor":1},{"not_picked":["Dual Wield","Metallicize","Iron Wave"],"picked":"SKIP","floor":4},{"not_picked":["Sword Boomerang","Heavy Blade"],"picked":"Clash","floor":5},{"not_picked":["ReplayTheSpireMod:LeadingStrike","Spot Weakness"],"picked":"Flex","floor":5},{"not_picked":["TH:CopperCoins"],"picked":"TH:EnergyPotion","floor":8},{"not_picked":["Feed","Bludgeon"],"picked":"Limit Break","floor":8},{"not_picked":["TH:PixieDust"],"picked":"TH:CopperCoins","floor":9},{"not_picked":["TH:Mimic"],"picked":"TH:EnergyPotion","floor":14},{"not_picked":["Demonic Infusion","Berserk","Feed"],"picked":"SKIP","floor":14},{"not_picked":["TH:TreasureMap"],"picked":"TH:PixieDust","floor":16},{"not_picked":["Spot Weakness+1","Havoc","Uppercut"],"picked":"SKIP","floor":18},{"not_picked":["Metallicize","ReplayTheSpireMod:Limb From Limb+1","Armaments"],"picked":"SKIP","floor":19},{"not_picked":["TH:Mimic"],"picked":"TH:CopperCoins","floor":22},{"not_picked":["Replay:Many Hands","Demonic Infusion"],"picked":"Limit Break","floor":22},{"not_picked":["TH:BikiniMail"],"picked":"TH:EnergyPotion","floor":26},{"not_picked":["Pommel Strike","Clothesline","Shrug It Off"],"picked":"SKIP","floor":27},{"not_picked":["TH:BikiniMail"],"picked":"TH:Mimic","floor":29},{"not_picked":["TH:ArmorSpikes"],"picked":"TH:EnergyPotion","floor":33},{"not_picked":["Armaments+1","Iron Wave+1","Abandon+1"],"picked":"SKIP","floor":35},{"not_picked":["Perfected Strike+1","True Grit+1","Pummel+1"],"picked":"SKIP","floor":36},{"not_picked":["TH:EnergyPotion"],"picked":"TH:Mimic","floor":38},{"not_picked":["Demon Form","Impervious"],"picked":"Limit Break","floor":38},{"not_picked":["TH:CursedSword"],"picked":"TH:PixieDust","floor":43},{"not_picked":["TH:BikiniMail"],"picked":"TH:Mimic","floor":44},{"not_picked":["Brutality","Offering"],"picked":"Limit Break","floor":44},{"not_picked":["TH:TreasureMap","TH:ElvenBoots"],"picked":"SKIP","floor":46},{"not_picked":["Fiend Fire","Offering","Feed"],"picked":"SKIP","floor":46},{"not_picked":["Poisoned Strike","Replay:Dark Deal"],"picked":"Metamorphosis","floor":48},{"not_picked":["Replay:Sssssssssshield","Replay:Parry"],"picked":"TH:TreasureMap","floor":48},{"not_picked":["Replay:Bootleg Shield Generator","Magnetism"],"picked":"TH:TreasureMap","floor":48}],"player_experience":37659,"relics_obtained":[{"floor":8,"key":"Torii"},{"floor":9,"key":"King of Hearts"},{"floor":14,"key":"Pondfish Scales"},{"floor":22,"key":"Bag of Marbles"},{"floor":26,"key":"Onion Ring"},{"floor":29,"key":"Replay:Mystery Machine"},{"floor":32,"key":"Pocketwatch"},{"floor":38,"key":"infinitespire:Beetle Shell"},{"floor":43,"key":"Gambling Chip"},{"floor":44,"key":"Replay:Bottled Flurry"},{"floor":46,"key":"Blue Candle"}],"event_choices":[{"damage_healed":0,"gold_gain":0,"player_choice":"Bought 3 Potions","damage_taken":0,"max_hp_gain":0,"max_hp_loss":0,"event_name":"The Woman in Blue","floor":2,"gold_loss":0},{"damage_healed":0,"gold_gain":100,"player_choice":"Pray","damage_taken":0,"max_hp_gain":0,"max_hp_loss":0,"event_name":"Golden Shrine","floor":20,"gold_loss":0},{"damage_healed":0,"gold_gain":0,"player_choice":"1 cards matched","damage_taken":0,"max_hp_gain":0,"max_hp_loss":0,"event_name":"Match and Keep!","floor":37,"gold_loss":0,"cards_obtained":["Swift Strike"]}],"is_beta":false,"boss_relics":[{"not_picked":["Runic Dome","energizedSpire:DeadBattery"],"picked":"energizedSpire:TabascoSauce"},{"not_picked":["Sozu","ReplayTheSpireMod:SealedPack"],"picked":"Runic Pyramid"}],"items_purged_floors":[10,12,21,39,47,48],"is_endless":false,"potions_floor_spawned":[1,16,22,27,35,36,38],"ascension_level":0}}