{"host":"o0q01dgb4z8zpo6o","time":1608857657,"event":{"mods":["BaseMod","GifTheSpireLib","Minty Spire (QoL Compilation)","Relic Stats","StSLib"],"gold_per_floor":[113,125,135,148,158,158,190,190,216,249,249,249,174,174,174,250,250,250,250],"floor_reached":18,"playtime":839,"items_purged":["Strike_B"],"score":315,"play_id":"6170c4ea-72d3-4957-991d-59cc537aa7a1","local_time":"20201224165417","is_ascension_mode":true,"campfire_choices":[{"data":"Defragment","floor":6,"key":"SMITH"},{"floor":8,"key":"REST"},{"floor":11,"key":"REST"},{"data":"Darkness","floor":15,"key":"SMITH"}],"circlet_count":0,"master_deck":["AscendersBane","Strike_B","Strike_B","Defend_B","Defend_B","Defend_B","Defend_B","Zap","Dualcast","Machine Learning","Darkness+1","Sunder","Hologram","Ball Lightning","Defragment+1","Coolheaded","Biased Cognition","Echo Form"],"relics":["Cracked Core","Happy Flower","Akabeko","Juzu Bracelet","Philosopher\u0027s Stone"],"acts_visited":["Exordium","TheCity"],"potions_floor_usage":[10],"damage_taken":[{"damage":3,"enemies":"Small Slimes","floor":1,"turns":3},{"damage":9,"enemies":"Jaw Worm","floor":2,"turns":4},{"damage":1,"enemies":"Cultist","floor":3,"turns":3},{"damage":14,"enemies":"Red Slaver","floor":4,"turns":3},{"damage":15,"enemies":"2 Fungi Beasts","floor":5,"turns":4},{"damage":20,"enemies":"Lagavulin","floor":7,"turns":7},{"damage":12,"enemies":"3 Sentries","floor":10,"turns":5},{"damage":23,"enemies":"Hexaghost","floor":16,"turns":8},{"damage":55,"enemies":"3 Byrds","floor":18,"turns":2}],"seed_played":"2248133679899342507","potions_obtained":[{"floor":1,"key":"FearPotion"},{"floor":3,"key":"Dexterity Potion"},{"floor":16,"key":"DuplicationPotion"}],"is_trial":false,"path_per_floor":["M","M","M","M","M","R","E","R","T","E","R","?","$","?","R","B",null,"M"],"character_chosen":"DEFECT","items_purchased":[],"campfire_rested":2,"item_purchase_floors":[],"current_hp_per_floor":[61,52,51,37,22,22,2,21,21,9,28,49,49,49,49,26,55,0,0],"gold":250,"neow_bonus":"THREE_RARE_CARDS","is_daily":false,"chose_seed":false,"campfire_upgraded":2,"win_rate":0.0,"timestamp":1608857657,"path_taken":["M","M","M","M","M","R","E","R","T","E","R","?","$","?","R","BOSS","M"],"items_purchased_type":[],"build_version":"2020-12-22","purchased_purges":1,"victory":false,"max_hp_per_floor":[64,64,64,64,64,64,64,64,64,64,64,64,64,64,64,64,64,64,64],"relic_stats":{"Happy Flower":[5],"counters":[9,39],"Juzu Bracelet":0,"obtain_stats":[{"Happy Flower":7,"Philosopher\u0027s Stone":17,"Juzu Bracelet":10,"Cracked Core":0,"Akabeko":9},{"Happy Flower":6,"Philosopher\u0027s Stone":8,"Juzu Bracelet":7,"Cracked Core":0,"Akabeko":6},{"Happy Flower":24,"Philosopher\u0027s Stone":37,"Juzu Bracelet":29,"Cracked Core":0,"Akabeko":24}]},"card_choices":[{"not_picked":["Creative AI","Seek"],"picked":"Machine Learning","floor":0},{"not_picked":["Melter","BootSequence"],"picked":"Darkness","floor":1},{"not_picked":["Aggregate","Force Field"],"picked":"Sunder","floor":2},{"not_picked":["Gash","Leap"],"picked":"Hologram","floor":3},{"not_picked":["Stack","Hologram"],"picked":"Ball Lightning","floor":4},{"not_picked":["Meteor Strike","Go for the Eyes"],"picked":"Defragment","floor":5},{"not_picked":["Cold Snap","Ball Lightning"],"picked":"Coolheaded","floor":7},{"not_picked":["Ball Lightning","Compile Driver"],"picked":"Biased Cognition","floor":10},{"not_picked":["All For One","Hyperbeam"],"picked":"Echo Form","floor":16}],"player_experience":1040690,"relics_obtained":[{"floor":7,"key":"Happy Flower"},{"floor":9,"key":"Akabeko"},{"floor":10,"key":"Juzu Bracelet"}],"event_choices":[{"damage_healed":21,"gold_gain":0,"player_choice":"Banana","damage_taken":0,"max_hp_gain":0,"max_hp_loss":0,"event_name":"Big Fish","floor":12,"gold_loss":0},{"cards_removed":["Strike_B"],"damage_healed":0,"gold_gain":0,"player_choice":"Purged","damage_taken":0,"max_hp_gain":0,"max_hp_loss":0,"event_name":"Purifier","floor":14,"gold_loss":0}],"is_beta":false,"boss_relics":[{"not_picked":["Runic Dome","Astrolabe"],"picked":"Philosopher\u0027s Stone"}],"items_purged_floors":[13],"is_endless":false,"potions_floor_spawned":[1,3,7,16],"killed_by":"3 Byrds","ascension_level":17}}