{"host":"9vk21r6l9dtkpvh9","time":1608863383,"event":{"mods":["2.2 Compatiblity","AchievementEnabler","Act Like it!","Astrologer","Bard","Bartender","BaseMod","Better Altar","Better Match","Better Note","Better Sensory Stone","Better Skull","Better Third Choice","BetterRewards","CapriCore","CatGirl Mod","Colored Map","Colored Powertips","Conspire","DeckTracker","Downfall","Energized Spire","Fiend Mod","Gensokyo","GifTheSpireLib","Hermit","Hubris","Infinite Spire","Jorbs\u0027s Wanderer Trilogy","Koishi","LagranYue(???·?)","Luminous","Mad Scientist","Marisa????????","Mimic Mod","Minty Spire (QoL Compilation)","Potionbrewer","Rare Cards Sparkle","Relic Stats","Replay The Spire","SOS???????","Shade Mod","Spicy Shops","StSLib","SuperFastMode","Td1madao Mod","The Animator","The Construct","The Forsaken","The Gatherer","The Hayseed","The Hierophant","The Immortal","The Jungle","The Mystic","The Necromancer","The Runesmith","The Senshi","The Servant 0.9.4","The Trickster","The Valiant","The Wild Card","TheBandit","TheSwordswoman","TheWitcher","WarShipGirlsR/????R mod","vexMod","???Mod??????Boss"],"gold_per_floor":[118,68,68,79,93,125,54,84,109,122,122,122,142,159,159,255,255,270,270,270,290,309,344,344,344,396,396,416,416,48,64,64,171,171,207,207,207,207,222,222,222,246,300,323,362,362,412,434,434,439,439,439,164,203,218],"floor_reached":56,"playtime":4567,"items_purged":["theForsaken:PlagueCurse"],"score":1182,"play_id":"2b2099e4-49cf-46a2-b1e6-c7907a5ba54b","local_time":"20201224212943","is_ascension_mode":false,"campfire_choices":[{"data":"stsjorbsmod:Prestidigitation","floor":11,"key":"SMITH"},{"floor":15,"key":"REST"},{"data":"expansioncontent:PolyBeam","floor":24,"key":"SMITH"},{"floor":27,"key":"RECALL"},{"data":"infinitespire:Collect","floor":32,"key":"SMITH"},{"floor":41,"key":"DIG"},{"floor":46,"key":"DIG"},{"floor":49,"key":"REST"},{"floor":52,"key":"DIG"}],"circlet_count":0,"master_deck":["stsjorbsmod:ForbiddenGrimoire+1","stsjorbsmod:Strike_Wanderer","stsjorbsmod:Strike_Wanderer","stsjorbsmod:Defend_Wanderer","stsjorbsmod:Defend_Wanderer","stsjorbsmod:Defend_Wanderer","stsjorbsmod:Defend_Wanderer","stsjorbsmod:FreshAdventure","stsjorbsmod:EyeOfTheStorm","stsjorbsmod:TollTheDead","ReplayTheSpireMod:Book of Names+1","stsjorbsmod:FranticSearch+1","stsjorbsmod:FaerieFire+1","stsjorbsmod:Thorns+1","stsjorbsmod:BookOfTongues","stsjorbsmod:Prestidigitation+1","stsjorbsmod:ScorchingRay","expansioncontent:PolyBeam+1","stsjorbsmod:BurningFlask","stsjorbsmod:HoldMonster","Flame Barrier+1","stsjorbsmod:AnimateObjects+1","stsjorbsmod:RayOfFrost+1","stsjorbsmod:FlameWard+1","stsjorbsmod:OldPocket","infinitespire:Collect+1","stsjorbsmod:DoubleCheck+1","AbeCurse","stsjorbsmod:Pyromancy","infinitespire:Collect+1","stsjorbsmod:Stalwart+1","stsjorbsmod:WanderingMind+1","stsjorbsmod:BurningFlask","stsjorbsmod:Counterspell+1","stsjorbsmod:ArcaneWeapon"],"relics":["Koishi:ColorfulDays","theJungle:Flamango","Snecko Heart","infinitespire:CursedDice","Ancient Tea Set","construct:RocketBooster","Shovel","Replay:Kaleidoscope","HolyWater","MealTicket","CaptainsWheel","hubris:Spice","hermit:Horseshoe","infinitespire:Chaos","LagranYue:SoulBurningRelic","Blood Vial","LagranYue:MagicReflectiveArmorRelic","hubris:DisguiseKit","CatCart","Mirror","ReplayTheSpireMod:CursedCoin","hubris:GlazedTorus","conspire:BottledYoYo"],"acts_visited":["Exordium","TheCity","TheBeyond","TheEnding"],"potions_floor_usage":[21,22,23,33,42,50,55,55,55],"damage_taken":[{"damage":1,"enemies":"2 Louse","floor":1,"turns":3},{"damage":4,"enemies":"Jaw Worm","floor":4,"turns":3},{"damage":0,"enemies":"Cultist","floor":5,"turns":3},{"damage":7,"enemies":"Lagavulin","floor":6,"turns":6},{"damage":4,"enemies":"Gremlin Nob","floor":8,"turns":4},{"damage":0,"enemies":"Exordium Wildlife","floor":10,"turns":4},{"damage":9,"enemies":"2 Fungi Beasts","floor":13,"turns":3},{"damage":5,"enemies":"3 Louse","floor":14,"turns":3},{"damage":15,"enemies":"Slime Boss","floor":16,"turns":7},{"damage":15,"enemies":"Chosen","floor":18,"turns":6},{"damage":7,"enemies":"Shell Parasite","floor":21,"turns":5},{"damage":6,"enemies":"Cultist and Chosen","floor":22,"turns":6},{"damage":21,"enemies":"Gremlin Leader","floor":23,"turns":6},{"damage":23,"enemies":"3 Cultists","floor":28,"turns":5},{"damage":9,"enemies":"Snake Plant","floor":31,"turns":4},{"damage":18,"enemies":"Pondfish","floor":33,"turns":9},{"damage":56,"enemies":"3 Shapes","floor":35,"turns":6},{"damage":0,"enemies":"Orb Walker","floor":39,"turns":3},{"damage":0,"enemies":"Maw","floor":42,"turns":5},{"damage":0,"enemies":"Transient","floor":44,"turns":5},{"damage":0,"enemies":"R_Hoarder","floor":45,"turns":3},{"damage":0,"enemies":"Orin","floor":47,"turns":4},{"damage":1,"enemies":"Jaw Worm Horde","floor":48,"turns":3},{"damage":0,"enemies":"infinitespire:MassOfShapes","floor":50,"turns":6},{"damage":1,"enemies":"Shield and Spear","floor":54,"turns":4},{"damage":42,"enemies":"The Heart","floor":55,"turns":6}],"seed_played":"-8865976827474369493","potions_obtained":[{"floor":6,"key":"potionbrewer:NoxiousPotion"},{"floor":10,"key":"Energy Potion"},{"floor":14,"key":"Weak Potion"},{"floor":16,"key":"potionbrewer:DiscountPotion"},{"floor":21,"key":"hexamod:EctoCoolerPotion"},{"floor":33,"key":"stsjorbsmod:BurningPotion"},{"floor":45,"key":"potionbrewer:NoxiousPotion"}],"is_trial":false,"path_per_floor":["M","?","?","M","M","E","$","E","T","M","R","?","M","M","R","B",null,"M","?","?","M","M","E","R","?","T","R","M","AVR","$","M","R","B",null,"M","AVR","?","?","M","?","R","M","T","M","E","R","?","M","R","B",null,"R","$","E","B",null],"character_chosen":"WANDERER","items_purchased":["stsjorbsmod:BookOfTongues","Membership Card","Chameleon Ring","vexMod:GhostlyGear","Adrenaline Potion","AttackPotion","ReplayTheSpireMod:CursedCoin","hubris:GlazedTorus","potionbrewer:ToxicPotion"],"campfire_rested":2,"item_purchase_floors":[7,30,30,30,30,30,53,53,53],"current_hp_per_floor":[74,74,55,52,54,50,50,47,47,49,49,49,42,39,61,52,80,68,68,68,64,59,40,40,66,66,66,46,46,46,50,50,44,80,39,47,54,54,54,54,54,55,55,56,57,64,65,65,92,93,96,96,96,95,54],"gold":218,"neow_bonus":"TEN_PERCENT_HP_BONUS","is_daily":false,"chose_seed":false,"campfire_upgraded":3,"win_rate":0.0,"timestamp":1608863383,"path_taken":["M","?","?","M","M","E","?","E","T","?","R","?","M","M","R","BOSS","M","?","?","M","M","E","R","?","T","R","?","AVR","?","M","R","BOSS","M","AVR","?","?","M","?","R","M","T","?","E","R","?","M","R","BOSS","R","$","E","BOSS"],"items_purchased_type":["Card","Relic","Relic","Relic","Potion","Potion","Relic","Relic","Potion"],"build_version":"2020-12-22","purchased_purges":1,"victory":true,"max_hp_per_floor":[74,74,74,74,74,74,74,74,74,74,74,74,74,74,74,80,80,80,80,80,80,80,80,80,80,80,80,80,80,80,80,80,80,80,80,88,88,88,88,88,88,88,88,88,88,96,96,96,96,96,96,96,96,96,96],"relic_stats":{"Blood Vial":7,"Shovel":3,"counters":[26,122],"MealTicket":0,"obtain_stats":[{"Snecko Heart":36,"LagranYue:RandomDrawCardRelic":0,"theJungle:Flamango":36,"LagranYue:SoulBurningRelic":36,"Ancient Tea Set":36,"LagranYue:MagicReflectiveArmorRelic":43,"Pet Ghost":26,"Koishi:ColorfulDays":36,"Blood Vial":41,"Centennial Puzzle":6,"Winged Necklace":29,"Chameleon Ring":30,"Shovel":36,"MealTicket":36,"infinitespire:Chaos":36,"hubris:GlazedTorus":53,"hubris:DisguiseKit":45,"construct:RocketBooster":36,"infinitespire:CursedDice":36,"ReplayTheSpireMod:CursedCoin":53,"infinitespire:EmptyRelic":36,"stsjorbsmod:GrimoireRelic":0,"conspire:SlowCooker":17,"Replay:Kaleidoscope":36,"vexMod:GhostlyGear":30,"infinitespire:EvilPickle":33,"CaptainsWheel":36,"hubris:Spice":36,"HolyWater":36,"Simple Rune":8,"ChewingGum":34,"conspire:BottledYoYo":54,"Membership Card":30,"CatCart":47,"hermit:Horseshoe":36,"Mirror":52,"Meat on the Bone":23},{"Snecko Heart":17,"LagranYue:RandomDrawCardRelic":0,"theJungle:Flamango":17,"LagranYue:SoulBurningRelic":17,"Ancient Tea Set":17,"LagranYue:MagicReflectiveArmorRelic":19,"Pet Ghost":13,"Koishi:ColorfulDays":17,"Blood Vial":18,"Centennial Puzzle":4,"Winged Necklace":14,"Chameleon Ring":14,"Shovel":17,"MealTicket":17,"infinitespire:Chaos":17,"hubris:GlazedTorus":24,"hubris:DisguiseKit":21,"construct:RocketBooster":17,"infinitespire:CursedDice":17,"ReplayTheSpireMod:CursedCoin":24,"infinitespire:EmptyRelic":17,"stsjorbsmod:GrimoireRelic":0,"conspire:SlowCooker":9,"Replay:Kaleidoscope":17,"vexMod:GhostlyGear":14,"infinitespire:EvilPickle":16,"CaptainsWheel":17,"hubris:Spice":17,"HolyWater":17,"Simple Rune":5,"ChewingGum":16,"conspire:BottledYoYo":25,"Membership Card":14,"CatCart":22,"hermit:Horseshoe":17,"Mirror":24,"Meat on the Bone":13},{"Snecko Heart":83,"LagranYue:RandomDrawCardRelic":0,"theJungle:Flamango":83,"LagranYue:SoulBurningRelic":83,"Ancient Tea Set":83,"LagranYue:MagicReflectiveArmorRelic":91,"Pet Ghost":59,"Koishi:ColorfulDays":83,"Blood Vial":86,"Centennial Puzzle":15,"Winged Necklace":64,"Chameleon Ring":64,"Shovel":83,"MealTicket":83,"infinitespire:Chaos":83,"hubris:GlazedTorus":112,"hubris:DisguiseKit":99,"construct:RocketBooster":83,"infinitespire:CursedDice":83,"ReplayTheSpireMod:CursedCoin":112,"infinitespire:EmptyRelic":83,"stsjorbsmod:GrimoireRelic":0,"conspire:SlowCooker":36,"Replay:Kaleidoscope":83,"vexMod:GhostlyGear":64,"infinitespire:EvilPickle":77,"CaptainsWheel":83,"hubris:Spice":83,"HolyWater":83,"Simple Rune":19,"ChewingGum":77,"conspire:BottledYoYo":116,"Membership Card":64,"CatCart":103,"hermit:Horseshoe":83,"Mirror":112,"Meat on the Bone":59}]},"card_choices":[{"not_picked":["stsjorbsmod:LoseGrip","stsjorbsmod:DoubleCheck"],"picked":"stsjorbsmod:TollTheDead","floor":1},{"not_picked":["hubris:InfiniteBlow","ReplayTheSpireMod:Haul"],"picked":"ReplayTheSpireMod:Book of Names","floor":3},{"not_picked":["stsjorbsmod:FlameWard","stsjorbsmod:BlackTentacles"],"picked":"stsjorbsmod:FranticSearch","floor":4},{"not_picked":["stsjorbsmod:Materialize","stsjorbsmod:MagicMissiles"],"picked":"stsjorbsmod:FaerieFire","floor":5},{"not_picked":["stsjorbsmod:Index","stsjorbsmod:BlackTentacles"],"picked":"stsjorbsmod:Thorns","floor":6},{"not_picked":["stsjorbsmod:BlackTentacles","stsjorbsmod:ParryingBlow"],"picked":"stsjorbsmod:Prestidigitation","floor":8},{"not_picked":["stsjorbsmod:RayOfFrost","stsjorbsmod:ColorSpray"],"picked":"stsjorbsmod:ScorchingRay","floor":10},{"not_picked":["expansioncontent:SuperHexaguard","expansioncontent:Hexaburn"],"picked":"expansioncontent:PolyBeam","floor":12},{"not_picked":["stsjorbsmod:Will","stsjorbsmod:WeightOfMemory","stsjorbsmod:UnseenServant"],"picked":"SKIP","floor":13},{"not_picked":["stsjorbsmod:RayOfFrost","stsjorbsmod:TollTheDead"],"picked":"stsjorbsmod:BurningFlask","floor":14},{"not_picked":["stsjorbsmod:PurgeMind","stsjorbsmod:Withdraw"],"picked":"stsjorbsmod:HoldMonster","floor":16},{"not_picked":["stsjorbsmod:UnseenServant","stsjorbsmod:Will","stsjorbsmod:RefuseToForget"],"picked":"SKIP","floor":18},{"not_picked":["stsjorbsmod:Introspection+1","stsjorbsmod:Prestidigitation"],"picked":"stsjorbsmod:AnimateObjects+1","floor":21},{"not_picked":["stsjorbsmod:ArcaneWeapon","stsjorbsmod:FracturedMind"],"picked":"stsjorbsmod:RayOfFrost+1","floor":22},{"not_picked":["stsjorbsmod:BurningFlask","stsjorbsmod:BookOfTongues"],"picked":"stsjorbsmod:FlameWard+1","floor":23},{"not_picked":["stsjorbsmod:Materialize","stsjorbsmod:Hurt"],"picked":"stsjorbsmod:OldPocket","floor":28},{"not_picked":["stsjorbsmod:BurningFlask","stsjorbsmod:SmithingStrike"],"picked":"stsjorbsmod:DoubleCheck+1","floor":31},{"not_picked":["stsjorbsmod:Entangle","stsjorbsmod:SiphonEnergy"],"picked":"stsjorbsmod:Pyromancy","floor":33},{"not_picked":["stsjorbsmod:Message","stsjorbsmod:ParryingBlow","stsjorbsmod:BookOfTongues+1"],"picked":"SKIP","floor":35},{"not_picked":["stsjorbsmod:HedgeWizard","stsjorbsmod:TrueStrike","stsjorbsmod:FaerieFire"],"picked":"SKIP","floor":39},{"not_picked":["stsjorbsmod:UnseenServant","stsjorbsmod:Patron"],"picked":"stsjorbsmod:Stalwart+1","floor":42},{"not_picked":["stsjorbsmod:Aid+1","stsjorbsmod:ChainLightning"],"picked":"stsjorbsmod:WanderingMind+1","floor":44},{"not_picked":["stsjorbsmod:Stalwart+1","stsjorbsmod:BlackTentacles+1"],"picked":"stsjorbsmod:BurningFlask","floor":45},{"not_picked":["stsjorbsmod:Materialize+1","stsjorbsmod:Rest+1","Runesmith:Overpower"],"picked":"stsjorbsmod:Counterspell+1","floor":48},{"not_picked":["stsjorbsmod:WeightOfMemory+1","stsjorbsmod:ChainLightning+1","Runesmith:Overpower"],"picked":"stsjorbsmod:ArcaneWeapon","floor":54}],"player_experience":620504,"relics_obtained":[{"floor":6,"key":"Centennial Puzzle"},{"floor":8,"key":"Simple Rune"},{"floor":23,"key":"Meat on the Bone"},{"floor":26,"key":"Pet Ghost"},{"floor":41,"key":"Blood Vial"},{"floor":43,"key":"LagranYue:MagicReflectiveArmorRelic"},{"floor":45,"key":"hubris:DisguiseKit"},{"floor":46,"key":"hubris:Spice"},{"floor":47,"key":"CatCart"},{"floor":52,"key":"Mirror"},{"floor":54,"key":"conspire:BottledYoYo"}],"event_choices":[{"cards_removed":["stsjorbsmod:Strike_Wanderer"],"damage_healed":0,"gold_gain":0,"player_choice":"Card Removal","damage_taken":0,"max_hp_gain":0,"max_hp_loss":0,"event_name":"The Cleric","floor":2,"gold_loss":50},{"damage_healed":0,"gold_gain":1,"player_choice":"1","damage_taken":0,"max_hp_gain":0,"max_hp_loss":0,"event_name":"betterStone:BetterStone","floor":12,"gold_loss":0},{"cards_removed":["stsjorbsmod:Prestidigitation"],"damage_healed":0,"gold_gain":0,"player_choice":"Take \u0026 Give","damage_taken":0,"max_hp_gain":0,"max_hp_loss":0,"event_name":"betterNote:BetterNote","floor":19,"gold_loss":0,"cards_obtained":["Flame Barrier"]},{"damage_healed":26,"gold_gain":0,"player_choice":"Heal","damage_taken":0,"max_hp_gain":0,"max_hp_loss":0,"event_name":"The Library","floor":25,"gold_loss":0},{"damage_healed":0,"gold_gain":0,"player_choice":"Ignored","damage_taken":0,"max_hp_gain":0,"max_hp_loss":0,"event_name":"Tomb of Lord Red Mask","floor":38,"gold_loss":0},{"cards_removed":["stsjorbsmod:Strike_Wanderer"],"damage_healed":0,"gold_gain":0,"player_choice":"Purged","damage_taken":0,"max_hp_gain":0,"max_hp_loss":0,"event_name":"Purifier","floor":40,"gold_loss":0},{"damage_healed":0,"gold_gain":0,"player_choice":"Fight","damage_taken":0,"max_hp_gain":0,"max_hp_loss":0,"event_name":"OrinTheCat","floor":47,"gold_loss":0}],"is_beta":false,"boss_relics":[{"not_picked":["infinitespire:Cupcake","energizedSpire:OgreHead"],"picked":"conspire:SlowCooker"},{"not_picked":["vexMod:RockOfEvil","energizedSpire:StickyHand"],"picked":"ChewingGum"}],"items_purged_floors":[53],"is_endless":false,"potions_floor_spawned":[6,10,14,16,18,21,33,35,45,47,48],"ascension_level":0}}