{"host":"5fasz840ryq7obdf","time":1608911087,"event":{"mods":["AchievementEnabler","BaseMod","Bestiary","Better Altar","Better Skull","Better Third Choice","BetterRewards","Block Reminder","Colored Powertips","Curses Come First","Minty Spire (QoL Compilation)","Quick Restart","Relic Stats","Shop Mod","Spicy Shops","StSLib"],"gold_per_floor":[119,154,154,194,207,232,232,242,242,242,264,293,45,73,73,150,150,163,163,163,178,64,92,107,134,134,134,38,70,87,113,113,185,185,196,196,214,268,268,268,299,299,299,331,331,347,65,81,81,81,81,81],"floor_reached":51,"playtime":3634,"items_purged":["Strike_G"],"score":2302,"play_id":"4ce2fe7f-39fc-4fce-9ac8-ddf77cc97b95","local_time":"20201225154447","is_ascension_mode":true,"campfire_choices":[{"floor":7.0,"key":"REST"},{"data":"Terror","floor":10.0,"key":"SMITH"},{"data":"Well Laid Plans","floor":15.0,"key":"SMITH"},{"data":"Catalyst","floor":27.0,"key":"SMITH"},{"floor":32.0,"key":"REST"},{"data":"Burst","floor":40.0,"key":"SMITH"},{"data":"Sadistic Nature","floor":42.0,"key":"SMITH"},{"data":"Prepared","floor":45.0,"key":"SMITH"},{"floor":49.0,"key":"RECALL"}],"circlet_count":0,"master_deck":["AscendersBane","Survivor","Neutralize+1","Crippling Poison","Well Laid Plans+1","Storm of Steel","Sadistic Nature+1","Accuracy","Deadly Poison","Terror+1","Noxious Fumes","Escape Plan","Leg Sweep","Blur","Noxious Fumes","Blur","Backstab","Blade Dance","Corpse Explosion","Cloak And Dagger","Adrenaline","Finisher+1","Corpse Explosion+1","Finisher+1","Infinite Blades","Blade Dance+1","Infinite Blades","Cloak And Dagger","Footwork","Catalyst+1","Tactician","Prepared+1","Footwork","Setup","Acrobatics","Deadly Poison","Burst+1","Storm of Steel","Skewer","Blade Dance","All Out Attack","Grand Finale","Backflip","Escape Plan","Acrobatics","Deadly Poison+1","Outmaneuver","Malaise","PiercingWail","Tactician","Noxious Fumes","Tactician","Catalyst+1","Wraith Form v2","Deflect+1","Dodge and Roll","Backflip"],"relics":["Ring of the Snake","Mummified Hand","Toolbox","Anchor","Kunai","Odd Mushroom","Lantern","Ornamental Fan","Astrolabe","Bloody Idol","NlothsMask","Bronze Scales","TungstenRod","Ninja Scroll","PreservedInsect","Pandora\u0027s Box","Du-Vu Doll","Pantograph","Vajra","Orrery"],"acts_visited":["Exordium","TheCity","TheBeyond"],"potions_floor_usage":[],"damage_taken":[{"damage":0.0,"enemies":"Cultist","floor":1.0,"turns":3.0},{"damage":1.0,"enemies":"2 Louse","floor":2.0,"turns":3.0},{"damage":0.0,"enemies":"Small Slimes","floor":4.0,"turns":3.0},{"damage":4.0,"enemies":"3 Louse","floor":5.0,"turns":3.0},{"damage":0.0,"enemies":"3 Sentries","floor":6.0,"turns":3.0},{"damage":0.0,"enemies":"Red Slaver","floor":8.0,"turns":3.0},{"damage":2.0,"enemies":"The Mushroom Lair","floor":11.0,"turns":4.0},{"damage":0.0,"enemies":"Gremlin Nob","floor":12.0,"turns":3.0},{"damage":1.0,"enemies":"Lagavulin","floor":14.0,"turns":4.0},{"damage":1.0,"enemies":"The Guardian","floor":16.0,"turns":9.0},{"damage":3.0,"enemies":"Shell Parasite","floor":18.0,"turns":4.0},{"damage":15.0,"enemies":"Spheric Guardian","floor":21.0,"turns":4.0},{"damage":0.0,"enemies":"Slavers","floor":23.0,"turns":3.0},{"damage":0.0,"enemies":"Chosen and Byrds","floor":24.0,"turns":3.0},{"damage":0.0,"enemies":"Gremlin Leader","floor":25.0,"turns":3.0},{"damage":8.0,"enemies":"Book of Stabbing","floor":29.0,"turns":4.0},{"damage":0.0,"enemies":"Centurion and Healer","floor":30.0,"turns":3.0},{"damage":0.0,"enemies":"Gremlin Leader","floor":31.0,"turns":3.0},{"damage":17.0,"enemies":"Automaton","floor":33.0,"turns":6.0},{"damage":0.0,"enemies":"Orb Walker","floor":35.0,"turns":2.0},{"damage":0.0,"enemies":"3 Shapes","floor":37.0,"turns":3.0},{"damage":27.0,"enemies":"2 Orb Walkers","floor":38.0,"turns":4.0},{"damage":0.0,"enemies":"Giant Head","floor":41.0,"turns":3.0},{"damage":39.0,"enemies":"Reptomancer","floor":44.0,"turns":3.0},{"damage":7.0,"enemies":"Sphere and 2 Shapes","floor":46.0,"turns":3.0},{"damage":0.0,"enemies":"3 Darklings","floor":48.0,"turns":1.0},{"damage":35,"enemies":"Donu and Deca","floor":50,"turns":5},{"damage":36,"enemies":"Time Eater","floor":51,"turns":5}],"seed_played":"-803832175701919967","potions_obtained":[{"floor":5.0,"key":"EntropicBrew"},{"floor":8.0,"key":"Explosive Potion"},{"floor":11.0,"key":"DuplicationPotion"},{"floor":12.0,"key":"DistilledChaos"},{"floor":23.0,"key":"EssenceOfSteel"},{"floor":24.0,"key":"LiquidMemories"},{"floor":29.0,"key":"DuplicationPotion"},{"floor":44.0,"key":"Strength Potion"},{"floor":46.0,"key":"LiquidBronze"}],"is_trial":false,"path_per_floor":["M","M","?","M","M","E","R","M","T","R","?","E","$","E","R","B",null,"M","?","?","M","$","E","M","E","T","R","$","E","M","E","R","B",null,"M","?","M","?","?","R","E","R","T","E","R","M","$","M","R","B","B"],"character_chosen":"THE_SILENT","items_purchased":["Crippling Poison","Well Laid Plans","Storm of Steel","Sadistic Nature","Accuracy","Deadly Poison","Terror","Mummified Hand","Noxious Fumes","Toolbox","Escape Plan","Corpse Explosion","Infinite Blades","Cloak And Dagger","Prepared","Footwork","Tactician","Noxious Fumes","Orrery"],"campfire_rested":2,"item_purchase_floors":[0,0,0,0,0,0,0,0,0,0,0,13,22,22,28,28,47,47,47],"current_hp_per_floor":[19,18,18,18,14,14,33,33,33,33,31,31,31,30,30,29,57,54,18,18,8,8,13,18,23,23,23,23,20,25,30,49,37,59,64,63,63,41,46,46,51,51,51,17,17,15,15,20,20,10,0,0],"gold":81,"neow_bonus":"","is_daily":false,"chose_seed":false,"campfire_upgraded":6,"win_rate":0.0,"timestamp":1608911087,"path_taken":["M","M","?","M","M","E","R","M","T","R","?","E","$","E","R","BOSS","M","?","?","M","$","E","M","E","T","R","$","E","?","E","R","BOSS","M","?","M","?","?","R","E","R","T","E","R","?","$","M","R","BOSS","BOSS"],"items_purchased_type":["Card","Card","Card","Card","Card","Card","Card","Relic","Card","Relic","Card","Card","Card","Card","Card","Card","Card","Card","Relic"],"build_version":"2020-12-22","purchased_purges":1,"victory":false,"max_hp_per_floor":[66,66,66,66,66,66,66,66,66,66,66,66,66,66,66,66,66,66,66,66,66,66,66,66,66,66,66,66,66,66,66,66,66,66,66,63,63,63,63,63,63,63,63,63,63,63,63,63,63,63,63,63],"relic_stats":{"counters":[56,231],"Astrolabe":["Finisher","Corpse Explosion","Finisher"],"PreservedInsect":192,"Mummified Hand":[106],"Ornamental Fan":[168],"Bloody Idol":70,"Bronze Scales":[132],"Pantograph":50,"Pandora\u0027s Box":["Storm of Steel","Skewer","Blade Dance","All Out Attack","Grand Finale","Backflip"],"Kunai":[82],"obtain_stats":[{"TwistedFunnel":36,"Lantern":12,"Vajra":0,"StoneCalendar":17,"Snake Skull":17,"Juzu Bracelet":26,"Sling":0,"Cursed Key":34,"Boot":40,"Blood Vial":8,"Sundial":48,"Mummified Hand":0,"Ninja Scroll":29,"Pantograph":41,"Toolbox":0,"Red Mask":20,"Kunai":9,"Ring of the Snake":0,"Pear":25,"The Specimen":44,"Blue Candle":17,"Astrolabe":17,"PreservedInsect":31,"Omamori":36,"Paper Crane":30,"War Paint":31,"Frozen Egg 2":46,"Odd Mushroom":11,"Peace Pipe":10,"Calling Bell":17,"Du-Vu Doll":38,"Anchor":6,"Ornamental Fan":14,"Bloody Idol":19,"Bronze Scales":23,"Orrery":47,"Pandora\u0027s Box":34,"Bag of Marbles":30,"Membership Card":19,"StrikeDummy":27,"Toy Ornithopter":47,"TungstenRod":25,"Meat on the Bone":19,"NlothsMask":20},{"TwistedFunnel":20,"Lantern":36,"Vajra":0,"StoneCalendar":11,"Snake Skull":11,"Juzu Bracelet":15,"Sling":0,"Cursed Key":19,"Boot":23,"Blood Vial":6,"Sundial":27,"Mummified Hand":28,"Ninja Scroll":44,"Pantograph":51,"Toolbox":28,"Red Mask":13,"Kunai":6,"Ring of the Snake":0,"Pear":15,"The Specimen":25,"Blue Candle":11,"Astrolabe":38,"PreservedInsect":46,"Omamori":20,"Paper Crane":17,"War Paint":18,"Frozen Egg 2":26,"Odd Mushroom":35,"Peace Pipe":7,"Calling Bell":11,"Du-Vu Doll":50,"Anchor":5,"Ornamental Fan":37,"Bloody Idol":39,"Bronze Scales":41,"Orrery":53,"Pandora\u0027s Box":47,"Bag of Marbles":17,"Membership Card":12,"StrikeDummy":16,"Toy Ornithopter":26,"TungstenRod":43,"Meat on the Bone":12,"NlothsMask":39},{"TwistedFunnel":94,"Lantern":156,"Vajra":0,"StoneCalendar":54,"Snake Skull":54,"Juzu Bracelet":71,"Sling":0,"Cursed Key":90,"Boot":107,"Blood Vial":27,"Sundial":124,"Mummified Hand":131,"Ninja Scroll":190,"Pantograph":214,"Toolbox":131,"Red Mask":63,"Kunai":27,"Ring of the Snake":0,"Pear":71,"The Specimen":115,"Blue Candle":54,"Astrolabe":169,"PreservedInsect":196,"Omamori":94,"Paper Crane":82,"War Paint":86,"Frozen Egg 2":120,"Odd Mushroom":153,"Peace Pipe":30,"Calling Bell":54,"Du-Vu Doll":211,"Anchor":19,"Ornamental Fan":160,"Bloody Idol":173,"Bronze Scales":180,"Orrery":220,"Pandora\u0027s Box":202,"Bag of Marbles":82,"Membership Card":60,"StrikeDummy":76,"Toy Ornithopter":120,"TungstenRod":186,"Meat on the Bone":60,"NlothsMask":173}],"TungstenRod":17,"Ring of the Snake":[100]},"card_choices":[{"not_picked":["Quick Slash","Outmaneuver"],"picked":"Leg Sweep","floor":1.0},{"not_picked":["Outmaneuver","Unload"],"picked":"Blur","floor":2.0},{"not_picked":["Predator","Dagger Throw"],"picked":"Noxious Fumes","floor":4.0},{"not_picked":["Quick Slash","Acrobatics"],"picked":"Deflect","floor":5.0},{"not_picked":["Bane","PiercingWail"],"picked":"Blur","floor":6.0},{"not_picked":["Distraction","Skewer"],"picked":"Backstab","floor":8.0},{"not_picked":["Deadly Poison","Deflect"],"picked":"Blade Dance","floor":11.0},{"not_picked":["Dagger Throw","Flying Knee","Poisoned Stab"],"picked":"SKIP","floor":12.0},{"not_picked":["Footwork","Deadly Poison"],"picked":"Cloak And Dagger","floor":14.0},{"not_picked":["Grand Finale","Burst"],"picked":"Adrenaline","floor":16.0},{"not_picked":["Leg Sweep","Cloak And Dagger"],"picked":"Infinite Blades","floor":18.0},{"not_picked":["Prepared","Underhanded Strike"],"picked":"Blade Dance+1","floor":21.0},{"not_picked":["Dagger Spray","Backflip"],"picked":"Footwork","floor":23.0},{"not_picked":["Bouncing Flask","Blur+1"],"picked":"Catalyst","floor":24.0},{"not_picked":["Deflect","Riddle With Holes"],"picked":"Tactician","floor":25.0},{"not_picked":["Predator","Dodge and Roll"],"picked":"Setup","floor":29.0},{"not_picked":["Escape Plan","Skewer"],"picked":"Acrobatics","floor":30.0},{"not_picked":["Grand Finale","Backflip+1"],"picked":"Deadly Poison","floor":31.0},{"not_picked":["After Image","Wraith Form v2"],"picked":"Burst","floor":33.0},{"not_picked":["Poisoned Stab","Dagger Spray+1"],"picked":"Escape Plan","floor":35.0},{"not_picked":["Sucker Punch","Quick Slash"],"picked":"Acrobatics","floor":37.0},{"not_picked":["Bane+1","Acrobatics"],"picked":"Deadly Poison+1","floor":38.0},{"not_picked":["Dagger Spray+1","Flechettes"],"picked":"Outmaneuver","floor":41.0},{"not_picked":["Dagger Throw+1","Finisher"],"picked":"Malaise","floor":44.0},{"not_picked":["Dash","Underhanded Strike"],"picked":"PiercingWail","floor":46.0},{"not_picked":["Acrobatics","All Out Attack"],"picked":"Tactician","floor":47.0},{"not_picked":["Endless Agony+1","Deflect+1"],"picked":"Catalyst+1","floor":47.0},{"not_picked":["Dagger Spray","Backstab"],"picked":"Wraith Form v2","floor":47.0},{"not_picked":["Flechettes+1","Endless Agony"],"picked":"Deflect+1","floor":47.0},{"not_picked":["Deflect","Quick Slash"],"picked":"Dodge and Roll","floor":47.0},{"not_picked":["Dagger Spray","Bane"],"picked":"Backflip","floor":48.0}],"player_experience":1083889,"relics_obtained":[{"floor":6.0,"key":"Anchor"},{"floor":9.0,"key":"Kunai"},{"floor":11.0,"key":"Odd Mushroom"},{"floor":12.0,"key":"Lantern"},{"floor":14.0,"key":"Ornamental Fan"},{"floor":23.0,"key":"Bronze Scales"},{"floor":25.0,"key":"TungstenRod"},{"floor":29.0,"key":"Ninja Scroll"},{"floor":31.0,"key":"PreservedInsect"},{"floor":38.0,"key":"Du-Vu Doll"},{"floor":41.0,"key":"Pantograph"},{"floor":44.0,"key":"Vajra"}],"event_choices":[{"damage_healed":0.0,"max_hp_gain":0.0,"max_hp_loss":0.0,"gold_gain":0.0,"event_name":"Living Wall","player_choice":"Grow","floor":3.0,"gold_loss":0.0,"damage_taken":0.0,"cards_upgraded":["Neutralize"]},{"damage_healed":0.0,"max_hp_gain":0.0,"max_hp_loss":0.0,"gold_gain":0.0,"event_name":"Mushrooms","player_choice":"Fought Mushrooms","floor":11.0,"gold_loss":0.0,"damage_taken":0.0},{"damage_healed":0.0,"max_hp_gain":54.0,"max_hp_loss":18.0,"gold_gain":0.0,"event_name":"betterAltar:BetterAltar","player_choice":" Idol ","floor":19.0,"potions_obtained":[],"relics_lost":[],"gold_loss":0.0,"damage_taken":36.0,"relics_obtained":["Bloody Idol"]},{"damage_healed":0.0,"max_hp_gain":0.0,"max_hp_loss":0.0,"gold_gain":0.0,"event_name":"FaceTrader","player_choice":"Trade","floor":20.0,"gold_loss":0.0,"damage_taken":0.0,"relics_obtained":["NlothsMask"]},{"damage_healed":0.0,"max_hp_gain":0.0,"max_hp_loss":3.0,"gold_gain":0.0,"event_name":"Winding Halls","player_choice":"Max HP","floor":36.0,"gold_loss":0.0,"damage_taken":0.0},{"damage_healed":0.0,"max_hp_gain":0.0,"max_hp_loss":0.0,"gold_gain":0.0,"event_name":"Mysterious Sphere","player_choice":"Fight","floor":38.0,"gold_loss":0.0,"damage_taken":0.0},{"cards_removed":["Deflect"],"damage_healed":5.0,"max_hp_gain":0.0,"max_hp_loss":0.0,"gold_gain":0.0,"event_name":"Bonfire Elementals","player_choice":"Offered Common","floor":39.0,"gold_loss":0.0,"damage_taken":0.0},{"cards_removed":["Deflect"],"damage_healed":5.0,"max_hp_gain":0.0,"max_hp_loss":0.0,"gold_gain":0.0,"event_name":"Bonfire Elementals","player_choice":"Offered Special","floor":39.0,"gold_loss":0.0,"damage_taken":0.0}],"is_beta":false,"boss_relics":[{"not_picked":["Ectoplasm","Calling Bell"],"picked":"Astrolabe"},{"not_picked":["Runic Dome","Philosopher\u0027s Stone"],"picked":"Pandora\u0027s Box"}],"items_purged_floors":[13],"is_endless":false,"potions_floor_spawned":[5,8,11,12,23,24,29,31,44,46],"killed_by":"Time Eater","ascension_level":20}}