{"host":"a4s27ghlnr83kbqz","time":1608893105,"event":{"mods":["AchievementEnabler","BaseMod","Colored Map","Minty Spire (QoL Compilation)","Permanent Neow","SuperFastMode"],"gold_per_floor":[17,35,35,49,64,64,96,107,131,131,144,177,191,13,13,87,87,105,105,155,3,16,16,29,29,52,77,177,177,189,201,201,279,279,293,313,313,313,328,341,341,367,367,367,379,41,41,41,74,74,74,74],"floor_reached":53,"playtime":1824,"items_purged":["Strike_R","Defend_R"],"score":2048,"play_id":"ce52976b-1204-45cd-ae34-471916f97427","local_time":"20201225184505","is_ascension_mode":true,"campfire_choices":[{"data":"Shockwave","floor":6.0,"key":"SMITH"},{"data":"Burning Pact","floor":10.0,"key":"SMITH"},{"data":"Shrug It Off","floor":15.0,"key":"SMITH"},{"data":"Offering","floor":23.0,"key":"SMITH"},{"data":"Barricade","floor":29.0,"key":"SMITH"},{"floor":32.0,"key":"REST"},{"data":"Feel No Pain","floor":41.0,"key":"SMITH"},{"data":"Evolve","floor":43,"key":"SMITH"},{"data":"Shrug It Off","floor":47,"key":"SMITH"},{"floor":50,"key":"REST"}],"circlet_count":0,"master_deck":["AscendersBane","Defend_R","Defend_R","Defend_R","Bash","Carnage+1","Shrug It Off+1","Shockwave+1","Pommel Strike","Burning Pact+1","Battle Trance","Cleave+1","Evolve+1","Shrug It Off+1","Fiend Fire+1","Hemokinesis+1","Offering+1","Reckless Charge+1","Whirlwind+1","Feed+1","Barricade+1","Dropkick+1","Body Slam+1","Flame Barrier","Feel No Pain+1","Feed+1","Battle Trance","Second Wind+1"],"relics":["Burning Blood","Molten Egg 2","Juzu Bracelet","Pen Nib","Mark of Pain","Happy Flower","Potion Belt","Mango","Sundial","Empty Cage","HornCleat","TungstenRod","Orrery","Red Skull"],"acts_visited":["Exordium","TheCity","TheBeyond"],"potions_floor_usage":[42,42,52],"damage_taken":[{"damage":7.0,"enemies":"Cultist","floor":1.0,"turns":4.0},{"damage":7.0,"enemies":"Small Slimes","floor":2.0,"turns":3.0},{"damage":6.0,"enemies":"2 Louse","floor":4.0,"turns":3.0},{"damage":23.0,"enemies":"Exordium Thugs","floor":5.0,"turns":5.0},{"damage":17.0,"enemies":"Lagavulin","floor":7.0,"turns":5.0},{"damage":5.0,"enemies":"Blue Slaver","floor":8.0,"turns":3.0},{"damage":6.0,"enemies":"Exordium Wildlife","floor":11.0,"turns":4.0},{"damage":6.0,"enemies":"Gremlin Nob","floor":12.0,"turns":3.0},{"damage":1.0,"enemies":"Large Slime","floor":13.0,"turns":6.0},{"damage":26.0,"enemies":"The Guardian","floor":16.0,"turns":13.0},{"damage":11.0,"enemies":"Spheric Guardian","floor":18.0,"turns":3.0},{"damage":8.0,"enemies":"Chosen","floor":22.0,"turns":2.0},{"damage":12.0,"enemies":"Centurion and Healer","floor":24.0,"turns":4.0},{"damage":10.0,"enemies":"Book of Stabbing","floor":27.0,"turns":3.0},{"damage":20.0,"enemies":"Colosseum Slavers","floor":28.0,"turns":5.0},{"damage":5.0,"enemies":"Colosseum Nobs","floor":28.0,"turns":2.0},{"damage":12.0,"enemies":"3 Cultists","floor":30.0,"turns":3.0},{"damage":31.0,"enemies":"Snake Plant","floor":31.0,"turns":4.0},{"damage":10.0,"enemies":"Automaton","floor":33.0,"turns":6.0},{"damage":15.0,"enemies":"3 Shapes","floor":35.0,"turns":6.0},{"damage":6.0,"enemies":"Orb Walker","floor":36.0,"turns":2.0},{"damage":6.0,"enemies":"3 Darklings","floor":39.0,"turns":4.0},{"damage":24.0,"enemies":"Sphere and 2 Shapes","floor":40.0,"turns":7.0},{"damage":6,"enemies":"Reptomancer","floor":42,"turns":2},{"damage":16,"enemies":"Jaw Worm Horde","floor":45,"turns":5},{"damage":6,"enemies":"Nemesis","floor":49,"turns":4},{"damage":32,"enemies":"Donu and Deca","floor":51,"turns":9},{"damage":60,"enemies":"Awakened One","floor":52,"turns":12}],"seed_played":"1804798611527235203","potions_obtained":[{"floor":4.0,"key":"Regen Potion"},{"floor":7.0,"key":"DistilledChaos"},{"floor":11.0,"key":"EntropicBrew"},{"floor":18.0,"key":"SkillPotion"},{"floor":24.0,"key":"HeartOfIron"},{"floor":30.0,"key":"CultistPotion"},{"floor":31.0,"key":"LiquidBronze"},{"floor":38.0,"key":"Strength Potion"},{"floor":38.0,"key":"ColorlessPotion"},{"floor":40.0,"key":"Swift Potion"},{"floor":42,"key":"BloodPotion"},{"floor":49,"key":"FearPotion"}],"is_trial":false,"path_per_floor":["M","M","?","M","M","R","E","M","T","R","M","E","M","$","R","B",null,"M","?","?","$","M","R","M","?","T","E","?","R","M","M","R","B",null,"M","M","M","?","M","M","R","E","R","T","M","$","R","?","E","R","B","B",null],"character_chosen":"IRONCLAD","items_purchased":["Evolve","Shrug It Off","Offering","Orrery","DuplicationPotion"],"campfire_rested":2,"item_purchase_floors":[14,14,21,46,46],"current_hp_per_floor":[81,80,80,80,63,63,52,53,53,53,65,65,70,70,70,50,79,74,48,48,48,46,46,40,40,40,36,41,41,39,14,48,44,98,93,93,93,93,93,75,75,75,75,75,69,69,69,69,69,104,78,24],"gold":74,"neow_bonus":"TWENTY_PERCENT_HP_BONUS","is_daily":false,"chose_seed":false,"campfire_upgraded":8,"win_rate":0.0,"timestamp":1608893105,"path_taken":["M","M","?","M","M","R","E","M","T","R","M","E","M","$","R","BOSS","M","?","?","$","M","R","M","?","T","E","?","R","M","M","R","BOSS","M","M","M","?","M","M","R","E","R","T","M","?","R","?","E","R","BOSS","BOSS"],"items_purchased_type":["Card","Card","Card","Relic","Potion"],"build_version":"2020-12-22","purchased_purges":2,"victory":true,"max_hp_per_floor":[89,89,89,89,89,89,89,89,89,89,89,89,89,89,89,89,89,89,94,94,94,94,94,94,94,94,94,112,112,116,116,116,116,116,120,120,120,120,120,120,120,120,120,120,124,124,124,118,118,118,118,118],"card_choices":[{"not_picked":["Havoc","Armaments"],"picked":"Carnage","floor":1.0},{"not_picked":["Second Wind","Heavy Blade"],"picked":"Shrug It Off","floor":2.0},{"not_picked":["Carnage","Sword Boomerang"],"picked":"Shockwave","floor":4.0},{"not_picked":["Clash","Clothesline"],"picked":"Pommel Strike","floor":5.0},{"not_picked":["Sever Soul+1","Pummel+1","Rampage+1"],"picked":"SKIP","floor":7.0},{"not_picked":["Armaments","Havoc"],"picked":"Burning Pact","floor":8.0},{"not_picked":["Thunderclap+1","Perfected Strike+1","True Grit"],"picked":"SKIP","floor":11.0},{"not_picked":["Headbutt+1","Sword Boomerang+1"],"picked":"Battle Trance","floor":12.0},{"not_picked":["Twin Strike+1","Clash+1"],"picked":"Cleave+1","floor":13.0},{"not_picked":["Reaper+1","Juggernaut"],"picked":"Fiend Fire+1","floor":16.0},{"not_picked":["Entrench","Rampage+1"],"picked":"Hemokinesis+1","floor":18.0},{"not_picked":["Inflame","Metallicize"],"picked":"Reckless Charge+1","floor":22.0},{"not_picked":["Iron Wave+1","Clothesline+1"],"picked":"Whirlwind+1","floor":24.0},{"not_picked":["Armaments","Thunderclap+1"],"picked":"Dropkick+1","floor":27.0},{"not_picked":["Anger+1","Evolve"],"picked":"Body Slam+1","floor":28.0},{"not_picked":["Dark Embrace","Evolve"],"picked":"Flame Barrier","floor":30.0},{"not_picked":["Shockwave","Burning Pact"],"picked":"Feel No Pain","floor":31.0},{"not_picked":["Berserk","Double Tap"],"picked":"Feed+1","floor":33.0},{"not_picked":["Cleave+1","Perfected Strike+1","Wild Strike+1"],"picked":"SKIP","floor":35.0},{"not_picked":["Wild Strike+1","Dropkick+1"],"picked":"Battle Trance","floor":36.0},{"not_picked":["Evolve","Iron Wave+1","Dual Wield"],"picked":"SKIP","floor":39.0},{"not_picked":["Evolve","Iron Wave+1","Dual Wield"],"picked":"SKIP","floor":39.0},{"not_picked":["Reckless Charge+1","Headbutt+1","Pommel Strike+1"],"picked":"SKIP","floor":40.0},{"not_picked":["True Grit","Flex+1","Bloodletting"],"picked":"SKIP","floor":42},{"not_picked":["Fire Breathing","Cleave+1","Disarm"],"picked":"SKIP","floor":45},{"not_picked":["Twin Strike+1","Spot Weakness"],"picked":"Second Wind+1","floor":46},{"not_picked":["Wild Strike+1","Disarm","Sword Boomerang+1"],"picked":"SKIP","floor":49}],"player_experience":1043889,"relics_obtained":[{"floor":7.0,"key":"Molten Egg 2"},{"floor":9.0,"key":"Juzu Bracelet"},{"floor":12.0,"key":"Pen Nib"},{"floor":26.0,"key":"Happy Flower"},{"floor":27.0,"key":"Potion Belt"},{"floor":28.0,"key":"Mango"},{"floor":28.0,"key":"Sundial"},{"floor":42,"key":"HornCleat"},{"floor":44,"key":"TungstenRod"},{"floor":49,"key":"Red Skull"}],"event_choices":[{"damage_healed":0.0,"max_hp_gain":0.0,"max_hp_loss":0.0,"gold_gain":0.0,"event_name":"Upgrade Shrine","player_choice":"Upgraded","floor":3.0,"gold_loss":0.0,"damage_taken":0.0,"cards_upgraded":["Carnage"]},{"damage_healed":0.0,"max_hp_gain":5.0,"max_hp_loss":0.0,"gold_gain":0.0,"event_name":"Forgotten Altar","player_choice":"Shed Blood","floor":19.0,"gold_loss":0.0,"damage_taken":31.0},{"damage_healed":0.0,"max_hp_gain":0.0,"max_hp_loss":0.0,"gold_gain":50.0,"event_name":"Nest","player_choice":"Stole From Cult","floor":20.0,"gold_loss":0.0,"damage_taken":0.0},{"damage_healed":0.0,"max_hp_gain":0.0,"max_hp_loss":0.0,"gold_gain":0.0,"cards_transformed":["Strike_R","Strike_R"],"event_name":"Drug Dealer","player_choice":"Became Test Subject","floor":25.0,"gold_loss":0.0,"damage_taken":0.0,"cards_obtained":["Feed","Barricade"]},{"damage_healed":0.0,"max_hp_gain":0.0,"max_hp_loss":0.0,"gold_gain":0.0,"event_name":"Colosseum","player_choice":"Fight","floor":28.0,"gold_loss":0.0,"damage_taken":0.0},{"damage_healed":0.0,"max_hp_gain":0.0,"max_hp_loss":0.0,"gold_gain":0.0,"event_name":"Colosseum","player_choice":"Fought Nobs","floor":28.0,"gold_loss":0.0,"damage_taken":0.0},{"damage_healed":0.0,"max_hp_gain":0.0,"max_hp_loss":0.0,"gold_gain":0.0,"event_name":"Lab","player_choice":"Got Potions","floor":38.0,"gold_loss":0.0,"damage_taken":0.0},{"damage_healed":0,"gold_gain":0,"player_choice":"Max HP","damage_taken":0,"max_hp_gain":0,"max_hp_loss":6,"event_name":"Winding Halls","floor":48,"gold_loss":0}],"is_beta":false,"boss_relics":[{"not_picked":["SacredBark","Coffee Dripper"],"picked":"Mark of Pain"},{"not_picked":["Velvet Choker","Tiny House"],"picked":"Empty Cage"}],"items_purged_floors":[14,46],"is_endless":false,"potions_floor_spawned":[4,7,8,11,18,24,30,31,40,42,49],"ascension_level":20}}