{"host":"oe99xkou38n5lfnh","time":1608939027,"event":{"mods":["BaseMod","Downfall","Minty Spire (QoL Compilation)","StSLib"],"gold_per_floor":[99,111,111,128,14,14,65,65,82,7,0,0,11,26,41,137,137,62,162,174,191,203,18,43,43,43,43,69,88,88,98,115,215,215,215,230,230,9,9,43,43,43,43,43,91,91,108,13,31,31],"floor_reached":51,"playtime":6414,"items_purged":["Guardian:Strike_Guardian","Regret","Guardian:Strike_Guardian","Guardian:Defend_Guardian","Guardian:Strike_Guardian"],"score":612,"play_id":"d63df6ba-d080-4470-8183-ba601c2af0bf","local_time":"20201225173027","is_ascension_mode":false,"campfire_choices":[{"floor":1,"key":"RECALL"},{"floor":10,"key":"REST"},{"data":"Guardian:AncientConstruct","floor":18,"key":"SMITH"},{"floor":25,"key":"REST"},{"floor":30,"key":"REST"},{"data":"Slimebound:CheckThePlaybook","floor":35,"key":"SMITH"},{"floor":42,"key":"REST"},{"data":"Guardian:EvasiveProtocol","floor":44,"key":"SMITH"},{"data":"Guardian:PrismaticBarrier","floor":46,"key":"SMITH"}],"circlet_count":0,"master_deck":["Guardian:Defend_Guardian+1","Guardian:Defend_Guardian+1","Guardian:Defend_Guardian","Guardian:CurlUp","Guardian:TwinSlam+1","Guardian:PrismaticBarrier+1","Guardian:Incinerate","Guardian:Reroute","Guardian:Recover","Guardian:TemporalStrike","Guardian:BronzeArmor","Guardian:AncientConstruct+1","Guardian:BronzeOrb","Guardian:PrimingBeam+1","Guardian:PrimingBeam+1","Guardian:RollAttack+1","Guardian:EvasiveProtocol+1","Slimebound:CheckThePlaybook+1","Guardian:BaubleBeam","Guardian:TimeSifter","Guardian:DonusPower","Guardian:SentryBeam","expansioncontent:QuickStudy","Guardian:Repulse+1","Guardian:Gem_Red","Guardian:Gem_Red"],"relics":["Guardian:ModeShifterPlus","Potion Belt","Meat on the Bone","downfall:HeartBlessingRed","Guardian:StasisSlotReductionRelic","downfall:HeartBlessingBlue","Thread and Needle","Gremlin Horn","Juzu Bracelet","Smiling Mask","Boot","StrikeDummy","Pocketwatch"],"acts_visited":["Exordium","TheCity","TheBeyond"],"potions_floor_usage":[15,19,33,33,50,50,50],"damage_taken":[{"damage":0,"enemies":"2 Louse","floor":2,"turns":2},{"damage":8,"enemies":"Jaw Worm","floor":4,"turns":6},{"damage":0,"enemies":"downfall:FleeingMerchant","floor":5,"turns":4},{"damage":3,"enemies":"Small Slimes","floor":9,"turns":3},{"damage":2,"enemies":"downfall:FleeingMerchant","floor":11,"turns":4},{"damage":16,"enemies":"downfall:FleeingMerchant","floor":12,"turns":4},{"damage":4,"enemies":"Blue Slaver","floor":13,"turns":3},{"damage":0,"enemies":"3 Louse","floor":14,"turns":3},{"damage":0,"enemies":"Large Slime","floor":15,"turns":3},{"damage":7,"enemies":"downfall:Watcher","floor":16,"turns":9},{"damage":40,"enemies":"downfall:Ironclad","floor":19,"turns":11},{"damage":10,"enemies":"Shell Parasite","floor":20,"turns":6},{"damage":10,"enemies":"Snecko","floor":21,"turns":6},{"damage":7,"enemies":"Cultist and Chosen","floor":22,"turns":9},{"damage":1,"enemies":"downfall:FleeingMerchant","floor":23,"turns":4},{"damage":10,"enemies":"Shelled Parasite and Fungi","floor":29,"turns":3},{"damage":0,"enemies":"Centurion and Healer","floor":31,"turns":5},{"damage":0,"enemies":"Snecko","floor":32,"turns":5},{"damage":7,"enemies":"downfall:Defect","floor":33,"turns":9},{"damage":0,"enemies":"3 Darklings","floor":36,"turns":5},{"damage":9,"enemies":"downfall:FleeingMerchant","floor":38,"turns":4},{"damage":6,"enemies":"3 Shapes","floor":39,"turns":3},{"damage":0,"enemies":"downfall:FleeingMerchant","floor":40,"turns":1},{"damage":10,"enemies":"2 Orb Walkers","floor":45,"turns":5},{"damage":4,"enemies":"3 Darklings","floor":47,"turns":3},{"damage":8,"enemies":"Spire Growth","floor":49,"turns":5},{"damage":65,"enemies":"downfall:Ironclad","floor":50,"turns":12}],"seed_played":"8037664069578256157","potions_obtained":[{"floor":4,"key":"Guardian:AcceleratePotion"},{"floor":13,"key":"Block Potion"},{"floor":14,"key":"hexamod:EctoCoolerPotion"},{"floor":15,"key":"Guardian:DefensiveModePotion"},{"floor":19,"key":"FairyPotion"},{"floor":29,"key":"sneckomod:MuddlingPotion"},{"floor":31,"key":"Strength Potion"},{"floor":47,"key":"DuplicationPotion"},{"floor":49,"key":"LiquidBronze"}],"is_trial":false,"path_per_floor":["R","M","?","M","$","?","T","?","M","R","$","$","M","M","M","B",null,"R","?","M","M","M","$","T","R","?","?","T","M","R","M","M","B",null,"R","M","?","?","M","$","T","R","?","R","?","R","M","$","M","B",null],"character_chosen":"GUARDIAN","items_purchased":["Guardian:Recover","Guardian:EvasiveProtocol","Boot","expansioncontent:QuickStudy","Guardian:Gem_Blue","Guardian:Gem_Red"],"campfire_rested":4,"item_purchase_floors":[5,23,38,40,40,48],"current_hp_per_floor":[80,80,73,65,65,65,65,65,62,80,78,62,58,58,58,51,80,90,50,52,54,47,46,46,73,90,59,59,49,76,76,76,69,90,90,90,90,81,75,75,75,90,90,90,80,80,76,76,68,15],"gold":31,"neow_bonus":"RANDOM_COMMON_RELIC","is_daily":false,"chose_seed":false,"campfire_upgraded":4,"win_rate":0.0,"timestamp":1608939027,"path_taken":["R","M","?","M","$","?","T","?","M","R","?","$","M","M","M","BOSS","R","?","M","M","M","$","T","R","?","?","?","M","R","M","M","BOSS","R","M","?","?","M","$","T","R","?","R","?","R","M","?","M","BOSS"],"items_purchased_type":["Card","Card","Relic","Card","Card","Card"],"build_version":"2020-12-22","purchased_purges":5,"victory":true,"max_hp_per_floor":[80,80,80,80,80,80,80,80,80,80,80,80,80,80,80,80,80,90,90,90,90,90,90,90,90,90,90,90,90,90,90,90,90,90,90,90,90,90,90,90,90,90,90,90,90,90,90,90,90,90],"card_choices":[{"not_picked":["Guardian:Reroute","Guardian:DecasProtection"],"picked":"Guardian:Gem_Cyan","floor":2},{"not_picked":["Guardian:Incinerate","Guardian:GuardianWhirl"],"picked":"Guardian:PrismaticBarrier","floor":4},{"not_picked":["Guardian:MultiBeam","Guardian:VentSteam"],"picked":"Guardian:Gem_Cyan","floor":5},{"not_picked":["Guardian:Emergency","Guardian:Gem_Red"],"picked":"Guardian:Gem_Fragmented","floor":9},{"not_picked":["Guardian:VentSteam","Guardian:Gem_Blue"],"picked":"Guardian:Incinerate","floor":11},{"not_picked":["Guardian:Gem_Cyan","Guardian:Gem_Lightblue"],"picked":"Guardian:Reroute","floor":12},{"not_picked":["Guardian:Reroute","Guardian:ChargeCore"],"picked":"Guardian:Recover","floor":13},{"not_picked":["Guardian:MultiBeam","Guardian:PiercingHide"],"picked":"Guardian:TemporalStrike","floor":14},{"not_picked":["Guardian:RefractedBeam","Guardian:PolyBeam"],"picked":"Guardian:BronzeArmor","floor":15},{"not_picked":["Guardian:ConstructionForm","Guardian:TimeSifter"],"picked":"Guardian:AncientConstruct","floor":16},{"not_picked":["Guardian:TemporalShield+1","Guardian:TemporalStrike+1"],"picked":"Guardian:BronzeOrb","floor":19},{"not_picked":["Guardian:ChargeCore","Guardian:Gem_Lightblue"],"picked":"Guardian:PrimingBeam+1","floor":20},{"not_picked":["Guardian:GuardianWhirl","Guardian:Reroute"],"picked":"Guardian:PrimingBeam+1","floor":21},{"not_picked":["Guardian:ChargeCore+1","Guardian:PiercingHide"],"picked":"Guardian:Gem_Purple","floor":22},{"not_picked":["Guardian:Gem_Synthetic","Guardian:PrismaticBarrier+1"],"picked":"Guardian:RollAttack+1","floor":23},{"not_picked":["Guardian:CrystalBeam","Guardian:Recover+1"],"picked":"Guardian:Gem_Cyan","floor":29},{"not_picked":["Guardian:Gem_Red","Guardian:Clone"],"picked":"Guardian:BaubleBeam","floor":31},{"not_picked":["Guardian:WalkerClaw","Guardian:Reroute"],"picked":"Guardian:Gem_White","floor":32},{"not_picked":["Guardian:HyperBeam_Guardian","Guardian:AncientConstruct"],"picked":"Guardian:TimeSifter","floor":33},{"not_picked":["Guardian:WalkerClaw","Guardian:PiercingHide"],"picked":"Guardian:DonusPower","floor":36},{"not_picked":["Guardian:GuardianWhirl","Guardian:Preprogram+1"],"picked":"Guardian:Gem_Fragmented","floor":38},{"not_picked":["Guardian:TemporalShield+1","Guardian:Gem_Red"],"picked":"Guardian:SentryBeam","floor":40},{"not_picked":["Guardian:Gem_Red","Guardian:RollAttack+1"],"picked":"Guardian:Gem_Crimson","floor":45},{"not_picked":["Guardian:Reroute+1","Guardian:WalkerClaw"],"picked":"Guardian:Repulse+1","floor":47},{"not_picked":["Guardian:Harden+1","Guardian:ShieldCharger"],"picked":"Guardian:Gem_Red","floor":49}],"player_experience":1619210,"relics_obtained":[{"floor":19,"key":"Thread and Needle"},{"floor":19,"key":"Gremlin Horn"},{"floor":24,"key":"Juzu Bracelet"},{"floor":28,"key":"Smiling Mask"},{"floor":41,"key":"StrikeDummy"},{"floor":45,"key":"Pocketwatch"}],"event_choices":[{"damage_healed":0,"gold_gain":0,"player_choice":"Success","damage_taken":7,"relics_obtained":["Meat on the Bone"],"max_hp_gain":0,"max_hp_loss":0,"event_name":"Scrap Ooze","floor":3,"gold_loss":0},{"damage_healed":30,"gold_gain":0,"player_choice":"Heal","damage_taken":0,"max_hp_gain":0,"max_hp_loss":0,"event_name":"The Library","floor":26,"gold_loss":0},{"cards_removed":["Guardian:Recover"],"damage_healed":0,"gold_gain":0,"player_choice":"Removed Skill","damage_taken":0,"max_hp_gain":0,"max_hp_loss":0,"event_name":"Falling","floor":37,"gold_loss":0},{"damage_healed":0,"gold_gain":0,"player_choice":"Fight","damage_taken":0,"max_hp_gain":0,"max_hp_loss":0,"event_name":"Mysterious Sphere","floor":45,"gold_loss":0}],"is_beta":false,"boss_relics":[{"not_picked":["Cursed Key","Snecko Eye"],"picked":"Guardian:StasisSlotReductionRelic"},{"not_picked":["SlaversCollar","Busted Crown"],"picked":"Guardian:ModeShifterPlus"}],"items_purged_floors":[5,23,38,40,48],"is_endless":false,"potions_floor_spawned":[4,13,14,15,19,29,31,47,49],"ascension_level":0}}