{"host":"tch6k55kfxnw5l94","time":1608903564,"event":{"mods":["BaseMod","Downfall","Minty Spire (QoL Compilation)","Replay The Spire","StSLib"],"gold_per_floor":[0,11,27,8934,8946,8300,8327,8344,8269,8303,7231,7231,7244,7274,7287,7382,7382,7307,7323,6977,6977,6989,7023,7102,7116,7116,7216,7242,7256,7181,7201,7218,7314,7414,7414,7430,7443,7463,6627,6641,6641,6673,6714,5733,5744,5744,5744,4810,4823,4823,4823,4853,4092,4092,4092],"floor_reached":56,"playtime":4510,"items_purged":["hexamod:Strike","hexamod:Strike","hexamod:Defend","Midas Touch+1","Inflame","hexamod:GhostOfSpirePresent"],"score":1534,"play_id":"db4b8556-11bb-47ff-b781-4cb448eb07f0","local_time":"20201225083924","is_ascension_mode":true,"campfire_choices":[{"data":"Transmutation","floor":1.0,"key":"SMITH"},{"data":"Midas Touch","floor":9,"key":"SMITH"},{"data":"hexamod:FastForward","floor":12,"key":"SMITH"},{"floor":18,"key":"RECALL"},{"data":"expansioncontent:QuickStudy","floor":30,"key":"SMITH"},{"data":"Creative AI","floor":35,"key":"SMITH"},{"data":"expansioncontent:StudyTheSpire","floor":47,"key":"SMITH"},{"data":"hexamod:ApocalypseNow","floor":54,"key":"SMITH"}],"circlet_count":0,"master_deck":["hexamod:Strike+1","hexamod:Defend+1","hexamod:Float+1","Transmutation+1","hexamod:HauntingEcho+1","hexamod:FastForward+1","Flash of Steel+1","expansioncontent:GuardianWhirl+1","Panache","hexamod:StepThrough+1","Glass Knife","hexamod:Hexaguard","expansioncontent:LastStand+1","hexamod:AdvancingGuard","hexamod:FastForward","Poisoned Strike","hexamod:SixthSeal","hexamod:StepThrough","hexamod:Hexaguard","expansioncontent:QuickStudy+1","Panacea+1","Survey Options+1","Necronomicurse","hexamod:UnleashSpirits+1","J.A.X.+1","hexamod:HeatShield+1","LessonLearned+1","hexamod:SkipABeat+1","Creative AI+1","expansioncontent:DashGenerateEvil","Defy Death+1","Replay:ManipulateFuture+1","hexamod:Hexaguard+1","Hidden Blade+1","expansioncontent:StudyTheSpire+1","hexamod:RecurringNightmare+1","hexamod:HauntingEcho","Reboot","hexamod:TimeWarp+1","hexamod:AdvancingGuard","hexamod:ApocalypseNow+1"],"relics":["hexamod:SpiritBrand","PrismaticShard","Bottled Lightning","Whetstone","BargainBundle","War Paint","ReplayTheSpireMod:Lightbulb","downfall:HeartBlessingBlue","Replay:Ringing Soul","ClockworkSouvenir","Pantograph","Toy Ornithopter","Replay:PocketPolymizer","hexamod:IceCube","downfall:HeartBlessingGreen","ReplayTheSpireMod:ShopPack","Replay:Bottled Snecko","Bronze Scales","Necronomicon","Happy Flower","Eternal Feather","Sundial","MutagenicStrength","Gremlin Food","downfall:HeartBlessingRed","Replay:Wanted Poster","Lee\u0027s Waffle","Guardian:PocketSentry","Mango","Snack Pack","Nunchaku","Juzu Bracelet","Cauldron","Mirror","Replay:Bottled Flurry","Toolbox","hexamod:SoulConsumer","Quantum Egg","ReplayFunnel","Orichalcum","Pocketwatch","Guardian:BottledAnomaly"],"acts_visited":["Exordium","TheCity","TheBeyond","TheEnding"],"potions_floor_usage":[6,6,6,8,10,11,13,14,14,19,22,25,27,33,36,49,50,55,55],"damage_taken":[{"damage":0.0,"enemies":"Cultist","floor":2.0,"turns":4.0},{"damage":0,"enemies":"2 Louse","floor":3,"turns":2},{"damage":0,"enemies":"downfall:FleeingMerchant","floor":4,"turns":4},{"damage":2,"enemies":"Jaw Worm","floor":5,"turns":3},{"damage":4,"enemies":"downfall:FleeingMerchant","floor":6,"turns":5},{"damage":0,"enemies":"2 Fungi Beasts","floor":8,"turns":1},{"damage":3,"enemies":"Replay:BlueRogue","floor":10,"turns":3},{"damage":6,"enemies":"downfall:FleeingMerchant","floor":11,"turns":4},{"damage":2,"enemies":"3 Louse","floor":13,"turns":2},{"damage":5,"enemies":"Lagavulin","floor":14,"turns":3},{"damage":6,"enemies":"Exordium Wildlife","floor":15,"turns":3},{"damage":27,"enemies":"downfall:Silent","floor":16,"turns":6},{"damage":21,"enemies":"Shell Parasite","floor":19,"turns":4},{"damage":0,"enemies":"downfall:FleeingMerchant","floor":20,"turns":1},{"damage":0,"enemies":"Chosen and Byrds","floor":22,"turns":4},{"damage":45,"enemies":"Slavers","floor":23,"turns":4},{"damage":0,"enemies":"Snake Plant","floor":25,"turns":2},{"damage":19,"enemies":"downfall:Augmenter","floor":27,"turns":4},{"damage":3,"enemies":"Gremlin Leader","floor":28,"turns":6},{"damage":11,"enemies":"Centurion and Healer","floor":29,"turns":2},{"damage":0,"enemies":"3 Cultists","floor":31,"turns":3},{"damage":0,"enemies":"Snecko","floor":32,"turns":3},{"damage":24,"enemies":"downfall:Ironclad","floor":33,"turns":8},{"damage":9,"enemies":"3 Darklings","floor":36,"turns":3},{"damage":13,"enemies":"3 Shapes","floor":37,"turns":3},{"damage":3,"enemies":"Sphere and 2 Shapes","floor":38,"turns":5},{"damage":16,"enemies":"Writhing Mass","floor":40,"turns":3},{"damage":15,"enemies":"R_Hoarder","floor":42,"turns":5},{"damage":0,"enemies":"Jaw Worm Horde","floor":45,"turns":2},{"damage":12,"enemies":"Spire Growth","floor":49,"turns":3},{"damage":6,"enemies":"downfall:Watcher","floor":50,"turns":6},{"damage":20,"enemies":"downfall:CharBossMerchant","floor":52,"turns":7},{"damage":7,"enemies":"downfall:NeowBoss","floor":55,"turns":16}],"seed_played":"7106991443108960374","potions_obtained":[{"floor":5,"key":"EntropicBrew"},{"floor":8,"key":"SkillPotion"},{"floor":10,"key":"Toxic Potion"},{"floor":13,"key":"Adrenaline Potion"},{"floor":14,"key":"ColorlessPotion"},{"floor":23,"key":"Block Potion"},{"floor":31,"key":"SkillPotion"},{"floor":32,"key":"Languid Potion"},{"floor":33,"key":"Slimebound:ThreeZeroPotion"},{"floor":37,"key":"Venom Potion"},{"floor":43,"key":"LiquidMemories"},{"floor":44,"key":"DuplicationPotion"},{"floor":44,"key":"hexamod:EctoCoolerPotion"},{"floor":49,"key":"SmokeBomb"},{"floor":52,"key":"Energy Potion"}],"is_trial":false,"path_per_floor":["R","M","M","$","M","$","T","M","R","E","$","R","M","E","M","B",null,"R","M","$","?","M","E","T","M","T","?","E","M","R","M","M","B",null,"R","M","M","M","$","M","T","E","?","$","M","?","R","$","M","B",null,"E","$","R","B",null],"character_chosen":"THE_SPIRIT","items_purchased":["PrismaticShard","Bottled Lightning","Whetstone","Flash of Steel","Energy Potion","hexamod:DoubleChargePotion","Strength Potion","Midas Touch","BargainBundle","War Paint","ReplayTheSpireMod:Lightbulb","hexamod:DoubleChargePotion","Swift Potion","Panache","hexamod:StepThrough","ClockworkSouvenir","Pantograph","Toy Ornithopter","hexamod:AdvancingGuard","hexamod:FastForward","Slimebound:ThreeZeroPotion","Poisoned Strike","ReplayTheSpireMod:ShopPack","Replay:Bottled Snecko","Bronze Scales","hexamod:StepThrough","Energy Potion","hexamod:Hexaguard","Lee\u0027s Waffle","Guardian:PocketSentry","Mango","hexamod:Hexaguard","Block Potion","Cauldron","Mirror","Replay:Bottled Flurry","expansioncontent:StudyTheSpire","Toolbox","hexamod:SoulConsumer","Quantum Egg","hexamod:HauntingEcho","Orichalcum","Pocketwatch","Guardian:BottledAnomaly","hexamod:TimeWarp+1","hexamod:AdvancingGuard"],"campfire_rested":0,"item_purchase_floors":[4,4,4,4,4,4,4,4,6,6,6,6,6,6,6,11,11,11,11,11,11,11,20,20,20,20,20,20,39,39,39,39,39,44,44,44,44,48,48,48,48,53,53,53,53,53],"current_hp_per_floor":[70,70,70,70,68,64,64,64,74,74,71,71,74,79,76,65,92,95,74,77,64,69,24,24,29,29,104,104,93,110,113,113,92,116,119,113,103,100,149,133,133,125,87,90,94,94,118,121,114,142,161,146,149,170,170],"gold":4092,"neow_bonus":"RANDOM_COLORLESS_2","is_daily":false,"chose_seed":false,"campfire_upgraded":7,"win_rate":0.0,"timestamp":1608903564,"path_taken":["R","M","M","$","?","?","T","M","R","E","$","R","M","E","M","BOSS","R","M","$","?","M","E","T","M","?","?","E","M","R","M","M","BOSS","R","M","M","M","$","M","T","E","?","$","M","?","R","?","M","BOSS","E","$","R","BOSS"],"items_purchased_type":["Relic","Relic","Relic","Card","Potion","Potion","Potion","Card","Relic","Relic","Relic","Potion","Potion","Card","Card","Relic","Relic","Relic","Card","Card","Potion","Card","Relic","Relic","Relic","Card","Potion","Card","Relic","Relic","Relic","Card","Potion","Relic","Relic","Relic","Card","Relic","Relic","Relic","Card","Relic","Relic","Relic","Card","Card"],"build_version":"2020-12-22","purchased_purges":6,"victory":true,"max_hp_per_floor":[70,70,70,70,70,70,70,70,80,83,86,86,86,86,89,92,92,95,95,98,101,101,101,101,101,101,104,107,107,110,113,113,116,116,119,122,125,125,149,149,149,152,152,155,155,155,158,161,161,161,161,164,167,170,170],"card_choices":[{"not_picked":["Poisoned Strike","The Bomb"],"picked":"Transmutation","floor":0.0},{"not_picked":["hexamod:DynamicBlow","hexamod:BurningTouch"],"picked":"hexamod:HauntingEcho","floor":2},{"not_picked":["hexamod:GhostLash","hexamod:InspiringFlames"],"picked":"hexamod:FastForward","floor":3},{"not_picked":["hexamod:ThermalTransfer","hexamod:StepThrough","hexamod:SoulSteal"],"picked":"SKIP","floor":4},{"not_picked":["Replay:ManipulateFuture","Loop"],"picked":"hexamod:ChargedBarrage","floor":5},{"not_picked":["Steam","champ:ViciousMockery"],"picked":"expansioncontent:GuardianWhirl","floor":6},{"not_picked":["Slimebound:GoopSpray","WheelKick"],"picked":"Glass Knife","floor":8},{"not_picked":["Dash","Slimebound:SlimeBarrage"],"picked":"hexamod:Hexaguard","floor":10},{"not_picked":["Sword Boomerang","Fluid Movement"],"picked":"expansioncontent:LastStand","floor":11},{"not_picked":["Sneak Up","Armaments","hexamod:FastForward"],"picked":"SKIP","floor":13},{"not_picked":["Replay:SS_forest_2","ReplayTheSpireMod:GoodbyeWorld","sneckomod:DiceBlock"],"picked":"SKIP","floor":14},{"not_picked":["Clothesline","Shrug It Off"],"picked":"Inflame","floor":15},{"not_picked":["Guardian:StasisStrike","ReplayTheSpireMod:From All Sides"],"picked":"hexamod:SixthSeal","floor":16},{"not_picked":["Dodge and Roll","Prepared+1","champ:Backstep"],"picked":"SKIP","floor":19},{"not_picked":["Anger","PathToVictory","Slimebound:Prepare"],"picked":"SKIP","floor":20},{"not_picked":["The Bomb","Sadistic Nature"],"picked":"expansioncontent:QuickStudy","floor":20},{"not_picked":["Swift Strike","Replay:SS_forest_2"],"picked":"Panacea","floor":20},{"not_picked":["Dark Shackles","expansioncontent:TimeRipple"],"picked":"Survey Options","floor":20},{"not_picked":["Replay:AllIn","ReplayTheSpireMod:Uncanny Aura","Replay:AtTheReady"],"picked":"SKIP","floor":22},{"not_picked":["Replay:AllIn","ReplayTheSpireMod:Uncanny Aura","Replay:AtTheReady"],"picked":"SKIP","floor":22},{"not_picked":["Run Through","Slimebound:BestDefense","champ:RapidStrikes"],"picked":"SKIP","floor":23},{"not_picked":["Shockwave","hexamod:NightmareStrike","hexamod:PhantomFireball"],"picked":"SKIP","floor":25},{"not_picked":[],"picked":"J.A.X.","floor":27},{"not_picked":["EmptyBody","Loop"],"picked":"hexamod:HeatShield+1","floor":27},{"not_picked":["JustLucky","Conserve Battery+1"],"picked":"LessonLearned","floor":28},{"not_picked":["Iron Wave+1","hexamod:BacktrackSmack","champ:DefensiveShout"],"picked":"SKIP","floor":29},{"not_picked":["Compile Driver+1","Sever Soul"],"picked":"Creative AI","floor":31},{"not_picked":["Clothesline","sneckomod:SoulRoll","champ:AdrenalArmor"],"picked":"SKIP","floor":32},{"not_picked":["Secret Weapon","Unload"],"picked":"expansioncontent:DashGenerateEvil","floor":33},{"not_picked":["hexamod:CatchUp+1","FlyingSleeves"],"picked":"Defy Death","floor":36},{"not_picked":["PiercingWail","Guardian:Gem_Cyan"],"picked":"Replay:ManipulateFuture+1","floor":37},{"not_picked":["Guardian:ShieldCharger+1","Body Slam+1","Life Link+1"],"picked":"SKIP","floor":38},{"not_picked":["champ:FocusedDefense","Replay:ManipulateFuture+1","Guardian:MultiBeam"],"picked":"SKIP","floor":40},{"not_picked":["champ:FocusedDefense","Replay:ManipulateFuture+1","Guardian:MultiBeam"],"picked":"SKIP","floor":40},{"not_picked":["champ:DefensiveStyle+1","champ:ShieldWall"],"picked":"Hidden Blade+1","floor":42},{"not_picked":["Whirlwind+1","Cloak And Dagger","Slimebound:SplitSpecialist"],"picked":"SKIP","floor":45},{"not_picked":["sneckomod:QuickMove+1","Slimebound:GoopSpray+1","Replay:BluntJabs"],"picked":"SKIP","floor":49},{"not_picked":["sneckomod:DiceCrush+1","sneckomod:UnknownVulnerable+1"],"picked":"Reboot","floor":52}],"player_experience":240875,"relics_obtained":[{"floor":10,"key":"Replay:Ringing Soul"},{"floor":14,"key":"Replay:PocketPolymizer"},{"floor":21,"key":"Necronomicon"},{"floor":23,"key":"Happy Flower"},{"floor":24,"key":"Eternal Feather"},{"floor":26,"key":"Sundial"},{"floor":27,"key":"MutagenicStrength"},{"floor":28,"key":"Gremlin Food"},{"floor":41,"key":"Snack Pack"},{"floor":42,"key":"Nunchaku"},{"floor":43,"key":"Juzu Bracelet"},{"floor":52,"key":"ReplayFunnel"}],"event_choices":[],"is_beta":false,"boss_relics":[{"not_picked":["Kintsugi","Astrolabe"],"picked":"hexamod:IceCube"},{"not_picked":["Honey Jar","Snecko Eye"],"picked":"Replay:Wanted Poster"}],"items_purged_floors":[4,6,11,39,44,48],"is_endless":false,"potions_floor_spawned":[5,8,10,13,14,23,31,32,33,37,40,42,49,52],"ascension_level":2}}