{"host":"bq4pt811tk9yrmjl","time":1608859703,"event":{"mods":["AchievementEnabler","BaseMod","Colored Map","Colored Powertips","Defuse TimeMaze Blight","Minty Spire (QoL Compilation)","StSLib","SuperFastMode","UnlockEverythingMod"],"gold_per_floor":[113,188,188,200,200,200,200,200,225,175,202,222,222,240,240,390,390,330,23,48,48,48,48,48,72,96,21,21,21,30,103,103,242,269,285,300,412,424,424],"floor_reached":38,"playtime":613,"items_purged":[],"score":406,"play_id":"cc40785b-8a84-464c-9058-cfb8299305b7","local_time":"20201224232823","daily_mods":["Vintage","Diverse","Colorless Cards","Heirloom","Flight"],"is_ascension_mode":false,"campfire_choices":[{"floor":6.0,"key":"REST"},{"data":"Zap","floor":7.0,"key":"SMITH"},{"data":"Dualcast","floor":8.0,"key":"SMITH"},{"floor":15.0,"key":"REST"},{"floor":23.0,"key":"REST"},{"data":"Apotheosis","floor":24.0,"key":"SMITH"},{"floor":28.0,"key":"REST"},{"floor":30.0,"key":"REST"},{"data":"Defend_B","floor":32.0,"key":"SMITH"}],"circlet_count":0,"master_deck":["Strike_B+1","Strike_B+1","Zap+1","Dualcast+1","Apotheosis+1","Anger+1","Echo Form","Capacitor+1","Skim+1","Heavy Blade+1"],"relics":["Unceasing Top","Prayer Wheel","Happy Flower","Boot","Golden Idol","Blood Vial","Lantern","Ice Cream","Regal Pillow","SacredBark","Whetstone","Bird Faced Urn","Calipers","Dream Catcher","CeramicFish","StrikeDummy","Astrolabe","Orichalcum","MawBank"],"acts_visited":["Exordium","TheCity","TheBeyond"],"potions_floor_usage":[35],"damage_taken":[{"damage":1.0,"enemies":"Jaw Worm","floor":1.0,"turns":4.0},{"damage":6.0,"enemies":"Cultist","floor":4.0,"turns":3.0},{"damage":3.0,"enemies":"2 Louse","floor":12.0,"turns":3.0},{"damage":0.0,"enemies":"Looter","floor":14.0,"turns":3.0},{"damage":42.0,"enemies":"Slime Boss","floor":16.0,"turns":7.0},{"damage":14.0,"enemies":"2 Thieves","floor":18.0,"turns":4.0},{"damage":6.0,"enemies":"3 Byrds","floor":20.0,"turns":8.0},{"damage":12.0,"enemies":"Snecko","floor":25.0,"turns":8.0},{"damage":37.0,"enemies":"Automaton","floor":33.0,"turns":7.0},{"damage":41,"enemies":"3 Darklings","floor":35,"turns":4},{"damage":16,"enemies":"Orb Walker","floor":36,"turns":3},{"damage":0,"enemies":"Maw","floor":38,"turns":4}],"seed_played":"8347443803043232087","potions_obtained":[{"floor":4.0,"key":"AttackPotion"},{"floor":14.0,"key":"ColorlessPotion"},{"floor":20.0,"key":"SteroidPotion"},{"floor":33.0,"key":"Swift Potion"},{"floor":35,"key":"FairyPotion"}],"is_trial":true,"path_per_floor":["M","?","?","M","?","R","R","R","T","?","T","M","?","M","R","B",null,"M","$","M","?","?","R","R","M","T","?","R","$","R","T","R","B",null,"M","M","?","M"],"character_chosen":"DEFECT","items_purchased":["Bird Faced Urn"],"campfire_rested":5,"item_purchase_floors":[19],"current_hp_per_floor":[74,63,63,57,39,61,61,61,61,61,61,60,60,62,75,33,75,61,61,57,57,57,75,75,63,63,63,75,75,75,75,75,38,75,36,24,24,30,30],"gold":424,"neow_bonus":"","is_daily":false,"chose_seed":false,"campfire_upgraded":4,"win_rate":0.0,"timestamp":1608859703,"path_taken":["M","?","?","?","?","R","R","R","T","?","?","?","?","?","R","BOSS","M","?","M","?","?","R","R","?","T","?","R","$","R","?","R","BOSS","M","M","?","?"],"items_purchased_type":["Relic"],"build_version":"2020-12-22","purchased_purges":0,"victory":false,"max_hp_per_floor":[75,75,75,75,75,75,75,75,75,75,75,75,75,75,75,75,75,75,75,75,75,75,75,75,75,75,75,75,75,75,75,75,75,75,75,75,75,75,75],"card_choices":[{"not_picked":["Brutality","Barricade"],"picked":"Apotheosis","floor":16.0},{"not_picked":["Leap","Sucker Punch"],"picked":"Anger+1","floor":30.0},{"not_picked":["Storm of Steel","Seek"],"picked":"Echo Form","floor":33.0}],"player_experience":108084,"relics_obtained":[{"floor":1.0,"key":"Happy Flower"},{"floor":4.0,"key":"Boot"},{"floor":9.0,"key":"Blood Vial"},{"floor":11.0,"key":"Lantern"},{"floor":12.0,"key":"Ice Cream"},{"floor":14.0,"key":"Regal Pillow"},{"floor":18.0,"key":"Whetstone"},{"floor":20.0,"key":"Calipers"},{"floor":25.0,"key":"Dream Catcher"},{"floor":26.0,"key":"CeramicFish"},{"floor":31.0,"key":"StrikeDummy"},{"floor":35,"key":"Orichalcum"},{"floor":36,"key":"MawBank"}],"event_choices":[{"damage_healed":0.0,"max_hp_gain":0.0,"max_hp_loss":0.0,"gold_gain":75.0,"event_name":"World of Goop","player_choice":"Gather Gold","floor":2.0,"gold_loss":0.0,"damage_taken":11.0},{"damage_healed":0.0,"max_hp_gain":0.0,"max_hp_loss":0.0,"gold_gain":0.0,"event_name":"WeMeetAgain","player_choice":"Ignored","floor":3.0,"gold_loss":0.0,"damage_taken":0.0},{"damage_healed":0.0,"max_hp_gain":0.0,"max_hp_loss":0.0,"gold_gain":0.0,"event_name":"Golden Idol","player_choice":"Take Damage","floor":5.0,"gold_loss":0.0,"damage_taken":18.0,"relics_obtained":["Golden Idol"]},{"cards_removed":["Strike_B"],"damage_healed":0.0,"max_hp_gain":0.0,"max_hp_loss":0.0,"gold_gain":0.0,"event_name":"The Cleric","player_choice":"Card Removal","floor":10.0,"gold_loss":50.0,"damage_taken":0.0},{"cards_removed":["Strike_B"],"damage_healed":0.0,"max_hp_gain":0.0,"max_hp_loss":0.0,"gold_gain":0.0,"event_name":"Purifier","player_choice":"Purged","floor":13.0,"gold_loss":0.0,"damage_taken":0.0},{"damage_healed":0.0,"max_hp_gain":0.0,"max_hp_loss":0.0,"gold_gain":0.0,"event_name":"The Mausoleum","player_choice":"Ignored","floor":21.0,"gold_loss":0.0,"damage_taken":0.0},{"cards_removed":["Defend_B"],"damage_healed":0.0,"max_hp_gain":0.0,"max_hp_loss":0.0,"gold_gain":0.0,"event_name":"Beggar","player_choice":"Gave Gold","floor":27.0,"gold_loss":75.0,"damage_taken":0.0},{"damage_healed":0,"gold_gain":100,"player_choice":"Pray","damage_taken":0,"max_hp_gain":0,"max_hp_loss":0,"event_name":"Golden Shrine","floor":37,"gold_loss":0}],"is_beta":false,"boss_relics":[{"not_picked":["Calling Bell","Snecko Eye"],"picked":"SacredBark"},{"not_picked":["Runic Pyramid","Tiny House"],"picked":"Astrolabe"}],"items_purged_floors":[],"is_endless":true,"potions_floor_spawned":[4,14,20,33,35],"killed_by":"Maw","ascension_level":0}}