{"host":"4nqeo0vu1vuav7gg","time":1608913520,"event":{"mods":["AchievementEnabler","BaseMod","Block Reminder","Colored Map","Colored Powertips","Highlight Path","Minty Spire (QoL Compilation)","Quick Restart","Rare Cards Sparkle","Relic Relevance Reorder","StSLib"],"gold_per_floor":[116,129,44,9,28,40,75,91,117,117,144,159,159,175,175,279,279,299,41,41,53,53,53,81,81,81,107,121,121,132,151,151,253,253,263,263,278,297,310,310,334,334,386,402,402,436,448,21,21,21,21,21,21,52,52],"floor_reached":56,"playtime":3442,"items_purged":["Strike_R"],"score":1756,"play_id":"7b7cc64e-aa9d-4460-b364-3af4ab933d0f","local_time":"20201225172520","is_ascension_mode":true,"campfire_choices":[{"floor":10.0,"key":"REST"},{"data":"Havoc","floor":13.0,"key":"SMITH"},{"data":"Seeing Red","floor":15.0,"key":"SMITH"},{"data":"Demon Form","floor":23.0,"key":"SMITH"},{"floor":25.0,"key":"REST"},{"data":"Fiend Fire","floor":29.0,"key":"SMITH"},{"data":"Fire Breathing","floor":32.0,"key":"SMITH"},{"floor":40.0,"key":"REST"},{"floor":45.0,"key":"RECALL"},{"floor":49.0,"key":"REST"},{"data":"Fire Breathing","floor":52.0,"key":"SMITH"}],"circlet_count":0,"master_deck":["AscendersBane","Strike_R","Strike_R","Strike_R","Defend_R+1","Defend_R","Defend_R","Defend_R","Bash","Thunderclap","Cleave","Carnage","Shrug It Off","Evolve","Intimidate","Power Through+1","Seeing Red+1","Pummel","Havoc+1","Burning Pact","Fiend Fire+1","CurseOfTheBell","Spot Weakness","Fire Breathing+1","Necronomicurse","Demon Form+1","Wild Strike","Spot Weakness","Burning Pact","Power Through+1","Offering+1","Body Slam+1","Warcry+1","Reckless Charge+1","Parasite","Injury","Fire Breathing+1","Disarm+1","Fire Breathing+1","Warcry+1"],"relics":["Burning Blood","Kunai","Nunchaku","Necronomicon","Champion Belt","Dead Branch","Happy Flower","Vajra","Pantograph","Blood Vial","Regal Pillow","Smiling Mask","MawBank","Tiny Chest","Cursed Key","War Paint","Calling Bell","DollysMirror","TungstenRod","Self Forming Clay"],"acts_visited":["Exordium","TheCity","TheBeyond","TheEnding"],"potions_floor_usage":[55],"damage_taken":[{"damage":19.0,"enemies":"Cultist","floor":1.0,"turns":6.0},{"damage":11.0,"enemies":"Jaw Worm","floor":2.0,"turns":4.0},{"damage":7.0,"enemies":"2 Louse","floor":5.0,"turns":3.0},{"damage":25.0,"enemies":"Gremlin Gang","floor":6.0,"turns":4.0},{"damage":27.0,"enemies":"Gremlin Nob","floor":7.0,"turns":4.0},{"damage":13.0,"enemies":"Looter","floor":8.0,"turns":4.0},{"damage":8.0,"enemies":"3 Sentries","floor":11.0,"turns":5.0},{"damage":10.0,"enemies":"Lots of Slimes","floor":12.0,"turns":3.0},{"damage":0.0,"enemies":"2 Fungi Beasts","floor":14.0,"turns":1.0},{"damage":29.0,"enemies":"Slime Boss","floor":16.0,"turns":9.0},{"damage":2.0,"enemies":"3 Byrds","floor":18.0,"turns":4.0},{"damage":9.0,"enemies":"Shell Parasite","floor":21.0,"turns":2.0},{"damage":52.0,"enemies":"Book of Stabbing","floor":24.0,"turns":5.0},{"damage":24.0,"enemies":"Slavers","floor":27.0,"turns":4.0},{"damage":0.0,"enemies":"Snake Plant","floor":28.0,"turns":2.0},{"damage":14.0,"enemies":"Centurion and Healer","floor":30.0,"turns":4.0},{"damage":9.0,"enemies":"Shelled Parasite and Fungi","floor":31.0,"turns":4.0},{"damage":62.0,"enemies":"Collector","floor":33.0,"turns":4.0},{"damage":14.0,"enemies":"3 Shapes","floor":35.0,"turns":2.0},{"damage":52.0,"enemies":"3 Darklings","floor":37.0,"turns":5.0},{"damage":3.0,"enemies":"Transient","floor":38.0,"turns":5.0},{"damage":17.0,"enemies":"Writhing Mass","floor":39.0,"turns":4.0},{"damage":4.0,"enemies":"Sphere and 2 Shapes","floor":44.0,"turns":2.0},{"damage":34.0,"enemies":"Nemesis","floor":46.0,"turns":6.0},{"damage":34.0,"enemies":"Donu and Deca","floor":50.0,"turns":6.0},{"damage":61.0,"enemies":"Shield and Spear","floor":54.0,"turns":4.0},{"damage":47,"enemies":"The Heart","floor":55,"turns":7}],"seed_played":"8390624295677773768","potions_obtained":[{"floor":5.0,"key":"Swift Potion"},{"floor":6.0,"key":"DistilledChaos"},{"floor":7.0,"key":"SkillPotion"},{"floor":8.0,"key":"SpeedPotion"},{"floor":12.0,"key":"Swift Potion"},{"floor":16.0,"key":"BloodPotion"},{"floor":18.0,"key":"ElixirPotion"},{"floor":24.0,"key":"Swift Potion"},{"floor":30.0,"key":"Swift Potion"},{"floor":44.0,"key":"CultistPotion"},{"floor":46.0,"key":"Energy Potion"},{"floor":54.0,"key":"Weak Potion"}],"is_trial":false,"path_per_floor":["M","M","$","?","M","M","E","M","T","R","E","M","R","M","R","B",null,"M","$","?","M","?","R","E","R","T","E","M","R","M","M","R","B",null,"M","?","M","M","M","R","T","?","T","M","R","E","?","$","R","B",null,"R","$","E","B",null],"character_chosen":"IRONCLAD","items_purchased":["Carnage","Shrug It Off","Fire Breathing","Nunchaku","TungstenRod","DollysMirror"],"campfire_rested":4,"item_purchase_floors":[3,3,19,19,48,48],"current_hp_per_floor":[67,62,62,84,83,64,43,36,36,62,60,56,56,62,62,39,76,80,80,64,61,61,61,15,56,56,55,61,61,53,50,50,19,71,63,63,17,20,9,50,50,50,50,54,54,28,28,28,69,60,81,81,81,28,14],"gold":52,"neow_bonus":"TEN_PERCENT_HP_BONUS","is_daily":false,"chose_seed":false,"campfire_upgraded":6,"win_rate":0.0,"timestamp":1608913520,"path_taken":["M","M","$","?","M","M","E","M","T","R","E","M","R","M","R","BOSS","M","$","?","M","?","R","E","R","T","E","?","R","M","M","R","BOSS","M","?","?","M","M","R","?","?","T","M","R","E","?","$","R","BOSS","R","$","E","BOSS"],"items_purchased_type":["Card","Card","Card","Relic","Relic","Relic"],"build_version":"2020-12-22","purchased_purges":1,"victory":true,"max_hp_per_floor":[88,88,88,88,88,88,88,88,88,88,88,88,88,88,88,88,88,88,88,88,88,88,88,88,88,88,88,88,88,88,88,88,88,88,88,88,88,88,88,88,88,88,88,88,88,88,88,88,88,88,88,88,88,88,88],"card_choices":[{"not_picked":["Clothesline","Combust"],"picked":"Thunderclap","floor":1.0},{"not_picked":["Warcry","Combust"],"picked":"Cleave","floor":2.0},{"not_picked":["Havoc","Intimidate"],"picked":"Evolve","floor":5.0},{"not_picked":["Heavy Blade","Metallicize"],"picked":"Intimidate","floor":6.0},{"not_picked":["Reckless Charge","Perfected Strike"],"picked":"Power Through","floor":7.0},{"not_picked":["Twin Strike","Battle Trance"],"picked":"Seeing Red","floor":8.0},{"not_picked":["Iron Wave","Hemokinesis"],"picked":"Pummel","floor":11.0},{"not_picked":["Clothesline","Thunderclap"],"picked":"Havoc","floor":12.0},{"not_picked":["Armaments","Cleave"],"picked":"Burning Pact","floor":14.0},{"not_picked":["Limit Break","Exhume"],"picked":"Fiend Fire","floor":16.0},{"not_picked":["Cleave","Battle Trance"],"picked":"Spot Weakness","floor":18.0},{"not_picked":["Havoc","Clothesline"],"picked":"Demon Form","floor":21.0},{"not_picked":["Body Slam","Warcry"],"picked":"Wild Strike","floor":24.0},{"not_picked":["Demon Form","Sword Boomerang"],"picked":"Spot Weakness","floor":27.0},{"not_picked":["Metallicize","Whirlwind"],"picked":"Burning Pact","floor":28.0},{"not_picked":["Havoc","Twin Strike","Perfected Strike"],"picked":"SKIP","floor":30.0},{"not_picked":["Whirlwind","Heavy Blade"],"picked":"Power Through+1","floor":31.0},{"not_picked":["Bludgeon","Demon Form"],"picked":"Offering","floor":33.0},{"not_picked":["Clash+1","Wild Strike+1"],"picked":"Body Slam+1","floor":35.0},{"not_picked":["Wild Strike","Rampage+1"],"picked":"Warcry+1","floor":37.0},{"not_picked":["Feel No Pain","Iron Wave"],"picked":"Reckless Charge+1","floor":38.0},{"not_picked":["Body Slam","Searing Blow","Heavy Blade"],"picked":"SKIP","floor":39.0},{"not_picked":["Spot Weakness","Anger+1"],"picked":"Fire Breathing","floor":44.0},{"not_picked":["Bludgeon","Rupture+1"],"picked":"Disarm+1","floor":46.0},{"not_picked":["Shrug It Off","Rupture"],"picked":"Warcry+1","floor":54.0}],"player_experience":1005584,"relics_obtained":[{"floor":7.0,"key":"Dead Branch"},{"floor":9.0,"key":"Happy Flower"},{"floor":11.0,"key":"War Paint"},{"floor":17.0,"key":"Vajra"},{"floor":17.0,"key":"Kunai"},{"floor":17.0,"key":"Champion Belt"},{"floor":20.0,"key":"Necronomicon"},{"floor":24.0,"key":"Tiny Chest"},{"floor":27.0,"key":"Pantograph"},{"floor":41.0,"key":"Blood Vial"},{"floor":43.0,"key":"Smiling Mask"},{"floor":46.0,"key":"MawBank"},{"floor":54.0,"key":"Self Forming Clay"}],"event_choices":[{"damage_healed":22.0,"max_hp_gain":0.0,"max_hp_loss":0.0,"gold_gain":0.0,"event_name":"The Cleric","player_choice":"Healed","floor":4.0,"gold_loss":35.0,"damage_taken":0.0},{"damage_healed":0.0,"max_hp_gain":0.0,"max_hp_loss":0.0,"gold_gain":0.0,"event_name":"Cursed Tome","player_choice":"Obtained Book","floor":20.0,"gold_loss":0.0,"damage_taken":16.0},{"damage_healed":0.0,"max_hp_gain":0.0,"max_hp_loss":0.0,"gold_gain":0.0,"event_name":"WeMeetAgain","player_choice":"Gave Potion","floor":22.0,"gold_loss":0.0,"damage_taken":0.0,"relics_obtained":["Regal Pillow"]},{"damage_healed":0.0,"max_hp_gain":0.0,"max_hp_loss":0.0,"gold_gain":0.0,"event_name":"Upgrade Shrine","player_choice":"Upgraded","floor":36.0,"gold_loss":0.0,"damage_taken":0.0,"cards_upgraded":["Offering"]},{"damage_healed":0.0,"max_hp_gain":0.0,"max_hp_loss":0.0,"gold_gain":0.0,"event_name":"Tomb of Lord Red Mask","player_choice":"Ignored","floor":42.0,"gold_loss":0.0,"damage_taken":0.0},{"cards_removed":["Strike_R"],"damage_healed":0.0,"max_hp_gain":0.0,"max_hp_loss":0.0,"gold_gain":0.0,"event_name":"Falling","player_choice":"Removed Attack","floor":47.0,"gold_loss":0.0,"damage_taken":0.0}],"is_beta":false,"boss_relics":[{"not_picked":["SlaversCollar","Coffee Dripper"],"picked":"Calling Bell"},{"not_picked":["SacredBark","Snecko Eye"],"picked":"Cursed Key"}],"items_purged_floors":[19],"is_endless":false,"potions_floor_spawned":[5,6,7,8,12,16,18,24,30,44,46,54],"ascension_level":10}}