{"host":"iak1zw6udsaqx1iy","time":1608884131,"event":{"mods":["BaseMod","Hermit","KinomotoSakuraMod(木之本樱)","Minty Spire (QoL Compilation)","Replay The Spire","StSLib","The Alterego","The Cursed","The Servant 0.9.4","WarShipGirlsR/战舰少女R mod"],"gold_per_floor":[113,113,83,102,126,161,196,233,284,284,322,341,341,341,341,384,384,526,589,626,658,681,596,596,596,596,596,650,671,671,18,52,94,94,120,120],"floor_reached":35,"playtime":3343,"items_purged":[],"score":288,"play_id":"7faf74bd-1811-4d9b-bda3-7812eb57cee5","local_time":"20201225161531","is_ascension_mode":false,"campfire_choices":[{"data":"hermit:Manifest","floor":10.0,"key":"SMITH"},{"data":"hermit:HighCaliber","floor":15.0,"key":"SMITH"},{"floor":17.0,"key":"REST"},{"floor":25.0,"key":"REST"},{"floor":30.0,"key":"REST"},{"floor":34,"key":"REST"}],"circlet_count":0,"master_deck":["hermit:Strike_Hermit","hermit:Strike_Hermit","hermit:Strike_Hermit","hermit:Strike_Hermit","hermit:Defend_Hermit","hermit:Defend_Hermit","hermit:Defend_Hermit","hermit:Defend_Hermit","hermit:Snapshot","hermit:Covet","hermit:Coalescence","Injury","hermit:Glare","hermit:Manifest+1","hermit:PistolWhip","hermit:HeroicBravado","hermit:WideOpen","hermit:Dive+1","hermit:Scavenge","hermit:Shortfuse","hermit:EyeOfTheStorm","hermit:HighCaliber+1","hermit:Malice","hermit:HighNoon","hermit:Roughhouse","hermit:TakeAim","hermit:DeadMansHand","hermit:Deadeye+1","hermit:BigShot","Pain","hermit:Maintenance","hermit:HighCaliber+1","hermit:Gestalt","hermit:Gestalt","hermit:Scavenge+1","hermit:Virtue"],"relics":["hermit:Momento","NeowsBlessing","Golden Idol","Replay:Bandana","ReplayFunnel","Replay:Grab Bag","SlaversCollar","Fusion Hammer","Tiny House","The Courier","Centennial Puzzle","Pen Nib","Potion Belt","Darkstone Periapt","PreservedInsect","ReplayTheSpireMod:TigerMarble"],"acts_visited":["Exordium","TheCity"],"potions_floor_usage":[35,35,35],"damage_taken":[{"damage":0.0,"enemies":"Jaw Worm","floor":1.0,"turns":1.0},{"damage":0.0,"enemies":"2 Louse","floor":4.0,"turns":2.0},{"damage":0.0,"enemies":"Small Slimes","floor":5.0,"turns":1.0},{"damage":11.0,"enemies":"Replay:BlueRogue","floor":6.0,"turns":10.0},{"damage":2.0,"enemies":"Exordium Thugs","floor":7.0,"turns":6.0},{"damage":8.0,"enemies":"3 Louse","floor":8.0,"turns":5.0},{"damage":9.0,"enemies":"Exordium Wildlife","floor":11.0,"turns":4.0},{"damage":0.0,"enemies":"Looter","floor":12.0,"turns":3.0},{"damage":5.0,"enemies":"Exordium Thugs","floor":16.0,"turns":4.0},{"damage":31.0,"enemies":"The Guardian","floor":18.0,"turns":13.0},{"damage":13.0,"enemies":"Shell Parasite","floor":20.0,"turns":5.0},{"damage":41.0,"enemies":"Spheric Guardian","floor":21.0,"turns":7.0},{"damage":5.0,"enemies":"3 Cultists","floor":22.0,"turns":6.0},{"damage":16.0,"enemies":"Centurion and Healer","floor":29.0,"turns":9.0},{"damage":48.0,"enemies":"Shelled Parasite and Fungi","floor":32.0,"turns":7.0},{"damage":1,"enemies":"Snecko","floor":33,"turns":5},{"damage":44,"enemies":"Pondfish","floor":35,"turns":9}],"seed_played":"-6988199650668408616","potions_obtained":[{"floor":1.0,"key":"hermit:Tonic"},{"floor":4.0,"key":"DistilledChaos"},{"floor":5.0,"key":"Reflective Coating"},{"floor":16.0,"key":"SneckoOil"},{"floor":18.0,"key":"SkillPotion"},{"floor":19.0,"key":"Regen Potion"},{"floor":21.0,"key":"Explosive Potion"},{"floor":33,"key":"Adrenaline Potion"}],"is_trial":false,"path_per_floor":["M","?","?","M","M","E","M","M","T","R","M","M","PTL","PTL","R","M","R","B",null,"M","M","M","?","?","R","?","?","T","M","R","$","M","M","R","B"],"character_chosen":"HERMIT","items_purchased":["hermit:Gestalt","Potion Belt","Darkstone Periapt","PreservedInsect","ReplayTheSpireMod:TigerMarble","Strength Potion"],"campfire_rested":4,"item_purchase_floors":[31,31,31,31,31,31],"current_hp_per_floor":[75,75,75,75,75,64,62,54,54,54,45,45,45,45,45,40,62,31,80,67,40,35,35,35,59,59,59,59,43,67,67,19,18,42,0,0],"gold":120,"neow_bonus":"THREE_ENEMY_KILL","is_daily":false,"chose_seed":false,"campfire_upgraded":2,"win_rate":0.0,"timestamp":1608884131,"path_taken":["M","?","?","M","M","E","M","M","T","R","M","M","PTL","PTL","R","M","R","BOSS","M","M","M","?","?","R","?","?","T","M","R","?","M","M","R","BOSS"],"items_purchased_type":["Card","Relic","Relic","Relic","Relic","Potion"],"build_version":"2020-12-22","purchased_purges":0,"victory":false,"max_hp_per_floor":[75,75,75,75,75,75,75,75,75,75,75,75,75,75,75,75,75,75,80,80,80,80,80,80,80,80,80,80,80,80,80,80,80,80,80,80],"card_choices":[{"not_picked":["hermit:PistolWhip","hermit:GhostlyPresence"],"picked":"hermit:Coalescence","floor":1.0},{"not_picked":[],"picked":"hermit:Glare","floor":3.0},{"not_picked":[],"picked":"hermit:Manifest","floor":3.0},{"not_picked":[],"picked":"hermit:PistolWhip","floor":3.0},{"not_picked":[],"picked":"hermit:HeroicBravado","floor":3.0},{"not_picked":["hermit:CalledShot","hermit:BodyArmor"],"picked":"hermit:WideOpen","floor":4.0},{"not_picked":["hermit:BodyArmor","hermit:Desperado"],"picked":"hermit:Dive","floor":5.0},{"not_picked":["hermit:Malice","hermit:GhostlyPresence"],"picked":"hermit:Scavenge","floor":6.0},{"not_picked":["hermit:DeadMansHand","hermit:ShadowCloak"],"picked":"hermit:Shortfuse","floor":7.0},{"not_picked":["hermit:Misfire","hermit:Vantage"],"picked":"hermit:EyeOfTheStorm","floor":8.0},{"not_picked":["hermit:FullyLoaded","hermit:Combo"],"picked":"hermit:HighCaliber","floor":11.0},{"not_picked":["hermit:ItchyTrigger","hermit:HoleUp"],"picked":"hermit:Malice","floor":12.0},{"not_picked":["hermit:Manifest","hermit:LowProfile"],"picked":"hermit:HighNoon","floor":16.0},{"not_picked":["hermit:RoundhouseKick","hermit:Purgatory"],"picked":"hermit:Roughhouse","floor":18.0},{"not_picked":["hermit:ItchyTrigger","hermit:CalledShot"],"picked":"hermit:TakeAim","floor":19.0},{"not_picked":["hermit:Manifest","hermit:EyeOfTheStorm"],"picked":"hermit:DeadMansHand","floor":20.0},{"not_picked":["hermit:ItchyTrigger","hermit:Scavenge"],"picked":"hermit:Deadeye+1","floor":21.0},{"not_picked":["hermit:Dive","hermit:Horror"],"picked":"hermit:BigShot","floor":22.0},{"not_picked":["hermit:Vantage+1","hermit:Roulette"],"picked":"hermit:HighCaliber+1","floor":29.0},{"not_picked":["hermit:Vantage","hermit:WideOpen"],"picked":"hermit:Scavenge+1","floor":32.0},{"not_picked":["hermit:Manifest","hermit:HeroicBravado"],"picked":"hermit:Virtue","floor":33}],"player_experience":231251,"relics_obtained":[{"floor":6.0,"key":"Replay:Bandana"},{"floor":9.0,"key":"ReplayFunnel"},{"floor":28.0,"key":"Pen Nib"}],"event_choices":[{"damage_healed":0.0,"max_hp_gain":0.0,"max_hp_loss":0.0,"gold_gain":0.0,"event_name":"Golden Idol","player_choice":"Take Wound","floor":2.0,"gold_loss":0.0,"damage_taken":0.0,"relics_obtained":["Golden Idol"],"cards_obtained":["Injury"]},{"damage_healed":0.0,"max_hp_gain":0.0,"max_hp_loss":0.0,"gold_gain":0.0,"event_name":"Addict","player_choice":"Obtained Relic","floor":23.0,"gold_loss":85.0,"damage_taken":0.0,"relics_obtained":["The Courier"]},{"damage_healed":0.0,"max_hp_gain":0.0,"max_hp_loss":0.0,"gold_gain":0.0,"event_name":"The Library","player_choice":"Read","floor":26.0,"gold_loss":0.0,"damage_taken":0.0,"cards_obtained":["hermit:Maintenance"]},{"damage_healed":0.0,"max_hp_gain":0.0,"max_hp_loss":0.0,"gold_gain":0.0,"event_name":"Vampires","player_choice":"Ignored","floor":27.0,"gold_loss":0.0,"damage_taken":0.0}],"is_beta":false,"boss_relics":[{"not_picked":["Sozu","Honey Jar"],"picked":"Replay:Grab Bag"},{"not_picked":["Runic Dome","Cursed Key"],"picked":"SlaversCollar"},{"not_picked":["Coffee Dripper","Philosopher\u0027s Stone"],"picked":"Fusion Hammer"},{"not_picked":["Ring of Chaos","hermit:DentedPlate"],"picked":"Tiny House"}],"items_purged_floors":[],"is_endless":false,"potions_floor_spawned":[1,4,5,16,18,21,33],"killed_by":"Pondfish","ascension_level":0}}