{"host":"nsxzlb359hv0da5z","time":1608888550,"event":{"mods":["BaseMod","Bestiary","Colored Map","Minty Spire (QoL Compilation)","Permanent Neow","Relic Stats","Slay the Relics Exporter","ojb\u0027s Info Mod"],"gold_per_floor":[214,7,7,17,33,33,33],"floor_reached":6,"playtime":450,"items_purged":[],"score":72,"play_id":"b43a8d08-98f9-4898-8c89-8c0486614fb6","local_time":"20201225012910","is_ascension_mode":true,"campfire_choices":[],"circlet_count":0,"master_deck":["AscendersBane","Strike_G","Strike_G","Strike_G","Strike_G","Strike_G","Defend_G","Defend_G","Defend_G","Defend_G","Defend_G","Survivor","Neutralize","Cloak And Dagger","Leg Sweep","Flechettes","Dagger Spray"],"relics":["Ring of the Snake","Membership Card","Pantograph"],"acts_visited":["Exordium"],"potions_floor_usage":[6],"damage_taken":[{"damage":9,"enemies":"Cultist","floor":1,"turns":6},{"damage":6,"enemies":"Jaw Worm","floor":4,"turns":6},{"damage":5,"enemies":"2 Louse","floor":5,"turns":3},{"damage":39,"enemies":"Gremlin Nob","floor":6,"turns":4}],"seed_played":"1837188014104870094","potions_obtained":[{"floor":5,"key":"Energy Potion"}],"is_trial":false,"path_per_floor":["M","$","?","M","M","E"],"character_chosen":"THE_SILENT","items_purchased":["Membership Card","Leg Sweep"],"campfire_rested":0,"item_purchase_floors":[2,2],"current_hp_per_floor":[50,50,45,39,34,0,0],"gold":33,"neow_bonus":"HUNDRED_GOLD","is_daily":false,"chose_seed":false,"campfire_upgraded":0,"win_rate":0.0,"timestamp":1608888550,"path_taken":["M","$","?","M","M","E"],"items_purchased_type":["Relic","Card"],"build_version":"2020-12-22","purchased_purges":0,"victory":false,"max_hp_per_floor":[66,66,66,66,66,66,66],"relic_stats":{"counters":[4,19],"Pantograph":0,"obtain_stats":[{"Pantograph":3,"Membership Card":2,"Ring of the Snake":0},{"Pantograph":1,"Membership Card":1,"Ring of the Snake":0},{"Pantograph":6,"Membership Card":6,"Ring of the Snake":0}],"Ring of the Snake":[8]},"card_choices":[{"not_picked":["Acrobatics","Slice"],"picked":"Cloak And Dagger","floor":1},{"not_picked":["Tactician","Bane"],"picked":"Flechettes","floor":4},{"not_picked":["Sucker Punch","Deflect"],"picked":"Dagger Spray","floor":5}],"player_experience":1858947,"relics_obtained":[],"event_choices":[{"damage_healed":0,"gold_gain":0,"player_choice":"Success","damage_taken":5,"relics_obtained":["Pantograph"],"max_hp_gain":0,"max_hp_loss":0,"event_name":"Scrap Ooze","floor":3,"gold_loss":0}],"is_beta":false,"boss_relics":[],"items_purged_floors":[],"is_endless":false,"potions_floor_spawned":[5],"killed_by":"Gremlin Nob","ascension_level":20}}