{"host":"mqhvlr3kpxebko0t","time":1608865436,"event":{"mods":["AchievementEnabler","BaseMod","Colored Map","Keyboard Shortcuts","Minty Spire (QoL Compilation)","StSLib","SuperFastMode"],"gold_per_floor":[359,172,185,195,195,222,237,254,254,254,254,265,265,275,275,275,275],"floor_reached":16,"playtime":225,"items_purged":["Strike_G"],"score":187,"play_id":"61959f3c-c1b8-43f3-bbd2-dde1d203bc42","local_time":"20201225120356","is_ascension_mode":true,"campfire_choices":[{"data":"Footwork","floor":11.0,"key":"SMITH"},{"data":"Burst","floor":13,"key":"SMITH"},{"data":"Neutralize","floor":15,"key":"SMITH"}],"circlet_count":0,"master_deck":["AscendersBane","Strike_G","Strike_G","Strike_G","Defend_G","Defend_G","Defend_G","Defend_G","Defend_G","Survivor","Neutralize+1","Footwork+1","Masterful Stab","Dagger Spray","Corpse Explosion","Burst+1"],"relics":["Ring of the Snake","Shuriken","Smiling Mask"],"acts_visited":["Exordium"],"potions_floor_usage":[12,16],"damage_taken":[{"damage":0.0,"enemies":"Small Slimes","floor":1.0,"turns":3.0},{"damage":0.0,"enemies":"Jaw Worm","floor":3.0,"turns":4.0},{"damage":0.0,"enemies":"Cultist","floor":4.0,"turns":4.0},{"damage":32.0,"enemies":"3 Sentries","floor":6.0,"turns":10.0},{"damage":5.0,"enemies":"Large Slime","floor":7.0,"turns":6.0},{"damage":0.0,"enemies":"Blue Slaver","floor":8.0,"turns":2.0},{"damage":0,"enemies":"2 Fungi Beasts","floor":12,"turns":1},{"damage":20,"enemies":"3 Louse","floor":14,"turns":2},{"damage":0,"enemies":"The Guardian","floor":16,"turns":2}],"seed_played":"-566831779121717838","potions_obtained":[{"floor":6.0,"key":"Fire Potion"},{"floor":8.0,"key":"DuplicationPotion"},{"floor":14,"key":"FearPotion"}],"is_trial":false,"path_per_floor":["M","$","M","M","?","E","M","M","T","?","R","M","R","M","R","B"],"character_chosen":"THE_SILENT","items_purchased":["Masterful Stab","Dagger Spray"],"campfire_rested":0,"item_purchase_floors":[2,2],"current_hp_per_floor":[59,59,59,59,59,27,22,22,22,22,22,22,22,2,2,2,2],"gold":275,"neow_bonus":"TWO_FIFTY_GOLD","is_daily":false,"chose_seed":false,"campfire_upgraded":3,"win_rate":0.0,"timestamp":1608865436,"path_taken":["M","$","M","M","?","E","M","M","T","?","R","M","R","M","R","BOSS"],"items_purchased_type":["Card","Card"],"build_version":"2020-12-22","purchased_purges":1,"victory":false,"max_hp_per_floor":[60,60,60,60,60,60,60,60,60,60,60,60,60,60,60,60,60],"card_choices":[{"not_picked":["Deflect","Outmaneuver"],"picked":"Footwork","floor":1.0},{"not_picked":["Bane","Dagger Spray","Expertise"],"picked":"SKIP","floor":3.0},{"not_picked":["Deflect","Outmaneuver","Dagger Spray"],"picked":"SKIP","floor":4.0},{"not_picked":["Caltrops","Slice"],"picked":"Corpse Explosion","floor":6.0},{"not_picked":["Bane","Heel Hook","Eviscerate"],"picked":"SKIP","floor":7.0},{"not_picked":["Deadly Poison","Acrobatics","PiercingWail"],"picked":"SKIP","floor":8.0},{"not_picked":["Acrobatics","Dodge and Roll","Eviscerate"],"picked":"SKIP","floor":12},{"not_picked":["Poisoned Stab","Infinite Blades","Choke"],"picked":"SKIP","floor":14}],"player_experience":683963,"relics_obtained":[{"floor":6.0,"key":"Shuriken"},{"floor":9.0,"key":"Smiling Mask"}],"event_choices":[{"damage_healed":0.0,"max_hp_gain":0.0,"max_hp_loss":0.0,"gold_gain":0.0,"event_name":"Liars Game","player_choice":"Ignored","floor":5.0,"gold_loss":0.0,"damage_taken":0.0},{"damage_healed":0.0,"max_hp_gain":0.0,"max_hp_loss":0.0,"gold_gain":0.0,"cards_transformed":["Strike_G"],"event_name":"Living Wall","player_choice":"Change","floor":10.0,"gold_loss":0.0,"damage_taken":0.0,"cards_obtained":["Burst"]}],"is_beta":false,"boss_relics":[],"items_purged_floors":[2],"is_endless":false,"potions_floor_spawned":[6,8,14],"killed_by":"The Guardian","ascension_level":16}}