{"host":"sc0o2qwpf9j16a4i","time":1608935360,"event":{"mods":["AchievementEnabler","BaseMod","BetterRewards","Block Reminder","Colored Map","Colored Powertips","Custom Start","Highlight Path","Minty Spire (QoL Compilation)","Relic Stats"],"gold_per_floor":[112,124,40,40,56,56,90,90,143,173,188,222,222,252,252,325,325,339,339,352,365,365,365,383,383,383,383,416,434,434,459,459,536,536,546,556,446,456,471,471,501,501,501,530,530,53,53,66,66,66,66],"floor_reached":50,"playtime":1833,"items_purged":["Strike_P","Strike_P+1"],"score":1579,"play_id":"a5374a02-eed2-47b9-82f7-b502273ff38b","local_time":"20201226002920","is_ascension_mode":true,"campfire_choices":[{"data":"The Bomb","floor":6.0,"key":"SMITH"},{"floor":13,"key":"REST"},{"data":"Conclude","floor":15,"key":"SMITH"},{"floor":23,"key":"REST"},{"data":"Wallop","floor":25,"key":"SMITH"},{"data":"Eruption","floor":27,"key":"SMITH"},{"floor":32,"key":"REST"},{"floor":40,"key":"RECALL"},{"data":"Vigilance","floor":47,"key":"SMITH"},{"floor":49,"key":"REST"}],"circlet_count":0,"master_deck":["AscendersBane","Defend_P","Defend_P","Defend_P","Defend_P","Eruption+1","Vigilance+1","BattleHymn+1","The Bomb+1","Conclude+1","Wallop+1","Study+1","Meditate+1","Indignation+1","ThirdEye+1","Devotion+1","InnerPeace+1","Tantrum","Crescendo+1","RitualDagger","FlurryOfBlows","DeceiveReality+1","Swivel+1","Vault+1","Devotion+1","Normality","MentalFortress+1","SpiritShield+1","Adaptation+1","Prostrate+1"],"relics":["PureWater","Lee\u0027s Waffle","Singing Bowl","Frozen Egg 2","Happy Flower","Bag of Marbles","Toxic Egg 2","Tiny Chest","Damaru","Boot","InkBottle","Cursed Key","MutagenicStrength","Potion Belt","CaptainsWheel","Runic Pyramid","Bronze Scales","MealTicket","Regal Pillow","Orrery"],"acts_visited":["Exordium","TheCity","TheBeyond"],"potions_floor_usage":[11,14,21,28,31,39,44],"damage_taken":[{"damage":0.0,"enemies":"Cultist","floor":1.0,"turns":3.0},{"damage":1.0,"enemies":"Small Slimes","floor":2.0,"turns":3.0},{"damage":0.0,"enemies":"2 Louse","floor":5.0,"turns":2.0},{"damage":15.0,"enemies":"3 Sentries","floor":7.0,"turns":3.0},{"damage":6.0,"enemies":"Lagavulin","floor":10.0,"turns":6.0},{"damage":6,"enemies":"Exordium Wildlife","floor":11,"turns":4},{"damage":8,"enemies":"Gremlin Nob","floor":12,"turns":3},{"damage":15,"enemies":"3 Sentries","floor":14,"turns":4},{"damage":0,"enemies":"Slime Boss","floor":16,"turns":5},{"damage":17,"enemies":"3 Byrds","floor":18,"turns":4},{"damage":0,"enemies":"Chosen","floor":20,"turns":3},{"damage":9,"enemies":"Centurion and Healer","floor":21,"turns":3},{"damage":0,"enemies":"Cultist and Chosen","floor":24,"turns":3},{"damage":9,"enemies":"Gremlin Leader","floor":28,"turns":6},{"damage":0,"enemies":"Chosen and Byrds","floor":29,"turns":3},{"damage":11,"enemies":"Book of Stabbing","floor":31,"turns":4},{"damage":2,"enemies":"Champ","floor":33,"turns":8},{"damage":0,"enemies":"3 Shapes","floor":35,"turns":3},{"damage":0,"enemies":"Orb Walker","floor":36,"turns":3},{"damage":0,"enemies":"Transient","floor":38,"turns":7},{"damage":2,"enemies":"Jaw Worm Horde","floor":39,"turns":2},{"damage":29,"enemies":"Nemesis","floor":41,"turns":6},{"damage":0,"enemies":"Reptomancer","floor":44,"turns":4},{"damage":12,"enemies":"Spire Growth","floor":48,"turns":3},{"damage":52,"enemies":"Awakened One","floor":50,"turns":7}],"seed_played":"-5279629705113092809","potions_obtained":[{"floor":2.0,"key":"SteroidPotion"},{"floor":7.0,"key":"Weak Potion"},{"floor":12,"key":"BlessingOfTheForge"},{"floor":20,"key":"Energy Potion"},{"floor":24,"key":"AttackPotion"},{"floor":29,"key":"PowerPotion"},{"floor":35,"key":"Strength Potion"},{"floor":36,"key":"PowerPotion"},{"floor":39,"key":"BlessingOfTheForge"},{"floor":41,"key":"BottledMiracle"}],"is_trial":false,"path_per_floor":["M","M","$","?","M","R","E","?","T","E","M","E","R","E","R","B",null,"M","?","M","M","?","R","M","R","T","R","E","M","T","E","R","B",null,"M","M","?","M","M","R","E","?","T","E","T","$","R","M","R","B"],"character_chosen":"WATCHER","items_purchased":["Lee\u0027s Waffle","Singing Bowl","Frozen Egg 2","BattleHymn+1","Happy Flower","The Bomb","Conclude","Study+1","Regal Pillow","Orrery","Prostrate+1"],"campfire_rested":4,"item_purchase_floors":[0,0,0,0,0,0,0,3,46,46,46],"current_hp_per_floor":[77,76,76,65,67,67,54,54,54,48,44,36,60,45,45,45,74,57,57,57,48,42,66,66,66,66,66,57,59,59,48,73,71,82,84,86,86,88,88,88,59,59,59,59,59,80,80,70,101,49,49],"gold":66,"neow_bonus":"","is_daily":false,"chose_seed":false,"campfire_upgraded":5,"win_rate":0.0,"timestamp":1608935360,"path_taken":["M","M","$","?","M","R","E","?","T","E","?","E","R","E","R","BOSS","M","?","M","M","?","R","M","R","T","R","E","M","?","E","R","BOSS","M","M","?","M","?","R","E","?","T","E","?","?","R","M","R","BOSS"],"items_purchased_type":["Relic","Relic","Relic","Card","Relic","Card","Card","Card","Relic","Relic","Card"],"build_version":"2020-12-22","purchased_purges":2,"victory":false,"max_hp_per_floor":[77,77,77,77,79,79,81,81,81,81,83,83,83,83,83,83,83,83,83,83,83,83,83,83,83,83,83,83,85,85,85,85,85,85,87,89,89,91,93,93,93,93,93,93,93,99,99,101,101,101,101],"relic_stats":{"Lee\u0027s Waffle":75,"Regal Pillow":1,"Singing Bowl":26,"Happy Flower":[34],"counters":[49,190],"Bronze Scales":[134],"Tiny Chest":2,"MealTicket":15,"Boot":[44],"Cursed Key":1,"obtain_stats":[{"Regal Pillow":47,"Singing Bowl":0,"CeramicFish":7,"Vajra":9,"Mango":45,"Bag of Preparation":47,"Whetstone":36,"Boot":12,"Cursed Key":17,"Blood Vial":47,"Frozen Eye":47,"Mummified Hand":47,"Tiny Chest":9,"MealTicket":44,"Red Mask":22,"Toxic Egg 2":10,"InkBottle":14,"Runic Pyramid":34,"Potion Belt":28,"Lee\u0027s Waffle":28,"Happy Flower":0,"Dead Branch":26,"Damaru":47,"The Courier":24,"Pen Nib":47,"Letter Opener":47,"Frozen Egg 2":0,"CaptainsWheel":31,"Shuriken":19,"Ornamental Fan":47,"MutagenicStrength":19,"Bronze Scales":41,"Snecko Eye":17,"Orrery":46,"Pandora\u0027s Box":0,"Nloth\u0027s Gift":30,"Black Star":34,"Bag of Marbles":4,"Membership Card":11,"PureWater":0},{"Regal Pillow":21,"Singing Bowl":24,"CeramicFish":5,"Vajra":5,"Mango":21,"Bag of Preparation":21,"Whetstone":16,"Boot":31,"Cursed Key":33,"Blood Vial":21,"Frozen Eye":21,"Mummified Hand":21,"Tiny Chest":28,"MealTicket":47,"Red Mask":11,"Toxic Egg 2":6,"InkBottle":32,"Runic Pyramid":41,"Potion Belt":38,"Lee\u0027s Waffle":12,"Happy Flower":24,"Dead Branch":12,"Damaru":21,"The Courier":12,"Pen Nib":21,"Letter Opener":21,"Frozen Egg 2":24,"CaptainsWheel":40,"Shuriken":9,"Ornamental Fan":21,"MutagenicStrength":34,"Bronze Scales":46,"Snecko Eye":8,"Orrery":47,"Pandora\u0027s Box":0,"Nloth\u0027s Gift":13,"Black Star":15,"Bag of Marbles":26,"Membership Card":6,"PureWater":0},{"Regal Pillow":78,"Singing Bowl":89,"CeramicFish":13,"Vajra":13,"Mango":78,"Bag of Preparation":78,"Whetstone":58,"Boot":113,"Cursed Key":122,"Blood Vial":78,"Frozen Eye":78,"Mummified Hand":78,"Tiny Chest":100,"MealTicket":181,"Red Mask":33,"Toxic Egg 2":17,"InkBottle":117,"Runic Pyramid":156,"Potion Belt":141,"Lee\u0027s Waffle":37,"Happy Flower":89,"Dead Branch":37,"Damaru":78,"The Courier":37,"Pen Nib":78,"Letter Opener":78,"Frozen Egg 2":89,"CaptainsWheel":148,"Shuriken":26,"Ornamental Fan":78,"MutagenicStrength":126,"Bronze Scales":177,"Snecko Eye":23,"Orrery":181,"Pandora\u0027s Box":0,"Nloth\u0027s Gift":44,"Black Star":55,"Bag of Marbles":95,"Membership Card":17,"PureWater":0}],"InkBottle":[40]},"card_choices":[{"not_picked":["MentalFortress+1","Prostrate","SignatureMove"],"picked":"Singing Bowl","floor":1.0},{"not_picked":["SashWhip","EmptyFist"],"picked":"Wallop","floor":2.0},{"not_picked":["WheelKick","ClearTheMind","Crescendo"],"picked":"Singing Bowl","floor":5.0},{"not_picked":["FollowUp","EmptyBody+1","Conclude"],"picked":"Singing Bowl","floor":7.0},{"not_picked":["Collect+1","EmptyBody+1"],"picked":"Meditate+1","floor":10.0},{"not_picked":["WheelKick","Perseverance+1","FlyingSleeves"],"picked":"Singing Bowl","floor":11},{"not_picked":["BattleHymn+1","WindmillStrike"],"picked":"Indignation+1","floor":12},{"not_picked":["Prostrate+1","Crescendo+1"],"picked":"ThirdEye+1","floor":14},{"not_picked":["Wish+1","Ragnarok"],"picked":"Devotion+1","floor":16},{"not_picked":["SandsOfTime","BowlingBash"],"picked":"InnerPeace+1","floor":18},{"not_picked":["FlyingSleeves","CarveReality"],"picked":"Tantrum","floor":20},{"not_picked":["Meditate+1","FollowUp"],"picked":"Crescendo+1","floor":21},{"not_picked":["WreathOfFlame+1","Evaluate+1"],"picked":"FlurryOfBlows","floor":24},{"not_picked":["Nirvana+1","Consecrate"],"picked":"DeceiveReality+1","floor":28},{"not_picked":["BowlingBash","FlurryOfBlows","Fasting2+1"],"picked":"Singing Bowl","floor":29},{"not_picked":["Brilliance","CrushJoints"],"picked":"Swivel+1","floor":31},{"not_picked":["Judgement+1","Alpha+1"],"picked":"Vault+1","floor":33},{"not_picked":["EmptyBody+1","PathToVictory+1","InnerPeace+1"],"picked":"Singing Bowl","floor":35},{"not_picked":["CutThroughFate","Crescendo+1","DeceiveReality+1"],"picked":"Singing Bowl","floor":36},{"not_picked":["CrushJoints","Consecrate","EmptyFist"],"picked":"Singing Bowl","floor":38},{"not_picked":["DeceiveReality+1","FollowUp+1","CarveReality"],"picked":"Singing Bowl","floor":39},{"not_picked":["InnerPeace+1","TalkToTheHand"],"picked":"Devotion+1","floor":41},{"not_picked":["Protect+1","ReachHeaven+1"],"picked":"MentalFortress+1","floor":44},{"not_picked":["EmptyMind+1","Prostrate+1"],"picked":"SpiritShield+1","floor":46},{"not_picked":["CrushJoints","Tantrum","Consecrate"],"picked":"Singing Bowl","floor":46},{"not_picked":["EmptyBody+1","FlurryOfBlows","Ragnarok"],"picked":"Singing Bowl","floor":46},{"not_picked":["EmptyFist","SashWhip"],"picked":"Adaptation+1","floor":46},{"not_picked":["DeusExMachina+1","EmptyMind+1","ForeignInfluence+1"],"picked":"Singing Bowl","floor":46},{"not_picked":["ForeignInfluence+1","Consecrate+1","Prostrate+1"],"picked":"Singing Bowl","floor":48}],"player_experience":369506,"relics_obtained":[{"floor":7.0,"key":"Toxic Egg 2"},{"floor":9.0,"key":"Tiny Chest"},{"floor":10.0,"key":"Damaru"},{"floor":12,"key":"Boot"},{"floor":14,"key":"InkBottle"},{"floor":28,"key":"Potion Belt"},{"floor":31,"key":"CaptainsWheel"},{"floor":41,"key":"Bronze Scales"},{"floor":44,"key":"MealTicket"}],"event_choices":[{"damage_healed":0.0,"max_hp_gain":0.0,"max_hp_loss":0.0,"gold_gain":0.0,"event_name":"Scrap Ooze","player_choice":"Success","floor":4.0,"gold_loss":0.0,"damage_taken":11.0,"relics_obtained":["Bag of Marbles"]},{"cards_removed":["Strike_P"],"damage_healed":0.0,"max_hp_gain":0.0,"max_hp_loss":0.0,"gold_gain":0.0,"event_name":"Purifier","player_choice":"Purged","floor":8.0,"gold_loss":0.0,"damage_taken":0.0},{"damage_healed":0,"gold_gain":0,"player_choice":"Inject Mutagens","damage_taken":0,"relics_obtained":["MutagenicStrength"],"max_hp_gain":0,"max_hp_loss":0,"event_name":"Drug Dealer","floor":19,"gold_loss":0},{"damage_healed":0,"gold_gain":0,"player_choice":"Joined the Cult","damage_taken":6,"max_hp_gain":0,"max_hp_loss":0,"event_name":"Nest","floor":22,"gold_loss":0,"cards_obtained":["RitualDagger"]},{"cards_removed":["Strike_P"],"damage_healed":0,"gold_gain":0,"player_choice":"Upgrade and Remove","damage_taken":0,"max_hp_gain":0,"max_hp_loss":0,"event_name":"Designer","floor":37,"gold_loss":110,"cards_upgraded":["Strike_P"]},{"damage_healed":0,"gold_gain":0,"player_choice":"Ignored","damage_taken":0,"max_hp_gain":0,"max_hp_loss":0,"event_name":"Tomb of Lord Red Mask","floor":42,"gold_loss":0}],"is_beta":false,"boss_relics":[{"not_picked":["Empty Cage","Black Star"],"picked":"Cursed Key"},{"not_picked":["Snecko Eye","HolyWater"],"picked":"Runic Pyramid"}],"items_purged_floors":[0,46],"is_endless":false,"potions_floor_spawned":[2,7,10,12,20,24,29,35,36,39,41],"killed_by":"Awakened One","ascension_level":18}}