{"host":"x5anfo2w8aotfuta","time":1608858123,"event":{"mods":["AchievementEnabler","BaseMod","Bestiary","Block Reminder","Colored Map","Colored Powertips","DeckTracker","Highlight Path","Minty Spire (QoL Compilation)","Quick Restart","Rare Cards Sparkle","Relic Stats","StSLib"],"gold_per_floor":[114,132,132,143,143,9,40,40,40,74,91,91,124,135,135,232,232,247,265,279,194,211,211,246,246,246,265,19,29,29,61,61,158,158,170,170,181,54,54,85,114,141,153,199,231,272,284,314,326,338,350,362,39,71,71,71],"floor_reached":55,"playtime":5839,"items_purged":["Strike_G","Defend_G"],"score":1137,"play_id":"469355fd-b278-4618-bfee-06926b677dcc","local_time":"20201224170203","is_ascension_mode":true,"campfire_choices":[{"floor":8,"key":"REST"},{"floor":12,"key":"REST"},{"data":"Skewer","floor":15,"key":"SMITH"},{"data":"Noxious Fumes","floor":23,"key":"SMITH"},{"data":"Terror","floor":25,"key":"SMITH"},{"data":"Wraith Form v2","floor":30,"key":"SMITH"},{"floor":32,"key":"REST"},{"floor":47,"key":"RECALL"},{"floor":49,"key":"REST"},{"data":"PiercingWail","floor":52,"key":"SMITH"}],"circlet_count":0,"master_deck":["Strike_G+1","Strike_G+1","Defend_G","Defend_G+1","Defend_G","Defend_G","Survivor+1","Neutralize","Caltrops+1","Flying Knee","Underhanded Strike","Terror+1","Glass Knife+1","Dash","Dagger Spray","Noxious Fumes+1","Skewer+1","Wraith Form v2+1","Quick Slash+1","PiercingWail+1","Calculated Gamble+1","Flechettes+1","Adrenaline","All Out Attack","Flying Knee+1","Bullet Time","Dodge and Roll","Dagger Throw","Wraith Form v2","Calculated Gamble","Dodge and Roll+1","Dagger Throw+1","Acrobatics+1","Leg Sweep+1","PiercingWail+1"],"relics":["SlaversCollar","Ice Cream","Ginger","Ninja Scroll","Dream Catcher","Whetstone","Runic Pyramid","Meat on the Bone","Bottled Lightning","War Paint","Kunai","Gremlin Horn","HoveringKite","MawBank","Question Card","Mummified Hand","Bronze Scales","Akabeko"],"acts_visited":["Exordium","TheCity","TheBeyond","TheEnding"],"potions_floor_usage":[7,14,18,22,27,31,41,55,55],"damage_taken":[{"damage":4,"enemies":"2 Louse","floor":1,"turns":3},{"damage":0,"enemies":"Small Slimes","floor":2,"turns":5},{"damage":7,"enemies":"Jaw Worm","floor":4,"turns":4},{"damage":22,"enemies":"Gremlin Nob","floor":7,"turns":4},{"damage":9,"enemies":"3 Sentries","floor":10,"turns":7},{"damage":2,"enemies":"Looter","floor":11,"turns":3},{"damage":2,"enemies":"Gremlin Nob","floor":13,"turns":3},{"damage":6,"enemies":"Exordium Wildlife","floor":14,"turns":3},{"damage":14,"enemies":"Hexaghost","floor":16,"turns":5},{"damage":4,"enemies":"Chosen","floor":18,"turns":4},{"damage":13,"enemies":"Shell Parasite","floor":19,"turns":3},{"damage":5,"enemies":"Chosen and Byrds","floor":20,"turns":6},{"damage":20,"enemies":"Centurion and Healer","floor":22,"turns":7},{"damage":24,"enemies":"Book of Stabbing","floor":24,"turns":5},{"damage":4,"enemies":"Sentry and Sphere","floor":27,"turns":8},{"damage":6,"enemies":"Snake Plant","floor":29,"turns":3},{"damage":22,"enemies":"Gremlin Leader","floor":31,"turns":5},{"damage":21,"enemies":"Collector","floor":33,"turns":6},{"damage":27,"enemies":"3 Shapes","floor":35,"turns":5},{"damage":2,"enemies":"Orb Walker","floor":37,"turns":3},{"damage":0,"enemies":"Giant Head","floor":40,"turns":5},{"damage":7,"enemies":"Jaw Worm Horde","floor":41,"turns":5},{"damage":1,"enemies":"Maw","floor":42,"turns":6},{"damage":15,"enemies":"Nemesis","floor":44,"turns":3},{"damage":9,"enemies":"Transient","floor":45,"turns":5},{"damage":12,"enemies":"Giant Head","floor":46,"turns":7},{"damage":19,"enemies":"Jaw Worm Horde","floor":48,"turns":3},{"damage":1,"enemies":"Awakened One","floor":50,"turns":13},{"damage":60,"enemies":"Shield and Spear","floor":54,"turns":8},{"damage":75,"enemies":"The Heart","floor":55,"turns":5}],"seed_played":"-1062792618450940247","potions_obtained":[{"floor":4,"key":"Swift Potion"},{"floor":7,"key":"GamblersBrew"},{"floor":13,"key":"Ancient Potion"},{"floor":16,"key":"BlessingOfTheForge"},{"floor":20,"key":"Block Potion"},{"floor":27,"key":"CultistPotion"},{"floor":35,"key":"Strength Potion"},{"floor":37,"key":"DistilledChaos"}],"is_trial":false,"path_per_floor":["M","M","?","M","?","$","E","R","T","E","M","R","E","M","R","B",null,"M","M","M","?","M","R","E","R","T","M","$","M","R","E","R","B",null,"M","?","M","$","?","E","M","M","T","E","M","E","R","M","R","B",null,"R","$","E","B"],"character_chosen":"THE_SILENT","items_purchased":["FairyPotion","Terror","Kunai","Dagger Throw","Bronze Scales","LiquidBronze"],"campfire_rested":4,"item_purchase_floors":[6,6,28,38,53,53],"current_hp_per_floor":[59,59,52,45,31,31,9,30,30,21,19,40,38,32,32,18,57,53,40,35,35,27,27,15,15,15,23,23,29,29,19,40,31,60,45,45,43,43,43,43,36,47,47,44,47,47,47,40,61,60,68,68,68,20,0,0],"gold":71,"neow_bonus":"BOSS_RELIC","is_daily":false,"chose_seed":false,"campfire_upgraded":5,"win_rate":0.0,"timestamp":1608858123,"path_taken":["M","M","?","M","?","$","E","R","T","E","?","R","E","M","R","BOSS","M","M","M","?","M","R","E","R","T","M","$","M","R","E","R","BOSS","M","?","?","$","?","E","M","M","T","E","?","E","R","M","R","BOSS","R","$","E","BOSS"],"items_purchased_type":["Potion","Card","Relic","Card","Relic","Potion"],"build_version":"2020-12-22","purchased_purges":2,"victory":false,"max_hp_per_floor":[70,70,70,70,70,70,70,70,70,70,70,70,70,70,70,70,70,70,70,70,70,70,70,70,70,70,70,70,70,70,70,70,70,70,70,70,70,70,70,70,70,70,70,70,70,70,70,70,70,70,70,70,70,70,70,70],"relic_stats":{"Gremlin Horn":[12,12],"counters":[30,152],"HoveringKite":[34],"Ginger":[14],"Whetstone":["Glass Knife","Strike_G"],"War Paint":["Defend_G","Survivor"],"MawBank":156,"Question Card":5,"Dream Catcher":3,"Mummified Hand":[10],"Bronze Scales":[129],"Kunai":[50],"obtain_stats":[{"Ice Cream":3,"Gremlin Horn":31,"HoveringKite":34,"Ginger":7,"Whetstone":13,"War Paint":26,"MawBank":40,"Question Card":44,"Akabeko":54,"SlaversCollar":0,"Dream Catcher":10,"Ninja Scroll":9,"Mummified Hand":46,"Bronze Scales":53,"Bottled Lightning":24,"Kunai":28,"Ring of the Snake":0,"Runic Pyramid":17,"Meat on the Bone":21},{"Ice Cream":2,"Gremlin Horn":17,"HoveringKite":18,"Ginger":4,"Whetstone":7,"War Paint":14,"MawBank":21,"Question Card":24,"Akabeko":29,"SlaversCollar":0,"Dream Catcher":5,"Ninja Scroll":4,"Mummified Hand":26,"Bronze Scales":28,"Bottled Lightning":14,"Kunai":15,"Ring of the Snake":0,"Runic Pyramid":9,"Meat on the Bone":12},{"Ice Cream":8,"Gremlin Horn":78,"HoveringKite":84,"Ginger":16,"Whetstone":29,"War Paint":62,"MawBank":97,"Question Card":111,"Akabeko":147,"SlaversCollar":0,"Dream Catcher":23,"Ninja Scroll":16,"Mummified Hand":123,"Bronze Scales":139,"Bottled Lightning":62,"Kunai":70,"Ring of the Snake":0,"Runic Pyramid":37,"Meat on the Bone":50}],"Meat on the Bone":156},"card_choices":[{"not_picked":["Underhanded Strike","Backflip"],"picked":"Caltrops","floor":1},{"not_picked":["Slice","Outmaneuver"],"picked":"Flying Knee","floor":2},{"not_picked":["Deflect","Deadly Poison"],"picked":"Underhanded Strike","floor":4},{"not_picked":["Catalyst","Deadly Poison","Deflect"],"picked":"SKIP","floor":7},{"not_picked":["Poisoned Stab","Outmaneuver"],"picked":"Glass Knife","floor":10},{"not_picked":["All Out Attack","Blade Dance"],"picked":"Dash","floor":11},{"not_picked":["Underhanded Strike","Bane"],"picked":"Dagger Spray","floor":12},{"not_picked":["Burst","Sucker Punch"],"picked":"Noxious Fumes","floor":13},{"not_picked":["Deflect","Dodge and Roll"],"picked":"Skewer","floor":14},{"not_picked":["Envenom","A Thousand Cuts"],"picked":"Wraith Form v2","floor":16},{"not_picked":["Flying Knee","Deadly Poison+1"],"picked":"Quick Slash+1","floor":18},{"not_picked":["Slice","Poisoned Stab+1"],"picked":"PiercingWail","floor":19},{"not_picked":["PiercingWail","Distraction"],"picked":"Calculated Gamble+1","floor":20},{"not_picked":["Acrobatics","Dagger Spray","Cloak And Dagger"],"picked":"SKIP","floor":22},{"not_picked":["Poisoned Stab","Footwork"],"picked":"Flechettes+1","floor":24},{"not_picked":["Finisher","Poisoned Stab","Sucker Punch+1"],"picked":"SKIP","floor":27},{"not_picked":["Finisher","Slice"],"picked":"Adrenaline","floor":29},{"not_picked":["Predator","Escape Plan"],"picked":"All Out Attack","floor":31},{"not_picked":["Cloak And Dagger+1","Eviscerate"],"picked":"Flying Knee+1","floor":32},{"not_picked":["Die Die Die","Corpse Explosion"],"picked":"Bullet Time","floor":33},{"not_picked":["Dagger Spray+1","Escape Plan+1"],"picked":"Dodge and Roll","floor":35},{"not_picked":["Masterful Stab","Riddle With Holes+1","Catalyst+1"],"picked":"SKIP","floor":37},{"not_picked":["Backstab+1","Sucker Punch+1","Riddle With Holes+1"],"picked":"SKIP","floor":40},{"not_picked":["Noxious Fumes","Expertise+1"],"picked":"Calculated Gamble","floor":41},{"not_picked":["Poisoned Stab+1","Flechettes+1"],"picked":"Dodge and Roll+1","floor":42},{"not_picked":["Venomology","Underhanded Strike","Skewer"],"picked":"SKIP","floor":44},{"not_picked":["Caltrops+1","All Out Attack","Finisher+1"],"picked":"Dagger Throw+1","floor":45},{"not_picked":["PiercingWail","Slice+1","Deflect"],"picked":"Acrobatics+1","floor":46},{"not_picked":["Wraith Form v2","Quick Slash+1","Well Laid Plans"],"picked":"Leg Sweep+1","floor":48},{"not_picked":["Noxious Fumes+1","Backflip+1","Outmaneuver+1"],"picked":"PiercingWail+1","floor":54}],"player_experience":366756,"relics_obtained":[{"floor":7,"key":"Ginger"},{"floor":9,"key":"Ninja Scroll"},{"floor":10,"key":"Dream Catcher"},{"floor":13,"key":"Whetstone"},{"floor":24,"key":"Bottled Lightning"},{"floor":26,"key":"War Paint"},{"floor":31,"key":"Gremlin Horn"},{"floor":40,"key":"MawBank"},{"floor":44,"key":"Question Card"},{"floor":46,"key":"Mummified Hand"},{"floor":54,"key":"Akabeko"}],"event_choices":[{"damage_healed":0,"gold_gain":0,"player_choice":"Success","damage_taken":7,"relics_obtained":["Ice Cream"],"max_hp_gain":0,"max_hp_loss":0,"event_name":"Scrap Ooze","floor":3,"gold_loss":0},{"damage_healed":0,"gold_gain":0,"player_choice":"Entered Light","damage_taken":14,"max_hp_gain":0,"max_hp_loss":0,"event_name":"Shining Light","floor":5,"gold_loss":0,"cards_upgraded":["Caltrops","Strike_G"]},{"damage_healed":0,"gold_gain":0,"player_choice":"Obtained Relic","damage_taken":0,"relics_obtained":["Meat on the Bone"],"max_hp_gain":0,"max_hp_loss":0,"event_name":"Addict","floor":21,"gold_loss":85},{"cards_removed":["Strike_G"],"damage_healed":0,"gold_gain":0,"player_choice":"Offered Basic","damage_taken":0,"max_hp_gain":0,"max_hp_loss":0,"event_name":"Bonfire Elementals","floor":36,"gold_loss":0},{"damage_healed":0,"gold_gain":0,"cards_transformed":["Strike_G"],"player_choice":"Transformed","damage_taken":0,"max_hp_gain":0,"max_hp_loss":0,"event_name":"Transmorgrifier","floor":39,"gold_loss":0,"cards_obtained":["Wraith Form v2"]}],"is_beta":false,"boss_relics":[{"not_picked":["Calling Bell","Black Star"],"picked":"Runic Pyramid"},{"not_picked":["Astrolabe","Fusion Hammer"],"picked":"HoveringKite"}],"items_purged_floors":[38,53],"is_endless":false,"potions_floor_spawned":[4,7,13,16,20,27,35,37,41],"killed_by":"The Heart","ascension_level":8}}