{"host":"iak1zw6udsaqx1iy","time":1608930382,"event":{"mods":["BaseMod","Hermit","Minty Spire (QoL Compilation)","Replay The Spire","StSLib","The Alterego","The Cursed","The Servant 0.9.4","WarShipGirlsR/’ΩΩ¢…Ÿ≈ÆR mod"],"gold_per_floor":[14,14,29,29,29,29,63,63,63,81,81,81,107,126,126,223,323,342,358,358,378,393,393,426,426,426,426,426,406,406,436,436,456,456,557,557,590,552,552,579,629,658,658,677,677,647,647,678,678,678,556,588,588,588],"floor_reached":55,"playtime":2384,"items_purged":[],"score":704,"play_id":"8fc4aca1-2045-43d7-bea2-c2e1954c5ae7","local_time":"20201226050622","is_ascension_mode":true,"campfire_choices":[{"data":"1","floor":6.0,"key":"LIFT"},{"data":"2","floor":8.0,"key":"LIFT"},{"data":"3","floor":11.0,"key":"LIFT"},{"data":"hermit:BlackWind","floor":15.0,"key":"SMITH"},{"data":"hermit:Glare","floor":23.0,"key":"SMITH"},{"data":"hermit:FullyLoaded","floor":25.0,"key":"SMITH"},{"data":"hermit:WideOpen","floor":30.0,"key":"SMITH"},{"data":"hermit:Virtue","floor":32.0,"key":"SMITH"},{"floor":47,"key":"DIG"},{"floor":53,"key":"DIG"}],"circlet_count":0,"master_deck":["hermit:Strike_Hermit","hermit:Strike_Hermit","hermit:Strike_Hermit","hermit:Strike_Hermit","hermit:Defend_Hermit","hermit:Defend_Hermit","hermit:Defend_Hermit","hermit:Defend_Hermit","hermit:Snapshot","hermit:Covet","hermit:Glare+1","hermit:Enervate","Regret","hermit:Purgatory","hermit:BlackWind+1","hermit:FullyLoaded+1","hermit:BodyArmor+1","hermit:Virtue+1","hermit:HighCaliber+1","hermit:WideOpen+1","hermit:DeadOrAlive","hermit:Showdown+1","hermit:Enervate","hermit:HighNoon","hermit:HighCaliber","hermit:Desperado+1","hermit:Snipe","hermit:Brawl","hermit:Shortfuse","hermit:Deadeye+1","hermit:Glare","hermit:EyeOfTheStorm"],"relics":["hermit:Momento","Counterbalance","Girya","Singing Bowl","PreservedInsect","InkBottle","Orichalcum","Replay:Wanted Poster","Happy Flower","The Courier","Replay:Grab Bag","Busted Crown","Coffee Dripper","Ring of Chaos","Black Star","Shovel","Replay:Towering Pillar of Hats","Gremlin Food","Replay:Bottled Snecko","Bottled Tornado","TungstenRod","Pondfish Scales"],"acts_visited":["Exordium","TheCity","TheBeyond"],"potions_floor_usage":[35,35,41,42,44,54,54,54],"damage_taken":[{"damage":3.0,"enemies":"Small Slimes","floor":1.0,"turns":3.0},{"damage":1.0,"enemies":"Cultist","floor":3.0,"turns":3.0},{"damage":24.0,"enemies":"Gremlin Nob","floor":7.0,"turns":4.0},{"damage":0.0,"enemies":"2 Louse","floor":10.0,"turns":2.0},{"damage":21.0,"enemies":"3 Sentries","floor":13.0,"turns":6.0},{"damage":2.0,"enemies":"Blue Slaver","floor":14.0,"turns":2.0},{"damage":18.0,"enemies":"The Guardian","floor":16.0,"turns":11.0},{"damage":30.0,"enemies":"Spheric Guardian","floor":18.0,"turns":2.0},{"damage":5.0,"enemies":"Chosen","floor":19.0,"turns":3.0},{"damage":12.0,"enemies":"Shelled Parasite and Fungi","floor":21.0,"turns":3.0},{"damage":10.0,"enemies":"Snecko","floor":22.0,"turns":4.0},{"damage":0.0,"enemies":"Gremlin Leader","floor":24.0,"turns":2.0},{"damage":2.0,"enemies":"Centurion and Healer","floor":31.0,"turns":3.0},{"damage":5.0,"enemies":"Chosen and Byrds","floor":33.0,"turns":2.0},{"damage":22,"enemies":"Collector","floor":35,"turns":5},{"damage":5,"enemies":"3 Shapes","floor":37,"turns":4},{"damage":16,"enemies":"3 Darklings","floor":40,"turns":4},{"damage":9,"enemies":"Mind Bloom Boss Battle","floor":41,"turns":5},{"damage":8,"enemies":"R_Hoarder","floor":42,"turns":4},{"damage":18,"enemies":"Maw","floor":44,"turns":4},{"damage":8,"enemies":"4 Shapes","floor":48,"turns":5},{"damage":0,"enemies":"Jaw Worm Horde","floor":52,"turns":3},{"damage":15,"enemies":"Replay:Hell Engine","floor":54,"turns":4}],"seed_played":"7623898098558146781","potions_obtained":[{"floor":2.0,"key":"Dexterity Potion"},{"floor":2.0,"key":"Toxic Potion"},{"floor":2.0,"key":"SpeedPotion"},{"floor":16.0,"key":"BlessingOfTheForge"},{"floor":22.0,"key":"SkillPotion"},{"floor":24.0,"key":"Venom Potion"},{"floor":35,"key":"CultistPotion"},{"floor":37,"key":"Languid Potion"},{"floor":40,"key":"EssenceOfSteel"},{"floor":41,"key":"Weak Potion"}],"is_trial":false,"path_per_floor":["M","?","M","?","?","R","E","R","T","M","R","$","E","M","R","B",null,"M","M","?","M","M","R","E","R","PTL","PTL","T","?","R","M","R","M","R","B",null,"M","$","T","M","?","E","?","M","T","$","R","M","PTL","PTL","$","M","R","B",null],"character_chosen":"HERMIT","items_purchased":["hermit:HighCaliber","hermit:Shortfuse","hermit:Glare","Adrenaline Potion","Strength Potion"],"campfire_rested":0,"item_purchase_floors":[38,46,51,51,51],"current_hp_per_floor":[72,72,71,68,68,68,44,44,44,46,46,46,25,23,23,7,79,49,46,46,36,26,26,26,26,26,26,26,28,28,26,26,23,23,1,87,84,84,84,68,61,53,53,35,35,35,35,27,27,27,27,27,27,12],"gold":588,"neow_bonus":"ONE_RARE_RELIC","is_daily":false,"chose_seed":false,"campfire_upgraded":5,"win_rate":0.0,"timestamp":1608930382,"path_taken":["M","?","?","?","?","R","E","R","T","M","R","?","E","M","R","BOSS","M","M","?","M","M","R","E","R","PTL","PTL","T","?","R","M","R","M","R","BOSS","M","?","?","?","?","E","?","M","T","?","R","?","PTL","PTL","?","M","R","BOSS"],"items_purchased_type":["Card","Card","Card","Potion","Potion"],"build_version":"2020-12-22","purchased_purges":0,"victory":true,"max_hp_per_floor":[75,75,75,75,75,75,75,75,75,77,77,77,77,77,77,79,79,79,81,81,83,83,83,83,83,83,83,83,85,85,85,85,87,87,87,87,89,89,89,89,91,91,91,91,91,91,91,91,91,91,91,91,91,91],"card_choices":[{"not_picked":["hermit:Roulette","hermit:Misfire"],"picked":"hermit:Glare","floor":1.0},{"not_picked":["hermit:Midnight","hermit:Dive"],"picked":"hermit:Enervate","floor":3.0},{"not_picked":["hermit:Desperado","hermit:Ricochet"],"picked":"hermit:Purgatory","floor":7.0},{"not_picked":["hermit:Desperado","hermit:TrackingShot","hermit:ShadowCloak"],"picked":"Singing Bowl","floor":10.0},{"not_picked":["hermit:Snipe","hermit:Ricochet"],"picked":"hermit:BlackWind","floor":13.0},{"not_picked":["hermit:SprayPray","hermit:TakeAim"],"picked":"hermit:FullyLoaded","floor":14.0},{"not_picked":["hermit:OverwhelmingPower","hermit:FinalCanter","hermit:Magnum"],"picked":"Singing Bowl","floor":16.0},{"not_picked":["hermit:Spite","hermit:Feint+1"],"picked":"hermit:BodyArmor+1","floor":18.0},{"not_picked":["hermit:Midnight","hermit:LowProfile","hermit:TakeAim"],"picked":"Singing Bowl","floor":19.0},{"not_picked":["hermit:FullyLoaded+1","hermit:Coalescence","hermit:TakeCover"],"picked":"Singing Bowl","floor":21.0},{"not_picked":["hermit:TakeAim","hermit:SprayPray"],"picked":"hermit:Virtue","floor":22.0},{"not_picked":["hermit:Desperado","hermit:Quickdraw"],"picked":"hermit:HighCaliber+1","floor":24.0},{"not_picked":["hermit:DeadMansHand"],"picked":"Singing Bowl","floor":29.0},{"not_picked":[],"picked":"hermit:WideOpen","floor":29.0},{"not_picked":[],"picked":"hermit:DeadOrAlive","floor":29.0},{"not_picked":["hermit:Spite","hermit:LoneWolf+1"],"picked":"hermit:Showdown+1","floor":31.0},{"not_picked":["hermit:Misfire","hermit:OverwhelmingPower","hermit:PistolWhip"],"picked":"Singing Bowl","floor":33.0},{"not_picked":["hermit:FromBeyond","hermit:RoundhouseKick"],"picked":"hermit:HighNoon","floor":35},{"not_picked":["hermit:LuckOfTheDraw"],"picked":"Singing Bowl","floor":37},{"not_picked":[],"picked":"hermit:Desperado+1","floor":40},{"not_picked":["hermit:WideOpen"],"picked":"Singing Bowl","floor":41},{"not_picked":[],"picked":"hermit:Snipe","floor":42},{"not_picked":[],"picked":"hermit:Brawl","floor":44},{"not_picked":[],"picked":"hermit:Deadeye+1","floor":48},{"not_picked":[],"picked":"hermit:EyeOfTheStorm","floor":52}],"player_experience":255434,"relics_obtained":[{"floor":7.0,"key":"PreservedInsect"},{"floor":9.0,"key":"InkBottle"},{"floor":13.0,"key":"Orichalcum"},{"floor":24.0,"key":"Happy Flower"},{"floor":28.0,"key":"The Courier"},{"floor":39,"key":"Shovel"},{"floor":41,"key":"Replay:Towering Pillar of Hats"},{"floor":42,"key":"Gremlin Food"},{"floor":42,"key":"Replay:Bottled Snecko"},{"floor":45,"key":"Bottled Tornado"},{"floor":47,"key":"TungstenRod"},{"floor":53,"key":"Pondfish Scales"}],"event_choices":[{"damage_healed":0.0,"max_hp_gain":0.0,"max_hp_loss":0.0,"gold_gain":0.0,"event_name":"Lab","player_choice":"Got Potions","floor":2.0,"gold_loss":0.0,"damage_taken":0.0},{"damage_healed":0.0,"max_hp_gain":0.0,"max_hp_loss":0.0,"gold_gain":0.0,"event_name":"Scrap Ooze","player_choice":"Success","floor":4.0,"gold_loss":0.0,"damage_taken":3.0,"relics_obtained":["Girya"]},{"damage_healed":0.0,"max_hp_gain":0.0,"max_hp_loss":0.0,"gold_gain":0.0,"event_name":"Big Fish","player_choice":"Box","floor":5.0,"gold_loss":0.0,"damage_taken":0.0,"relics_obtained":["Singing Bowl"],"cards_obtained":["Regret"]},{"damage_healed":0.0,"max_hp_gain":0.0,"max_hp_loss":0.0,"gold_gain":0.0,"event_name":"Ghosts","player_choice":"Ignored","floor":20.0,"gold_loss":0.0,"damage_taken":0.0},{"damage_healed":0.0,"max_hp_gain":0.0,"max_hp_loss":0.0,"gold_gain":0.0,"event_name":"The Library","player_choice":"Read","floor":34.0,"gold_loss":0.0,"damage_taken":0.0,"cards_obtained":["hermit:Enervate"]},{"damage_healed":0,"gold_gain":0,"player_choice":"Fight","damage_taken":0,"max_hp_gain":0,"max_hp_loss":0,"event_name":"MindBloom","floor":41,"gold_loss":0},{"damage_healed":0,"gold_gain":0,"player_choice":"Ignored","damage_taken":0,"max_hp_gain":0,"max_hp_loss":0,"event_name":"Tomb of Lord Red Mask","floor":43,"gold_loss":0}],"is_beta":false,"boss_relics":[{"not_picked":["Replay:Bronze Core","SacredBark"],"picked":"Replay:Wanted Poster"},{"not_picked":["Pandora\u0027s Box","Painkiller Herb"],"picked":"Replay:Grab Bag"},{"not_picked":["ChewingGum","SlaversCollar"],"picked":"Busted Crown"},{"not_picked":["Velvet Choker","Cursed Key"],"picked":"Coffee Dripper"},{"not_picked":["Calling Bell","Tiny House"],"picked":"Ring of Chaos"},{"not_picked":["Honey Jar","Empty Cage"],"picked":"Black Star"}],"items_purged_floors":[],"is_endless":false,"potions_floor_spawned":[16,22,24,35,37,40,41,52],"ascension_level":1}}