{"host":"l84l8xigz5v5foa2","time":1608899131,"event":{"mods":["2.2 Compatiblity","AchievementEnabler","BaseMod","Better Note","Better Vampires","Card Filter","Colored Map","DeckTracker","Downfall","Gremlin Skip","Highlight Path","Keyboard Shortcuts","Minty Spire (QoL Compilation)","Permanent Neow","Quick Restart","Relic Filter","Relic Stats","StSLib","SuperFastMode","Transform Curses","Unknown Chances"],"gold_per_floor":[99,118,130,150,166,166,240,254,269,269,286,39,39,57,77,174,174,174,186,196,0,20,53,53,53,186,186,111,32,32,132,151,251,251,176,195,195,214,267,299,299,330,341,372,297,317,349,367,381,381,381,411,9,9,9],"floor_reached":56,"playtime":5152,"items_purged":["champ:Strike","champ:Defend","champ:Strike"],"score":1333,"play_id":"5bfa2dbe-cde8-487b-a4cc-f3aa6c9b84a2","local_time":"20201225212531","is_ascension_mode":false,"campfire_choices":[{"data":"champ:Taunt","floor":1.0,"key":"SMITH"},{"data":"champ:GutPunch","floor":6.0,"key":"SMITH"},{"data":"champ:FaceSlap","floor":10.0,"key":"SMITH"},{"data":"champ:StrikeOfGenius","floor":13.0,"key":"SMITH"},{"floor":18.0,"key":"RECALL"},{"data":"champ:EnchantShield","floor":28.0,"key":"SMITH"},{"data":"champ:EnchantCrown","floor":30.0,"key":"SMITH"},{"data":"champ:VampiricStrike","floor":35.0,"key":"SMITH"},{"data":"champ:Execute","floor":45,"key":"SMITH"},{"data":"expansioncontent:SuperHexaguard","floor":54,"key":"SMITH"}],"circlet_count":0,"master_deck":["champ:Strike","champ:Strike","champ:Defend","champ:Defend","champ:Defend","champ:Execute+1","champ:Taunt+1","Good Instincts","champ:GutPunch+1","champ:FaceSlap+1","champ:BringItOn+1","champ:EnchantCrown+1","champ:StrikeOfGenius+1","expansioncontent:SuperHexaguard+1","champ:VampiricStrike+1","champ:Encircle+1","champ:AdrenalArmor+1","champ:DancingMaster+1","champ:AdrenalArmor+1"],"relics":["champ:ChampionCrown","Singing Bowl","Guardian:BottledAnomaly","expansioncontent:StudyCardRelic","Membership Card","Akabeko","Question Card","Happy Flower","downfall:HeartBlessingBlue","champ:BerserkersGuideToSlaughter","Busted Crown","downfall:HeartBlessingRed","champ:DuelingGlove","Ancient Tea Set","Shuriken","The Courier","Frozen Egg 2","downfall:HeartBlessingGreen","Guardian:PocketSentry","Pen Nib","Lizard Tail","Bird Faced Urn","Mummified Hand"],"acts_visited":["TheCity","TheBeyond","TheEnding"],"potions_floor_usage":[47,55,55,55],"damage_taken":[{"damage":11.0,"enemies":"Cultist","floor":2.0,"turns":4.0},{"damage":5.0,"enemies":"Small Slimes","floor":3.0,"turns":3.0},{"damage":13.0,"enemies":"Jaw Worm","floor":4.0,"turns":4.0},{"damage":28.0,"enemies":"Exordium Thugs","floor":5.0,"turns":8.0},{"damage":10.0,"enemies":"3 Louse","floor":8.0,"turns":2.0},{"damage":10.0,"enemies":"Large Slime","floor":9.0,"turns":4.0},{"damage":10.0,"enemies":"Blue Slaver","floor":11.0,"turns":3.0},{"damage":25.0,"enemies":"downfall:FleeingMerchant","floor":12.0,"turns":4.0},{"damage":14.0,"enemies":"3 Louse","floor":14.0,"turns":4.0},{"damage":21.0,"enemies":"Exordium Wildlife","floor":15.0,"turns":4.0},{"damage":43.0,"enemies":"downfall:Watcher","floor":16.0,"turns":7.0},{"damage":45.0,"enemies":"Spheric Guardian","floor":19.0,"turns":6.0},{"damage":27.0,"enemies":"3 Byrds","floor":20.0,"turns":5.0},{"damage":5.0,"enemies":"downfall:FleeingMerchant","floor":21.0,"turns":4.0},{"damage":20.0,"enemies":"3 Cultists","floor":22.0,"turns":4.0},{"damage":36.0,"enemies":"Slavers","floor":23.0,"turns":5.0},{"damage":66.0,"enemies":"downfall:FleeingMerchant","floor":26.0,"turns":4.0},{"damage":6.0,"enemies":"Snake Plant","floor":32.0,"turns":4.0},{"damage":49.0,"enemies":"downfall:Defect","floor":33.0,"turns":11.0},{"damage":1.0,"enemies":"3 Shapes","floor":36.0,"turns":6.0},{"damage":22.0,"enemies":"3 Darklings","floor":38.0,"turns":4.0},{"damage":23.0,"enemies":"2 Orb Walkers","floor":39.0,"turns":4.0},{"damage":26,"enemies":"Giant Head","floor":40,"turns":4},{"damage":18,"enemies":"Nemesis","floor":42,"turns":5},{"damage":13,"enemies":"Spire Growth","floor":43,"turns":4},{"damage":33,"enemies":"Giant Head","floor":44,"turns":7},{"damage":27,"enemies":"Maw","floor":46,"turns":5},{"damage":44,"enemies":"Reptomancer","floor":47,"turns":7},{"damage":11,"enemies":"Sphere and 2 Shapes","floor":48,"turns":7},{"damage":17,"enemies":"Transient","floor":49,"turns":5},{"damage":68,"enemies":"downfall:Silent","floor":50,"turns":9},{"damage":35,"enemies":"downfall:CharBossMerchant","floor":52,"turns":7},{"damage":154,"enemies":"downfall:NeowBoss","floor":55,"turns":15}],"seed_played":"4329372211612747659","potions_obtained":[{"floor":2.0,"key":"GamblersBrew"},{"floor":5.0,"key":"LiquidBronze"},{"floor":8.0,"key":"GamblersBrew"},{"floor":15.0,"key":"Slimebound:ThreeZeroPotion"},{"floor":23.0,"key":"LiquidMemories"},{"floor":32.0,"key":"DuplicationPotion"},{"floor":33.0,"key":"Explosive Potion"},{"floor":43,"key":"CultistPotion"},{"floor":49,"key":"Strength Potion"}],"is_trial":false,"path_per_floor":["R","M","M","M","M","R","T","M","M","R","M","$","R","M","M","B",null,"R","M","M","$","M","E","T","?","$","T","R","$","R","?","M","B",null,"R","M","?","M","?","E","T","E","M","E","R","M","E","M","M","B",null,"E","$","R","B",null],"character_chosen":"THE_CHAMP","items_purchased":["expansioncontent:SuperHexaguard","Guardian:BottledAnomaly","Membership Card","Happy Flower","champ:EnchantShield","champ:BerserkersGuideToSlaughter","Lizard Tail","Bird Faced Urn","Mummified Hand"],"campfire_rested":0,"item_purchase_floors":[12,12,21,26,26,29,53,53,53],"current_hp_per_floor":[90,89,89,89,77,77,77,79,79,79,79,79,79,74,65,59,98,98,80,80,82,84,60,60,60,35,35,45,45,45,45,46,21,122,122,122,122,122,120,126,126,128,130,114,114,132,129,136,138,136,138,138,138,138,120],"gold":9,"neow_bonus":"RANDOM_COLORLESS","is_daily":false,"chose_seed":false,"campfire_upgraded":9,"win_rate":0.0,"timestamp":1608899131,"path_taken":["R","M","M","?","M","R","T","?","M","R","M","$","R","?","M","BOSS","R","?","?","$","M","E","T","?","$","?","R","$","R","?","M","BOSS","R","M","?","M","?","E","T","E","M","E","R","M","E","M","M","BOSS","E","$","R","BOSS"],"items_purchased_type":["Card","Relic","Relic","Relic","Card","Relic","Relic","Relic","Relic"],"build_version":"2020-12-22","purchased_purges":3,"victory":true,"max_hp_per_floor":[90,90,90,90,90,90,90,92,92,92,92,92,92,94,96,98,98,98,100,102,104,106,108,108,108,110,110,120,120,120,120,122,122,122,122,122,122,122,124,126,126,128,130,130,130,132,134,136,138,138,138,138,138,138,138],"relic_stats":{"Lizard Tail":0,"Busted Crown":24,"Singing Bowl":38,"Happy Flower":[34],"counters":[33,179],"Shuriken":[32],"Mummified Hand":[8],"Bird Faced Urn":[10],"Pen Nib":[4],"Question Card":15,"obtain_stats":[{"champ:DuelingGlove":39,"Singing Bowl":7,"Happy Flower":26,"downfall:HeartBlessingRed":35,"champ:ChampionCrown":0,"downfall:HeartBlessingGreen":45,"The Courier":42,"Pen Nib":52,"expansioncontent:StudyCardRelic":17,"Guardian:PocketSentry":47,"Frozen Egg 2":44,"Question Card":24,"Ancient Tea Set":40,"Akabeko":23,"Lizard Tail":53,"Busted Crown":34,"downfall:HeartBlessingBlue":28,"Shuriken":41,"Mummified Hand":53,"Bird Faced Urn":53,"Membership Card":21,"champ:BerserkersGuideToSlaughter":29,"Guardian:BottledAnomaly":12},{"champ:DuelingGlove":22,"Singing Bowl":4,"Happy Flower":17,"downfall:HeartBlessingRed":19,"champ:ChampionCrown":0,"downfall:HeartBlessingGreen":26,"The Courier":24,"Pen Nib":32,"expansioncontent:StudyCardRelic":11,"Guardian:PocketSentry":28,"Frozen Egg 2":26,"Question Card":16,"Ancient Tea Set":23,"Akabeko":16,"Lizard Tail":32,"Busted Crown":19,"downfall:HeartBlessingBlue":17,"Shuriken":23,"Mummified Hand":32,"Bird Faced Urn":32,"Membership Card":14,"champ:BerserkersGuideToSlaughter":17,"Guardian:BottledAnomaly":8},{"champ:DuelingGlove":104,"Singing Bowl":19,"Happy Flower":75,"downfall:HeartBlessingRed":90,"champ:ChampionCrown":0,"downfall:HeartBlessingGreen":124,"The Courier":113,"Pen Nib":164,"expansioncontent:StudyCardRelic":47,"Guardian:PocketSentry":136,"Frozen Egg 2":124,"Question Card":71,"Ancient Tea Set":108,"Akabeko":71,"Lizard Tail":164,"Busted Crown":90,"downfall:HeartBlessingBlue":75,"Shuriken":108,"Mummified Hand":164,"Bird Faced Urn":164,"Membership Card":62,"champ:BerserkersGuideToSlaughter":75,"Guardian:BottledAnomaly":32}]},"card_choices":[{"not_picked":["expansioncontent:SlimeTackle","expansioncontent:GoopSpray"],"picked":"Good Instincts","floor":0.0},{"not_picked":["champ:ShieldSigil","champ:BladeFlurry"],"picked":"champ:GutPunch","floor":2.0},{"not_picked":["champ:GladiatorStyle","champ:FanOfKnives","champ:RageSigil"],"picked":"SKIP","floor":3.0},{"not_picked":["champ:BladeFlurry","champ:FanOfKnives","champ:PreciseThrust"],"picked":"SKIP","floor":4.0},{"not_picked":["champ:DefensiveShout","champ:CrookedStrike"],"picked":"champ:FaceSlap","floor":5.0},{"not_picked":["champ:ShieldSigil","champ:BringItOn","champ:PerfectedStrike"],"picked":"Singing Bowl","floor":8.0},{"not_picked":["champ:Haymaker","champ:SwordSigil"],"picked":"champ:BringItOn","floor":9.0},{"not_picked":["champ:GutPunch","champ:Lariat"],"picked":"champ:EnchantCrown","floor":11.0},{"not_picked":["champ:Duel","champ:HeartStrike"],"picked":"champ:StrikeOfGenius","floor":12.0},{"not_picked":["champ:BerserkerStyle","champ:FanOfKnives","champ:GladiatorsShout"],"picked":"Singing Bowl","floor":14.0},{"not_picked":["champ:EnragedBash","champ:CrookedStrike","champ:ViciousMockery"],"picked":"Singing Bowl","floor":15.0},{"not_picked":["champ:PerfectForm","champ:SteelEdge","champ:StrikeOfGenius"],"picked":"Singing Bowl","floor":16.0},{"not_picked":["champ:RageSigil","champ:FlashCut","champ:GladiatorStyle"],"picked":"Singing Bowl","floor":19.0},{"not_picked":["champ:BringItOn","champ:Haymaker","champ:Lariat"],"picked":"Singing Bowl","floor":20.0},{"not_picked":["champ:AdrenalArmor","champ:Haymaker+1","champ:BladeFlurry+1"],"picked":"Singing Bowl","floor":21.0},{"not_picked":["champ:FanOfKnives","champ:ViciousMockery","champ:FightOn"],"picked":"Singing Bowl","floor":22.0},{"not_picked":["champ:DefensiveStyle","champ:BladeFlurry+1","champ:ShieldSigil+1"],"picked":"Singing Bowl","floor":23.0},{"not_picked":["champ:Haymaker+1","champ:EndlessRage+1","champ:ShieldWall","champ:FlashCut"],"picked":"Singing Bowl","floor":26.0},{"not_picked":["champ:ShieldSlam","champ:RageSigil","champ:BladeFlurry+1","champ:TornadoPunch"],"picked":"Singing Bowl","floor":32.0},{"not_picked":["champ:StrikeOfGenius","champ:CheapShot","champ:SwordThrow"],"picked":"champ:VampiricStrike","floor":33.0},{"not_picked":["champ:RageSigil"],"picked":"champ:Encircle+1","floor":36.0},{"not_picked":["champ:Backstep"],"picked":"champ:AdrenalArmor+1","floor":38.0},{"not_picked":["champ:RageSigil+1","champ:Haymaker"],"picked":"Singing Bowl","floor":39.0},{"not_picked":["champ:SkillfulDodge","champ:Balance"],"picked":"Singing Bowl","floor":40},{"not_picked":["champ:BladeFlurry+1","champ:PerfectedStrike"],"picked":"Singing Bowl","floor":42},{"not_picked":["champ:Duel","champ:CrookedStrike+1"],"picked":"Singing Bowl","floor":43},{"not_picked":["champ:IronFortress+1"],"picked":"champ:DancingMaster+1","floor":44},{"not_picked":["champ:ViciousMockery+1","champ:HeartStrike"],"picked":"Singing Bowl","floor":46},{"not_picked":["champ:TornadoPunch+1","champ:Haymaker"],"picked":"Singing Bowl","floor":47},{"not_picked":["champ:DefensiveShout+1","champ:ArenaPreparation+1"],"picked":"Singing Bowl","floor":48},{"not_picked":["champ:TornadoPunch+1","champ:ArenaPreparation"],"picked":"Singing Bowl","floor":49},{"not_picked":["champ:Haymaker"],"picked":"champ:AdrenalArmor+1","floor":52}],"player_experience":2711360,"relics_obtained":[{"floor":7.0,"key":"Singing Bowl"},{"floor":23.0,"key":"Akabeko"},{"floor":24.0,"key":"Question Card"},{"floor":39.0,"key":"champ:DuelingGlove"},{"floor":40,"key":"Ancient Tea Set"},{"floor":41,"key":"Shuriken"},{"floor":42,"key":"The Courier"},{"floor":44,"key":"Frozen Egg 2"},{"floor":47,"key":"Guardian:PocketSentry"},{"floor":52,"key":"Pen Nib"}],"event_choices":[{"damage_healed":0.0,"max_hp_gain":0.0,"max_hp_loss":0.0,"gold_gain":0.0,"event_name":"Upgrade Shrine","player_choice":"Upgraded","floor":25.0,"gold_loss":0.0,"damage_taken":0.0,"cards_upgraded":["champ:BringItOn"]},{"cards_removed":["champ:EnchantShield"],"damage_healed":0.0,"max_hp_gain":0.0,"max_hp_loss":0.0,"gold_gain":0.0,"event_name":"Falling","player_choice":"Removed Skill","floor":37.0,"gold_loss":0.0,"damage_taken":0.0},{"damage_healed":0.0,"max_hp_gain":0.0,"max_hp_loss":0.0,"gold_gain":0.0,"event_name":"Mysterious Sphere","player_choice":"Fight","floor":39.0,"gold_loss":0.0,"damage_taken":0.0}],"is_beta":false,"boss_relics":[{"not_picked":["Fusion Hammer","Empty Cage"],"picked":"expansioncontent:StudyCardRelic"},{"not_picked":["Calling Bell","Pandora\u0027s Box"],"picked":"Busted Crown"}],"items_purged_floors":[21,26,53],"is_endless":false,"potions_floor_spawned":[2,5,8,15,16,23,32,33,40,43,44,49],"ascension_level":0}}