{"host":"od099uxc49ip1k8b","time":1608925652,"event":{"mods":["Act Like it!","BaseMod","Downfall","Gensokyo","Hermit","Highlight Path","Koishi","Marisa????????","Minty Spire (QoL Compilation)","Rare Cards Sparkle","Remilia??????","StSLib","Td1madao Mod","The Administrix","The Animator","The Cursed","The Gatherer","The Servant 0.9.4","The Wild Card","Waifu the Spire","WarShipGirlsR/????R mod","Yuyuko"],"gold_per_floor":[117,117,134,146,160,160,188,188,188,188,204,204,222,239,239,343,343,362,375,375,23,33,33,64,64,64,82,82,101,101,101,101,196,196,206,223,223,223],"floor_reached":37,"playtime":3300,"items_purged":[],"score":468,"play_id":"03300e57-c303-4b13-a5d3-57fd20010c53","local_time":"20201225144732","is_ascension_mode":false,"campfire_choices":[{"data":"rmod:chargemoney","floor":6,"key":"SMITH"},{"data":"rmod:selfconfidence","floor":8,"key":"SMITH"},{"data":"rmod:luckystar","floor":10,"key":"SMITH"},{"floor":15,"key":"REST"},{"floor":23,"key":"REST"},{"floor":25,"key":"REST"},{"floor":28,"key":"REST"},{"floor":32,"key":"REST"}],"circlet_count":0,"master_deck":["rmod:strick","rmod:strick","rmod:strick","rmod:strick","rmod:defend","rmod:defend","rmod:defend","rmod:defend","rmod:basicallowance","rmod:maingunfire","rmod:overbreakdown","rmod:selfconfidence+1","rmod:luckystar+1","rmod:chargemoney+1","rmod:ridicule","rmod:overbreakdown","rmod:mineteam","rmod:unsinkable","rmod:abidefaith","rmod:diamondstrike+1","rmod:wolves","rmod:firesupport","rmod:tearstotiara","rmod:bulid","rmod:unsinkable+1","rmod:unsinkable","rmod:supriseattacks","Wrath_TH","EndlessPower","rmod:advancebysurprise"],"relics":["rmod:firstchargereward","Strawberry","MealTicket","Pear","Sozu","Bottled Flame","Bottled Lightning","Mercury Hourglass","Busted Crown"],"acts_visited":["Exordium","TheCity","TheBeyond"],"potions_floor_usage":[7,22,33],"damage_taken":[{"damage":1,"enemies":"Jaw Worm","floor":1,"turns":2},{"damage":0,"enemies":"Small Slimes","floor":3,"turns":3},{"damage":2,"enemies":"2 Louse","floor":4,"turns":2},{"damage":0,"enemies":"Looter","floor":5,"turns":3},{"damage":11,"enemies":"Gremlin Nob","floor":7,"turns":3},{"damage":0,"enemies":"Blue Slaver","floor":11,"turns":1},{"damage":1,"enemies":"2 Fungi Beasts","floor":13,"turns":2},{"damage":12,"enemies":"Looter","floor":14,"turns":3},{"damage":0,"enemies":"The Guardian","floor":16,"turns":9},{"damage":17,"enemies":"2 Thieves","floor":18,"turns":4},{"damage":10,"enemies":"Spheric Guardian","floor":19,"turns":4},{"damage":18,"enemies":"Shelled Parasite and Fungi","floor":22,"turns":3},{"damage":58,"enemies":"Book of Stabbing","floor":24,"turns":6},{"damage":26,"enemies":"Snecko","floor":27,"turns":5},{"damage":2,"enemies":"Snake Plant","floor":29,"turns":4},{"damage":25,"enemies":"Collector","floor":33,"turns":6},{"damage":45,"enemies":"3 Darklings","floor":35,"turns":3},{"damage":21,"enemies":"Orb Walker","floor":36,"turns":3},{"damage":50,"enemies":"Transient","floor":37,"turns":5}],"seed_played":"-2660395956230640946","potions_obtained":[{"floor":4,"key":"Fire Potion"},{"floor":7,"key":"LiquidBronze"},{"floor":11,"key":"champ:CounterPotion"},{"floor":16,"key":"PowerPotion"}],"is_trial":false,"path_per_floor":["M","?","M","M","M","R","E","R","T","R","M","?","M","M","R","B",null,"M","M","?","$","M","R","E","R","T","M","R","M","?","?","R","B",null,"M","M","M"],"character_chosen":"PRAEFECT","items_purchased":["rmod:firesupport","rmod:tearstotiara","Bottled Flame"],"campfire_rested":5,"item_purchase_floors":[21,21,21],"current_hp_per_floor":[74,74,74,72,72,72,68,68,68,68,68,71,70,58,85,85,92,75,65,65,80,62,89,31,58,58,32,59,57,57,57,84,59,92,47,26,0,0],"gold":223,"neow_bonus":"THREE_CARDS","is_daily":false,"chose_seed":false,"campfire_upgraded":3,"win_rate":0.0,"timestamp":1608925652,"path_taken":["M","?","M","M","M","R","E","R","T","R","M","?","M","M","R","BOSS","M","M","?","$","M","R","E","R","T","M","R","M","?","?","R","BOSS","M","M","M"],"items_purchased_type":["Card","Card","Relic"],"build_version":"2020-12-22","purchased_purges":0,"victory":false,"max_hp_per_floor":[75,75,75,75,75,75,82,82,82,82,82,92,92,92,92,92,92,92,92,92,92,92,92,92,92,92,92,92,92,92,92,92,92,92,92,92,92,92],"card_choices":[{"not_picked":["rmod:unsinkable","rmod:diamondstrike"],"picked":"rmod:overbreakdown","floor":0},{"not_picked":["rmod:circuitoustactics","rmod:aviationdawn"],"picked":"rmod:selfconfidence","floor":1},{"not_picked":["rmod:bulid","rmod:supportescort"],"picked":"rmod:luckystar","floor":3},{"not_picked":["rmod:shuttlebombing","rmod:maintain","rmod:combined"],"picked":"SKIP","floor":4},{"not_picked":["rmod:overbreakdown","rmod:tearstotiara"],"picked":"rmod:chargemoney","floor":5},{"not_picked":["rmod:lonelyqueen","rmod:heivgo"],"picked":"rmod:ridicule","floor":7},{"not_picked":["rmod:tearstotiara","rmod:circuitoustactics"],"picked":"rmod:overbreakdown","floor":11},{"not_picked":["rmod:firesupport","rmod:tearstotiara"],"picked":"rmod:mineteam","floor":13},{"not_picked":["rmod:ammunitionsupply","rmod:abidefaith"],"picked":"rmod:unsinkable","floor":14},{"not_picked":["rmod:seals","rmod:windflower"],"picked":"rmod:abidefaith","floor":16},{"not_picked":["rmod:fuelsupply+1","rmod:selfconfidence+1"],"picked":"rmod:diamondstrike+1","floor":18},{"not_picked":["rmod:chargemoney","rmod:steelsupply"],"picked":"rmod:wolves","floor":19},{"not_picked":["rmod:supriseattacks","rmod:fuelsupply+1"],"picked":"rmod:bulid","floor":22},{"not_picked":["rmod:luckystar","rmod:diaomin"],"picked":"rmod:unsinkable+1","floor":24},{"not_picked":["rmod:diamondstrike","rmod:aviationdawn"],"picked":"rmod:unsinkable","floor":27},{"not_picked":["rmod:aluminumsupply+1","rmod:fletcherpendant"],"picked":"rmod:supriseattacks","floor":29},{"not_picked":["rmod:shuttlebombing"],"picked":"SKIP","floor":35},{"not_picked":[],"picked":"rmod:advancebysurprise","floor":36}],"player_experience":98505,"relics_obtained":[{"floor":7,"key":"Strawberry"},{"floor":9,"key":"MealTicket"},{"floor":24,"key":"Bottled Lightning"},{"floor":26,"key":"Mercury Hourglass"}],"event_choices":[{"damage_healed":0,"gold_gain":0,"player_choice":"Ignored","damage_taken":0,"max_hp_gain":0,"max_hp_loss":0,"event_name":"Golden Idol","floor":2,"gold_loss":0},{"damage_healed":0,"gold_gain":0,"player_choice":"Success","damage_taken":7,"relics_obtained":["Pear"],"max_hp_gain":0,"max_hp_loss":0,"event_name":"Scrap Ooze","floor":12,"gold_loss":0},{"damage_healed":0,"gold_gain":0,"player_choice":"Ignored","damage_taken":0,"max_hp_gain":0,"max_hp_loss":0,"event_name":"Vampires","floor":20,"gold_loss":0}],"is_beta":false,"boss_relics":[{"not_picked":["Calling Bell","rmod:mogul"],"picked":"Sozu"},{"not_picked":["Fusion Hammer","Tiny House"],"picked":"Busted Crown"}],"items_purged_floors":[],"is_endless":false,"potions_floor_spawned":[1,4,7,11,16,19,22,24,36],"killed_by":"Transient","ascension_level":0}}