{"host":"4ag909k4xupnj24b","time":1608907933,"event":{"mods":["BaseMod","Minty Spire (QoL Compilation)","StSLib"],"gold_per_floor":[118,130,150,150,162,162,15,46,99,99,113,113,129,148,148,224,224,242,259,271,271,283,283,283,283],"floor_reached":24,"playtime":1012,"items_purged":["Strike_R"],"score":343,"play_id":"9ec9e4dd-993a-446c-b2fd-2c97da26db23","local_time":"20201225065213","is_ascension_mode":true,"campfire_choices":[{"floor":6,"key":"REST"},{"floor":10,"key":"REST"},{"data":"Metallicize","floor":15,"key":"SMITH"},{"floor":23,"key":"REST"}],"circlet_count":0,"master_deck":["AscendersBane","Strike_R","Strike_R","Defend_R","Defend_R","Defend_R","Bash","Uppercut","Cleave","Shrug It Off","Shrug It Off","Whirlwind","Demon Form","Metallicize+1","True Grit","Battle Trance","Juggernaut","Heavy Blade","Juggernaut"],"relics":["Empty Cage","StrikeDummy","MealTicket","Velvet Choker"],"acts_visited":["Exordium","TheCity"],"potions_floor_usage":[16,18,20,24,24],"damage_taken":[{"damage":13,"enemies":"Jaw Worm","floor":1,"turns":4},{"damage":0,"enemies":"Cultist","floor":2,"turns":3},{"damage":7,"enemies":"2 Louse","floor":3,"turns":2},{"damage":17,"enemies":"Exordium Wildlife","floor":5,"turns":4},{"damage":33,"enemies":"Gremlin Nob","floor":8,"turns":5},{"damage":7,"enemies":"3 Louse","floor":11,"turns":2},{"damage":0,"enemies":"Lots of Slimes","floor":13,"turns":1},{"damage":2,"enemies":"Red Slaver","floor":14,"turns":5},{"damage":26,"enemies":"Hexaghost","floor":16,"turns":13},{"damage":13,"enemies":"2 Thieves","floor":18,"turns":3},{"damage":10,"enemies":"Spheric Guardian","floor":19,"turns":7},{"damage":27,"enemies":"3 Cultists","floor":20,"turns":4},{"damage":6,"enemies":"Snecko","floor":22,"turns":5},{"damage":30,"enemies":"Slavers","floor":24,"turns":2}],"seed_played":"2376065640826362939","potions_obtained":[{"floor":3,"key":"ElixirPotion"},{"floor":8,"key":"DistilledChaos"},{"floor":13,"key":"Fire Potion"},{"floor":16,"key":"Explosive Potion"},{"floor":19,"key":"Strength Potion"},{"floor":20,"key":"Weak Potion"}],"is_trial":false,"path_per_floor":["M","M","M","?","M","R","$","E","T","R","M","?","M","M","R","B",null,"M","M","M","?","M","R","E"],"character_chosen":"IRONCLAD","items_purchased":["Whirlwind"],"campfire_rested":3,"item_purchase_floors":[7],"current_hp_per_floor":[55,55,48,48,31,53,53,20,20,42,35,35,35,33,33,7,58,45,35,8,8,2,24,0,0],"gold":283,"neow_bonus":"BOSS_RELIC","is_daily":false,"chose_seed":false,"campfire_upgraded":1,"win_rate":0.0,"timestamp":1608907933,"path_taken":["M","M","M","?","?","R","$","E","T","R","M","?","M","M","R","BOSS","M","M","M","?","M","R","E"],"items_purchased_type":["Card"],"build_version":"2020-12-22","purchased_purges":1,"victory":false,"max_hp_per_floor":[75,75,75,75,75,75,75,75,75,75,75,75,75,75,75,75,75,75,75,75,75,75,75,75,75],"card_choices":[{"not_picked":["True Grit","Clothesline"],"picked":"Uppercut","floor":1},{"not_picked":["Sword Boomerang","Sever Soul"],"picked":"Cleave","floor":2},{"not_picked":["Rupture","Clash"],"picked":"Shrug It Off","floor":3},{"not_picked":["Body Slam","Sword Boomerang"],"picked":"Shrug It Off","floor":5},{"not_picked":["Twin Strike","Metallicize"],"picked":"Demon Form","floor":8},{"not_picked":["Hemokinesis","Wild Strike"],"picked":"Metallicize","floor":11},{"not_picked":["Wild Strike","Warcry"],"picked":"True Grit","floor":13},{"not_picked":["Fire Breathing","Shockwave"],"picked":"Battle Trance","floor":14},{"not_picked":["Immolate","Berserk"],"picked":"Juggernaut","floor":16},{"not_picked":["Havoc","Cleave+1","Twin Strike"],"picked":"SKIP","floor":18},{"not_picked":["Searing Blow","Cleave","Dropkick"],"picked":"SKIP","floor":19},{"not_picked":["Thunderclap","Clothesline+1"],"picked":"Heavy Blade","floor":20},{"not_picked":["Clash","True Grit"],"picked":"Juggernaut","floor":22}],"player_experience":812572,"relics_obtained":[{"floor":8,"key":"StrikeDummy"},{"floor":9,"key":"MealTicket"}],"event_choices":[{"damage_healed":0,"gold_gain":0,"player_choice":"0 cards matched","damage_taken":0,"max_hp_gain":0,"max_hp_loss":0,"event_name":"Match and Keep!","floor":4,"gold_loss":0,"cards_obtained":[]},{"damage_healed":0,"gold_gain":0,"player_choice":"Ignored","damage_taken":0,"max_hp_gain":0,"max_hp_loss":0,"event_name":"Liars Game","floor":12,"gold_loss":0},{"cards_removed":["Strike_R"],"damage_healed":0,"gold_gain":0,"player_choice":"Purged","damage_taken":0,"max_hp_gain":0,"max_hp_loss":0,"event_name":"Purifier","floor":21,"gold_loss":0}],"is_beta":false,"boss_relics":[{"not_picked":["SacredBark","Ectoplasm"],"picked":"Velvet Choker"}],"items_purged_floors":[7],"is_endless":false,"potions_floor_spawned":[3,8,13,14,16,19,20],"killed_by":"Slavers","ascension_level":14}}