{"host":"ied4ms9juizrl48v","time":1608932609,"event":{"mods":["Ascension Unlocker","BaseMod","Block Reminder","Colored Map","Colored Powertips","DeckTracker","Highlight Path","Minty Spire (QoL Compilation)","Practice Mode","Quick Restart","Random Character Button","StSLib","SuperFastMode","UnlockEverythingMod"],"gold_per_floor":[115,129,156,156,176,176,191,191,191,191,219,48,61,89,89,163,163,176,256,236,156,156,156,156],"floor_reached":23,"playtime":1007,"items_purged":["Pain"],"score":398,"play_id":"73ea0f96-efc0-4d2f-b9c9-a52ecfb2df33","local_time":"20201226064329","is_ascension_mode":true,"campfire_choices":[{"data":"Blade Dance","floor":6,"key":"SMITH"},{"data":"Neutralize","floor":10,"key":"SMITH"},{"data":"Footwork","floor":15,"key":"SMITH"}],"circlet_count":0,"master_deck":["AscendersBane","Strike_G","Strike_G","Strike_G","Defend_G","Defend_G","Defend_G","Defend_G","Defend_G","Survivor","Neutralize+1","Riddle With Holes","Slice","Blade Dance+1","Quick Slash","Leg Sweep","Well Laid Plans","Footwork+1","Masterful Stab","After Image","Outmaneuver+1","Die Die Die","Envenom","Unload","After Image"],"relics":["Ring of the Serpent","NeowsBlessing","Tiny Chest","WarpedTongs","StrikeDummy","Happy Flower","Blood Vial","Matryoshka"],"acts_visited":["Exordium","TheCity"],"potions_floor_usage":[11,11,14,23],"damage_taken":[{"damage":0,"enemies":"Cultist","floor":1,"turns":1},{"damage":0,"enemies":"Small Slimes","floor":2,"turns":1},{"damage":1,"enemies":"Jaw Worm","floor":5,"turns":1},{"damage":9,"enemies":"3 Louse","floor":7,"turns":4},{"damage":12,"enemies":"Lagavulin","floor":11,"turns":7},{"damage":10,"enemies":"Large Slime","floor":13,"turns":5},{"damage":5,"enemies":"3 Sentries","floor":14,"turns":4},{"damage":10,"enemies":"The Guardian","floor":16,"turns":14},{"damage":18,"enemies":"Chosen","floor":18,"turns":6},{"damage":19,"enemies":"2 Thieves","floor":20,"turns":4},{"damage":26,"enemies":"Slavers","floor":23,"turns":2}],"seed_played":"5866006052822892432","potions_obtained":[{"floor":1,"key":"ColorlessPotion"},{"floor":2,"key":"Energy Potion"},{"floor":13,"key":"BlessingOfTheForge"},{"floor":14,"key":"Strength Potion"},{"floor":16,"key":"Dexterity Potion"}],"is_trial":false,"path_per_floor":["M","M","T","?","M","R","M","?","T","R","E","$","M","E","R","B",null,"M","T","M","$","?","E"],"character_chosen":"THE_SILENT","items_purchased":["Well Laid Plans","PowerPotion","Envenom"],"campfire_rested":0,"item_purchase_floors":[12,12,21],"current_hp_per_floor":[59,59,59,59,58,58,49,49,49,49,37,37,27,22,22,14,53,37,37,20,20,20,0,0],"gold":156,"neow_bonus":"THREE_ENEMY_KILL","is_daily":false,"chose_seed":false,"campfire_upgraded":3,"win_rate":0.0,"timestamp":1608932609,"path_taken":["M","M","?","?","?","R","M","?","T","R","E","$","M","E","R","BOSS","M","?","M","$","?","E"],"items_purchased_type":["Card","Potion","Card"],"build_version":"2020-12-22","purchased_purges":1,"victory":false,"max_hp_per_floor":[66,66,66,66,66,66,66,66,66,66,66,66,66,66,66,66,66,66,66,66,66,66,66,66],"card_choices":[{"not_picked":["Expertise","Deflect"],"picked":"Riddle With Holes","floor":1},{"not_picked":["Acrobatics","Deflect"],"picked":"Slice","floor":2},{"not_picked":["Distraction","Outmaneuver"],"picked":"Blade Dance","floor":5},{"not_picked":["Underhanded Strike","Concentrate"],"picked":"Quick Slash","floor":7},{"not_picked":["Cloak And Dagger","Prepared"],"picked":"Leg Sweep","floor":11},{"not_picked":["Concentrate","Backflip"],"picked":"Footwork","floor":13},{"not_picked":["Sucker Punch","Underhanded Strike"],"picked":"Masterful Stab","floor":14},{"not_picked":["Storm of Steel","Burst"],"picked":"After Image","floor":16},{"not_picked":["Quick Slash","Blade Dance+1"],"picked":"Outmaneuver+1","floor":18},{"not_picked":["Dodge and Roll+1","Finisher+1"],"picked":"Die Die Die","floor":20}],"player_experience":0,"relics_obtained":[{"floor":3,"key":"Tiny Chest"},{"floor":9,"key":"StrikeDummy"},{"floor":11,"key":"Happy Flower"},{"floor":14,"key":"Blood Vial"},{"floor":19,"key":"Matryoshka"}],"event_choices":[{"damage_healed":0,"gold_gain":0,"player_choice":"Rummage","damage_taken":0,"relics_obtained":["WarpedTongs"],"max_hp_gain":0,"max_hp_loss":0,"event_name":"Accursed Blacksmith","floor":4,"gold_loss":0,"cards_obtained":["Pain"]},{"damage_healed":0,"gold_gain":0,"player_choice":"Ignored","damage_taken":0,"max_hp_gain":0,"max_hp_loss":0,"event_name":"Shining Light","floor":8,"gold_loss":0},{"damage_healed":0,"gold_gain":0,"cards_transformed":["Strike_G","Strike_G"],"player_choice":"Became Test Subject","damage_taken":0,"max_hp_gain":0,"max_hp_loss":0,"event_name":"Drug Dealer","floor":22,"gold_loss":0,"cards_obtained":["Unload","After Image"]}],"is_beta":false,"boss_relics":[{"not_picked":["Ectoplasm","Empty Cage"],"picked":"Ring of the Serpent"}],"items_purged_floors":[12],"is_endless":false,"potions_floor_spawned":[1,2,13,14,16,18],"killed_by":"Slavers","ascension_level":20}}