{"host":"y76clbnovzmw9ubx","time":1608938993,"event":{"mods":["AchievementEnabler","BaseMod","Minty Spire (QoL Compilation)","Permanent Neow","Relic Stats"],"gold_per_floor":[113,127,127,152,179,179,214,63,63,63,128,151,186,209,209,296,296,321,341,266,278,13,44,44,44],"floor_reached":24,"playtime":1797,"items_purged":["Strike_G","Strike_G"],"score":452,"play_id":"e2fd3067-8241-4ad4-a0b8-6eac28822caf","local_time":"20201225182953","is_ascension_mode":true,"campfire_choices":[{"data":"Noxious Fumes","floor":6.0,"key":"SMITH"},{"data":"Glass Knife","floor":10.0,"key":"SMITH"},{"floor":15.0,"key":"REST"}],"circlet_count":0,"master_deck":["AscendersBane","Strike_G","Strike_G","Defend_G","Defend_G","Defend_G","Defend_G","Defend_G","Survivor","Neutralize","Sucker Punch","Noxious Fumes+1","Envenom","Glass Knife+1","Catalyst","Bouncing Flask","Footwork","Dagger Spray","Malaise","PiercingWail"],"relics":["Ring of the Snake","CeramicFish","Mercury Hourglass","HornCleat","PreservedInsect","Sundial","Black Star","Sling","White Beast Statue","The Courier"],"acts_visited":["Exordium","TheCity"],"potions_floor_usage":[19,24,24],"damage_taken":[{"damage":0.0,"enemies":"Small Slimes","floor":1.0,"turns":5.0},{"damage":11.0,"enemies":"Jaw Worm","floor":2.0,"turns":6.0},{"damage":0.0,"enemies":"2 Louse","floor":5.0,"turns":4.0},{"damage":15.0,"enemies":"Lagavulin","floor":7.0,"turns":6.0},{"damage":0.0,"enemies":"Gremlin Nob","floor":11.0,"turns":2.0},{"damage":7.0,"enemies":"Large Slime","floor":12.0,"turns":5.0},{"damage":4.0,"enemies":"3 Sentries","floor":13.0,"turns":5.0},{"damage":0.0,"enemies":"Looter","floor":14.0,"turns":3.0},{"damage":10.0,"enemies":"Hexaghost","floor":16.0,"turns":7.0},{"damage":9,"enemies":"3 Byrds","floor":18,"turns":6},{"damage":7,"enemies":"2 Thieves","floor":19,"turns":4},{"damage":7,"enemies":"Snake Plant","floor":21,"turns":5},{"damage":26,"enemies":"Gremlin Leader","floor":23,"turns":4},{"damage":11,"enemies":"Chosen and Byrds","floor":24,"turns":5}],"seed_played":"8501239086989978907","potions_obtained":[{"floor":0.0,"key":"LiquidMemories"},{"floor":0.0,"key":"ColorlessPotion"},{"floor":1.0,"key":"CunningPotion"},{"floor":12.0,"key":"SkillPotion"},{"floor":13.0,"key":"Fire Potion"},{"floor":21,"key":"EssenceOfSteel"},{"floor":23,"key":"SteroidPotion"}],"is_trial":false,"path_per_floor":["M","M","?","T","M","R","E","$","T","R","?","M","E","M","R","B",null,"M","M","?","M","$","E","M"],"character_chosen":"THE_SILENT","items_purchased":["Catalyst","Sling"],"campfire_rested":1,"item_purchase_floors":[8,22],"current_hp_per_floor":[59,48,48,48,48,48,33,33,33,33,33,26,22,22,41,31,57,48,41,41,34,34,8,0,0],"gold":44,"neow_bonus":"THREE_SMALL_POTIONS","is_daily":false,"chose_seed":false,"campfire_upgraded":2,"win_rate":0.0,"timestamp":1608938993,"path_taken":["M","M","?","?","M","R","E","$","T","R","?","M","E","M","R","BOSS","M","M","?","M","$","E","M"],"items_purchased_type":["Card","Relic"],"build_version":"2020-12-22","purchased_purges":2,"victory":false,"max_hp_per_floor":[66,66,66,66,66,66,66,66,66,66,66,66,66,66,66,66,66,66,66,66,66,66,66,66,66],"relic_stats":{"counters":[14,67],"Sundial":[4],"CeramicFish":72,"PreservedInsect":102,"Black Star":1,"obtain_stats":[{"HornCleat":9,"Sundial":13,"CeramicFish":4,"PreservedInsect":11,"The Courier":23,"Black Star":17,"Sling":22,"White Beast Statue":23,"Ring of the Snake":0,"Mercury Hourglass":7},{"HornCleat":4,"Sundial":7,"CeramicFish":2,"PreservedInsect":4,"The Courier":13,"Black Star":9,"Sling":12,"White Beast Statue":13,"Ring of the Snake":0,"Mercury Hourglass":4},{"HornCleat":21,"Sundial":33,"CeramicFish":11,"PreservedInsect":21,"The Courier":62,"Black Star":43,"Sling":58,"White Beast Statue":62,"Ring of the Snake":0,"Mercury Hourglass":21}],"Ring of the Snake":[28],"Mercury Hourglass":[219]},"card_choices":[{"not_picked":["Acrobatics","Quick Slash"],"picked":"Sucker Punch","floor":1.0},{"not_picked":["Setup","Prepared"],"picked":"Noxious Fumes","floor":2.0},{"not_picked":["Heel Hook","Dodge and Roll"],"picked":"Envenom","floor":5.0},{"not_picked":["Choke","Tactician"],"picked":"Glass Knife","floor":7.0},{"not_picked":["Deflect","Endless Agony"],"picked":"Bouncing Flask","floor":12.0},{"not_picked":["Prepared","Blur"],"picked":"Footwork","floor":13.0},{"not_picked":["Prepared","Poisoned Stab"],"picked":"Dagger Spray","floor":14.0},{"not_picked":["Envenom","Doppelganger"],"picked":"Malaise","floor":16.0},{"not_picked":["Deadly Poison","Heel Hook"],"picked":"PiercingWail","floor":18},{"not_picked":["Dagger Spray","Dagger Throw","Skewer"],"picked":"SKIP","floor":19},{"not_picked":["Riddle With Holes","Underhanded Strike","Masterful Stab"],"picked":"SKIP","floor":21},{"not_picked":["Skewer","Escape Plan","Bane"],"picked":"SKIP","floor":23}],"player_experience":2984434,"relics_obtained":[{"floor":4.0,"key":"CeramicFish"},{"floor":7.0,"key":"Mercury Hourglass"},{"floor":9.0,"key":"HornCleat"},{"floor":13.0,"key":"Sundial"},{"floor":23,"key":"White Beast Statue"},{"floor":23,"key":"The Courier"}],"event_choices":[{"damage_healed":0.0,"max_hp_gain":0.0,"max_hp_loss":0.0,"gold_gain":0.0,"event_name":"Golden Wing","player_choice":"Ignored","floor":3.0,"gold_loss":0.0,"damage_taken":0.0},{"damage_healed":0.0,"max_hp_gain":0.0,"max_hp_loss":0.0,"gold_gain":0.0,"event_name":"Dead Adventurer","player_choice":"Searched \u00272\u0027 times","floor":11.0,"gold_loss":0.0,"damage_taken":0.0,"relics_obtained":["PreservedInsect"]},{"cards_removed":["Strike_G"],"damage_healed":0,"gold_gain":0,"player_choice":"Gave Gold","damage_taken":0,"max_hp_gain":0,"max_hp_loss":0,"event_name":"Beggar","floor":20,"gold_loss":75}],"is_beta":false,"boss_relics":[{"not_picked":["Cursed Key","Astrolabe"],"picked":"Black Star"}],"items_purged_floors":[8,22],"is_endless":false,"potions_floor_spawned":[1,12,13,18,21,23],"killed_by":"Chosen and Byrds","ascension_level":20}}