{"host":"5qewjvycy34u7aeo","time":1608886376,"event":{"mods":["Act Like it!","Aspiration","BaseMod","Conspire","Downfall","GifTheSpireLib","Hubris","Infinite Spire","Minty Spire (QoL Compilation)","Permanent Neow","Replay The Spire","Shop Mod","StSLib","Stuff the Spire"],"gold_per_floor":[99,115,115,128,128,128,179,190,205,55,70,70,82,232,249,346,346,346,358,376,376,376,376,376,69,69,83,83,85,105,118,137,248,248,248,267,277,301,301,329,329,461,386,405,427,438,450,450,474,474],"floor_reached":51,"playtime":3872,"items_purged":["Slimebound:Icky","hexamod:Strike"],"score":779,"play_id":"2b8d58b3-3dbc-40ff-bd43-3dbe57a8ca50","local_time":"20201225005256","is_ascension_mode":false,"campfire_choices":[{"floor":1.0,"key":"RECALL"},{"data":"hexamod:GhostShield","floor":10,"key":"SMITH"},{"data":"hexamod:VolcanoVisage","floor":12,"key":"SMITH"},{"data":"hexamod:GhostLash","floor":18,"key":"SMITH"},{"data":"infinitespire:SevenWalls","floor":26,"key":"SMITH"},{"data":"hexamod:SearingWound","floor":35,"key":"SMITH"},{"data":"hexamod:ParanormalForm","floor":43,"key":"SMITH"}],"circlet_count":0,"master_deck":["hexamod:Strike","hexamod:Strike","hexamod:Strike","hexamod:Defend","hexamod:Defend","hexamod:Float","hexamod:GhostShield+1","hexamod:FlamesFromBeyond","hexamod:VolcanoVisage+1","hexamod:FirstSeal","hexamod:GhostLash+1","hexamod:UnleashSpirits","hexamod:NightmareStrike+1","Acrobatics","Doppelganger","Adrenaline","infinitespire:SevenWalls+1","hexamod:GhostLash","hexamod:NightmareGuise","hexamod:ThirdSeal","hexamod:FourthSeal","hexamod:VolcanoVisage","hexamod:SecondSeal","hexamod:PowerFromBeyond","hexamod:SearingWound+1","hexamod:UnleashSpirits","hexamod:TimeOfNeed","hexamod:GhostShield+1","hexamod:GhostShield+1","hexamod:Hexaguard","hexamod:HeatShield","Replay:Fractal Strike","hexamod:SpectersWail+1","hexamod:ParanormalForm+1","hexamod:PowerFromBeyond+1"],"relics":["hexamod:SpiritBrand","ReplayTheSpireMod:Lightbulb","StuffTheSpire:TintedRock","downfall:ShatteredFragment","downfall:HeartBlessingBlue","downfall:HeartBlessingRed","Sozu","Replay:Mystery Machine","SlaversCollar","infinitespire:Midas Blood","InkBottle","hubris:BottledHeart","hubris:Stopwatch","conspire:SpecialSausage","hexamod:SoulConsumer","infinitespire:EmpoweringShard","Orichalcum","downfall:HeartBlessingGreen"],"acts_visited":["Exordium","TheCity","TheBeyond"],"potions_floor_usage":[13,42],"damage_taken":[{"damage":1.0,"enemies":"2 Louse","floor":2.0,"turns":3.0},{"damage":4.0,"enemies":"Small Slimes","floor":4.0,"turns":5.0},{"damage":0,"enemies":"Jaw Worm","floor":8,"turns":3},{"damage":0,"enemies":"Exordium Wildlife","floor":9,"turns":3},{"damage":0,"enemies":"Large Slime","floor":11,"turns":6},{"damage":0,"enemies":"3 Louse","floor":13,"turns":1},{"damage":1,"enemies":"Blue Slaver","floor":15,"turns":3},{"damage":20,"enemies":"downfall:Watcher","floor":16,"turns":9},{"damage":5,"enemies":"Spheric Guardian","floor":19,"turns":4},{"damage":5,"enemies":"conspire:FuzzyDice","floor":20,"turns":5},{"damage":0,"enemies":"downfall:FleeingMerchant","floor":25,"turns":4},{"damage":0,"enemies":"3 Cultists","floor":27,"turns":4},{"damage":0,"enemies":"Snake Plant","floor":30,"turns":2},{"damage":0,"enemies":"conspire:HollyBat","floor":31,"turns":5},{"damage":0,"enemies":"Chosen and Byrds","floor":32,"turns":5},{"damage":0,"enemies":"downfall:Defect","floor":33,"turns":7},{"damage":0,"enemies":"3 Darklings","floor":36,"turns":5},{"damage":0,"enemies":"3 Shapes","floor":37,"turns":4},{"damage":0,"enemies":"Transient","floor":38,"turns":5},{"damage":0,"enemies":"4 Shapes","floor":40,"turns":5},{"damage":0,"enemies":"Reptomancer","floor":42,"turns":5},{"damage":0,"enemies":"Writhing Mass","floor":44,"turns":5},{"damage":0,"enemies":"Transient","floor":45,"turns":5},{"damage":0,"enemies":"Sphere and 2 Shapes","floor":46,"turns":4},{"damage":0,"enemies":"Jaw Worm Horde","floor":47,"turns":3},{"damage":0,"enemies":"Transient","floor":49,"turns":5},{"damage":0,"enemies":"downfall:Silent","floor":50,"turns":9}],"seed_played":"7499762952363446628","potions_obtained":[{"floor":4.0,"key":"EssenceOfSteel"},{"floor":9,"key":"ColorlessPotion"},{"floor":13,"key":"SkillPotion"},{"floor":16,"key":"Milkshake"}],"is_trial":false,"path_per_floor":["R","M","?","M","?","?","T","M","M","R","M","R","M","?","M","B",null,"R","M","M","?","?","AVR","T","$","R","M","?","?","M","M","M","B",null,"R","M","M","M","AVR","M","T","E","R","M","M","M","M","?","M","B",null],"character_chosen":"THE_SPIRIT","items_purchased":["hexamod:NightmareGuise","InkBottle"],"campfire_rested":0,"item_purchase_floors":[25,25],"current_hp_per_floor":[70,69,69,65,65,44,44,44,44,54,54,54,61,61,67,47,80,80,80,80,80,80,80,80,80,80,80,80,1,1,1,1,1,1,1,1,1,1,1,1,1,1,1,1,1,1,1,1,1,1],"gold":474,"neow_bonus":"RANDOM_COMMON_RELIC","is_daily":false,"chose_seed":false,"campfire_upgraded":6,"win_rate":0.0,"timestamp":1608886376,"path_taken":["R","M","?","M","?","?","T","?","M","R","M","R","M","?","M","BOSS","R","M","M","?","?","AVR","T","$","R","M","?","?","?","M","M","BOSS","R","M","M","M","AVR","M","T","E","R","M","M","M","M","?","M","BOSS"],"items_purchased_type":["Card","Relic"],"build_version":"2020-12-22","purchased_purges":2,"victory":true,"max_hp_per_floor":[70,70,70,70,70,70,70,70,70,80,80,80,80,80,80,80,80,80,80,80,80,80,80,80,80,80,80,80,1,1,1,1,1,1,1,1,1,1,1,1,1,1,1,1,1,1,1,1,1,1],"card_choices":[{"not_picked":["hexamod:BacktrackSmack","hexamod:Haunt"],"picked":"hexamod:GhostShield","floor":2.0},{"not_picked":["hexamod:BacktrackSmack","hexamod:GhostOfSpirePast","hexamod:FastForward"],"picked":"SKIP","floor":4.0},{"not_picked":["hexamod:RainOfEmbers","hexamod:Firestarter"],"picked":"hexamod:FlamesFromBeyond","floor":8},{"not_picked":["hexamod:ThermalTransfer","hexamod:InspiringFlames"],"picked":"hexamod:VolcanoVisage","floor":9},{"not_picked":["hexamod:GhostOfSpirePresent","hexamod:GhostOfSpirePast"],"picked":"hexamod:FirstSeal","floor":11},{"not_picked":["hexamod:Firestarter","hexamod:ShieldOfDarkness"],"picked":"hexamod:ThermalTransfer","floor":13},{"not_picked":["hexamod:Rewind","hexamod:BurningTouch"],"picked":"hexamod:GhostLash","floor":15},{"not_picked":["hexamod:SearingWound","hexamod:FifthSeal"],"picked":"hexamod:UnleashSpirits","floor":16},{"not_picked":["hexamod:InspiringFlames","hexamod:Incineration"],"picked":"hexamod:NightmareStrike+1","floor":19},{"not_picked":["hexamod:ChargedBarrage+1","hexamod:SwordOfDarkness+1","hexamod:Again"],"picked":"SKIP","floor":20},{"not_picked":["hexamod:FastForward","hexamod:GhostflameBarrier+1"],"picked":"hexamod:GhostLash","floor":25},{"not_picked":["hexamod:ThermalTransfer+1","hexamod:GhostflameBarrier","hexamod:GhostOfSpireFuture"],"picked":"SKIP","floor":27},{"not_picked":["hexamod:GhostflameBarrier","hexamod:Haunt"],"picked":"hexamod:FourthSeal","floor":30},{"not_picked":["hexamod:SkipABeat","hexamod:NightmareGuise"],"picked":"hexamod:VolcanoVisage","floor":31},{"not_picked":["hexamod:Hexaguard","hexamod:InspiringFlames"],"picked":"hexamod:SecondSeal","floor":31},{"not_picked":["hexamod:GhostflameBarrier+1","hexamod:Hexaguard"],"picked":"hexamod:PowerFromBeyond","floor":32},{"not_picked":["hexamod:BacktrackSmack","hexamod:ChargedBarrage+1"],"picked":"hexamod:SearingWound","floor":32},{"not_picked":["hexamod:WildfireWeapon","hexamod:EmpoweringStance"],"picked":"hexamod:UnleashSpirits","floor":33},{"not_picked":["hexamod:GhostflameInferno","hexamod:WildfireWeapon"],"picked":"hexamod:TimeOfNeed","floor":33},{"not_picked":["hexamod:GhostLash+1","hexamod:SpectersWail"],"picked":"hexamod:GhostShield+1","floor":36},{"not_picked":["hexamod:InspiringFlames","hexamod:RadiantFlame+1"],"picked":"hexamod:GhostShield+1","floor":36},{"not_picked":["hexamod:Rewind","hexamod:TimeWarp"],"picked":"hexamod:Hexaguard","floor":37},{"not_picked":["hexamod:RadiantFlame+1","hexamod:ShieldOfDarkness","hexamod:DynamicBlow"],"picked":"SKIP","floor":37},{"not_picked":["hexamod:AdvancingGuard","hexamod:Firestarter+1"],"picked":"hexamod:HeatShield","floor":38},{"not_picked":["hexamod:ThermalTransfer+1","hexamod:ShieldOfDarkness","hexamod:SkipABeat+1"],"picked":"SKIP","floor":38},{"not_picked":["hexamod:SecondSeal","hexamod:ShieldOfDarkness"],"picked":"hexamod:SpectersWail+1","floor":40},{"not_picked":["hexamod:HeatShield","hexamod:GhostOfSpireFuture+1","hexamod:InspiringFlames+1"],"picked":"SKIP","floor":40},{"not_picked":["hexamod:Firestarter","hexamod:RecurringNightmare"],"picked":"hexamod:ParanormalForm","floor":42},{"not_picked":["hexamod:FourthSeal","hexamod:GhostLash","hexamod:BacktrackSmack+1"],"picked":"SKIP","floor":42},{"not_picked":["hexamod:Incineration","hexamod:NecessarySacrifice+1"],"picked":"hexamod:PowerFromBeyond+1","floor":44},{"not_picked":["hexamod:BacktrackSmack+1","hexamod:GhostShield","hexamod:SwordOfDarkness"],"picked":"SKIP","floor":44},{"not_picked":["hexamod:Rewind","hexamod:Haunt","hexamod:BurningTouch"],"picked":"SKIP","floor":45},{"not_picked":["hexamod:RainOfEmbers","hexamod:ShieldOfDarkness+1","hexamod:Hexaguard+1"],"picked":"SKIP","floor":45},{"not_picked":["hexamod:Hexaguard","hexamod:SwordOfDarkness","hexamod:ThirdSeal"],"picked":"SKIP","floor":46},{"not_picked":["hexamod:SwordOfDarkness","hexamod:BacktrackSmack+1","hexamod:Hexaguard+1"],"picked":"SKIP","floor":47},{"not_picked":["hexamod:ShieldOfDarkness+1","hexamod:FirstSeal","hexamod:CatchUp+1"],"picked":"SKIP","floor":49},{"not_picked":["hexamod:Hexaguard+1","hexamod:ShieldOfDarkness+1","hexamod:GhostflameBarrier+1"],"picked":"SKIP","floor":49}],"player_experience":407011,"relics_obtained":[{"floor":24,"key":"infinitespire:Midas Blood"},{"floor":41,"key":"infinitespire:EmpoweringShard"},{"floor":42,"key":"Orichalcum"}],"event_choices":[{"damage_healed":0.0,"max_hp_gain":0.0,"max_hp_loss":0.0,"gold_gain":0.0,"event_name":"Big Fish","player_choice":"Box","floor":3.0,"gold_loss":0.0,"damage_taken":0.0,"relics_obtained":["StuffTheSpire:TintedRock"],"cards_obtained":["Regret"]},{"damage_healed":0,"gold_gain":0,"player_choice":"Leave","damage_taken":0,"max_hp_gain":0,"max_hp_loss":0,"event_name":"conspire:Investor","floor":48,"gold_loss":0}],"is_beta":false,"boss_relics":[{"not_picked":["expansioncontent:StudyCardRelic","Snecko Eye"],"picked":"Sozu"},{"not_picked":["Velvet Choker","Ring of Chaos"],"picked":"hubris:Stopwatch"}],"items_purged_floors":[23,39],"is_endless":false,"potions_floor_spawned":[4,9,13,16,20,27,31,37,38,40,45,46,49],"ascension_level":0}}