{"host":"qy7jow5usmjkdnnq","time":1608939179,"event":{"mods":["BaseMod","Colored Map","Downfall","Minty Spire (QoL Compilation)","Permanent Neow","Relic Stats","StSLib"],"gold_per_floor":[99,114,125,125,137,149,221,234,259,279,311,161,161,192,202,305,305,305,321,339,354,354,380,434,468,54,54,139,64,94,194,208,312,312,312,330,346,363,363,374,374,534,534,534,252,252,252,264,275,275,275,300,29,29,29],"floor_reached":56,"playtime":6497,"items_purged":["Guardian:Recover+1"],"score":1537,"play_id":"189f9d01-e136-46fc-b59f-d8bf28e38f89","local_time":"20201226003259","is_ascension_mode":true,"campfire_choices":[{"floor":1,"key":"RECALL"},{"data":"Guardian:CurlUp","floor":12,"key":"SMITH"},{"data":"Guardian:Harden","floor":18,"key":"SMITH"},{"data":"Guardian:FuturePlans","floor":27,"key":"SMITH"},{"data":"Guardian:CompilePackage","floor":29,"key":"SMITH"},{"data":"Guardian:FloatingOrbs","floor":35,"key":"SMITH"},{"data":"Guardian:GuardianWhirl","floor":44,"key":"SMITH"},{"data":"Guardian:DonusPower","floor":47,"key":"SMITH"},{"floor":54,"key":"REST"}],"circlet_count":0,"master_deck":["Guardian:CurlUp+1","Guardian:TwinSlam+1","Guardian:GuardianWhirl+1","Guardian:Harden+1","Guardian:CompilePackage+1","Guardian:VentSteam+1","Guardian:SpikerProtocol+1","Guardian:PiercingHide+1","Guardian:PrismaticBarrier+1","Guardian:ChargeUp+1","Guardian:GemFinder+1","Guardian:ChargeUp+1","Guardian:ExploitGems+1","Guardian:RollAttack+1","Guardian:FuturePlans+1","Guardian:CrystalBeam+1","Guardian:ExploitGems+1","Guardian:CrystalBeam+1","Guardian:Incinerate+1","Panache+1","J.A.X.+1","Guardian:TemporalShield+1","Guardian:GuardianWhirl+1","Guardian:DonusPower+1","Guardian:ShieldCharger","Violence","Guardian:FloatingOrbs"],"relics":["Guardian:ModeShifter","Mango","Singing Bowl","Anchor","Bird Faced Urn","Guardian:PickAxe","Question Card","Pandora\u0027s Box","Ginger","Lizard Tail","Vajra","Peace Pipe","MutagenicStrength","expansioncontent:StudyCardRelic","InkBottle","HornCleat","OrangePellets"],"acts_visited":["Exordium","TheCity","TheBeyond","TheEnding"],"potions_floor_usage":[9,11,11,11,11,14,26,30,30,36,52,55,55,55],"damage_taken":[{"damage":0,"enemies":"Cultist","floor":2,"turns":4},{"damage":0,"enemies":"Small Slimes","floor":3,"turns":4},{"damage":0,"enemies":"2 Louse","floor":5,"turns":1},{"damage":12,"enemies":"Exordium Wildlife","floor":6,"turns":3},{"damage":0,"enemies":"Large Slime","floor":8,"turns":5},{"damage":5,"enemies":"3 Sentries","floor":9,"turns":4},{"damage":0,"enemies":"2 Fungi Beasts","floor":10,"turns":2},{"damage":0,"enemies":"Gremlin Nob","floor":11,"turns":2},{"damage":0,"enemies":"Lagavulin","floor":14,"turns":5},{"damage":0,"enemies":"Gremlin Gang","floor":15,"turns":3},{"damage":8,"enemies":"downfall:Watcher","floor":16,"turns":9},{"damage":0,"enemies":"Chosen","floor":19,"turns":8},{"damage":2,"enemies":"Shelled Parasite and Fungi","floor":20,"turns":5},{"damage":7,"enemies":"Centurion and Healer","floor":21,"turns":6},{"damage":0,"enemies":"Book of Stabbing","floor":23,"turns":5},{"damage":13,"enemies":"Slavers","floor":25,"turns":4},{"damage":0,"enemies":"downfall:FleeingMerchant","floor":26,"turns":4},{"damage":5,"enemies":"Book of Stabbing","floor":30,"turns":4},{"damage":0,"enemies":"downfall:Augmenter","floor":31,"turns":4},{"damage":4,"enemies":"Snake Plant","floor":32,"turns":4},{"damage":6,"enemies":"downfall:Ironclad","floor":33,"turns":6},{"damage":20,"enemies":"3 Darklings","floor":36,"turns":5},{"damage":1,"enemies":"3 Shapes","floor":37,"turns":5},{"damage":17,"enemies":"Sphere and 2 Shapes","floor":38,"turns":3},{"damage":4,"enemies":"4 Shapes","floor":40,"turns":4},{"damage":3,"enemies":"downfall:FleeingMerchant","floor":42,"turns":4},{"damage":3,"enemies":"Jaw Worm Horde","floor":48,"turns":2},{"damage":3,"enemies":"Spire Growth","floor":49,"turns":3},{"damage":3,"enemies":"downfall:Defect","floor":50,"turns":4},{"damage":17,"enemies":"downfall:CharBossMerchant","floor":52,"turns":6},{"damage":13,"enemies":"downfall:NeowBoss","floor":55,"turns":12}],"seed_played":"3309146342423656715","potions_obtained":[{"floor":2,"key":"EntropicBrew"},{"floor":4,"key":"CultistPotion"},{"floor":4,"key":"sneckomod:MuddlingPotion"},{"floor":10,"key":"AttackPotion"},{"floor":11,"key":"Swift Potion"},{"floor":15,"key":"Fire Potion"},{"floor":21,"key":"DuplicationPotion"},{"floor":30,"key":"champ:CounterPotion"},{"floor":38,"key":"Energy Potion"},{"floor":40,"key":"Fruit Juice"},{"floor":48,"key":"FearPotion"},{"floor":52,"key":"Strength Potion"}],"is_trial":false,"path_per_floor":["R","M","M","?","M","M","T","M","E","M","E","R","?","E","M","B",null,"R","M","M","M","?","E","T","E","$","R","?","R","E","?","M","B",null,"R","M","M","M","?","M","T","$","?","R","$","?","R","M","M","B",null,"E","$","R","B",null],"character_chosen":"GUARDIAN","items_purchased":["Vajra","Guardian:CrystalBeam","Guardian:Incinerate","Panache","Guardian:GuardianWhirl","Guardian:DonusPower","Guardian:ShieldCharger","Violence","OrangePellets","Guardian:FloatingOrbs","Dexterity Potion"],"campfire_rested":1,"item_purchase_floors":[26,26,26,26,42,45,45,45,53,53,53],"current_hp_per_floor":[70,70,70,70,70,58,58,58,53,55,55,55,49,55,57,53,98,98,98,100,97,97,101,101,91,101,101,85,95,98,108,112,114,120,120,112,125,116,116,120,120,127,127,127,127,127,127,131,136,135,136,130,130,145,139],"gold":29,"neow_bonus":"ONE_RARE_RELIC","is_daily":false,"chose_seed":false,"campfire_upgraded":7,"win_rate":0.0,"timestamp":1608939179,"path_taken":["R","M","M","?","?","M","T","M","E","M","E","R","?","E","M","BOSS","R","M","M","M","?","E","T","E","$","R","?","R","E","?","M","BOSS","R","M","M","M","?","M","T","$","?","R","$","?","R","M","M","BOSS","E","$","R","BOSS"],"items_purchased_type":["Relic","Card","Card","Card","Card","Card","Card","Card","Relic","Card","Potion"],"build_version":"2020-12-22","purchased_purges":1,"victory":true,"max_hp_per_floor":[94,94,94,94,94,94,94,94,94,96,96,96,96,98,98,98,98,98,98,100,102,102,102,102,102,104,104,104,114,114,116,118,120,120,120,124,126,126,126,126,126,128,128,128,128,128,128,132,136,136,136,145,145,145,145],"relic_stats":{"Peace Pipe":0,"OrangePellets":[5],"Lizard Tail":0,"Singing Bowl":36,"counters":[31,140],"Bird Faced Urn":[119],"Pandora\u0027s Box":["Guardian:PiercingHide","Guardian:PrismaticBarrier","Guardian:ChargeUp","Guardian:GemFinder","Guardian:ChargeUp","Guardian:ExploitGems","Guardian:ConstructionForm","Guardian:VentSteam"],"Ginger":[9],"Question Card":36,"obtain_stats":[{"Singing Bowl":7,"downfall:HeartBlessingRed":12,"Guardian:ModeShifter":0,"Vajra":26,"Mango":0,"downfall:HeartBlessingGreen":12,"expansioncontent:StudyCardRelic":34,"Ginger":23,"Question Card":14,"Guardian:PickAxe":13,"Peace Pipe":30,"OrangePellets":53,"Anchor":9,"Lizard Tail":25,"HornCleat":52,"downfall:HeartBlessingBlue":29,"Bird Faced Urn":11,"MutagenicStrength":31,"Pandora\u0027s Box":17,"InkBottle":41},{"Singing Bowl":4,"downfall:HeartBlessingRed":8,"Guardian:ModeShifter":0,"Vajra":17,"Mango":0,"downfall:HeartBlessingGreen":8,"expansioncontent:StudyCardRelic":21,"Ginger":15,"Question Card":9,"Guardian:PickAxe":8,"Peace Pipe":18,"OrangePellets":30,"Anchor":6,"Lizard Tail":16,"HornCleat":30,"downfall:HeartBlessingBlue":17,"Bird Faced Urn":8,"MutagenicStrength":19,"Pandora\u0027s Box":11,"InkBottle":25},{"Singing Bowl":12,"downfall:HeartBlessingRed":25,"Guardian:ModeShifter":0,"Vajra":74,"Mango":0,"downfall:HeartBlessingGreen":25,"expansioncontent:StudyCardRelic":92,"Ginger":66,"Question Card":30,"Guardian:PickAxe":25,"Peace Pipe":78,"OrangePellets":128,"Anchor":21,"Lizard Tail":70,"HornCleat":128,"downfall:HeartBlessingBlue":74,"Bird Faced Urn":25,"MutagenicStrength":82,"Pandora\u0027s Box":42,"InkBottle":109}],"InkBottle":[23]},"card_choices":[{"not_picked":["Guardian:TemporalShield","Guardian:Gem_Green"],"picked":"Guardian:GuardianWhirl","floor":2},{"not_picked":["Guardian:ShieldCharger","Guardian:TemporalStrike"],"picked":"Guardian:Harden","floor":3},{"not_picked":["Guardian:Gem_Yellow","Guardian:Suspension"],"picked":"Guardian:CompilePackage","floor":5},{"not_picked":["Guardian:DecasProtection","Guardian:PrimingBeam"],"picked":"Guardian:Gem_Crimson","floor":6},{"not_picked":["Guardian:Planning","Guardian:WalkerClaw"],"picked":"Guardian:VentSteam","floor":8},{"not_picked":["Guardian:GemFire","Guardian:Incinerate"],"picked":"Guardian:SpikerProtocol","floor":9},{"not_picked":["Guardian:CrystalBeam","Guardian:Suspension","Guardian:PrismaticBeam"],"picked":"Singing Bowl","floor":10},{"not_picked":["Guardian:Gem_Crimson","Guardian:WalkerClaw"],"picked":"Guardian:Gem_Fragmented","floor":11},{"not_picked":["Guardian:Gem_Crimson","Guardian:Suspension","Guardian:VentSteam"],"picked":"Singing Bowl","floor":14},{"not_picked":["Guardian:Clone","Guardian:WalkerClaw","Guardian:PrimingBeam"],"picked":"Guardian:Gem_Fragmented","floor":15},{"not_picked":["Guardian:CompilePackage","Guardian:GemFinder","Guardian:HyperBeam_Guardian"],"picked":"Guardian:SphericShield","floor":16},{"not_picked":["Guardian:Gem_Lightblue","Guardian:Gem_Red"],"picked":"Guardian:Gem_Cyan","floor":19},{"not_picked":["Guardian:PrismaticBeam","Guardian:PrimingBeam","Guardian:Gem_Lightblue"],"picked":"Guardian:RollAttack","floor":19},{"not_picked":["Guardian:Gem_Green","Guardian:Gem_Red","Guardian:Gem_Lightblue"],"picked":"Singing Bowl","floor":20},{"not_picked":["Guardian:PiercingHide","Guardian:ShieldSpikes","Guardian:VentSteam+1"],"picked":"Guardian:FuturePlans","floor":20},{"not_picked":["Guardian:Gem_Green","Guardian:Gem_Red","Guardian:Gem_Lightblue"],"picked":"Singing Bowl","floor":21},{"not_picked":["Guardian:Gem_Purple","Guardian:Suspension","Guardian:SpikerProtocol"],"picked":"Guardian:Gem_Cyan","floor":21},{"not_picked":["Guardian:PolyBeam","Guardian:Gem_Cyan","Guardian:GatlingBeam"],"picked":"Guardian:CrystalBeam+1","floor":23},{"not_picked":["Guardian:Gem_Red","Guardian:Gem_Lightblue"],"picked":"Guardian:Gem_Cyan","floor":25},{"not_picked":["Guardian:Gem_Lightblue","Guardian:ChargeCore","Guardian:Gem_Purple"],"picked":"Guardian:ExploitGems","floor":25},{"not_picked":["Guardian:VentSteam+1","Guardian:ChargeCore","Guardian:TimeBomb","Guardian:Reroute"],"picked":"Singing Bowl","floor":26},{"not_picked":["Guardian:Gem_Green","Guardian:Gem_Red"],"picked":"Guardian:Gem_Cyan","floor":30},{"not_picked":["Guardian:Harden","Guardian:VentSteam+1","Guardian:ShieldCharger+1"],"picked":"Guardian:Gem_Cyan","floor":30},{"not_picked":[],"picked":"J.A.X.","floor":31},{"not_picked":["Guardian:SentryBeam+1","Guardian:PiercingHide","Guardian:ShieldCharger+1","Guardian:CrystalBeam"],"picked":"Singing Bowl","floor":31},{"not_picked":["Guardian:FuturePlans+1","Guardian:Gem_Cyan","Guardian:VentSteam","Guardian:Planning"],"picked":"Singing Bowl","floor":32},{"not_picked":["Guardian:FierceBash","Guardian:ExploitGems","Guardian:Gem_Synthetic"],"picked":"Guardian:Gem_Orange","floor":33},{"not_picked":["Guardian:Gem_Green","Guardian:Gem_Red","Guardian:Gem_Lightblue"],"picked":"Singing Bowl","floor":33},{"not_picked":["Guardian:Gem_Green","Guardian:Gem_Red","Guardian:Gem_Lightblue"],"picked":"Singing Bowl","floor":36},{"not_picked":["Guardian:Clone","Guardian:Emergency+1","Guardian:Recover","Guardian:Gem_Purple"],"picked":"Singing Bowl","floor":36},{"not_picked":["Guardian:Gem_Green","Guardian:Gem_Red","Guardian:RefractedBeam+1"],"picked":"Guardian:Gem_Blue","floor":37},{"not_picked":["Guardian:Gem_Lightblue","Guardian:Gem_Green","Guardian:Gem_Red"],"picked":"Singing Bowl","floor":37},{"not_picked":["Guardian:ExploitGems","Guardian:ChargeUp","Guardian:VentSteam"],"picked":"Guardian:TemporalShield+1","floor":38},{"not_picked":["Guardian:Gem_Green","Guardian:Gem_Red"],"picked":"Guardian:Gem_Cyan","floor":38},{"not_picked":["Guardian:Gem_Purple","Guardian:ChargeUp+1","Guardian:Harden+1"],"picked":"Guardian:Gem_Crimson","floor":40},{"not_picked":["Guardian:Reroute+1","Guardian:PrimingBeam+1","Guardian:Gem_Lightblue","Guardian:VentSteam+1"],"picked":"Singing Bowl","floor":42},{"not_picked":["Guardian:CrystalBeam","Guardian:VentSteam","Guardian:SentryBeam","Guardian:Gem_Lightblue"],"picked":"Singing Bowl","floor":48},{"not_picked":["Guardian:Gem_Cyan","Guardian:Gem_Lightblue","Guardian:Gem_Red"],"picked":"Singing Bowl","floor":48},{"not_picked":["Guardian:Clone","Guardian:TemporalShield+1","Guardian:RevengeProtocol","Guardian:PiercingHide"],"picked":"Singing Bowl","floor":49},{"not_picked":["Guardian:Gem_Lightblue","Guardian:Gem_Red","Guardian:Gem_Green"],"picked":"Singing Bowl","floor":49},{"not_picked":["Guardian:Gem_Purple","Guardian:Gem_Cyan","Guardian:ChargeCore+1","Guardian:Gem_Red"],"picked":"Singing Bowl","floor":52},{"not_picked":["Guardian:Gem_Green","Guardian:Gem_Cyan","Guardian:Gem_Lightblue"],"picked":"Singing Bowl","floor":52}],"player_experience":526400,"relics_obtained":[{"floor":7,"key":"Singing Bowl"},{"floor":9,"key":"Anchor"},{"floor":11,"key":"Bird Faced Urn"},{"floor":14,"key":"Question Card"},{"floor":23,"key":"Ginger"},{"floor":25,"key":"Lizard Tail"},{"floor":30,"key":"Peace Pipe"},{"floor":31,"key":"MutagenicStrength"},{"floor":41,"key":"InkBottle"},{"floor":52,"key":"HornCleat"}],"event_choices":[{"damage_healed":0,"gold_gain":0,"player_choice":"Got Potions","damage_taken":0,"max_hp_gain":0,"max_hp_loss":0,"event_name":"Lab","floor":4,"gold_loss":0},{"damage_healed":0,"gold_gain":0,"player_choice":"Ignored","damage_taken":0,"max_hp_gain":0,"max_hp_loss":0,"event_name":"Vampires","floor":22,"gold_loss":0},{"cards_removed":["Guardian:FloatingOrbs"],"damage_healed":0,"gold_gain":0,"player_choice":"Removed Power","damage_taken":0,"max_hp_gain":0,"max_hp_loss":0,"event_name":"Falling","floor":43,"gold_loss":0}],"is_beta":false,"boss_relics":[{"not_picked":["Black Star","Tiny House"],"picked":"Pandora\u0027s Box"},{"not_picked":["Guardian:StasisSlotReductionRelic","Runic Pyramid"],"picked":"expansioncontent:StudyCardRelic"}],"items_purged_floors":[42],"is_endless":false,"potions_floor_spawned":[2,10,11,15,21,23,30,38,40,48,52],"ascension_level":3}}