{"host":"g7xvyycavwkoojg3","time":1608919296,"event":{"mods":["BaseMod","Challenge The Spire","Exacting","GifTheSpireLib","HexUI Lib","Minty Spire (QoL Compilation)","Replay The Spire","Shop Mod","StSLib","The Hierophant"],"gold_per_floor":[118,118,128,163,178,178,208,208,208,241,268,281,312,324,324,423,423,434,434,446,474,488,488,521,521,521,189,217,217,217,217,217,322,322,333,346,364,375,387,413,413,466,466,124,154,186,186,202,202,202],"floor_reached":51,"playtime":3890,"items_purged":[],"score":951,"play_id":"3d4a22fb-af40-4707-9114-643c698e0df8","local_time":"20201225130136","daily_mods":["Draft","Heirloom"],"is_ascension_mode":true,"campfire_choices":[{"data":"Rage","floor":6,"key":"SMITH"},{"data":"Whirlwind","floor":8,"key":"SMITH"},{"floor":15,"key":"DIG"},{"data":"Demon Form","floor":23,"key":"SMITH"},{"data":"Massacre","floor":25,"key":"SMITH"},{"data":"Fire Breathing","floor":30,"key":"SMITH"},{"data":"Bloodletting","floor":32,"key":"SMITH"},{"data":"Barricade","floor":41,"key":"SMITH"},{"data":"Inflame","floor":49,"key":"SMITH"}],"circlet_count":0,"master_deck":["Armaments","Intimidate","Shrug It Off","Rage+1","Anger","Anger","Wild Strike","Hemokinesis","Body Slam","Feel No Pain","Shrug It Off","Warcry","Flame Barrier","Iron Wave","Shrug It Off","ReplayTheSpireMod:Stacked","Spot Weakness","Anger","Whirlwind+1","Run Through","Inflame+1","ReplayTheSpireMod:Muscle Training","Feed","Warcry","Hemogenesis","Warcry","Massacre+1","Demon Form+1","Wild Strike","ReplayReversal","Power Through","Blood for Blood","Run Through","Fire Breathing+1","Hemokinesis","Reaper","Mayhem","Metamorphosis","Dark Shackles","Bloodletting+1","Barricade+1","Shrug It Off+1","Run Through+1","Exhume","Power Through","Wild Strike+1","Reaper","Anger+1","Rupture+1","Abandon+1","Heavy Blade+1"],"relics":["Burning Blood","Magic Flower","Tiny Chest","HornCleat","Another Sword","TungstenRod","Torii","Philosopher\u0027s Stone","Replay:Rubber Ducky","Iron Hammer","ReplayTheSpireMod:ShopPack","Oddly Smooth Stone","Turnip","Runic Cube","PreservedInsect","StrikeDummy","Self Forming Clay","Du-Vu Doll","ReplayTheSpireMod:Lightbulb","Unceasing Top"],"acts_visited":["Exordium","TheCity","TheBeyond"],"potions_floor_usage":[16,24,24,33,33,33,39,40,50],"damage_taken":[{"damage":8,"enemies":"Cultist","floor":1,"turns":3},{"damage":0,"enemies":"2 Louse","floor":3,"turns":1},{"damage":8,"enemies":"Jaw Worm","floor":4,"turns":4},{"damage":4,"enemies":"Large Slime","floor":5,"turns":6},{"damage":10,"enemies":"Lagavulin","floor":7,"turns":7},{"damage":3,"enemies":"3 Sentries","floor":10,"turns":5},{"damage":0,"enemies":"Lots of Slimes","floor":11,"turns":4},{"damage":0,"enemies":"Blue Slaver","floor":12,"turns":3},{"damage":3,"enemies":"Replay:BlueRogue","floor":13,"turns":5},{"damage":1,"enemies":"3 Louse","floor":14,"turns":4},{"damage":21,"enemies":"Hexaghost","floor":16,"turns":9},{"damage":5,"enemies":"Shell Parasite","floor":18,"turns":6},{"damage":0,"enemies":"Chosen","floor":20,"turns":4},{"damage":19,"enemies":"3 Cultists","floor":21,"turns":5},{"damage":18,"enemies":"Shelled Parasite and Fungi","floor":22,"turns":4},{"damage":1,"enemies":"Gremlin Leader","floor":24,"turns":5},{"damage":0,"enemies":"Book of Stabbing","floor":28,"turns":6},{"damage":55,"enemies":"Champ","floor":33,"turns":10},{"damage":3,"enemies":"3 Darklings","floor":35,"turns":3},{"damage":14,"enemies":"Orb Walker","floor":36,"turns":4},{"damage":27,"enemies":"Maw","floor":37,"turns":6},{"damage":0,"enemies":"4 Shapes","floor":38,"turns":2},{"damage":26,"enemies":"Writhing Mass","floor":39,"turns":4},{"damage":1,"enemies":"Giant Head","floor":40,"turns":7},{"damage":4,"enemies":"Nemesis","floor":42,"turns":7},{"damage":25,"enemies":"Giant Head","floor":45,"turns":8},{"damage":2,"enemies":"3 Darklings","floor":46,"turns":6},{"damage":5,"enemies":"Jaw Worm Horde","floor":48,"turns":4},{"damage":85,"enemies":"Donu and Deca","floor":50,"turns":8}],"seed_played":"-5529654730101660719","potions_obtained":[{"floor":5,"key":"FearPotion"},{"floor":10,"key":"SteroidPotion"},{"floor":12,"key":"PowerPotion"},{"floor":13,"key":"Swift Potion"},{"floor":14,"key":"BlessingOfTheForge"},{"floor":16,"key":"Cursed Concoction"},{"floor":24,"key":"Energy Potion"},{"floor":31,"key":"Adrenaline Potion"},{"floor":33,"key":"Swift Potion"},{"floor":37,"key":"Flashbang"},{"floor":38,"key":"ElixirPotion"},{"floor":46,"key":"Block Potion"},{"floor":48,"key":"Energy Potion"}],"is_trial":true,"path_per_floor":["M","WH","M","M","M","R","E","R","T","E","M","M","E","M","R","B",null,"M","WH","M","M","M","R","E","R","T","$","E","?","R","?","R","B",null,"M","M","M","M","M","E","R","E","T","$","E","M","T","M","R","B",null],"character_chosen":"IRONCLAD","items_purchased":["Fire Breathing","Hemokinesis","Reaper","ReplayTheSpireMod:ShopPack","Rupture+1","Du-Vu Doll"],"campfire_rested":0,"item_purchase_floors":[27,27,27,27,44,44],"current_hp_per_floor":[80,88,88,88,88,88,87,87,87,88,88,88,88,91,91,79,91,91,100,100,90,81,81,89,89,89,89,100,100,100,100,100,55,100,103,103,86,95,78,103,103,103,103,103,103,103,103,103,103,66],"gold":202,"neow_bonus":"TEN_PERCENT_HP_BONUS","is_daily":false,"chose_seed":false,"campfire_upgraded":8,"win_rate":0.0,"timestamp":1608919296,"path_taken":["M","WH","M","M","M","R","E","R","T","E","M","M","E","?","R","BOSS","M","WH","M","M","M","R","E","R","T","$","E","?","R","?","R","BOSS","M","M","M","M","M","E","R","E","T","$","E","M","?","M","R","BOSS"],"items_purchased_type":["Card","Card","Card","Relic","Card","Relic"],"build_version":"2020-12-22","purchased_purges":0,"victory":true,"max_hp_per_floor":[80,88,88,88,88,88,88,88,88,88,88,88,88,91,91,91,91,91,100,100,100,100,100,100,100,100,100,100,100,100,100,100,100,100,103,103,103,103,103,103,103,103,103,103,103,103,103,103,103,103],"card_choices":[{"not_picked":["Clothesline","Heavy Blade"],"picked":"Armaments","floor":0},{"not_picked":["Clothesline","Shockwave"],"picked":"Intimidate","floor":0},{"not_picked":["Run Through","Pommel Strike"],"picked":"Shrug It Off","floor":0},{"not_picked":["Hemokinesis","ReplayTheSpireMod:Strike From Hell"],"picked":"Rage","floor":0},{"not_picked":["Warcry","Headbutt"],"picked":"Anger","floor":0},{"not_picked":["Havoc","ReplayTheSpireMod:Strike From Hell"],"picked":"Anger","floor":0},{"not_picked":["ReplayTheSpireMod:Corrosion Curse","Replay:Undeath\u0027s Touch"],"picked":"Wild Strike","floor":0},{"not_picked":["Sword Boomerang","Perfected Strike"],"picked":"Hemokinesis","floor":0},{"not_picked":["Thunderclap","ReplayTheSpireMod:Strike From Hell"],"picked":"Body Slam","floor":0},{"not_picked":["Sword Boomerang","Replay:Undeath\u0027s Touch"],"picked":"Feel No Pain","floor":0},{"not_picked":["Twin Strike","Pummel"],"picked":"Shrug It Off","floor":0},{"not_picked":["Clothesline","Uppercut"],"picked":"Warcry","floor":0},{"not_picked":["Headbutt","Pommel Strike"],"picked":"Flame Barrier","floor":0},{"not_picked":["ReplayTheSpireMod:Strike From Hell","Sword Boomerang"],"picked":"Iron Wave","floor":0},{"not_picked":["Hemokinesis","Sword Boomerang"],"picked":"Shrug It Off","floor":0},{"not_picked":["Searing Blow","ReplayTheSpireMod:LeadingStrike"],"picked":"ReplayTheSpireMod:Stacked","floor":1},{"not_picked":["Clothesline","Warcry"],"picked":"Spot Weakness","floor":3},{"not_picked":["Shrug It Off","Havoc"],"picked":"Anger","floor":4},{"not_picked":["Replay:Undeath\u0027s Touch","Burning Pact"],"picked":"Whirlwind","floor":5},{"not_picked":["Replay:Undeath\u0027s Touch","Disarm"],"picked":"Run Through","floor":7},{"not_picked":["Rupture","Infernal Blade"],"picked":"Inflame","floor":10},{"not_picked":["Clothesline","Feel No Pain"],"picked":"ReplayTheSpireMod:Muscle Training","floor":10},{"not_picked":["ReplayTheSpireMod:LeadingStrike","Iron Wave"],"picked":"Feed","floor":11},{"not_picked":["Body Slam","Havoc"],"picked":"Warcry","floor":12},{"not_picked":["Searing Blow","Replay:Undeath\u0027s Touch"],"picked":"Hemogenesis","floor":13},{"not_picked":["Sever Soul","ReplayTheSpireMod:LeadingStrike"],"picked":"Warcry","floor":14},{"not_picked":["Dark Embrace","Headbutt"],"picked":"Massacre","floor":14},{"not_picked":["Feed","Impervious"],"picked":"Demon Form","floor":16},{"not_picked":["Replay:Undeath\u0027s Touch+1","ReplayTheSpireMod:LeadingStrike"],"picked":"Wild Strike","floor":18},{"not_picked":["ReplayTheSpireMod:Strike From Hell","Run Through"],"picked":"ReplayReversal","floor":20},{"not_picked":["Sword Boomerang+1","ReplayTheSpireMod:LeadingStrike"],"picked":"Power Through","floor":21},{"not_picked":["Sword Boomerang","Heavy Blade"],"picked":"Blood for Blood","floor":22},{"not_picked":["Sword Boomerang","Havoc"],"picked":"Run Through","floor":24},{"not_picked":["Secret Technique","Secret Weapon"],"picked":"Mayhem","floor":27},{"not_picked":["Good Instincts","Replay:Sssssssssstrike"],"picked":"Metamorphosis","floor":27},{"not_picked":["Mind Blast","Replay:Sssssssssshield"],"picked":"Dark Shackles","floor":27},{"not_picked":["Clothesline","Immolate"],"picked":"Bloodletting","floor":28},{"not_picked":["Replay:Many Hands","Corruption"],"picked":"Barricade","floor":33},{"not_picked":["Armaments","Clothesline"],"picked":"Shrug It Off+1","floor":35},{"not_picked":["True Grit","Burning Pact+1"],"picked":"Run Through+1","floor":36},{"not_picked":["Shockwave","Twin Strike+1"],"picked":"Exhume","floor":37},{"not_picked":["Flex","Run Through"],"picked":"Power Through","floor":38},{"not_picked":["ReplayReversal","Flex"],"picked":"Wild Strike+1","floor":39},{"not_picked":["Flex+1","ReplayTheSpireMod:Strike From Hell+1"],"picked":"Reaper","floor":40},{"not_picked":["Feed","Warcry+1"],"picked":"Anger+1","floor":42},{"not_picked":["Warcry+1","ReplayReversal"],"picked":"Abandon+1","floor":45},{"not_picked":["Warcry+1","Pommel Strike+1"],"picked":"Heavy Blade+1","floor":46},{"not_picked":["Defy Death+1","Havoc+1","Rampage+1"],"picked":"SKIP","floor":48}],"player_experience":88359,"relics_obtained":[{"floor":7,"key":"Tiny Chest"},{"floor":9,"key":"HornCleat"},{"floor":10,"key":"Another Sword"},{"floor":13,"key":"TungstenRod"},{"floor":15,"key":"Torii"},{"floor":24,"key":"Replay:Rubber Ducky"},{"floor":26,"key":"Iron Hammer"},{"floor":28,"key":"Oddly Smooth Stone"},{"floor":40,"key":"PreservedInsect"},{"floor":42,"key":"StrikeDummy"},{"floor":43,"key":"Self Forming Clay"},{"floor":45,"key":"ReplayTheSpireMod:Lightbulb"},{"floor":47,"key":"Unceasing Top"}],"event_choices":[{"damage_healed":0,"gold_gain":0,"player_choice":"Opened","damage_taken":0,"relics_obtained":["Turnip"],"max_hp_gain":0,"max_hp_loss":0,"event_name":"The Mausoleum","floor":29,"gold_loss":0},{"damage_healed":0,"gold_gain":0,"player_choice":"Got Potions","damage_taken":0,"max_hp_gain":0,"max_hp_loss":0,"event_name":"Lab","floor":31,"gold_loss":0}],"is_beta":false,"boss_relics":[{"not_picked":["Replay:Drink Me","Busted Crown"],"picked":"Philosopher\u0027s Stone"},{"not_picked":["Replay:Bronze Core","Black Star"],"picked":"Runic Cube"}],"items_purged_floors":[],"is_endless":false,"potions_floor_spawned":[5,10,12,13,14,16,18,22,24,33,37,38,46,48],"ascension_level":2}}