{"host":"6xsbn6ynqlzwllfm","time":1608914043,"event":{"mods":["2.2 Compatiblity","BaseMod","Bestiary","Colored Map","Colored Powertips","Curses Come First","Downfall","Highlight Path","Keyboard Shortcuts","Minty Spire (QoL Compilation)","Quick Restart","Relic Stats","Slay the Relics Exporter","StSLib","SuperFastMode"],"gold_per_floor":[112,123,48,4,17,48,74,74,74],"floor_reached":8,"playtime":234,"items_purged":[],"score":112,"play_id":"7e0d7832-41f9-4d3c-a258-82303dbd059c","local_time":"20201225113403","is_ascension_mode":true,"campfire_choices":[],"circlet_count":0,"master_deck":["AscendersBane","Strike_R","Strike_R","Strike_R","Strike_R","Defend_R","Defend_R","Defend_R","Defend_R","Bash","Heavy Blade","Spot Weakness","Inflame","Shrug It Off","Clothesline","Headbutt"],"relics":["Burning Blood","NeowsBlessing","Pen Nib","Odd Mushroom"],"acts_visited":["Exordium"],"potions_floor_usage":[7],"damage_taken":[{"damage":0,"enemies":"Cultist","floor":1,"turns":1},{"damage":0,"enemies":"Jaw Worm","floor":2,"turns":1},{"damage":0,"enemies":"2 Louse","floor":5,"turns":1},{"damage":47,"enemies":"3 Sentries","floor":6,"turns":9},{"damage":15,"enemies":"The Mushroom Lair","floor":7,"turns":4},{"damage":26,"enemies":"Lagavulin","floor":8,"turns":6}],"seed_played":"5258113921306394148","potions_obtained":[{"floor":6,"key":"Energy Potion"},{"floor":7,"key":"EssenceOfSteel"}],"is_trial":false,"path_per_floor":["M","M","?","$","M","E","?","E"],"character_chosen":"IRONCLAD","items_purchased":["Inflame"],"campfire_rested":0,"item_purchase_floors":[4],"current_hp_per_floor":[74,75,75,75,75,34,25,0,0],"gold":74,"neow_bonus":"THREE_ENEMY_KILL","is_daily":false,"chose_seed":false,"campfire_upgraded":0,"win_rate":0.0,"timestamp":1608914043,"path_taken":["M","?","?","?","M","E","?","E"],"items_purchased_type":["Card"],"build_version":"2020-12-22","purchased_purges":0,"victory":false,"max_hp_per_floor":[75,75,75,75,75,75,75,75,75],"relic_stats":{"counters":[6,22],"Pen Nib":[1],"obtain_stats":[{"NeowsBlessing":0,"Pen Nib":6,"Odd Mushroom":7,"Burning Blood":0},{"NeowsBlessing":0,"Pen Nib":4,"Odd Mushroom":5,"Burning Blood":0},{"NeowsBlessing":0,"Pen Nib":12,"Odd Mushroom":16,"Burning Blood":0}],"Burning Blood":19},"card_choices":[{"not_picked":["Infernal Blade","Perfected Strike"],"picked":"Heavy Blade","floor":1},{"not_picked":["Wild Strike","Shrug It Off"],"picked":"Spot Weakness","floor":2},{"not_picked":["Clothesline","Sentinel"],"picked":"Shrug It Off","floor":5},{"not_picked":["Perfected Strike","Heavy Blade"],"picked":"Clothesline","floor":6},{"not_picked":["Wild Strike","Havoc"],"picked":"Headbutt","floor":7}],"player_experience":1253355,"relics_obtained":[{"floor":6,"key":"Pen Nib"},{"floor":7,"key":"Odd Mushroom"}],"event_choices":[{"cards_removed":["Strike_R"],"damage_healed":0,"gold_gain":0,"player_choice":"Card Removal","damage_taken":0,"max_hp_gain":0,"max_hp_loss":0,"event_name":"The Cleric","floor":3,"gold_loss":75},{"damage_healed":0,"gold_gain":0,"player_choice":"Fought Mushrooms","damage_taken":0,"max_hp_gain":0,"max_hp_loss":0,"event_name":"Mushrooms","floor":7,"gold_loss":0}],"is_beta":false,"boss_relics":[],"items_purged_floors":[],"is_endless":false,"potions_floor_spawned":[6,7],"killed_by":"Lagavulin","ascension_level":20}}