{"host":"5fasz840ryq7obdf","time":1608907076,"event":{"mods":["AchievementEnabler","BaseMod","Bestiary","Better Altar","Better Skull","Better Third Choice","BetterRewards","Block Reminder","Colored Powertips","Curses Come First","Minty Spire (QoL Compilation)","Quick Restart","Relic Stats","Shop Mod","Spicy Shops","StSLib"],"gold_per_floor":[75,91,150,150,166,199,199,248,248,282,282,313,365,383,383,457,457,493,6,51,51,51,51,63,89,144,198,243,243,22,54,54,127,127,164,4,24,43,4,29,40,40,40,114,114,147,173,203,203,203,203],"floor_reached":50,"playtime":3501,"items_purged":[],"score":1416,"play_id":"45ea47fb-04d5-4acb-bd26-fd39e9a72e78","local_time":"20201225143756","is_ascension_mode":true,"campfire_choices":[{"floor":7.0,"key":"REST"},{"floor":11.0,"key":"REST"},{"floor":15.0,"key":"REST"},{"floor":23.0,"key":"REST"},{"floor":29.0,"key":"REST"},{"data":"Apotheosis","floor":32.0,"key":"SMITH"},{"floor":49.0,"key":"RECALL"}],"circlet_count":0,"master_deck":["AscendersBane","Strike_G","Strike_G","Defend_G","Defend_G","Defend_G","Defend_G","Defend_G","Survivor","Neutralize","Panache","Terror+1","Noxious Fumes","HandOfGreed","Slice","Backflip","Leg Sweep","Finisher","Calculated Gamble","Backflip+1","Blade Dance","A Thousand Cuts","Die Die Die","CurseOfTheBell","Deflect","Apotheosis+1","Prepared","Tactician","Footwork","Infinite Blades+1","Burst","Accuracy","Crippling Poison","Bouncing Flask","Escape Plan","Prepared","Night Terror","PiercingWail","Die Die Die","Tools of the Trade","Catalyst","Catalyst","Bouncing Flask+1","Finisher","Envenom+1","Decay","Blade Dance+1"],"relics":["Ring of the Snake","Vajra","Sling","Anchor","Blood Vial","Kunai","Peace Pipe","Calling Bell","Snake Skull","Blue Candle","StoneCalendar","Membership Card","Meat on the Bone","Red Mask","Pear","Juzu Bracelet","StrikeDummy","Paper Crane","Bag of Marbles","War Paint","Cursed Key","TwistedFunnel","Omamori","Boot","The Specimen","Frozen Egg 2","Toy Ornithopter","Sundial"],"acts_visited":["Exordium","TheCity","TheBeyond"],"potions_floor_usage":[50],"damage_taken":[{"damage":4.0,"enemies":"Small Slimes","floor":1.0,"turns":4.0},{"damage":12.0,"enemies":"Cultist","floor":2.0,"turns":5.0},{"damage":0.0,"enemies":"2 Louse","floor":3.0,"turns":6.0},{"damage":3.0,"enemies":"Looter","floor":5.0,"turns":2.0},{"damage":0.0,"enemies":"Gremlin Nob","floor":6.0,"turns":2.0},{"damage":20.0,"enemies":"Lagavulin","floor":8.0,"turns":8.0},{"damage":8.0,"enemies":"Gremlin Nob","floor":10.0,"turns":3.0},{"damage":2.0,"enemies":"3 Louse","floor":12.0,"turns":3.0},{"damage":16.0,"enemies":"Gremlin Gang","floor":13.0,"turns":7.0},{"damage":5.0,"enemies":"Large Slime","floor":14.0,"turns":3.0},{"damage":24.0,"enemies":"Hexaghost","floor":16.0,"turns":11.0},{"damage":36.0,"enemies":"Spheric Guardian","floor":18.0,"turns":6.0},{"damage":14.0,"enemies":"Masked Bandits","floor":20.0,"turns":3.0},{"damage":19.0,"enemies":"Chosen","floor":24.0,"turns":4.0},{"damage":30.0,"enemies":"Slavers","floor":25.0,"turns":4.0},{"damage":15.0,"enemies":"Gremlin Leader","floor":27.0,"turns":5.0},{"damage":22.0,"enemies":"Shelled Parasite and Fungi","floor":28.0,"turns":6.0},{"damage":22.0,"enemies":"Book of Stabbing","floor":31.0,"turns":4.0},{"damage":20.0,"enemies":"Collector","floor":33.0,"turns":4.0},{"damage":17.0,"enemies":"3 Darklings","floor":35.0,"turns":4.0},{"damage":0.0,"enemies":"3 Shapes","floor":37.0,"turns":3.0},{"damage":11.0,"enemies":"Transient","floor":38.0,"turns":6.0},{"damage":3.0,"enemies":"Reptomancer","floor":40.0,"turns":4.0},{"damage":22.0,"enemies":"Jaw Worm Horde","floor":41.0,"turns":3.0},{"damage":26.0,"enemies":"2 Orb Walkers","floor":44.0,"turns":5.0},{"damage":2.0,"enemies":"Nemesis","floor":46.0,"turns":5.0},{"damage":13.0,"enemies":"Reptomancer","floor":48.0,"turns":4.0},{"damage":47,"enemies":"Awakened One","floor":50,"turns":7}],"seed_played":"1417859941537498513","potions_obtained":[{"floor":2.0,"key":"SkillPotion"},{"floor":5.0,"key":"SteroidPotion"},{"floor":12.0,"key":"LiquidBronze"},{"floor":16.0,"key":"LiquidMemories"},{"floor":20.0,"key":"Strength Potion"},{"floor":25.0,"key":"PowerPotion"},{"floor":28.0,"key":"EntropicBrew"},{"floor":31.0,"key":"SteroidPotion"},{"floor":33.0,"key":"Fire Potion"},{"floor":35.0,"key":"PowerPotion"},{"floor":40.0,"key":"Ancient Potion"},{"floor":41.0,"key":"Weak Potion"},{"floor":44.0,"key":"AttackPotion"}],"is_trial":false,"path_per_floor":["M","M","M","?","M","E","R","E","T","E","R","M","M","M","R","B",null,"M","$","?","?","?","R","M","E","T","E","M","R","$","E","R","B",null,"M","$","M","M","$","E","M","?","T","?","?","E","T","E","R","B"],"character_chosen":"THE_SILENT","items_purchased":["Vajra","Panache","Terror","Noxious Fumes","Sling","HandOfGreed","Membership Card","Apotheosis","Prepared","Tactician","Footwork","Meat on the Bone","Paper Crane","Bag of Marbles","TwistedFunnel","Die Die Die","Omamori","Catalyst"],"campfire_rested":5,"item_purchase_floors":[0,0,0,0,0,0,19,19,19,19,19,19,30,30,36,36,36,39],"current_hp_per_floor":[24,12,12,12,9,9,28,8,8,2,21,21,7,4,23,1,50,16,16,16,16,16,35,30,24,24,23,15,37,37,29,29,23,63,48,48,50,41,41,40,32,32,32,20,20,32,32,33,33,0,0],"gold":203,"neow_bonus":"","is_daily":false,"chose_seed":false,"campfire_upgraded":1,"win_rate":0.0,"timestamp":1608907076,"path_taken":["M","M","M","?","M","E","R","E","T","E","R","M","?","M","R","BOSS","M","$","?","?","?","R","M","E","T","E","M","R","$","E","R","BOSS","M","$","M","M","$","E","M","?","T","?","?","E","?","E","R","BOSS"],"items_purchased_type":["Relic","Card","Card","Card","Relic","Card","Relic","Card","Card","Card","Card","Relic","Relic","Relic","Relic","Card","Relic","Card"],"build_version":"2020-12-22","purchased_purges":0,"victory":false,"max_hp_per_floor":[66,66,66,66,66,66,66,66,66,66,66,66,66,66,66,66,66,66,66,66,66,66,66,66,76,76,76,76,76,76,76,76,76,76,76,76,76,76,76,76,76,72,72,72,72,72,72,72,72,72,72],"relic_stats":{"counters":[28,131],"Blue Candle":[9],"StoneCalendar":[52],"Snake Skull":[113],"Juzu Bracelet":4,"War Paint":["Defend_P","Protect","Defend_P","Vigilance","Terror","Backflip"],"Cursed Key":4,"Boot":[0],"Blood Vial":69,"Peace Pipe":0,"Sundial":[0],"Kunai":[35],"obtain_stats":[{"TwistedFunnel":36,"Vajra":0,"StoneCalendar":17,"Snake Skull":17,"Juzu Bracelet":26,"Sling":0,"Cursed Key":34,"Boot":40,"Blood Vial":8,"Sundial":48,"Red Mask":20,"Kunai":9,"Ring of the Snake":0,"Pear":25,"The Specimen":44,"Blue Candle":17,"Omamori":36,"Paper Crane":30,"War Paint":31,"Frozen Egg 2":46,"Peace Pipe":10,"Calling Bell":17,"Anchor":6,"Bag of Marbles":30,"Membership Card":19,"StrikeDummy":27,"Toy Ornithopter":47,"Meat on the Bone":19},{"TwistedFunnel":20,"Vajra":0,"StoneCalendar":11,"Snake Skull":11,"Juzu Bracelet":15,"Sling":0,"Cursed Key":19,"Boot":23,"Blood Vial":6,"Sundial":27,"Red Mask":13,"Kunai":6,"Ring of the Snake":0,"Pear":15,"The Specimen":25,"Blue Candle":11,"Omamori":20,"Paper Crane":17,"War Paint":18,"Frozen Egg 2":26,"Peace Pipe":7,"Calling Bell":11,"Anchor":5,"Bag of Marbles":17,"Membership Card":12,"StrikeDummy":16,"Toy Ornithopter":26,"Meat on the Bone":12},{"TwistedFunnel":94,"Vajra":0,"StoneCalendar":54,"Snake Skull":54,"Juzu Bracelet":71,"Sling":0,"Cursed Key":90,"Boot":107,"Blood Vial":27,"Sundial":124,"Red Mask":63,"Kunai":27,"Ring of the Snake":0,"Pear":71,"The Specimen":115,"Blue Candle":54,"Omamori":94,"Paper Crane":82,"War Paint":86,"Frozen Egg 2":120,"Peace Pipe":30,"Calling Bell":54,"Anchor":19,"Bag of Marbles":82,"Membership Card":60,"StrikeDummy":76,"Toy Ornithopter":120,"Meat on the Bone":60}],"Toy Ornithopter":51,"Ring of the Snake":[56],"Meat on the Bone":204},"card_choices":[{"not_picked":["Acrobatics","Heel Hook"],"picked":"Slice","floor":1.0},{"not_picked":["Sucker Punch","Dagger Throw","Dodge and Roll"],"picked":"SKIP","floor":2.0},{"not_picked":["Flying Knee","Endless Agony","Skewer"],"picked":"SKIP","floor":3.0},{"not_picked":["Deflect","Bane"],"picked":"Backflip","floor":5.0},{"not_picked":["Quick Slash","Deflect"],"picked":"Leg Sweep","floor":6.0},{"not_picked":["Dagger Throw","A Thousand Cuts"],"picked":"Finisher","floor":8.0},{"not_picked":["Dodge and Roll","Dagger Throw"],"picked":"Calculated Gamble","floor":10.0},{"not_picked":["Dash","Riddle With Holes"],"picked":"Backflip","floor":12.0},{"not_picked":["Escape Plan","Sucker Punch"],"picked":"Blade Dance","floor":13.0},{"not_picked":["Sucker Punch","Quick Slash"],"picked":"A Thousand Cuts","floor":14.0},{"not_picked":["Glass Knife","Doppelganger"],"picked":"Die Die Die","floor":16.0},{"not_picked":["Dagger Spray","Outmaneuver+1"],"picked":"Deflect","floor":18.0},{"not_picked":["Slice","Sucker Punch"],"picked":"Infinite Blades+1","floor":20.0},{"not_picked":["Underhanded Strike","Quick Slash"],"picked":"Accuracy","floor":24.0},{"not_picked":["All Out Attack","Escape Plan+1"],"picked":"Crippling Poison","floor":25.0},{"not_picked":["Dagger Spray","Leg Sweep"],"picked":"Bouncing Flask","floor":27.0},{"not_picked":["Choke","Outmaneuver"],"picked":"Escape Plan","floor":28.0},{"not_picked":["Deadly Poison","Glass Knife"],"picked":"Prepared","floor":31.0},{"not_picked":["Wraith Form v2","Grand Finale"],"picked":"Night Terror","floor":33.0},{"not_picked":["Quick Slash","Underhanded Strike"],"picked":"PiercingWail","floor":35.0},{"not_picked":["Bane","Heel Hook","PiercingWail"],"picked":"SKIP","floor":37.0},{"not_picked":["Caltrops","Backflip"],"picked":"Tools of the Trade","floor":38.0},{"not_picked":["Choke+1","Backflip"],"picked":"Catalyst","floor":40.0},{"not_picked":["Deadly Poison","Flying Knee+1"],"picked":"Bouncing Flask+1","floor":41.0},{"not_picked":["Flying Knee","Calculated Gamble+1"],"picked":"Finisher","floor":44.0},{"not_picked":["Flechettes","Skewer"],"picked":"Envenom+1","floor":46.0},{"not_picked":["Leg Sweep+1","Flying Knee"],"picked":"Blade Dance+1","floor":48.0}],"player_experience":1083889,"relics_obtained":[{"floor":6.0,"key":"Anchor"},{"floor":8.0,"key":"Blood Vial"},{"floor":9.0,"key":"Kunai"},{"floor":10.0,"key":"Peace Pipe"},{"floor":17.0,"key":"Snake Skull"},{"floor":17.0,"key":"Blue Candle"},{"floor":17.0,"key":"StoneCalendar"},{"floor":20.0,"key":"Red Mask"},{"floor":25.0,"key":"Pear"},{"floor":26.0,"key":"Juzu Bracelet"},{"floor":27.0,"key":"StrikeDummy"},{"floor":31.0,"key":"War Paint"},{"floor":40.0,"key":"Boot"},{"floor":44.0,"key":"The Specimen"},{"floor":46.0,"key":"Frozen Egg 2"},{"floor":47.0,"key":"Toy Ornithopter"},{"floor":48.0,"key":"Sundial"}],"event_choices":[{"cards_removed":["Strike_G"],"damage_healed":0.0,"max_hp_gain":0.0,"max_hp_loss":0.0,"gold_gain":0.0,"event_name":"Bonfire Elementals","player_choice":"Offered Basic","floor":4.0,"gold_loss":0.0,"damage_taken":0.0},{"damage_healed":0.0,"max_hp_gain":0.0,"max_hp_loss":0.0,"gold_gain":0.0,"event_name":"Masked Bandits","player_choice":"Fought Bandits","floor":20.0,"gold_loss":0.0,"damage_taken":0.0},{"damage_healed":0.0,"max_hp_gain":0.0,"max_hp_loss":0.0,"gold_gain":0.0,"event_name":"The Library","player_choice":"Read","floor":21.0,"gold_loss":0.0,"damage_taken":0.0,"cards_obtained":["Burst"]},{"cards_removed":["Strike_G"],"damage_healed":0.0,"max_hp_gain":0.0,"max_hp_loss":0.0,"gold_gain":0.0,"event_name":"betterThird:BetterWriting","player_choice":"Elegance","floor":22.0,"gold_loss":0.0,"damage_taken":0.0},{"damage_healed":0.0,"max_hp_gain":0.0,"max_hp_loss":4.0,"gold_gain":0.0,"event_name":"Winding Halls","player_choice":"Max HP","floor":42.0,"gold_loss":0.0,"damage_taken":0.0},{"damage_healed":0.0,"max_hp_gain":0.0,"max_hp_loss":0.0,"gold_gain":0.0,"event_name":"Mysterious Sphere","player_choice":"Fight","floor":44.0,"gold_loss":0.0,"damage_taken":0.0},{"cards_removed":["Strike_G"],"damage_healed":0.0,"max_hp_gain":0.0,"max_hp_loss":0.0,"gold_gain":0.0,"event_name":"Falling","player_choice":"Removed Attack","floor":45.0,"gold_loss":0.0,"damage_taken":0.0}],"is_beta":false,"boss_relics":[{"not_picked":["Coffee Dripper","Astrolabe"],"picked":"Calling Bell"},{"not_picked":["Velvet Choker","Sozu"],"picked":"Cursed Key"}],"items_purged_floors":[],"is_endless":false,"potions_floor_spawned":[2,5,12,16,20,25,28,31,33,35,40,41,44],"killed_by":"Awakened One","ascension_level":20}}