{"host":"qrbkigq52dd42dk0","time":1608915939,"event":{"mods":["AchievementEnabler","BaseMod","Colored Map","Colored Powertips","Downfall","Minty Spire (QoL Compilation)","Quick Restart","StSLib","SuperFastMode"],"gold_per_floor":[149,167,182,182,357,357,357,42,52,52,52,85,85,120,135,135,135,135],"floor_reached":16,"playtime":560,"items_purged":[],"score":133,"play_id":"583f22ec-1e8f-4879-9b7e-2f814828b10d","local_time":"20201225180539","is_ascension_mode":false,"campfire_choices":[{"data":"Slimebound:RollThrough","floor":1,"key":"SMITH"},{"data":"Slimebound:LevelUp","floor":6,"key":"SMITH"}],"circlet_count":0,"master_deck":["Slimebound:Strike_Slimebound+1","Slimebound:Strike_Slimebound","Slimebound:Tackle","Slimebound:Defend_Slimebound","Slimebound:Defend_Slimebound","Slimebound:Defend_Slimebound","Slimebound:Defend_Slimebound","Slimebound:Split","Slimebound:CorrosiveSpit","Slimebound:RollThrough+1","Slimebound:SplitBruiser","Slimebound:LevelUp+1","Doubt","Slimebound:FormOfPuddle","Slimebound:RejuvenatingLick","Slimebound:TongueLash","Slimebound:Prepare","Slimebound:HauntingLick"],"relics":["Tiny House","Pear","Mango","downfall:BrokenWingStatue","Bottled Lightning","Anchor","Centennial Puzzle"],"acts_visited":["Exordium"],"potions_floor_usage":[14,16,16,16],"damage_taken":[{"damage":10,"enemies":"Cultist","floor":2,"turns":3},{"damage":4,"enemies":"Small Slimes","floor":3,"turns":2},{"damage":11,"enemies":"downfall:FleeingMerchant","floor":8,"turns":4},{"damage":9,"enemies":"2 Louse","floor":9,"turns":2},{"damage":34,"enemies":"Lagavulin","floor":12,"turns":6},{"damage":27,"enemies":"3 Sentries","floor":14,"turns":5},{"damage":6,"enemies":"Large Slime","floor":15,"turns":4},{"damage":28,"enemies":"downfall:Silent","floor":16,"turns":4}],"seed_played":"-7037518745286195807","potions_obtained":[{"floor":0,"key":"Regen Potion"},{"floor":3,"key":"Block Potion"},{"floor":12,"key":"AttackPotion"},{"floor":14,"key":"DuplicationPotion"},{"floor":15,"key":"BlessingOfTheForge"}],"is_trial":false,"path_per_floor":["R","M","M","T","?","R","T","$","M","?","?","E","?","E","M","B"],"character_chosen":"SLIMEBOUND","items_purchased":["Mango"],"campfire_rested":0,"item_purchase_floors":[8],"current_hp_per_floor":[65,59,59,69,69,69,69,80,75,75,75,51,39,22,26,0,0,0],"gold":135,"neow_bonus":"BOSS_RELIC","is_daily":false,"chose_seed":false,"campfire_upgraded":2,"win_rate":0.0,"timestamp":1608915939,"path_taken":["R","M","M","?","?","R","T","$","M","?","?","E","?","E","M","BOSS"],"items_purchased_type":["Relic"],"build_version":"2020-12-22","purchased_purges":0,"victory":false,"max_hp_per_floor":[65,65,65,75,75,75,75,89,89,89,89,89,89,89,89,89,89,89],"card_choices":[{"not_picked":["Slimebound:SlimeTap","Slimebound:SplitMire"],"picked":"Slimebound:RollThrough","floor":0},{"not_picked":["Slimebound:SplitLeeching","Slimebound:SpikyOuterGoop"],"picked":"Slimebound:SplitBruiser","floor":2},{"not_picked":["Slimebound:FinishingTackle","Slimebound:SplitAcid"],"picked":"Slimebound:LevelUp","floor":3},{"not_picked":["Slimebound:SplitLeeching","Slimebound:Prepare"],"picked":"Slimebound:FormOfPuddle","floor":8},{"not_picked":["Slimebound:AcidTongue","Slimebound:SplitAcid"],"picked":"Slimebound:RejuvenatingLick","floor":9},{"not_picked":["Slimebound:Teamwork","Slimebound:Schlurp"],"picked":"Slimebound:TongueLash","floor":12},{"not_picked":["Slimebound:ViciousTackle","Slimebound:RollThrough"],"picked":"Slimebound:Prepare","floor":14},{"not_picked":["Slimebound:Schlurp","Slimebound:Prepare"],"picked":"Slimebound:HauntingLick","floor":15}],"player_experience":55967,"relics_obtained":[{"floor":4,"key":"Pear"},{"floor":12,"key":"Bottled Lightning"},{"floor":14,"key":"Centennial Puzzle"}],"event_choices":[{"damage_healed":0,"gold_gain":0,"player_choice":"Success","damage_taken":12,"relics_obtained":["Anchor"],"max_hp_gain":0,"max_hp_loss":0,"event_name":"Scrap Ooze","floor":13,"gold_loss":0}],"is_beta":false,"boss_relics":[],"items_purged_floors":[],"is_endless":false,"potions_floor_spawned":[3,12,14,15],"killed_by":"downfall:Silent","ascension_level":0}}