{"host":"szp1d6dso4pv7ddl","time":1608872823,"event":{"mods":["AchievementEnabler","Alarm Clock","BaseMod","Bestiary","Block Reminder","Colored Map","Colored Powertips","Curses Come First","Displayed Cursed Tome","Highlight Path","Minty Spire (QoL Compilation)","Permanent Neow","Quick Restart","Relic Sorter","Relic Stats","StSLib","Synergy Search"],"gold_per_floor":[113,113,129,129,89,89,89,127,127,143,143,80,103,103,103,223,223,238,238,29,29,29,72,85,116,141,141,161,161,180,204,204,335,335,348,25,88,103,103,146,146,185,185,198,239,263,301,325,325,325],"floor_reached":51,"playtime":4407,"items_purged":["Riddle With Holes","Dash"],"score":1372,"play_id":"f01b065f-7351-4965-b409-846491528ac9","local_time":"20201224210703","is_ascension_mode":true,"campfire_choices":[{"floor":6.0,"key":"REST"},{"floor":11.0,"key":"REST"},{"floor":15.0,"key":"REST"},{"floor":27.0,"key":"REST"},{"floor":29.0,"key":"REST"},{"floor":32.0,"key":"REST"},{"floor":49,"key":"DIG"}],"circlet_count":0,"master_deck":["AscendersBane","Strike_G+1","Strike_G+1","Strike_G+1","Strike_G+1","Strike_G+1","Defend_G+1","Defend_G+1","Defend_G+1","Defend_G+1","Survivor","Neutralize","Acrobatics","Escape Plan","Endless Agony","Quick Slash","Backflip","Blade Dance","Slice+1","Accuracy","Accuracy","Infinite Blades","Blade Dance+1","Blade Dance","After Image","After Image","Blade Dance+1","Finisher+1","Escape Plan+1","Terror+1"],"relics":["SlaversCollar","Golden Idol","The Courier","Pear","InkBottle","Fusion Hammer","Art of War","HornCleat","Bag of Preparation","Cursed Key","Anchor","Happy Flower","Thread and Needle","Meat on the Bone","Shovel","Oddly Smooth Stone","StrikeDummy","Shuriken"],"acts_visited":["Exordium","TheCity","TheBeyond"],"potions_floor_usage":[50,50,50,50],"damage_taken":[{"damage":5.0,"enemies":"Small Slimes","floor":1.0,"turns":5.0},{"damage":19.0,"enemies":"Jaw Worm","floor":3.0,"turns":4.0},{"damage":33.0,"enemies":"Lagavulin","floor":8.0,"turns":8.0},{"damage":0.0,"enemies":"2 Louse","floor":10.0,"turns":3.0},{"damage":11.0,"enemies":"Looter","floor":13.0,"turns":3.0},{"damage":19.0,"enemies":"Slime Boss","floor":16.0,"turns":12.0},{"damage":27.0,"enemies":"Shell Parasite","floor":18.0,"turns":6.0},{"damage":42.0,"enemies":"Slavers","floor":23.0,"turns":5.0},{"damage":0.0,"enemies":"3 Byrds","floor":24.0,"turns":3.0},{"damage":22.0,"enemies":"Gremlin Leader","floor":25.0,"turns":5.0},{"damage":10.0,"enemies":"Sentry and Sphere","floor":28.0,"turns":4.0},{"damage":0.0,"enemies":"Cultist and Chosen","floor":30.0,"turns":5.0},{"damage":1.0,"enemies":"Centurion and Healer","floor":31.0,"turns":5.0},{"damage":30.0,"enemies":"Collector","floor":33.0,"turns":9.0},{"damage":7.0,"enemies":"3 Darklings","floor":35.0,"turns":5.0},{"damage":0.0,"enemies":"Mind Bloom Boss Battle","floor":37.0,"turns":6.0},{"damage":0.0,"enemies":"Orb Walker","floor":38.0,"turns":3.0},{"damage":0.0,"enemies":"Reptomancer","floor":40.0,"turns":5.0},{"damage":0.0,"enemies":"Nemesis","floor":42.0,"turns":5.0},{"damage":0,"enemies":"Writhing Mass","floor":44,"turns":8},{"damage":0,"enemies":"Reptomancer","floor":45,"turns":5},{"damage":6,"enemies":"Sphere and 2 Shapes","floor":46,"turns":5},{"damage":0,"enemies":"Nemesis","floor":47,"turns":7},{"damage":0,"enemies":"Transient","floor":48,"turns":5},{"damage":3,"enemies":"Time Eater","floor":50,"turns":9}],"seed_played":"-4750658154722172503","potions_obtained":[{"floor":3.0,"key":"PowerPotion"},{"floor":10.0,"key":"SkillPotion"},{"floor":16.0,"key":"Swift Potion"},{"floor":23.0,"key":"CunningPotion"},{"floor":33.0,"key":"EntropicBrew"}],"is_trial":false,"path_per_floor":["M","?","M","?","$","R","?","E","T","M","R","$","M","T","R","B",null,"M","?","$","?","?","E","M","E","T","R","M","R","M","M","R","B",null,"M","$","?","M","?","E","?","E","T","M","E","M","E","M","R","B",null],"character_chosen":"THE_SILENT","items_purchased":["Riddle With Holes","Backflip","Poisoned Stab","Accuracy","Accuracy","Infinite Blades","Anchor","Happy Flower"],"campfire_rested":6,"item_purchase_floors":[5,12,12,20,20,20,36,36],"current_hp_per_floor":[58,63,44,26,26,48,41,8,18,18,43,43,32,32,57,38,73,46,46,46,74,74,32,32,10,10,35,25,50,50,49,74,44,75,68,68,68,68,68,68,95,95,95,95,95,89,89,89,89,86],"gold":325,"neow_bonus":"BOSS_RELIC","is_daily":false,"chose_seed":false,"campfire_upgraded":0,"win_rate":0.0,"timestamp":1608872823,"path_taken":["M","?","M","?","?","R","?","E","T","M","R","$","M","?","R","BOSS","M","?","$","?","?","E","M","E","T","R","M","R","?","M","R","BOSS","M","$","?","M","?","E","?","E","T","M","E","M","E","?","R","BOSS"],"items_purchased_type":["Card","Card","Card","Card","Card","Card","Relic","Relic"],"build_version":"2020-12-22","purchased_purges":2,"victory":true,"max_hp_per_floor":[70,75,75,75,75,75,75,75,85,85,85,85,85,85,85,85,85,85,85,85,85,85,85,85,85,85,85,85,85,85,85,85,85,85,85,85,85,85,85,85,95,95,95,95,95,95,95,95,95,95],"relic_stats":{"Shovel":1,"Happy Flower":[19],"counters":[25,140],"Golden Idol":199,"Shuriken":[9],"Art of War":[0],"Bag of Preparation":[32],"Cursed Key":0,"obtain_stats":[{"Pear":9,"Happy Flower":36,"Golden Idol":4,"Oddly Smooth Stone":45,"Thread and Needle":37,"The Courier":8,"Bag of Preparation":26,"Cursed Key":34,"SlaversCollar":0,"Anchor":36,"HornCleat":25,"Shovel":42,"Shuriken":49,"Fusion Hammer":17,"Art of War":23,"StrikeDummy":47,"InkBottle":14,"Ring of the Snake":0,"Meat on the Bone":40},{"Pear":3,"Happy Flower":15,"Golden Idol":2,"Oddly Smooth Stone":21,"Thread and Needle":16,"The Courier":3,"Bag of Preparation":10,"Cursed Key":14,"SlaversCollar":0,"Anchor":15,"HornCleat":10,"Shovel":19,"Shuriken":24,"Fusion Hammer":6,"Art of War":8,"StrikeDummy":23,"InkBottle":5,"Ring of the Snake":0,"Meat on the Bone":18},{"Pear":17,"Happy Flower":82,"Golden Idol":9,"Oddly Smooth Stone":114,"Thread and Needle":88,"The Courier":17,"Bag of Preparation":54,"Cursed Key":77,"SlaversCollar":0,"Anchor":82,"HornCleat":54,"Shovel":101,"Shuriken":131,"Fusion Hammer":35,"Art of War":46,"StrikeDummy":126,"InkBottle":23,"Ring of the Snake":0,"Meat on the Bone":96}],"InkBottle":[97],"Meat on the Bone":0},"card_choices":[{"not_picked":["Dagger Spray","Backflip"],"picked":"Acrobatics","floor":1.0},{"not_picked":["Outmaneuver","Bane"],"picked":"Escape Plan","floor":3.0},{"not_picked":["Acrobatics","Setup"],"picked":"Endless Agony","floor":8.0},{"not_picked":["Sucker Punch","Crippling Poison"],"picked":"Quick Slash","floor":10.0},{"not_picked":["Expertise","Doppelganger"],"picked":"Blade Dance","floor":13.0},{"not_picked":["Venomology","Bullet Time"],"picked":"Die Die Die","floor":16.0},{"not_picked":["Flying Knee","Flechettes"],"picked":"Slice+1","floor":18.0},{"not_picked":["PiercingWail","Concentrate+1","Heel Hook"],"picked":"SKIP","floor":23.0},{"not_picked":["Setup+1","All Out Attack","Backflip"],"picked":"SKIP","floor":24.0},{"not_picked":["Quick Slash","All Out Attack"],"picked":"Blade Dance+1","floor":25.0},{"not_picked":["Eviscerate","Reflex","Quick Slash"],"picked":"SKIP","floor":28.0},{"not_picked":["Acrobatics","Quick Slash"],"picked":"Blade Dance","floor":30.0},{"not_picked":["Heel Hook","Flying Knee+1"],"picked":"After Image","floor":31.0},{"not_picked":["Wraith Form v2","Night Terror"],"picked":"After Image","floor":33.0},{"not_picked":["Bane+1","Sucker Punch+1","Dagger Spray+1"],"picked":"SKIP","floor":35.0},{"not_picked":["Outmaneuver+1","Dodge and Roll+1"],"picked":"Blade Dance+1","floor":38.0},{"not_picked":["PiercingWail","Sucker Punch","Tactician+1"],"picked":"SKIP","floor":40.0},{"not_picked":["Masterful Stab+1","Leg Sweep+1","PiercingWail+1"],"picked":"SKIP","floor":42},{"not_picked":["Deflect+1","Dagger Spray","Acrobatics"],"picked":"SKIP","floor":44},{"not_picked":["Backflip+1","After Image"],"picked":"Finisher+1","floor":45},{"not_picked":["Heel Hook+1","PiercingWail","Underhanded Strike+1"],"picked":"SKIP","floor":46},{"not_picked":["Distraction+1","Setup+1"],"picked":"Escape Plan+1","floor":47},{"not_picked":["Deadly Poison","Backflip+1"],"picked":"Terror+1","floor":48}],"player_experience":1007247,"relics_obtained":[{"floor":8.0,"key":"The Courier"},{"floor":9.0,"key":"Pear"},{"floor":14.0,"key":"InkBottle"},{"floor":23.0,"key":"Art of War"},{"floor":25.0,"key":"HornCleat"},{"floor":26.0,"key":"Bag of Preparation"},{"floor":37.0,"key":"Thread and Needle"},{"floor":40.0,"key":"Meat on the Bone"},{"floor":42,"key":"Shovel"},{"floor":45,"key":"Oddly Smooth Stone"},{"floor":47,"key":"StrikeDummy"},{"floor":49,"key":"Shuriken"}],"event_choices":[{"damage_healed":0.0,"max_hp_gain":5.0,"max_hp_loss":0.0,"gold_gain":0.0,"event_name":"Big Fish","player_choice":"Donut","floor":2.0,"gold_loss":0.0,"damage_taken":0.0},{"damage_healed":0.0,"max_hp_gain":0.0,"max_hp_loss":0.0,"gold_gain":0.0,"event_name":"Golden Idol","player_choice":"Take Damage","floor":4.0,"gold_loss":0.0,"damage_taken":18.0,"relics_obtained":["Golden Idol"]},{"cards_removed":["Defend_G"],"damage_healed":0.0,"max_hp_gain":0.0,"max_hp_loss":0.0,"gold_gain":0.0,"event_name":"Golden Wing","player_choice":"Card Removal","floor":7.0,"gold_loss":0.0,"damage_taken":7.0},{"damage_healed":0.0,"max_hp_gain":0.0,"max_hp_loss":0.0,"gold_gain":0.0,"event_name":"Back to Basics","player_choice":"Simplicity","floor":19.0,"gold_loss":0.0,"damage_taken":0.0,"cards_upgraded":["Strike_G","Strike_G","Strike_G","Strike_G","Strike_G","Defend_G","Defend_G","Defend_G","Defend_G"]},{"damage_healed":28.0,"max_hp_gain":0.0,"max_hp_loss":0.0,"gold_gain":0.0,"event_name":"The Library","player_choice":"Heal","floor":21.0,"gold_loss":0.0,"damage_taken":0.0},{"damage_healed":0.0,"max_hp_gain":0.0,"max_hp_loss":0.0,"gold_gain":0.0,"cards_transformed":["Poisoned Stab"],"event_name":"Transmorgrifier","player_choice":"Transformed","floor":22.0,"gold_loss":0.0,"damage_taken":0.0,"cards_obtained":["Dash"]},{"damage_healed":0.0,"max_hp_gain":0.0,"max_hp_loss":0.0,"gold_gain":0.0,"event_name":"MindBloom","player_choice":"Fight","floor":37.0,"gold_loss":0.0,"damage_taken":0.0},{"damage_healed":0.0,"max_hp_gain":0.0,"max_hp_loss":0.0,"gold_gain":0.0,"event_name":"Tomb of Lord Red Mask","player_choice":"Ignored","floor":39.0,"gold_loss":0.0,"damage_taken":0.0},{"cards_removed":["Die Die Die"],"damage_healed":17.0,"max_hp_gain":10.0,"max_hp_loss":0.0,"gold_gain":0.0,"event_name":"Bonfire Elementals","player_choice":"Offered Rare","floor":41.0,"gold_loss":0.0,"damage_taken":0.0}],"is_beta":false,"boss_relics":[{"not_picked":["Philosopher\u0027s Stone","Tiny House"],"picked":"Fusion Hammer"},{"not_picked":["SacredBark","Runic Dome"],"picked":"Cursed Key"}],"items_purged_floors":[20,36],"is_endless":false,"potions_floor_spawned":[3,10,16,23,24,28,30,33,37,44,45,46],"ascension_level":11}}