{"host":"mwsmbxdngw43p4je","time":1608927076,"event":{"mods":["A Magickal Journey","BaseMod","Better Third Choice","Colored Map","Colored Powertips","DeckTracker","Downfall","Minty Spire (QoL Compilation)","Permanent Neow","Quick Restart","Relic Stats","Replay The Spire","StSLib"],"gold_per_floor":[117,128,128,53,53,86,86,103,130,157,171,243,258,293,293,396,396,413,413,429,29,43,78,78,96,123,135,166,178,200,231,243,351,413,441,500,75,75,93,93,110,110,137,151,151,26,26,56,56,56],"floor_reached":51,"playtime":2744,"items_purged":["Guardian:Defend_Guardian","Guardian:Strike_Guardian+1","Guardian:Defend_Guardian"],"score":1089,"play_id":"1b927391-50d5-41ba-bec3-860d6fcf04f2","local_time":"20201225141116","daily_mods":["downfall:Jewelcrafting","Lethality"],"is_ascension_mode":true,"campfire_choices":[{"data":"Guardian:ExploitGems","floor":24,"key":"SMITH"},{"data":"Guardian:CurlUp","floor":32,"key":"SMITH"},{"floor":40,"key":"DIG"},{"floor":42,"key":"DIG"},{"floor":45,"key":"DIG"},{"floor":47,"key":"DIG"},{"floor":49,"key":"DIG"}],"circlet_count":0,"master_deck":["Guardian:Strike_Guardian+1","Guardian:Strike_Guardian","Guardian:Defend_Guardian+1","Guardian:Defend_Guardian+1","Guardian:CurlUp+1","Guardian:TwinSlam","Guardian:ExploitGems+1","Guardian:ExploitGems+1","Guardian:PolyBeam","Guardian:GemFire+1","Guardian:CrystalBeam+1","Guardian:TemporalStrike+1","Guardian:FloatingOrbs+1","Guardian:WalkerClaw+1","Guardian:SentryBeam","Guardian:VentSteam","Guardian:Gem_Lightblue","Guardian:StasisStrike+1","Guardian:Incinerate","Guardian:ExploitGems+1","Guardian:Planning+1","expansioncontent:FaceSlap","Master of Strategy+1","Master of Strategy+1","Guardian:Gem_Crimson","Guardian:Gem_Cyan","Guardian:Gem_Lightblue","Guardian:Gem_White","Guardian:WalkerClaw+1","Guardian:TemporalStrike+1"],"relics":["Guardian:ModeShifter","Ring of Chaos","Guardian:PickAxe","ReplayTheSpireMod:Lightbulb","Ring of Hypnosis","Ring of Misfortune","MealTicket","Divine Protection","Golden Egg","Mercury Hourglass","Replay:Bronze Core","Lantern","HandDrill","War Paint","MawBank","Tiny House","Shovel","DollysMirror","Bag of Marbles","Guardian:SackOfGems","Happy Flower","Art of War","Molten Egg 2","Regal Pillow","Dream Catcher","Simple Rune"],"acts_visited":["Exordium","TheCity","TheBeyond"],"potions_floor_usage":[6,33,50,50],"damage_taken":[{"damage":0,"enemies":"Cultist","floor":1,"turns":2},{"damage":0,"enemies":"2 Louse","floor":2,"turns":1},{"damage":12,"enemies":"Gremlin Nob","floor":6,"turns":3},{"damage":0,"enemies":"Small Slimes","floor":8,"turns":2},{"damage":0,"enemies":"3 Sentries","floor":10,"turns":7},{"damage":0,"enemies":"Looter","floor":11,"turns":3},{"damage":3,"enemies":"Exordium Thugs","floor":13,"turns":4},{"damage":16,"enemies":"Lagavulin","floor":14,"turns":7},{"damage":0,"enemies":"Slime Boss","floor":16,"turns":4},{"damage":0,"enemies":"Shell Parasite","floor":18,"turns":3},{"damage":4,"enemies":"Chosen","floor":20,"turns":3},{"damage":7,"enemies":"Snake Plant","floor":22,"turns":3},{"damage":0,"enemies":"Book of Stabbing","floor":23,"turns":1},{"damage":9,"enemies":"Chosen and Byrds","floor":25,"turns":2},{"damage":0,"enemies":"3 Cultists","floor":28,"turns":2},{"damage":0,"enemies":"Centurion and Healer","floor":30,"turns":1},{"damage":0,"enemies":"Cultist and Chosen","floor":31,"turns":3},{"damage":0,"enemies":"Automaton","floor":33,"turns":4},{"damage":9,"enemies":"3 Shapes","floor":35,"turns":3},{"damage":14,"enemies":"2 Orb Walkers","floor":36,"turns":3},{"damage":0,"enemies":"Orb Walker","floor":39,"turns":1},{"damage":0,"enemies":"Sphere and 2 Shapes","floor":41,"turns":2},{"damage":3,"enemies":"Writhing Mass","floor":44,"turns":2},{"damage":1,"enemies":"Nemesis","floor":48,"turns":3},{"damage":0,"enemies":"Awakened One","floor":50,"turns":4}],"seed_played":"363582777435282636","potions_obtained":[{"floor":1,"key":"DistilledChaos"},{"floor":6,"key":"AttackPotion"},{"floor":11,"key":"Fire Potion"},{"floor":14,"key":"Adrenaline Potion"},{"floor":22,"key":"PowerPotion"},{"floor":34,"key":"Strength Potion"}],"is_trial":true,"path_per_floor":["M","M","?","$","?","E","?","M","T","E","M","T","M","E","R","B",null,"M","?","M","$","M","E","R","M","T","R","M","R","M","M","R","B",null,"M","?","$","?","M","R","M","R","T","M","R","$","R","E","R","B",null],"character_chosen":"GUARDIAN","items_purchased":["Lantern","HandDrill","Guardian:Gem_Red","Guardian:FloatingOrbs","DollysMirror","Bag of Marbles","Guardian:Planning"],"campfire_rested":0,"item_purchase_floors":[21,21,21,21,37,37,37],"current_hp_per_floor":[80,80,80,80,64,52,52,52,52,52,52,52,49,33,33,33,80,80,80,76,80,73,73,73,64,64,64,64,64,64,64,64,64,85,76,62,77,67,67,67,67,67,67,64,64,79,79,78,78,78],"gold":56,"neow_bonus":"","is_daily":false,"chose_seed":false,"campfire_upgraded":2,"win_rate":0.0,"timestamp":1608927076,"path_taken":["M","?","?","$","?","E","?","M","T","E","?","?","M","E","R","BOSS","M","?","M","$","M","E","R","M","T","R","?","R","M","M","R","BOSS","M","?","$","?","M","R","M","R","T","M","R","$","R","E","R","BOSS"],"items_purchased_type":["Relic","Relic","Card","Card","Relic","Relic","Card"],"build_version":"2020-12-22","purchased_purges":3,"victory":true,"max_hp_per_floor":[80,80,80,80,80,80,80,80,80,80,80,80,80,80,80,80,80,80,80,80,80,80,80,80,80,80,80,80,80,80,80,80,80,85,85,85,85,85,85,85,85,85,85,85,85,85,85,85,85,85],"relic_stats":{"Regal Pillow":0,"Dream Catcher":0,"Shovel":5,"Happy Flower":[3],"counters":[25,72],"MealTicket":34,"HandDrill":[20],"Art of War":[0],"War Paint":["Guardian:Defend_Guardian","Guardian:Defend_Guardian"],"MawBank":132,"obtain_stats":[{"Divine Protection":10,"Golden Egg":12,"Lantern":21,"Regal Pillow":47,"Tiny House":34,"Guardian:SackOfGems":40,"Guardian:PickAxe":0,"Dream Catcher":48,"Shovel":36,"DollysMirror":37,"Replay:Bronze Core":17,"MealTicket":9,"HandDrill":21,"Ring of Hypnosis":7,"Happy Flower":42,"Guardian:ModeShifter":0,"Ring of Chaos":0,"War Paint":23,"MawBank":26,"Mercury Hourglass":14,"Ring of Misfortune":7,"Molten Egg 2":45,"Simple Rune":49,"Bag of Marbles":37,"Art of War":43,"ReplayTheSpireMod:Lightbulb":6},{"Divine Protection":5,"Golden Egg":6,"Lantern":11,"Regal Pillow":23,"Tiny House":18,"Guardian:SackOfGems":21,"Guardian:PickAxe":0,"Dream Catcher":24,"Shovel":20,"DollysMirror":20,"Replay:Bronze Core":9,"MealTicket":4,"HandDrill":11,"Ring of Hypnosis":3,"Happy Flower":22,"Guardian:ModeShifter":0,"Ring of Chaos":0,"War Paint":13,"MawBank":14,"Mercury Hourglass":8,"Ring of Misfortune":3,"Molten Egg 2":23,"Simple Rune":24,"Bag of Marbles":20,"Art of War":22,"ReplayTheSpireMod:Lightbulb":3},{"Divine Protection":15,"Golden Egg":18,"Lantern":38,"Regal Pillow":65,"Tiny House":54,"Guardian:SackOfGems":61,"Guardian:PickAxe":0,"Dream Catcher":68,"Shovel":60,"DollysMirror":60,"Replay:Bronze Core":32,"MealTicket":8,"HandDrill":38,"Ring of Hypnosis":6,"Happy Flower":63,"Guardian:ModeShifter":0,"Ring of Chaos":0,"War Paint":42,"MawBank":44,"Mercury Hourglass":29,"Ring of Misfortune":6,"Molten Egg 2":65,"Simple Rune":68,"Bag of Marbles":60,"Art of War":63,"ReplayTheSpireMod:Lightbulb":6}],"Mercury Hourglass":[257]},"card_choices":[{"not_picked":["Guardian:Harden","Guardian:RefractedBeam"],"picked":"Guardian:Gem_Cyan","floor":1},{"not_picked":["Guardian:Gem_Lightblue","Guardian:ChargeCore","Guardian:BronzeArmor"],"picked":"SKIP","floor":2},{"not_picked":["Guardian:Planning","Guardian:PiercingHide"],"picked":"Guardian:Gem_Green","floor":6},{"not_picked":["Guardian:Emergency","Guardian:Incinerate","Guardian:Suspension"],"picked":"SKIP","floor":8},{"not_picked":["Guardian:VentSteam","Guardian:TemporalShield"],"picked":"Guardian:Gem_Crimson","floor":10},{"not_picked":["Guardian:Gem_Green","Guardian:Repulse"],"picked":"Guardian:Gem_Purple","floor":11},{"not_picked":["Guardian:Emergency","Guardian:RollAttack"],"picked":"Guardian:Gem_Red","floor":13},{"not_picked":["Guardian:SphericShield","Guardian:TimeCapacitor"],"picked":"Guardian:PolyBeam","floor":14},{"not_picked":["Guardian:RevengeProtocol","Guardian:HyperBeam_Guardian"],"picked":"Guardian:GemFire","floor":16},{"not_picked":["Guardian:ShieldCharger+1","Guardian:Gem_Green"],"picked":"Guardian:CrystalBeam+1","floor":18},{"not_picked":["Guardian:ArmoredProtocol","Guardian:Gem_Green"],"picked":"Guardian:TemporalStrike+1","floor":20},{"not_picked":["Guardian:PrimingBeam","Guardian:Gem_White"],"picked":"Guardian:WalkerClaw","floor":22},{"not_picked":["Guardian:MultiBeam","Guardian:ArmoredProtocol"],"picked":"Guardian:Gem_Blue","floor":23},{"not_picked":["Guardian:ShieldSpikes","Guardian:PrimingBeam+1"],"picked":"Guardian:SentryBeam","floor":25},{"not_picked":["Guardian:PrimingBeam+1","Guardian:ShieldCharger"],"picked":"Guardian:VentSteam","floor":28},{"not_picked":["Guardian:VentSteam","Guardian:Preprogram"],"picked":"Guardian:Gem_Red","floor":30},{"not_picked":["Guardian:Gem_Cyan","Guardian:Gem_Red"],"picked":"Guardian:Gem_Crimson","floor":31},{"not_picked":["Guardian:StasisEngine","Guardian:StasisField"],"picked":"Guardian:StasisStrike","floor":33},{"not_picked":["Guardian:TemporalStrike+1","Guardian:TemporalShield+1"],"picked":"Guardian:Gem_Cyan","floor":34},{"not_picked":["Guardian:Suspension+1","Guardian:CrystalBeam"],"picked":"Guardian:Incinerate","floor":35},{"not_picked":["Guardian:Reroute","Guardian:Suspension"],"picked":"Guardian:Gem_Yellow","floor":36},{"not_picked":["expansioncontent:Collect","expansioncontent:DecasProtection"],"picked":"expansioncontent:FaceSlap","floor":38},{"not_picked":["expansioncontent:YouAreMine","Blind"],"picked":"Master of Strategy","floor":38},{"not_picked":["Crow Ritual","Chrysalis"],"picked":"Master of Strategy","floor":38},{"not_picked":["Guardian:Gem_Purple","Guardian:Clone"],"picked":"Guardian:Gem_Red","floor":39},{"not_picked":["Guardian:TemporalShield+1","Guardian:Gem_Cyan"],"picked":"Guardian:WalkerClaw+1","floor":41},{"not_picked":["Guardian:GuardianWhirl","Guardian:Gem_Blue","Guardian:ShieldCharger"],"picked":"SKIP","floor":44},{"not_picked":["Guardian:TimeCapacitor+1","Guardian:Gem_Lightblue"],"picked":"Guardian:TemporalStrike+1","floor":48}],"player_experience":447196,"relics_obtained":[{"floor":6,"key":"ReplayTheSpireMod:Lightbulb"},{"floor":7,"key":"Ring of Hypnosis"},{"floor":7,"key":"Ring of Misfortune"},{"floor":9,"key":"MealTicket"},{"floor":10,"key":"Divine Protection"},{"floor":12,"key":"Golden Egg"},{"floor":14,"key":"Mercury Hourglass"},{"floor":23,"key":"War Paint"},{"floor":26,"key":"MawBank"},{"floor":36,"key":"Shovel"},{"floor":40,"key":"Guardian:SackOfGems"},{"floor":42,"key":"Happy Flower"},{"floor":43,"key":"Art of War"},{"floor":45,"key":"Molten Egg 2"},{"floor":47,"key":"Regal Pillow"},{"floor":48,"key":"Dream Catcher"},{"floor":49,"key":"Simple Rune"}],"event_choices":[{"damage_healed":80,"gold_gain":0,"player_choice":"Upgrade","damage_taken":16,"max_hp_gain":0,"max_hp_loss":80,"event_name":"betterThird:BetterShining","floor":5,"gold_loss":0,"cards_upgraded":["Guardian:ExploitGems","Guardian:Strike_Guardian"]},{"cards_removed":["Hallucinations"],"damage_healed":0,"gold_gain":0,"player_choice":"Removed Curses","damage_taken":0,"max_hp_gain":0,"max_hp_loss":0,"event_name":"Fountain of Cleansing","floor":19,"gold_loss":0},{"damage_healed":0,"gold_gain":0,"player_choice":"Fight","damage_taken":0,"max_hp_gain":0,"max_hp_loss":0,"event_name":"Mysterious Sphere","floor":36,"gold_loss":0},{"damage_healed":0,"gold_gain":0,"player_choice":"Memory 3","damage_taken":10,"max_hp_gain":0,"max_hp_loss":0,"event_name":"SensoryStone","floor":38,"gold_loss":0}],"is_beta":false,"boss_relics":[{"not_picked":["Ring of Chaos","Kintsugi"],"picked":"Replay:Bronze Core"},{"not_picked":["Velvet Choker","Guardian:ModeShifterPlus"],"picked":"Tiny House"}],"items_purged_floors":[4,37,46],"is_endless":false,"potions_floor_spawned":[1,6,11,14,16,22,23,28,31,35,36,41,48],"ascension_level":1}}