{"host":"ssbj2e5691x5ub3h","time":1608920863,"event":{"mods":["BaseMod","Duelist Mod","Minty Spire (QoL Compilation)","StSLib"],"gold_per_floor":[140,90,107,118,118,118,133,159,259,294,312,312,326,340,340,440,440,454,466,484,484,484,484,501,534,534,563,563,563,573,589,589,691,691,706,401,421,440,440,457,457,457,531,460,491,491,491,491],"floor_reached":47,"playtime":1713,"items_purged":[],"score":855,"play_id":"01184fa8-844d-41c4-88a5-484aa236343d","local_time":"20201225162743","is_ascension_mode":true,"campfire_choices":[{"data":"theDuelist:HeroicGift","floor":6,"key":"SMITH"},{"floor":12,"key":"REST"},{"floor":15,"key":"REST"},{"floor":23,"key":"REST"},{"data":"theDuelist:MegatypeMetronome","floor":29,"key":"SMITH"},{"data":"theDuelist:RareAttackMetronome","floor":32,"key":"SMITH"},{"floor":41,"key":"REST"}],"circlet_count":0,"master_deck":["theDuelist:MegatypeMetronome","theDuelist:AncientMetronome","theDuelist:SkillMetronome","theDuelist:LabyrinthNightmareMetronome","theDuelist:RareMetronome","theDuelist:BlockMetronome","theDuelist:BlockMetronome","theDuelist:PotMetronome+1","theDuelist:Metronome+1","theDuelist:CombatMetronome+1","theDuelist:RareDragonMetronome","theDuelist:AttackMetronome+1","theDuelist:ArcaneSpellMetronome","theDuelist:RecklessMetronome","theDuelist:AttackMetronome","theDuelist:MachineMonsterMetronome","theDuelist:BlockMetronome","theDuelist:AttackMetronome","theDuelist:MegatypeMetronome+1","theDuelist:HeroicGift+1","theDuelist:ShiranuiMetronome","theDuelist:BlockMetronome","theDuelist:AttackMetronome","theDuelist:ArcaneMonsterMetronome","theDuelist:RoseMetronome","theDuelist:Metronome","theDuelist:LegendBlueEyesMetronome","theDuelist:SkillMetronome","theDuelist:UncommonAttackMetronome","theDuelist:ArcaneSpellMetronome+1","theDuelist:RareAttackMetronome+1","theDuelist:Metronome","theDuelist:RareMonsterMetronome+1","theDuelist:ArcaneSpellMetronome+1","theDuelist:RareAttackMetronome","theDuelist:RareDragonMetronome+1","theDuelist:RareBlockMetronome+1","theDuelist:RareDragonMetronome+1","theDuelist:Metronome+1","theDuelist:UncommonAttackMetronome","theDuelist:UncommonMetronome+1"],"relics":["theDuelist:MillenniumPuzzle","theDuelist:CardPoolRelic","theDuelist:CardPoolBasicRelic","theDuelist:BoosterPackPoolRelic","theDuelist:CardPoolAddRelic","theDuelist:CardPoolMinusRelic","theDuelist:CardPoolSaveRelic","theDuelist:CardPoolOptionsRelic","Red Skull","theDuelist:BlessingAnubis","Frozen Egg 2","theDuelist:MillenniumCoin","Art of War","Philosopher\u0027s Stone","theDuelist:CursedHealer","Happy Flower","Regal Pillow","theDuelist:BoosterPackSpellEgg","Busted Crown","theDuelist:SolderToken","Whetstone"],"acts_visited":["Exordium","TheCity","TheBeyond"],"potions_floor_usage":[8,16,25,40],"damage_taken":[{"damage":0,"enemies":"Small Slimes","floor":1,"turns":1},{"damage":0,"enemies":"Jaw Worm","floor":3,"turns":2},{"damage":0,"enemies":"2 Louse","floor":4,"turns":2},{"damage":34,"enemies":"Exordium Thugs","floor":7,"turns":5},{"damage":0,"enemies":"Gremlin Nob","floor":8,"turns":1},{"damage":5,"enemies":"3 Sentries","floor":10,"turns":3},{"damage":0,"enemies":"Blue Slaver","floor":11,"turns":1},{"damage":1,"enemies":"Gremlin Gang","floor":13,"turns":2},{"damage":0,"enemies":"Exordium Thugs","floor":14,"turns":1},{"damage":30,"enemies":"Slime Boss","floor":16,"turns":5},{"damage":26,"enemies":"3 Byrds","floor":18,"turns":4},{"damage":0,"enemies":"Shell Parasite","floor":19,"turns":1},{"damage":28,"enemies":"Sentry and Sphere","floor":20,"turns":4},{"damage":0,"enemies":"Snake Plant","floor":24,"turns":3},{"damage":6,"enemies":"Gremlin Leader","floor":25,"turns":3},{"damage":15,"enemies":"Book of Stabbing","floor":27,"turns":5},{"damage":17,"enemies":"Shelled Parasite and Fungi","floor":30,"turns":3},{"damage":0,"enemies":"Centurion and Healer","floor":31,"turns":2},{"damage":4,"enemies":"Champ","floor":33,"turns":8},{"damage":20,"enemies":"3 Shapes","floor":35,"turns":3},{"damage":0,"enemies":"Orb Walker","floor":37,"turns":2},{"damage":15,"enemies":"Maw","floor":38,"turns":4},{"damage":17,"enemies":"Spire Growth","floor":40,"turns":3},{"damage":77,"enemies":"Giant Head","floor":45,"turns":7},{"damage":87,"enemies":"Writhing Mass","floor":47,"turns":4}],"seed_played":"-1281017726450172530","potions_obtained":[{"floor":4,"key":"Regen Potion"},{"floor":8,"key":"PowerPotion"},{"floor":14,"key":"SteroidPotion"},{"floor":16,"key":"theDuelist:SolderPotionB"},{"floor":18,"key":"theDuelist:OrbBottle"},{"floor":25,"key":"PowerPotion"},{"floor":30,"key":"theDuelist:TokenPotionB"},{"floor":33,"key":"ColorlessPotion"},{"floor":38,"key":"Regen Potion"}],"is_trial":false,"path_per_floor":["M","?","M","M","?","R","M","E","T","E","M","R","M","M","R","B",null,"M","M","M","?","?","R","M","E","T","E","?","R","M","M","R","B",null,"M","$","M","M","?","M","R","?","T","$","E","?","M"],"character_chosen":"THE_DUELIST","items_purchased":["theDuelist:RareAttackMetronome","theDuelist:RareDragonMetronome","theDuelist:UncommonAttackMetronome"],"campfire_rested":4,"item_purchase_floors":[36,36,44],"current_hp_per_floor":[72,72,72,72,66,66,32,32,32,27,27,51,50,50,74,44,71,45,45,17,17,42,66,66,60,60,45,90,90,73,73,73,69,85,65,65,65,50,50,42,84,84,84,84,7,79,0,0],"gold":491,"neow_bonus":"RANDOM_COMMON_RELIC","is_daily":false,"chose_seed":false,"campfire_upgraded":3,"win_rate":0.0,"timestamp":1608920863,"path_taken":["M","?","M","M","?","R","M","E","T","E","M","R","M","M","R","BOSS","M","M","M","?","?","R","?","E","T","E","?","R","M","M","R","BOSS","M","$","?","M","?","?","R","?","T","$","E","?","M"],"items_purchased_type":["Card","Card","Card"],"build_version":"2020-12-22","purchased_purges":0,"victory":false,"max_hp_per_floor":[80,80,80,80,80,80,80,80,80,80,80,80,80,80,80,80,80,80,80,80,80,80,80,80,80,80,80,90,90,90,90,90,90,90,90,90,90,90,90,90,90,90,90,90,90,79,79,79],"card_choices":[{"not_picked":["theDuelist:StartingDeckMetronome","theDuelist:SpiderMetronome","theDuelist:NaturiaMetronome","theDuelist:DeskbotMetronome"],"picked":"theDuelist:AncientMetronome","floor":1},{"not_picked":["theDuelist:RareSpireMetronome","theDuelist:MonsterMetronome","theDuelist:GemKnightMetronome","theDuelist:BugMetronome"],"picked":"theDuelist:RareMetronome","floor":3},{"not_picked":["theDuelist:WarriorMetronome","theDuelist:PelagicMetronome","theDuelist:CyberMetronome","theDuelist:ArcaneSpellMetronome"],"picked":"theDuelist:MegatypeMetronome","floor":4},{"not_picked":["theDuelist:TokenMetronome","theDuelist:MetalRaidersMetronome","theDuelist:FieldMetronome","theDuelist:AncientMetronome"],"picked":"theDuelist:MachineMonsterMetronome","floor":7},{"not_picked":["theDuelist:RoseMetronome","theDuelist:InsectMetronome","theDuelist:FieldMetronome","theDuelist:DeskbotMetronome"],"picked":"theDuelist:RecklessMetronome","floor":8},{"not_picked":["theDuelist:StartingDeckMetronome","theDuelist:LegendBlueEyesMetronome","theDuelist:BlockSpellMetronome","theDuelist:AttackMetronome"],"picked":"theDuelist:ArcaneMonsterMetronome","floor":10},{"not_picked":["theDuelist:ZombieMetronome","theDuelist:UncommonMonsterMetronome","theDuelist:RoseMetronome","theDuelist:MachineMonsterMetronome"],"picked":"theDuelist:RareDragonMetronome","floor":11},{"not_picked":["theDuelist:UncommonSpireMetronome","theDuelist:UncommonMonsterMetronome","theDuelist:SkillMetronome","theDuelist:BugMetronome"],"picked":"theDuelist:ArcaneSpellMetronome","floor":13},{"not_picked":["theDuelist:PredaplantMetronome","theDuelist:CommonSpireMetronome","theDuelist:BlockSpellMetronome","theDuelist:BlockMetronome"],"picked":"theDuelist:LegendBlueEyesMetronome","floor":14},{"not_picked":["theDuelist:WyrmMetronome","theDuelist:UncommonMonsterMetronome","theDuelist:OrbMetronome","theDuelist:MonsterMetronome"],"picked":"theDuelist:MagnetMetronome","floor":16},{"not_picked":["theDuelist:UncommonSpireMetronome","theDuelist:SpireMetronome","theDuelist:SkillMetronome","theDuelist:AttackMetronome"],"picked":"theDuelist:ShiranuiMetronome","floor":18},{"not_picked":["theDuelist:TokenMetronome+1","theDuelist:RarePowerMetronome+1","theDuelist:PredaplantMetronome","theDuelist:LabyrinthNightmareMetronome"],"picked":"theDuelist:RareAttackMetronome","floor":19},{"not_picked":["theDuelist:SuperheavyMetronome","theDuelist:SpireMetronome","theDuelist:RecklessMetronome","theDuelist:BlockMetronome"],"picked":"theDuelist:RoseMetronome","floor":20},{"not_picked":["theDuelist:RarePowerMetronome+1","theDuelist:RareBlockMetronome","theDuelist:CombatMetronome","theDuelist:BugMetronome"],"picked":"theDuelist:MegatypeMetronome","floor":24},{"not_picked":["theDuelist:TidalMetronome","theDuelist:SpiderMetronome","theDuelist:SkillMetronome","theDuelist:FieldMetronome"],"picked":"theDuelist:LabyrinthNightmareMetronome","floor":25},{"not_picked":["theDuelist:UncommonMetronome","theDuelist:TidalMetronome","theDuelist:RareNatureMetronome","theDuelist:PredaplantMetronome"],"picked":"theDuelist:PotMetronome+1","floor":27},{"not_picked":["theDuelist:UncommonSpireMetronome+1","theDuelist:UncommonMetronome+1","theDuelist:RareSkillMetronome+1","theDuelist:InsectMetronome+1"],"picked":"theDuelist:CombatMetronome+1","floor":30},{"not_picked":["theDuelist:ShiranuiMetronome+1","theDuelist:RareSkillMetronome+1","theDuelist:MegatypeMetronome+1","theDuelist:FieldMetronome+1"],"picked":"theDuelist:ArcaneSpellMetronome+1","floor":31},{"not_picked":["theDuelist:SpiderMetronome+1","theDuelist:PlantMetronome+1","theDuelist:FiendMetronome+1","theDuelist:DinosaurMetronome+1"],"picked":"theDuelist:RareMonsterMetronome+1","floor":33},{"not_picked":["theDuelist:SkillMetronome+1","theDuelist:FiendMetronome+1"],"picked":"theDuelist:ArcaneSpellMetronome+1","floor":35},{"not_picked":["theDuelist:SuperheavyMetronome+1","theDuelist:MetalRaidersMetronome+1"],"picked":"theDuelist:RareBlockMetronome+1","floor":37},{"not_picked":["theDuelist:RareMetronome+1","theDuelist:MachineMonsterMetronome+1"],"picked":"theDuelist:RareDragonMetronome+1","floor":38},{"not_picked":["theDuelist:PowerMetronome+1","theDuelist:FiendMetronome+1"],"picked":"theDuelist:Metronome+1","floor":40},{"not_picked":["theDuelist:UncommonMonsterMetronome+1","theDuelist:AttackMetronome+1"],"picked":"theDuelist:UncommonMetronome+1","floor":45}],"player_experience":222313,"relics_obtained":[{"floor":8,"key":"Frozen Egg 2"},{"floor":9,"key":"theDuelist:MillenniumCoin"},{"floor":10,"key":"Art of War"},{"floor":25,"key":"Happy Flower"},{"floor":26,"key":"Regal Pillow"},{"floor":27,"key":"theDuelist:BoosterPackSpellEgg"},{"floor":43,"key":"theDuelist:SolderToken"},{"floor":45,"key":"Whetstone"}],"event_choices":[{"cards_removed":["theDuelist:PowerMetronome"],"damage_healed":0,"gold_gain":0,"player_choice":"Card Removal","damage_taken":0,"max_hp_gain":0,"max_hp_loss":0,"event_name":"The Cleric","floor":2,"gold_loss":50},{"damage_healed":0,"gold_gain":0,"player_choice":"Dig - random Duelist relic","duelist":true,"damage_taken":0,"max_hp_gain":0,"max_hp_loss":0,"event_name":"Aknamkanon\u0027s Tomb","floor":5,"gold_loss":0},{"damage_healed":0,"gold_gain":0,"player_choice":"Leave","duelist":true,"damage_taken":0,"max_hp_gain":0,"max_hp_loss":0,"event_name":"Card Trader","floor":21,"gold_loss":0},{"damage_healed":0,"gold_gain":0,"player_choice":"Succumb - +25HP/Cursed Relic","duelist":true,"damage_taken":0,"max_hp_gain":0,"max_hp_loss":0,"event_name":"Tomb of the Nameless","floor":22,"gold_loss":0},{"cards_removed":["theDuelist:MagnetMetronome"],"damage_healed":35,"gold_gain":0,"player_choice":"Offered Rare","damage_taken":0,"max_hp_gain":10,"max_hp_loss":0,"event_name":"Bonfire Elementals","floor":28,"gold_loss":0},{"damage_healed":0,"gold_gain":0,"player_choice":"Ignored","damage_taken":0,"max_hp_gain":0,"max_hp_loss":0,"event_name":"SecretPortal","floor":39,"gold_loss":0},{"damage_healed":0,"gold_gain":0,"player_choice":"Ignored","damage_taken":0,"max_hp_gain":0,"max_hp_loss":0,"event_name":"Tomb of Lord Red Mask","floor":42,"gold_loss":0},{"damage_healed":79,"gold_gain":0,"player_choice":"Heal","damage_taken":0,"max_hp_gain":0,"max_hp_loss":11,"event_name":"The Moai Head","floor":46,"gold_loss":0}],"is_beta":false,"boss_relics":[{"not_picked":["theDuelist:GamblerChip","Black Star"],"picked":"Philosopher\u0027s Stone"},{"not_picked":["Mark of Pain","Inserter"],"picked":"Busted Crown"}],"items_purged_floors":[],"is_endless":false,"potions_floor_spawned":[4,8,14,16,18,24,25,30,33,37,38],"killed_by":"Writhing Mass","ascension_level":7}}