{"host":"ny0ruk04d4jvzm3a","time":1608922350,"event":{"mods":["BaseMod","Better Match","Better Sensory Stone","Better Skull","BetterRewards","Colored Map","Colored Powertips","GifTheSpireLib","Hermit","Minty Spire (QoL Compilation)","Quick Restart","Relic Stats","StSLib","Transform Curses"],"gold_per_floor":[109,59,59,73,27,27,53,53,53,67,80,113,113,130,130,230,230,247,247,264,295,57,57,71,102,127,127,127,159,170,170,170,267,267,280,300,350,350,572,601,177,177,177,23,23,37,37,49,49,49],"floor_reached":51,"playtime":3136,"items_purged":[],"score":883,"play_id":"887187af-eb37-4acb-81ac-6ee823094d72","local_time":"20201225135230","is_ascension_mode":true,"campfire_choices":[{"data":"Eruption","floor":6,"key":"SMITH"},{"data":"Wish","floor":13,"key":"SMITH"},{"data":"BattleHymn","floor":15,"key":"SMITH"},{"floor":23,"key":"REST"},{"floor":27,"key":"REST"},{"floor":32,"key":"REST"},{"floor":42,"key":"REST"},{"floor":45,"key":"RECALL"},{"floor":49,"key":"REST"}],"circlet_count":0,"master_deck":["Strike_P+1","Strike_P+1","Strike_P+1","Defend_P+1","Defend_P+1","Defend_P+1","Eruption+1","Vigilance+1","EmptyBody+1","Conclude+1","Prostrate+1","LessonLearned+1","Wish+1","BattleHymn+1","DevaForm","EmptyFist+1","ConjureBlade","TalkToTheHand+1","Prostrate","Pray+1","Establishment+1","Wallop+1","TalkToTheHand+1"],"relics":["PureWater","NeowsBlessing","FaceOfCleric","Mango","Question Card","Singing Bowl","Busted Crown","Red Mask","Gremlin Horn","Prayer Wheel","MealTicket","MutagenicStrength","Pen Nib","Fusion Hammer","Torii","Dream Catcher","Ornamental Fan","StoneCalendar","Juzu Bracelet"],"acts_visited":["Exordium","TheCity","TheBeyond"],"potions_floor_usage":[11,25,40,50,50,50],"damage_taken":[{"damage":0,"enemies":"Jaw Worm","floor":1,"turns":1},{"damage":0,"enemies":"2 Louse","floor":4,"turns":1},{"damage":0,"enemies":"3 Sentries","floor":7,"turns":1},{"damage":0,"enemies":"Cultist","floor":10,"turns":5},{"damage":5,"enemies":"Red Slaver","floor":11,"turns":4},{"damage":24,"enemies":"Gremlin Nob","floor":12,"turns":4},{"damage":12,"enemies":"Looter","floor":14,"turns":4},{"damage":0,"enemies":"Slime Boss","floor":16,"turns":6},{"damage":3,"enemies":"Spheric Guardian","floor":18,"turns":5},{"damage":16,"enemies":"Shell Parasite","floor":20,"turns":5},{"damage":30,"enemies":"Masked Bandits","floor":21,"turns":4},{"damage":26,"enemies":"Shelled Parasite and Fungi","floor":24,"turns":2},{"damage":48,"enemies":"Slavers","floor":25,"turns":9},{"damage":4,"enemies":"Gremlin Leader","floor":29,"turns":5},{"damage":19,"enemies":"Snake Plant","floor":30,"turns":5},{"damage":44,"enemies":"Collector","floor":33,"turns":5},{"damage":11,"enemies":"3 Darklings","floor":35,"turns":5},{"damage":10,"enemies":"3 Shapes","floor":36,"turns":4},{"damage":0,"enemies":"Mind Bloom Boss Battle","floor":37,"turns":9},{"damage":20,"enemies":"Reptomancer","floor":40,"turns":5},{"damage":0,"enemies":"Transient","floor":46,"turns":5},{"damage":19,"enemies":"Jaw Worm Horde","floor":48,"turns":3},{"damage":55,"enemies":"Time Eater","floor":50,"turns":7}],"seed_played":"5796043194661813983","potions_obtained":[{"floor":4,"key":"PowerPotion"},{"floor":7,"key":"LiquidBronze"},{"floor":10,"key":"Strength Potion"},{"floor":12,"key":"SneckoOil"},{"floor":20,"key":"DuplicationPotion"},{"floor":30,"key":"CultistPotion"},{"floor":33,"key":"AttackPotion"},{"floor":46,"key":"DuplicationPotion"}],"is_trial":false,"path_per_floor":["M","?","?","M","$","R","E","?","T","M","M","E","R","M","R","B",null,"M","?","M","?","$","R","M","E","T","R","?","E","M","?","R","B",null,"M","M","?","?","?","E","$","R","T","$","R","M","?","M","R","B",null],"character_chosen":"WATCHER","items_purchased":["Prostrate","Gremlin Horn","Ornamental Fan","Establishment","Wallop","Juzu Bracelet"],"campfire_rested":5,"item_purchase_floors":[5,22,41,41,41,44],"current_hp_per_floor":[72,72,72,73,73,73,88,88,88,89,85,62,62,53,53,54,95,93,93,80,53,53,83,60,15,15,47,47,46,30,30,64,21,115,107,100,101,101,101,84,99,127,127,127,127,130,130,116,137,83],"gold":49,"neow_bonus":"THREE_ENEMY_KILL","is_daily":false,"chose_seed":false,"campfire_upgraded":3,"win_rate":0.0,"timestamp":1608922350,"path_taken":["M","?","?","?","?","R","E","?","T","M","?","E","R","M","R","BOSS","M","?","M","?","$","R","M","E","T","R","?","E","M","?","R","BOSS","M","?","?","?","?","E","$","R","T","?","R","M","?","M","R","BOSS"],"items_purchased_type":["Card","Relic","Relic","Card","Card","Relic"],"build_version":"2020-12-22","purchased_purges":0,"victory":true,"max_hp_per_floor":[72,72,72,73,73,73,88,88,88,89,90,91,91,94,94,95,95,96,96,99,102,102,102,105,108,108,108,108,111,114,114,114,115,115,118,121,122,122,122,125,125,127,127,127,127,130,130,135,137,138],"relic_stats":{"Singing Bowl":30,"Gremlin Horn":[20,20],"Torii":4,"counters":[23,104],"StoneCalendar":[0],"Pen Nib":[10],"Juzu Bracelet":1,"Question Card":26,"Dream Catcher":2,"Busted Crown":42,"FaceOfCleric":22,"Ornamental Fan":[28],"Prayer Wheel":5,"MealTicket":15,"obtain_stats":[{"NeowsBlessing":0,"Singing Bowl":12,"Gremlin Horn":22,"Torii":37,"Mango":7,"StoneCalendar":43,"Pen Nib":29,"Juzu Bracelet":44,"Question Card":9,"Dream Catcher":40,"Busted Crown":17,"FaceOfCleric":3,"Ornamental Fan":41,"MutagenicStrength":28,"Prayer Wheel":25,"MealTicket":26,"Fusion Hammer":34,"Red Mask":21,"PureWater":0},{"NeowsBlessing":0,"Singing Bowl":6,"Gremlin Horn":11,"Torii":19,"Mango":3,"StoneCalendar":20,"Pen Nib":14,"Juzu Bracelet":20,"Question Card":3,"Dream Catcher":20,"Busted Crown":8,"FaceOfCleric":1,"Ornamental Fan":20,"MutagenicStrength":13,"Prayer Wheel":13,"MealTicket":13,"Fusion Hammer":16,"Red Mask":11,"PureWater":0},{"NeowsBlessing":0,"Singing Bowl":16,"Gremlin Horn":40,"Torii":84,"Mango":3,"StoneCalendar":89,"Pen Nib":56,"Juzu Bracelet":89,"Question Card":3,"Dream Catcher":89,"Busted Crown":26,"FaceOfCleric":1,"Ornamental Fan":89,"MutagenicStrength":51,"Prayer Wheel":51,"MealTicket":51,"Fusion Hammer":66,"Red Mask":40,"PureWater":0}]},"card_choices":[{"not_picked":["Halt","FlurryOfBlows"],"picked":"EmptyBody","floor":1},{"not_picked":["FollowUp","Swivel"],"picked":"Conclude","floor":4},{"not_picked":["Scrawl","Pray"],"picked":"LessonLearned","floor":7},{"not_picked":["SandsOfTime","Halt","MentalFortress","CutThroughFate"],"picked":"SKIP","floor":10},{"not_picked":["EmptyBody","BowlingBash","WindmillStrike"],"picked":"Wish","floor":11},{"not_picked":["CrushJoints","Consecrate","SignatureMove"],"picked":"BattleHymn","floor":12},{"not_picked":["PathToVictory","InnerPeace","Consecrate","Swivel"],"picked":"Singing Bowl","floor":14},{"not_picked":["ConjureBlade","LessonLearned","Blasphemy"],"picked":"DevaForm","floor":16},{"not_picked":["Evaluate"],"picked":"EmptyFist+1","floor":18},{"not_picked":["Consecrate","BowlingBash"],"picked":"Singing Bowl","floor":20},{"not_picked":["BattleHymn","Protect"],"picked":"Singing Bowl","floor":21},{"not_picked":["WindmillStrike","FlurryOfBlows"],"picked":"Singing Bowl","floor":24},{"not_picked":["CutThroughFate","Sanctity"],"picked":"Singing Bowl","floor":25},{"not_picked":["BattleHymn","EmptyBody"],"picked":"Singing Bowl","floor":29},{"not_picked":["Evaluate","WreathOfFlame+1"],"picked":"Singing Bowl","floor":30},{"not_picked":["Evaluate"],"picked":"TalkToTheHand","floor":30},{"not_picked":["MasterReality"],"picked":"ConjureBlade","floor":33},{"not_picked":["PathToVictory","SashWhip+1"],"picked":"Singing Bowl","floor":35},{"not_picked":["PathToVictory+1"],"picked":"TalkToTheHand+1","floor":35},{"not_picked":["Collect+1","FollowUp"],"picked":"Singing Bowl","floor":36},{"not_picked":["Wallop+1"],"picked":"Prostrate","floor":36},{"not_picked":["ClearTheMind+1"],"picked":"Pray+1","floor":37},{"not_picked":["EmptyBody+1","BowlingBash+1"],"picked":"Singing Bowl","floor":40},{"not_picked":["CutThroughFate+1","FlurryOfBlows+1"],"picked":"Singing Bowl","floor":42},{"not_picked":["SashWhip","ClearTheMind"],"picked":"Singing Bowl","floor":46},{"not_picked":["Vault"],"picked":"TalkToTheHand+1","floor":46},{"not_picked":["CrushJoints+1","EmptyBody"],"picked":"Singing Bowl","floor":48},{"not_picked":["Prostrate","WaveOfTheHand"],"picked":"Singing Bowl","floor":48},{"not_picked":["Protect","FlyingSleeves"],"picked":"Singing Bowl","floor":49}],"player_experience":2068385,"relics_obtained":[{"floor":7,"key":"Mango"},{"floor":9,"key":"Question Card"},{"floor":12,"key":"Singing Bowl"},{"floor":21,"key":"Red Mask"},{"floor":25,"key":"Prayer Wheel"},{"floor":26,"key":"MealTicket"},{"floor":29,"key":"Pen Nib"},{"floor":37,"key":"Torii"},{"floor":40,"key":"Dream Catcher"},{"floor":43,"key":"StoneCalendar"}],"event_choices":[{"cards_removed":["Defend_P"],"damage_healed":0,"gold_gain":0,"player_choice":"Card Removal","damage_taken":0,"max_hp_gain":0,"max_hp_loss":0,"event_name":"The Cleric","floor":2,"gold_loss":50},{"damage_healed":0,"gold_gain":0,"player_choice":"Trade","damage_taken":0,"relics_obtained":["FaceOfCleric"],"max_hp_gain":0,"max_hp_loss":0,"event_name":"FaceTrader","floor":3,"gold_loss":0},{"damage_healed":0,"gold_gain":0,"player_choice":"Upgraded","damage_taken":0,"max_hp_gain":0,"max_hp_loss":0,"event_name":"Upgrade Shrine","floor":8,"gold_loss":0,"cards_upgraded":["LessonLearned"]},{"damage_healed":0,"gold_gain":0,"player_choice":"Ignored","damage_taken":0,"max_hp_gain":0,"max_hp_loss":0,"event_name":"Ghosts","floor":19,"gold_loss":0},{"damage_healed":0,"gold_gain":0,"player_choice":"Fought Bandits","damage_taken":0,"max_hp_gain":0,"max_hp_loss":0,"event_name":"Masked Bandits","floor":21,"gold_loss":0},{"damage_healed":0,"gold_gain":0,"player_choice":"Inject Mutagens","damage_taken":0,"relics_obtained":["MutagenicStrength"],"max_hp_gain":0,"max_hp_loss":0,"event_name":"Drug Dealer","floor":28,"gold_loss":0},{"cards_removed":["Strike_P"],"damage_healed":0,"gold_gain":0,"player_choice":"Purged","damage_taken":0,"max_hp_gain":0,"max_hp_loss":0,"event_name":"Purifier","floor":31,"gold_loss":0},{"damage_healed":0,"gold_gain":0,"player_choice":"Fight","damage_taken":0,"max_hp_gain":0,"max_hp_loss":0,"event_name":"MindBloom","floor":37,"gold_loss":0},{"cards_removed":["TalkToTheHand"],"damage_healed":0,"gold_gain":0,"player_choice":"Removed Attack","damage_taken":0,"max_hp_gain":0,"max_hp_loss":0,"event_name":"Falling","floor":38,"gold_loss":0},{"damage_healed":0,"gold_gain":222,"player_choice":"Wore Mask","damage_taken":0,"max_hp_gain":0,"max_hp_loss":0,"event_name":"Tomb of Lord Red Mask","floor":39,"gold_loss":0},{"damage_healed":0,"gold_gain":0,"player_choice":"Ignored","damage_taken":0,"max_hp_gain":0,"max_hp_loss":0,"event_name":"Mysterious Sphere","floor":47,"gold_loss":0}],"is_beta":false,"boss_relics":[{"not_picked":["HolyWater","Runic Dome"],"picked":"Busted Crown"},{"not_picked":["Snecko Eye","Calling Bell"],"picked":"Fusion Hammer"}],"items_purged_floors":[],"is_endless":false,"potions_floor_spawned":[4,7,10,12,20,30,33,36,46],"ascension_level":1}}