{"host":"uflv0e3ja7hvnij7","time":1608917062,"event":{"mods":["Aspiration","BaseMod","Better Altar","Better Match","Better Note","Better Sensory Stone","Better Skull","Better Third Choice","Infinite Spire","Minty Spire (QoL Compilation)","Permanent Neow","StSLib"],"gold_per_floor":[20,34,34,34,47,47,90,90,90,104,125,141,141,141,141,265,265,285,285,210,231,156,177,177,177,177],"floor_reached":25,"playtime":1106,"items_purged":["Defend_P"],"score":253,"play_id":"01eff4d6-bb03-4649-a771-ae5598dd0dcd","local_time":"20201225122422","is_ascension_mode":false,"campfire_choices":[{"floor":6,"key":"REST"},{"data":"Eruption","floor":13,"key":"SMITH"},{"floor":15,"key":"REST"},{"floor":25,"key":"REST"}],"circlet_count":0,"master_deck":["Strike_P","Strike_P","Defend_P+1","Defend_P+1","Eruption+1","Vigilance+1","ClearTheMind","Venomology+1","Tantrum","LessonLearned","Consecrate","Protect+1","Blasphemy","Metamorphosis+1","FearNoEvil+1","FlurryOfBlows"],"relics":["PureWater","Golden Idol","Turnip","infinitespire:FocusingShard","Juzu Bracelet","aspiration:DefectSkillbook"],"acts_visited":["Exordium","TheCity"],"potions_floor_usage":[7,7,10,11,18,18,23],"damage_taken":[{"damage":2,"enemies":"2 Louse","floor":1,"turns":3},{"damage":4,"enemies":"Jaw Worm","floor":2,"turns":3},{"damage":1,"enemies":"Cultist","floor":5,"turns":3},{"damage":10,"enemies":"3 Sentries","floor":7,"turns":3},{"damage":0,"enemies":"Looter","floor":10,"turns":2},{"damage":0,"enemies":"3 Louse","floor":11,"turns":2},{"damage":0,"enemies":"Exordium Wildlife","floor":12,"turns":2},{"damage":0,"enemies":"Slime Boss","floor":16,"turns":7},{"damage":8,"enemies":"2 Thieves","floor":18,"turns":4},{"damage":8,"enemies":"Chosen","floor":21,"turns":4},{"damage":17,"enemies":"Shelled Parasite and Fungi","floor":23,"turns":4}],"seed_played":"8073817420965331260","potions_obtained":[{"floor":2,"key":"Strength Potion"},{"floor":10,"key":"infinitespire:BlackPotion"},{"floor":12,"key":"PowerPotion"},{"floor":16,"key":"Explosive Potion"},{"floor":21,"key":"Ambrosia"}],"is_trial":false,"path_per_floor":["M","M","?","?","M","R","E","?","T","M","M","M","R","$","R","B",null,"M","?","?","M","$","M","?","R"],"character_chosen":"WATCHER","items_purchased":[],"campfire_rested":3,"item_purchase_floors":[],"current_hp_per_floor":[70,66,48,39,38,59,49,49,49,49,49,49,49,49,70,70,72,64,64,64,56,56,39,39,60,60],"gold":177,"neow_bonus":"REMOVE_TWO","is_daily":false,"chose_seed":false,"campfire_upgraded":1,"win_rate":0.0,"timestamp":1608917062,"path_taken":["M","M","?","?","M","R","E","?","T","M","M","M","R","$","R","BOSS","M","?","?","M","?","M","?","R"],"items_purchased_type":[],"build_version":"2020-12-22","purchased_purges":1,"victory":false,"max_hp_per_floor":[72,72,72,72,72,72,72,72,72,72,72,72,72,72,72,72,72,72,72,72,72,72,72,72,72,72],"card_choices":[{"not_picked":["Pray","FlyingSleeves","Halt"],"picked":"SKIP","floor":1},{"not_picked":["BowlingBash","Conclude"],"picked":"ClearTheMind","floor":2},{"not_picked":["JustLucky","PathToVictory"],"picked":"Tantrum","floor":5},{"not_picked":["Consecrate","FlurryOfBlows"],"picked":"LessonLearned","floor":7},{"not_picked":["JustLucky","Evaluate"],"picked":"Consecrate","floor":10},{"not_picked":["JustLucky","Wireheading"],"picked":"Protect","floor":11},{"not_picked":["ReachHeaven","LikeWater","WreathOfFlame"],"picked":"SKIP","floor":12},{"not_picked":["Wish","MasterReality"],"picked":"Blasphemy","floor":16},{"not_picked":["Consume","Coolheaded","Barrage","Cold Snap+1"],"picked":"SKIP","floor":18},{"not_picked":["Secret Weapon+1","The Bomb+1","Panache+1"],"picked":"Metamorphosis+1","floor":20},{"not_picked":["InnerPeace+1","WindmillStrike+1","Capacitor+1"],"picked":"FearNoEvil+1","floor":20},{"not_picked":["Conserve Battery+1","Tantrum+1","Meteor Strike"],"picked":"FlurryOfBlows","floor":21},{"not_picked":["Hologram","Crescendo","Protect","CrushJoints+1"],"picked":"SKIP","floor":23}],"player_experience":366646,"relics_obtained":[{"floor":7,"key":"infinitespire:FocusingShard"},{"floor":9,"key":"Juzu Bracelet"}],"event_choices":[{"damage_healed":0,"gold_gain":0,"player_choice":"Take Damage","damage_taken":18,"relics_obtained":["Golden Idol"],"max_hp_gain":0,"max_hp_loss":0,"event_name":"Golden Idol","floor":3,"gold_loss":0},{"cards_removed":["Strike_P"],"damage_healed":0,"gold_gain":0,"player_choice":"Purged","damage_taken":0,"max_hp_gain":0,"max_hp_loss":0,"event_name":"Purifier","floor":8,"gold_loss":0},{"damage_healed":0,"gold_gain":0,"player_choice":"Upgraded","damage_taken":0,"max_hp_gain":0,"max_hp_loss":0,"event_name":"Upgrade Shrine","floor":19,"gold_loss":0,"cards_upgraded":["Vigilance"]},{"damage_healed":0,"gold_gain":0,"player_choice":"2","damage_taken":0,"max_hp_gain":0,"max_hp_loss":0,"event_name":"betterMatch:BetterMatch","floor":20,"gold_loss":0,"cards_obtained":["betterMatch:ColorlessRareCard","betterMatch:UncommonCard"]},{"damage_healed":0,"gold_gain":0,"player_choice":"Ignored","damage_taken":0,"max_hp_gain":0,"max_hp_loss":0,"event_name":"betterNote:BetterNote","floor":24,"gold_loss":0,"cards_obtained":["LessonLearned"]}],"is_beta":false,"boss_relics":[{"not_picked":["Snecko Eye","SacredBark"],"picked":"aspiration:DefectSkillbook"}],"items_purged_floors":[22],"is_endless":false,"potions_floor_spawned":[2,10,12,16,21],"ascension_level":0}}