{"host":"6e9kij1j7ulvnyd9","time":1608879784,"event":{"mods":["2.2 Compatiblity","BaseMod","Duelist Mod","GifTheSpireLib","Minty Spire (QoL Compilation)","StSLib"],"gold_per_floor":[143,143,43,0,11,11,43,55,100,117,149,149,149,149,149,269,269,287,345,370,383,406,440,143,143,143,155,191,203,134,153,153,284,284,299,312,312,330,351,351,389,404,484,518,518,518,518,542,542,542,542,542,14,58,58],"floor_reached":56,"playtime":3707,"items_purged":["Parasite"],"score":1362,"play_id":"d3c5e908-1b81-48f6-abf7-ee34935dd837","local_time":"20201224230304","is_ascension_mode":false,"campfire_choices":[{"floor":6,"key":"RECALL"},{"data":"theDuelist:MaskedDragon","floor":13,"key":"SMITH"},{"floor":15,"key":"REST"},{"floor":25,"key":"REST"},{"data":"theDuelist:DragonMastery","floor":29,"key":"SMITH"},{"data":"theDuelist:TyrantWing","floor":32,"key":"SMITH"},{"floor":40,"key":"REST"},{"floor":45,"key":"REST"},{"floor":47,"key":"REST"},{"data":"theDuelist:Nameless:Magic:YamiForm","floor":49,"key":"SMITH"},{"floor":52,"key":"REST"}],"circlet_count":0,"master_deck":["theDuelist:BabyDragon+1","theDuelist:CastleWalls","theDuelist:CastleWalls","theDuelist:CaveDragon","theDuelist:CaveDragon+1","theDuelist:LesserDragon","theDuelist:LesserDragon","theDuelist:Sparks","theDuelist:Sparks","theDuelist:YamataDragon","theDuelist:MoltenDestruction","theDuelist:WhiteNightDragon","theDuelist:Freezadon","theDuelist:AncientDragon","theDuelist:InfernityDoomDragon","theDuelist:MaskedDragon+1","theDuelist:Pyrorex+1","theDuelist:FireDarts","theDuelist:Nameless:Power:KamionTimelord","theDuelist:Nameless:Magic:YamiForm+1","theDuelist:BerserkScales","CurseOfTheBell","theDuelist:MiraculousDescent","theDuelist:Mountain+1","theDuelist:ArmedDragon3","theDuelist:RedRisingDragon","theDuelist:Earthquake","theDuelist:HazyFlameHydra","theDuelist:DragonMastery+1","theDuelist:TyrantWing+1","theDuelist:ChimeratechOverdragon","theDuelist:AncientGearGadjiltron+1","theDuelist:LightningDarts+1","theDuelist:BerserkerSoul+1","theDuelist:Raigeki+1","theDuelist:SnowDragon+1"],"relics":["theDuelist:MillenniumPuzzle","theDuelist:CardPoolRelic","theDuelist:CardPoolBasicRelic","theDuelist:BoosterPackPoolRelic","theDuelist:CardPoolAddRelic","theDuelist:CardPoolMinusRelic","theDuelist:CardPoolSaveRelic","theDuelist:CardPoolOptionsRelic","theDuelist:NamelessPowerRelicA","War Paint","theDuelist:DuelistLetterOpener","Golden Idol","Calling Bell","theDuelist:MonsterEggRelic","StoneCalendar","Ancient Tea Set","theDuelist:ElectricToken","Lizard Tail","Bird Faced Urn","Matryoshka","TwistedFunnel","MawBank","Incense Burner","SlaversCollar","Darkstone Periapt","Oddly Smooth Stone","Gremlin Horn","Bronze Scales","theDuelist:BoosterBetterBoostersRelic","Whetstone","theDuelist:MetronomeRelicB"],"acts_visited":["Exordium","TheCity","TheBeyond","TheEnding"],"potions_floor_usage":[10,19,22,22,23,33,33,33,38,38,44,50,55,55,55],"damage_taken":[{"damage":0,"enemies":"Jaw Worm","floor":1,"turns":3},{"damage":0,"enemies":"2 Louse","floor":5,"turns":2},{"damage":0,"enemies":"Lagavulin","floor":7,"turns":2},{"damage":0,"enemies":"Cultist","floor":8,"turns":2},{"damage":19,"enemies":"Gremlin Gang","floor":10,"turns":4},{"damage":13,"enemies":"3 Sentries","floor":11,"turns":4},{"damage":0,"enemies":"Slime Boss","floor":16,"turns":5},{"damage":1,"enemies":"Chosen","floor":18,"turns":2},{"damage":5,"enemies":"Chosen","floor":19,"turns":5},{"damage":7,"enemies":"Shell Parasite","floor":20,"turns":3},{"damage":0,"enemies":"Snake Plant","floor":21,"turns":1},{"damage":11,"enemies":"Snecko","floor":22,"turns":3},{"damage":12,"enemies":"Slavers","floor":23,"turns":2},{"damage":12,"enemies":"Centurion and Healer","floor":28,"turns":2},{"damage":0,"enemies":"3 Cultists","floor":31,"turns":5},{"damage":45,"enemies":"Automaton","floor":33,"turns":7},{"damage":33,"enemies":"3 Shapes","floor":35,"turns":3},{"damage":0,"enemies":"Orb Walker","floor":36,"turns":2},{"damage":21,"enemies":"Writhing Mass","floor":38,"turns":4},{"damage":0,"enemies":"Maw","floor":39,"turns":3},{"damage":38,"enemies":"Reptomancer","floor":41,"turns":4},{"damage":45,"enemies":"4 Shapes","floor":42,"turns":4},{"damage":34,"enemies":"Nemesis","floor":44,"turns":5},{"damage":0,"enemies":"3 Darklings","floor":48,"turns":2},{"damage":37,"enemies":"Awakened One","floor":50,"turns":9},{"damage":28,"enemies":"Shield and Spear","floor":54,"turns":4},{"damage":41,"enemies":"The Heart","floor":55,"turns":8}],"seed_played":"-847414290348654599","potions_obtained":[{"floor":1,"key":"SteroidPotion"},{"floor":8,"key":"theDuelist:SealedPackC"},{"floor":16,"key":"theDuelist:FireBottle"},{"floor":21,"key":"theDuelist:DragonfirePotion"},{"floor":22,"key":"Strength Potion"},{"floor":23,"key":"Weak Potion"},{"floor":33,"key":"AttackPotion"},{"floor":35,"key":"Regen Potion"},{"floor":41,"key":"GamblersBrew"},{"floor":44,"key":"SpeedPotion"},{"floor":48,"key":"theDuelist:DragonfirePotion"},{"floor":54,"key":"theDuelist:BurningPotion"}],"is_trial":false,"path_per_floor":["M","?","$","?","M","R","E","M","T","M","E","?","R","?","R","B",null,"M","?","M","M","M","E","$","R","T","$","M","R","$","M","R","B",null,"M","M","?","M","M","R","E","M","T","E","R","?","R","M","R","B",null,"R","$","E","B",null],"character_chosen":"THE_DUELIST","items_purchased":["theDuelist:WhiteNightDragon","theDuelist:Freezadon","TwistedFunnel","theDuelist:FlamingBottle","AttackPotion","theDuelist:HazyFlameHydra","theDuelist:TyrantWing","theDuelist:BoosterBetterBoostersRelic","Whetstone","PowerPotion"],"campfire_rested":6,"item_purchase_floors":[3,3,24,24,24,24,30,53,53,53],"current_hp_per_floor":[88,88,88,88,88,88,88,88,88,69,56,34,34,42,70,70,96,95,90,85,85,76,64,64,92,92,92,82,82,82,90,90,51,96,63,63,63,60,62,90,54,11,11,50,78,78,91,91,91,60,91,91,88,64,33],"gold":58,"neow_bonus":"TEN_PERCENT_HP_BONUS","is_daily":false,"chose_seed":false,"campfire_upgraded":4,"win_rate":0.0,"timestamp":1608879784,"path_taken":["M","?","$","?","M","R","E","M","T","?","E","?","R","?","R","BOSS","M","?","?","M","M","E","$","R","T","?","M","R","?","M","R","BOSS","M","M","?","M","M","R","E","M","T","E","R","?","R","M","R","BOSS","R","$","E","BOSS"],"items_purchased_type":["Card","Card","Relic","Potion","Potion","Card","Card","Relic","Relic","Potion"],"build_version":"2020-12-22","purchased_purges":1,"victory":true,"max_hp_per_floor":[88,88,88,88,88,88,88,88,88,88,88,88,88,96,96,96,96,96,96,96,96,96,96,96,96,96,96,96,96,96,96,96,96,96,96,96,96,96,96,96,96,96,96,96,96,91,91,91,91,91,91,91,88,88,88],"card_choices":[{"not_picked":["theDuelist:BlackStego","theDuelist:FrostflameDragon","theDuelist:CaveDragon","theDuelist:CurseDragon"],"picked":"theDuelist:MoltenDestruction","floor":1},{"not_picked":["theDuelist:CyberDinosaur","theDuelist:BusterDrake","theDuelist:FrostflameDragon","theDuelist:BlackPtera"],"picked":"theDuelist:AncientDragon","floor":5},{"not_picked":["theDuelist:MadSwordBeast","theDuelist:CaveDragon","theDuelist:JurassicImpact","theDuelist:BoosterDragon"],"picked":"theDuelist:InfernityDoomDragon","floor":7},{"not_picked":["theDuelist:DarkDriceratops","theDuelist:Anthrosaurus","theDuelist:DefenseZone","theDuelist:Pyrorex"],"picked":"theDuelist:MaskedDragon","floor":8},{"not_picked":["theDuelist:MaskedDragon","theDuelist:LesserDragon","theDuelist:BlackBrutdrago","theDuelist:BlackTyranno"],"picked":"theDuelist:Pyrorex","floor":10},{"not_picked":["theDuelist:ViceDragon","theDuelist:MaskedDragon","theDuelist:LesserDragon","theDuelist:BlueEyes"],"picked":"theDuelist:FireDarts","floor":11},{"not_picked":["theDuelist:TailSwipe","theDuelist:OceanDragonLord","theDuelist:ChimeratechOverdragon","theDuelist:BusterBladerDDS"],"picked":"theDuelist:BerserkScales","floor":16},{"not_picked":["theDuelist:WhiteHornDragon+1","theDuelist:JurassicImpact","theDuelist:CyberLaserDragon"],"picked":"theDuelist:MiraculousDescent","floor":18},{"not_picked":["theDuelist:Earthquake+1","theDuelist:EyeTimaeus+1","theDuelist:SilverWing","theDuelist:DragonTreasure"],"picked":"theDuelist:Mountain+1","floor":19},{"not_picked":["theDuelist:ArmedDragon5","theDuelist:EyeTimaeus","theDuelist:BlueEyesUltimate","theDuelist:Sabersaurus"],"picked":"theDuelist:ArmedDragon3","floor":20},{"not_picked":["theDuelist:TrihornedDragon+1","theDuelist:CoralDragon","theDuelist:WhiteNightDragon","theDuelist:DragonRavine","theDuelist:SoulCharge"],"picked":"SKIP","floor":21},{"not_picked":["theDuelist:BlackBrutdrago","theDuelist:DefenseZone","theDuelist:FrostflameDragon","theDuelist:GalaxyTyranno"],"picked":"theDuelist:RedRisingDragon","floor":22},{"not_picked":["theDuelist:Beatraptor","theDuelist:CoralDragon","theDuelist:BusterBlader","theDuelist:CloudianGhost"],"picked":"theDuelist:Earthquake","floor":23},{"not_picked":["theDuelist:SeismicShockwave","theDuelist:GaiaDragonChamp"],"picked":"theDuelist:DragonMastery","floor":28},{"not_picked":["theDuelist:Pyrorex","theDuelist:BlackStego","theDuelist:BlackBrutdrago","theDuelist:Beatraptor","theDuelist:TwinHeadedFire"],"picked":"SKIP","floor":31},{"not_picked":["theDuelist:SurvivalFittest","theDuelist:QueenDragunDjinn","theDuelist:Lancephorhynchus","theDuelist:BerserkScales"],"picked":"theDuelist:ChimeratechOverdragon","floor":33},{"not_picked":["theDuelist:BusterBlader+1","theDuelist:GalaxyTyranno","theDuelist:VeilDarkness","theDuelist:MegafleetDragon+1"],"picked":"theDuelist:AncientGearGadjiltron+1","floor":35},{"not_picked":["theDuelist:BattleguardKing+1","theDuelist:Hinotama+2","theDuelist:RainbowOverdragon","theDuelist:SmashingGround"],"picked":"theDuelist:LightningDarts","floor":36},{"not_picked":["theDuelist:BlizzardDragon+1","theDuelist:AquaDolphin","theDuelist:ArmedDragon3","theDuelist:MiraculousDescent"],"picked":"theDuelist:BerserkerSoul+1","floor":37},{"not_picked":["theDuelist:VeilDarkness+1","theDuelist:TyrantWing","theDuelist:DragonShield+2","theDuelist:DragonCaptureJar","theDuelist:DefenseZone+1"],"picked":"SKIP","floor":38},{"not_picked":["theDuelist:SurvivalFittest","theDuelist:BusterBladerDDS","theDuelist:BlueDuston+1","theDuelist:BlasterDragonInfernos","theDuelist:BSkullDragon"],"picked":"SKIP","floor":39},{"not_picked":["Deep Breath+1","Discovery+1","Mayhem","Transmutation+1"],"picked":"SKIP","floor":41},{"not_picked":["theDuelist:Earthquake","theDuelist:CyberRevsystem+1","theDuelist:SystemDown","theDuelist:SilverWing+1","theDuelist:HymnOfLight+1"],"picked":"SKIP","floor":42},{"not_picked":["theDuelist:Hinotama","theDuelist:LightningDarts","theDuelist:RainbowOverdragon","theDuelist:SmashingGround"],"picked":"theDuelist:Raigeki+1","floor":44},{"not_picked":["theDuelist:Kabazauls","theDuelist:Hydrogeddon+1","theDuelist:LordD+1","theDuelist:CyberDragonCore"],"picked":"theDuelist:SnowDragon+1","floor":48},{"not_picked":["theDuelist:ScrapIronScarecrow+1","theDuelist:GoldSarcophagus+1","theDuelist:CyberEltanin+1","theDuelist:AmuletDragon+1","theDuelist:Dracocension+1"],"picked":"SKIP","floor":54}],"player_experience":28724,"relics_obtained":[{"floor":7,"key":"War Paint"},{"floor":11,"key":"theDuelist:DuelistLetterOpener"},{"floor":17,"key":"theDuelist:MonsterEggRelic"},{"floor":17,"key":"StoneCalendar"},{"floor":17,"key":"Ancient Tea Set"},{"floor":19,"key":"theDuelist:ElectricToken"},{"floor":19,"key":"Lizard Tail"},{"floor":19,"key":"Bird Faced Urn"},{"floor":23,"key":"Matryoshka"},{"floor":26,"key":"MawBank"},{"floor":26,"key":"Incense Burner"},{"floor":41,"key":"Darkstone Periapt"},{"floor":43,"key":"Oddly Smooth Stone"},{"floor":43,"key":"Gremlin Horn"},{"floor":44,"key":"Bronze Scales"},{"floor":54,"key":"theDuelist:MetronomeRelicB"}],"event_choices":[{"damage_healed":0,"gold_gain":0,"player_choice":"Leave","duelist":true,"damage_taken":0,"max_hp_gain":0,"max_hp_loss":0,"event_name":"Relic Duplicator","floor":2,"gold_loss":0},{"power_reward":2,"total_magic_score":44,"gold_gain":0,"duelist":true,"damage_taken":0,"relics_obtained":["theDuelist:NamelessPowerRelicA"],"points":5,"max_hp_gain":0,"max_hp_loss":0,"spent_points":{"magic":2,"greed":0,"war":0,"power":2,"hunger":1},"event_name":"Nameless Tomb","floor":4,"gold_loss":63,"cards_obtained":[]},{"damage_healed":0,"gold_gain":0,"player_choice":"Take Damage","damage_taken":22,"relics_obtained":["Golden Idol"],"max_hp_gain":0,"max_hp_loss":0,"event_name":"Golden Idol","floor":12,"gold_loss":0},{"power_reward":4,"total_magic_score":67,"gold_gain":0,"duelist":true,"damage_taken":0,"relics_obtained":[],"points":18,"max_hp_gain":8,"max_hp_loss":0,"spent_points":{"magic":4,"greed":0,"war":0,"power":4,"hunger":4},"event_name":"Nameless Tomb","hunger_reward":4,"floor":14,"gold_loss":0,"magic_reward":4,"cards_obtained":["theDuelist:Nameless:Power:KamionTimelord","theDuelist:Nameless:Magic:YamiForm"]},{"damage_healed":0,"gold_gain":0,"player_choice":"Fight","duelist":true,"damage_taken":0,"max_hp_gain":0,"max_hp_loss":0,"event_name":"Battle City","floor":19,"gold_loss":0},{"damage_healed":0,"gold_gain":0,"player_choice":"Memory 1","damage_taken":0,"max_hp_gain":0,"max_hp_loss":0,"event_name":"SensoryStone","floor":37,"gold_loss":0},{"damage_healed":0,"gold_gain":0,"player_choice":"Max HP","damage_taken":0,"max_hp_gain":0,"max_hp_loss":5,"event_name":"Winding Halls","floor":46,"gold_loss":0}],"is_beta":false,"boss_relics":[{"not_picked":["Runic Dome","Ectoplasm"],"picked":"Calling Bell"},{"not_picked":["Fusion Hammer","Tiny House"],"picked":"SlaversCollar"}],"items_purged_floors":[53],"is_endless":false,"potions_floor_spawned":[1,8,16,21,22,23,33,35,41,44,48,54],"ascension_level":0}}