{"host":"jn2qdns2nxijvlnt","time":1608938360,"event":{"mods":["BaseMod","Minty Spire (QoL Compilation)","Quick Restart"],"gold_per_floor":[115,115,3,3,14,14,43,53,80,150,170,182,257,307,307,383,383,340,390,390,402,402,402,427,427,498,81,81,81,81,106,106,182,182,194,212,212,232,232,232,0,0,55,66,78,78,93,120,120,120,120],"floor_reached":50,"playtime":2591,"items_purged":[],"score":1027,"play_id":"fea8d0a4-6647-4604-87a0-e7435c3ff515","local_time":"20201225181920","is_ascension_mode":true,"campfire_choices":[{"data":"Bash","floor":6.0,"key":"SMITH"},{"data":"Perfected Strike","floor":15.0,"key":"SMITH"},{"floor":23.0,"key":"REST"},{"floor":25.0,"key":"REST"},{"floor":30.0,"key":"REST"},{"floor":32.0,"key":"REST"},{"floor":40.0,"key":"REST"},{"floor":42.0,"key":"REST"},{"floor":49.0,"key":"REST"}],"circlet_count":0,"master_deck":["AscendersBane","Strike_R","Strike_R","Strike_R","Strike_R","Strike_R","Defend_R","Defend_R","Defend_R","Bash+1","Shrug It Off+1","Armaments+1","Shockwave+1","Perfected Strike+1","Flex+1","Limit Break+1","Exhume+1","Uppercut","Twin Strike","Immolate","Heavy Blade","Sadistic Nature","Feed","Twin Strike+1"],"relics":["Burning Blood","NeowsBlessing","Toxic Egg 2","White Beast Statue","Smiling Mask","Toy Ornithopter","Mark of Pain","MutagenicStrength","Red Skull","Mercury Hourglass","Tiny Chest","Dream Catcher","SlaversCollar","Darkstone Periapt","Red Mask","Blood Vial","Lantern"],"acts_visited":["Exordium","TheCity","TheBeyond"],"potions_floor_usage":[50,50],"damage_taken":[{"damage":0.0,"enemies":"Jaw Worm","floor":1.0,"turns":1.0},{"damage":0.0,"enemies":"Cultist","floor":5.0,"turns":1.0},{"damage":0.0,"enemies":"Gremlin Nob","floor":7.0,"turns":1.0},{"damage":0.0,"enemies":"Small Slimes","floor":8.0,"turns":3.0},{"damage":4.0,"enemies":"2 Fungi Beasts","floor":11.0,"turns":4.0},{"damage":24.0,"enemies":"3 Louse","floor":12.0,"turns":3.0},{"damage":18.0,"enemies":"The Guardian","floor":16.0,"turns":8.0},{"damage":27.0,"enemies":"2 Thieves","floor":18.0,"turns":5.0},{"damage":19.0,"enemies":"Shell Parasite","floor":21.0,"turns":7.0},{"damage":58.0,"enemies":"Gremlin Leader","floor":24.0,"turns":8.0},{"damage":16.0,"enemies":"Book of Stabbing","floor":31.0,"turns":3.0},{"damage":48.0,"enemies":"Automaton","floor":33.0,"turns":8.0},{"damage":20.0,"enemies":"3 Darklings","floor":35.0,"turns":3.0},{"damage":30.0,"enemies":"Orb Walker","floor":36.0,"turns":5.0},{"damage":30.0,"enemies":"Writhing Mass","floor":38.0,"turns":5.0},{"damage":38.0,"enemies":"Transient","floor":44.0,"turns":6.0},{"damage":45.0,"enemies":"Spire Growth","floor":45.0,"turns":4.0},{"damage":42.0,"enemies":"3 Darklings","floor":47.0,"turns":7.0},{"damage":69,"enemies":"Time Eater","floor":50,"turns":7}],"seed_played":"2126425852692948255","potions_obtained":[{"floor":5.0,"key":"SkillPotion"},{"floor":7.0,"key":"BloodPotion"},{"floor":8.0,"key":"FearPotion"},{"floor":11.0,"key":"EntropicBrew"},{"floor":12.0,"key":"Weak Potion"},{"floor":16.0,"key":"CultistPotion"},{"floor":18.0,"key":"Dexterity Potion"},{"floor":21.0,"key":"SpeedPotion"},{"floor":24.0,"key":"SkillPotion"},{"floor":31.0,"key":"SneckoOil"},{"floor":33.0,"key":"BlessingOfTheForge"},{"floor":35.0,"key":"LiquidBronze"},{"floor":36.0,"key":"SkillPotion"},{"floor":38.0,"key":"Energy Potion"},{"floor":44.0,"key":"BlessingOfTheForge"},{"floor":45.0,"key":"Dexterity Potion"},{"floor":47.0,"key":"ColorlessPotion"}],"is_trial":false,"path_per_floor":["M","?","$","T","M","R","E","M","T","?","M","M","?","?","R","B",null,"M","?","?","M","?","R","E","R","T","$","?","$","R","E","R","B",null,"M","M","?","M","T","R","?","R","T","M","M","?","M","T","R","B"],"character_chosen":"IRONCLAD","items_purchased":["SkillPotion","Shrug It Off+1","Tiny Chest","Heavy Blade","Sadistic Nature"],"campfire_rested":7,"item_purchase_floors":[3,3,27,27,27],"current_hp_per_floor":[74,74,74,74,75,75,75,75,75,75,75,73,62,62,62,55,70,54,54,54,46,46,68,21,43,43,43,43,43,65,60,75,33,65,56,40,40,25,25,49,49,73,73,48,16,67,34,34,55,0,0],"gold":120,"neow_bonus":"THREE_ENEMY_KILL","is_daily":false,"chose_seed":false,"campfire_upgraded":2,"win_rate":0.0,"timestamp":1608938360,"path_taken":["M","?","$","?","M","R","E","M","T","?","M","M","?","?","R","BOSS","M","?","?","M","?","R","E","R","T","$","?","$","R","E","R","BOSS","M","?","?","M","?","R","?","R","T","?","M","?","M","?","R","BOSS"],"items_purchased_type":["Potion","Card","Relic","Card","Card"],"build_version":"2020-12-22","purchased_purges":0,"victory":false,"max_hp_per_floor":[75,75,75,75,75,75,75,75,75,75,75,75,75,75,75,75,75,75,75,75,75,75,75,75,75,75,75,75,75,75,75,75,75,75,75,78,78,82,82,82,82,82,82,82,82,67,70,70,70,70,70],"card_choices":[{"not_picked":["Clash","Iron Wave"],"picked":"Rage","floor":1.0},{"not_picked":["Clothesline","Dark Embrace"],"picked":"Armaments+1","floor":5.0},{"not_picked":["True Grit+1","Cleave"],"picked":"Shockwave+1","floor":7.0},{"not_picked":["Pommel Strike","Headbutt"],"picked":"Perfected Strike","floor":8.0},{"not_picked":["Wild Strike","Carnage"],"picked":"Flex+1","floor":11.0},{"not_picked":["Rage+1","Clash"],"picked":"Limit Break+1","floor":12.0},{"not_picked":["Double Tap+1","Feed"],"picked":"Exhume+1","floor":16.0},{"not_picked":["Clothesline","Wild Strike"],"picked":"Uppercut","floor":18.0},{"not_picked":["Shrug It Off+1","Sword Boomerang"],"picked":"Twin Strike","floor":21.0},{"not_picked":["Seeing Red+1","Whirlwind"],"picked":"Immolate","floor":24.0},{"not_picked":["Heavy Blade","Sentinel+1","Havoc+1"],"picked":"SKIP","floor":31.0},{"not_picked":["Immolate","Fiend Fire"],"picked":"Feed","floor":33.0},{"not_picked":["Flex+1","Wild Strike","Heavy Blade"],"picked":"SKIP","floor":35.0},{"not_picked":["Flex+1","Iron Wave","True Grit+1"],"picked":"SKIP","floor":36.0},{"not_picked":["Armaments+1","Thunderclap","Fire Breathing+1"],"picked":"SKIP","floor":38.0},{"not_picked":["Whirlwind","Headbutt","Iron Wave"],"picked":"SKIP","floor":44.0},{"not_picked":["Clash","Blood for Blood","Exhume+1"],"picked":"SKIP","floor":45.0},{"not_picked":["Ghostly Armor+1","Cleave","Anger+1"],"picked":"SKIP","floor":47.0},{"not_picked":["Wild Strike","Body Slam+1"],"picked":"Twin Strike+1","floor":49.0}],"player_experience":441354,"relics_obtained":[{"floor":4.0,"key":"White Beast Statue"},{"floor":7.0,"key":"Smiling Mask"},{"floor":9.0,"key":"Toy Ornithopter"},{"floor":24.0,"key":"Red Skull"},{"floor":26.0,"key":"Mercury Hourglass"},{"floor":31.0,"key":"Dream Catcher"},{"floor":39.0,"key":"Darkstone Periapt"},{"floor":43.0,"key":"Blood Vial"},{"floor":48.0,"key":"Lantern"}],"event_choices":[{"cards_removed":["Rage"],"damage_healed":0.0,"max_hp_gain":0.0,"max_hp_loss":0.0,"gold_gain":0.0,"event_name":"WeMeetAgain","player_choice":"Gave Card","floor":2.0,"gold_loss":0.0,"damage_taken":0.0,"relics_obtained":["Toxic Egg 2"]},{"damage_healed":0.0,"max_hp_gain":0.0,"max_hp_loss":0.0,"gold_gain":70.0,"event_name":"Golden Wing","player_choice":"Gained Gold","floor":10.0,"gold_loss":0.0,"damage_taken":0.0},{"damage_healed":0.0,"max_hp_gain":0.0,"max_hp_loss":0.0,"gold_gain":75.0,"event_name":"World of Goop","player_choice":"Gather Gold","floor":13.0,"gold_loss":0.0,"damage_taken":11.0},{"damage_healed":0.0,"max_hp_gain":0.0,"max_hp_loss":0.0,"gold_gain":50.0,"event_name":"Golden Shrine","player_choice":"Pray","floor":14.0,"gold_loss":0.0,"damage_taken":0.0},{"damage_healed":0.0,"max_hp_gain":0.0,"max_hp_loss":0.0,"gold_gain":50.0,"event_name":"Nest","player_choice":"Stole From Cult","floor":19.0,"gold_loss":0.0,"damage_taken":0.0},{"damage_healed":0.0,"max_hp_gain":0.0,"max_hp_loss":0.0,"gold_gain":0.0,"event_name":"Drug Dealer","player_choice":"Inject Mutagens","floor":20.0,"gold_loss":0.0,"damage_taken":0.0,"relics_obtained":["MutagenicStrength"]},{"damage_healed":0.0,"max_hp_gain":0.0,"max_hp_loss":0.0,"gold_gain":0.0,"event_name":"Ghosts","player_choice":"Ignored","floor":22.0,"gold_loss":0.0,"damage_taken":0.0},{"damage_healed":0.0,"max_hp_gain":0.0,"max_hp_loss":0.0,"gold_gain":0.0,"event_name":"Purifier","player_choice":"Ignored","floor":28.0,"gold_loss":0.0,"damage_taken":0.0},{"cards_removed":["Defend_R"],"damage_healed":0.0,"max_hp_gain":0.0,"max_hp_loss":0.0,"gold_gain":0.0,"event_name":"Falling","player_choice":"Removed Skill","floor":37.0,"gold_loss":0.0,"damage_taken":0.0},{"damage_healed":0.0,"max_hp_gain":0.0,"max_hp_loss":0.0,"gold_gain":0.0,"event_name":"Tomb of Lord Red Mask","player_choice":"Paid","floor":41.0,"gold_loss":232.0,"damage_taken":0.0,"relics_obtained":["Red Mask"]},{"damage_healed":67.0,"max_hp_gain":0.0,"max_hp_loss":15.0,"gold_gain":0.0,"event_name":"The Moai Head","player_choice":"Heal","floor":46.0,"gold_loss":0.0,"damage_taken":0.0}],"is_beta":false,"boss_relics":[{"not_picked":["Pandora\u0027s Box","Runic Pyramid"],"picked":"Mark of Pain"},{"not_picked":["Coffee Dripper","SacredBark"],"picked":"SlaversCollar"}],"items_purged_floors":[],"is_endless":false,"potions_floor_spawned":[5,7,8,11,12,16,18,21,24,31,33,35,36,38,44,45,47],"killed_by":"Time Eater","ascension_level":20}}