{"host":"9vecvdjkx64cw9bo","time":1608882555,"event":{"mods":["BaseMod","Custom Start","Keyboard Shortcuts","Minty Spire (QoL Compilation)","Quick Restart","StSLib","SuperFastMode"],"gold_per_floor":[109,109,34,34,50,85,85,85,108,120,130,150,150,179,179,251,251,267,267,267,285,299,299,299],"floor_reached":23,"playtime":395,"items_purged":["Strike_B"],"score":452,"play_id":"be1a061a-4daf-4377-b4b7-63fb0d276288","local_time":"20201225164915","is_ascension_mode":true,"campfire_choices":[{"data":"Zap","floor":8.0,"key":"SMITH"},{"data":"Dualcast","floor":13.0,"key":"SMITH"},{"data":"Fusion","floor":15.0,"key":"SMITH"}],"circlet_count":0,"master_deck":["AscendersBane","Defend_B","Defend_B+1","Zap+1","Dualcast+1","Ball Lightning+1","Lockon","Doom and Gloom","Self Repair","Compile Driver","Glacier","Fusion+1","Reboot","Storm","Turbo","Rip and Tear","Coolheaded","Hologram"],"relics":["Cracked Core","NeowsBlessing","Bronze Scales","Centennial Puzzle","Calipers","Philosopher\u0027s Stone"],"acts_visited":["Exordium","TheCity"],"potions_floor_usage":[21,23,23],"damage_taken":[{"damage":0.0,"enemies":"Small Slimes","floor":1.0,"turns":1.0},{"damage":0.0,"enemies":"2 Louse","floor":5.0,"turns":1.0},{"damage":0.0,"enemies":"Gremlin Nob","floor":6.0,"turns":1.0},{"damage":0.0,"enemies":"Cultist","floor":10.0,"turns":2.0},{"damage":1.0,"enemies":"Red Slaver","floor":11.0,"turns":2.0},{"damage":3.0,"enemies":"Large Slime","floor":12.0,"turns":4.0},{"damage":16.0,"enemies":"Lagavulin","floor":14.0,"turns":5.0},{"damage":21.0,"enemies":"The Guardian","floor":16.0,"turns":8.0},{"damage":13.0,"enemies":"3 Byrds","floor":18.0,"turns":2.0},{"damage":17,"enemies":"Shell Parasite","floor":21,"turns":2},{"damage":22,"enemies":"Snake Plant","floor":22,"turns":2},{"damage":19,"enemies":"Book of Stabbing","floor":23,"turns":2}],"seed_played":"-1588799639648207072","potions_obtained":[{"floor":5.0,"key":"LiquidMemories"},{"floor":11.0,"key":"Block Potion"},{"floor":21,"key":"AttackPotion"}],"is_trial":false,"path_per_floor":["M","?","$","?","M","E","?","R","T","M","M","M","R","E","R","B",null,"M","?","?","M","M","E"],"character_chosen":"DEFECT","items_purchased":[],"campfire_rested":0,"item_purchase_floors":[],"current_hp_per_floor":[64,64,64,43,43,43,36,36,36,36,35,39,39,30,30,16,57,44,44,44,34,19,0,0],"gold":299,"neow_bonus":"THREE_ENEMY_KILL","is_daily":false,"chose_seed":false,"campfire_upgraded":3,"win_rate":0.0,"timestamp":1608882555,"path_taken":["M","?","$","?","M","E","?","R","T","M","M","M","R","E","R","BOSS","M","?","?","?","M","E"],"items_purchased_type":[],"build_version":"2020-12-22","purchased_purges":1,"victory":false,"max_hp_per_floor":[71,71,71,71,71,71,71,71,71,71,71,71,71,71,71,71,71,71,71,71,71,71,71,71],"card_choices":[{"not_picked":["Scrape","Static Discharge"],"picked":"Ball Lightning","floor":1.0},{"not_picked":["Gash","Rebound"],"picked":"Doom and Gloom","floor":5.0},{"not_picked":["Conserve Battery","Gash"],"picked":"Self Repair","floor":6.0},{"not_picked":["Leap","Hologram"],"picked":"Compile Driver","floor":10.0},{"not_picked":["Hello World","Ball Lightning"],"picked":"Glacier","floor":11.0},{"not_picked":["Rebound","Compile Driver","Go for the Eyes"],"picked":"SKIP","floor":12.0},{"not_picked":["Turbo","Core Surge"],"picked":"Fusion","floor":14.0},{"not_picked":["Rainbow","Echo Form"],"picked":"Reboot","floor":16.0},{"not_picked":["Rebound","Steam+1","Leap"],"picked":"SKIP","floor":18.0},{"not_picked":["Storm","Recycle"],"picked":"Coolheaded","floor":21},{"not_picked":["Darkness","Gash"],"picked":"Hologram","floor":22}],"player_experience":773681,"relics_obtained":[{"floor":6.0,"key":"Bronze Scales"},{"floor":9.0,"key":"Centennial Puzzle"},{"floor":14.0,"key":"Calipers"}],"event_choices":[{"damage_healed":0.0,"max_hp_gain":0.0,"max_hp_loss":0.0,"gold_gain":0.0,"cards_transformed":["Strike_B"],"event_name":"Living Wall","player_choice":"Change","floor":2.0,"gold_loss":0.0,"damage_taken":0.0,"cards_obtained":["Lockon"]},{"damage_healed":0.0,"max_hp_gain":0.0,"max_hp_loss":0.0,"gold_gain":0.0,"event_name":"Shining Light","player_choice":"Entered Light","floor":4.0,"gold_loss":0.0,"damage_taken":21.0,"cards_upgraded":["Ball Lightning","Defend_B"]},{"cards_removed":["Defend_B"],"damage_healed":0.0,"max_hp_gain":0.0,"max_hp_loss":0.0,"gold_gain":0.0,"event_name":"Golden Wing","player_choice":"Card Removal","floor":7.0,"gold_loss":0.0,"damage_taken":7.0},{"damage_healed":0.0,"max_hp_gain":0.0,"max_hp_loss":0.0,"gold_gain":0.0,"cards_transformed":["Defend_B","Strike_B"],"event_name":"Drug Dealer","player_choice":"Became Test Subject","floor":19.0,"gold_loss":0.0,"damage_taken":0.0,"cards_obtained":["Storm","Turbo"]},{"damage_healed":0.0,"max_hp_gain":0.0,"max_hp_loss":0.0,"gold_gain":0.0,"cards_transformed":["Strike_B"],"event_name":"Transmorgrifier","player_choice":"Transformed","floor":20.0,"gold_loss":0.0,"damage_taken":0.0,"cards_obtained":["Rip and Tear"]}],"is_beta":false,"boss_relics":[{"not_picked":["Ectoplasm","Fusion Hammer"],"picked":"Philosopher\u0027s Stone"}],"items_purged_floors":[3],"is_endless":false,"potions_floor_spawned":[5,11,12,14,21,22],"killed_by":"Book of Stabbing","ascension_level":20}}