{"host":"sabve5zmqufxyc5o","time":1608868285,"event":{"mods":["2.2 Compatiblity","AchievementEnabler","Act Like it!","BaseMod","Block Reminder","Colored Map","Colored Powertips","DeckTracker","KOR Keyword Fix","Keyboard Shortcuts","Minty Spire (QoL Compilation)","Quick Restart","Rare Cards Sparkle","Relic Stats","StSLib","SuperFastMode"],"gold_per_floor":[109,125,137,150,170,170,182,217,241,267,279,297,297,59,59,130,130,141,157,167,167,167,167,167,179,179,179,179,64,75,106,106,106,106],"floor_reached":33,"playtime":896,"items_purged":["Defend_B","Defend_B"],"score":627,"play_id":"45db91cc-2b9c-480e-976d-b7f7b60b2423","local_time":"20201225125125","is_ascension_mode":true,"campfire_choices":[{"floor":6.0,"key":"REST"},{"data":"Chill","floor":13.0,"key":"SMITH"},{"floor":15.0,"key":"REST"},{"floor":23.0,"key":"REST"},{"data":"Fusion","floor":28.0,"key":"SMITH"},{"data":"Coolheaded","floor":32,"key":"SMITH"}],"circlet_count":0,"master_deck":["AscendersBane","Defend_B","Defend_B","Zap","Dualcast","Cold Snap","Ball Lightning","Gash","Cold Snap","Coolheaded","Chill+1","Go for the Eyes","Self Repair","Compile Driver","Turbo","Blizzard","Reboot","Turbo","Capacitor+1","Sweeping Beam","Bite","Bite","Bite","Bite","Bite","FTL","Fusion+1","Compile Driver","Aggregate","Go for the Eyes","Coolheaded+1","Ball Lightning"],"relics":["FrozenCore","Orichalcum","Potion Belt","Dream Catcher","Membership Card","StrikeDummy","Regal Pillow"],"acts_visited":["Exordium","TheCity"],"potions_floor_usage":[],"damage_taken":[{"damage":2.0,"enemies":"Cultist","floor":1.0,"turns":4.0},{"damage":12.0,"enemies":"Jaw Worm","floor":2.0,"turns":3.0},{"damage":7.0,"enemies":"2 Louse","floor":3.0,"turns":3.0},{"damage":7.0,"enemies":"Blue Slaver","floor":4.0,"turns":3.0},{"damage":7.0,"enemies":"3 Louse","floor":5.0,"turns":3.0},{"damage":3.0,"enemies":"Exordium Thugs","floor":7.0,"turns":4.0},{"damage":6.0,"enemies":"Gremlin Nob","floor":8.0,"turns":3.0},{"damage":4.0,"enemies":"3 Sentries","floor":10.0,"turns":7.0},{"damage":0.0,"enemies":"Exordium Wildlife","floor":11.0,"turns":3.0},{"damage":4.0,"enemies":"3 Louse","floor":12.0,"turns":3.0},{"damage":50.0,"enemies":"Slime Boss","floor":16.0,"turns":14.0},{"damage":17.0,"enemies":"Shell Parasite","floor":18.0,"turns":9.0},{"damage":18.0,"enemies":"Spheric Guardian","floor":19.0,"turns":4.0},{"damage":29.0,"enemies":"Cultist and Chosen","floor":20.0,"turns":7.0},{"damage":8.0,"enemies":"Centurion and Healer","floor":25.0,"turns":9.0},{"damage":0.0,"enemies":"Book of Stabbing","floor":27.0,"turns":1.0},{"damage":31.0,"enemies":"Snake Plant","floor":30.0,"turns":7.0},{"damage":12.0,"enemies":"Gremlin Leader","floor":31.0,"turns":9.0},{"damage":104,"enemies":"Champ","floor":33,"turns":17}],"seed_played":"8534947315224572477","potions_obtained":[{"floor":1.0,"key":"SkillPotion"},{"floor":4.0,"key":"SpeedPotion"},{"floor":5.0,"key":"SkillPotion"},{"floor":11.0,"key":"BlessingOfTheForge"},{"floor":16.0,"key":"Explosive Potion"},{"floor":20.0,"key":"SmokeBomb"}],"is_trial":false,"path_per_floor":["M","M","M","M","M","R","M","E","T","E","M","M","R","$","R","B",null,"M","M","M","?","?","R","?","M","T","E","R","$","M","E","R","B"],"character_chosen":"DEFECT","items_purchased":["Membership Card","Turbo","Aggregate","Go for the Eyes"],"campfire_rested":3,"item_purchase_floors":[14,14,29,29],"current_hp_per_floor":[69,57,50,43,36,59,56,50,50,46,46,49,49,49,72,29,66,56,45,23,23,23,39,39,54,54,54,54,54,44,54,54,0,0],"gold":106,"neow_bonus":"TEN_PERCENT_HP_BONUS","is_daily":false,"chose_seed":false,"campfire_upgraded":3,"win_rate":0.0,"timestamp":1608868285,"path_taken":["M","M","M","M","M","R","M","E","T","E","M","M","R","$","R","BOSS","M","?","M","?","?","R","?","M","T","E","R","?","M","E","R","BOSS"],"items_purchased_type":["Relic","Card","Card","Card"],"build_version":"2020-12-22","purchased_purges":2,"victory":false,"max_hp_per_floor":[78,78,78,78,78,78,78,78,78,78,78,78,78,78,78,78,78,78,78,78,78,54,54,54,54,54,54,54,54,54,54,54,54,54],"relic_stats":{"Dream Catcher":2,"Regal Pillow":0,"counters":[19,113],"Orichalcum":[216],"obtain_stats":[{"Potion Belt":9,"Dream Catcher":10,"Regal Pillow":31,"Membership Card":14,"Orichalcum":8,"Cracked Core":0,"StrikeDummy":26,"FrozenCore":17},{"Potion Belt":7,"Dream Catcher":8,"Regal Pillow":18,"Membership Card":10,"Orichalcum":7,"Cracked Core":0,"StrikeDummy":15,"FrozenCore":11},{"Potion Belt":23,"Dream Catcher":30,"Regal Pillow":96,"Membership Card":36,"Orichalcum":23,"Cracked Core":0,"StrikeDummy":79,"FrozenCore":50}],"FrozenCore":[13]},"card_choices":[{"not_picked":["Lockon","Coolheaded"],"picked":"Cold Snap","floor":1.0},{"not_picked":["Glacier","Cold Snap"],"picked":"Ball Lightning","floor":2.0},{"not_picked":["Leap","Melter"],"picked":"Gash","floor":3.0},{"not_picked":["Redo","Blizzard"],"picked":"Cold Snap","floor":4.0},{"not_picked":["Steam","Sweeping Beam"],"picked":"Coolheaded","floor":5.0},{"not_picked":["Auto Shields","Redo","Force Field"],"picked":"SKIP","floor":7.0},{"not_picked":["Streamline","Conserve Battery"],"picked":"Chill","floor":8.0},{"not_picked":["Leap","Reboot"],"picked":"Go for the Eyes","floor":10.0},{"not_picked":["Streamline","Static Discharge"],"picked":"Self Repair","floor":11.0},{"not_picked":["Consume","Rebound"],"picked":"Compile Driver","floor":12.0},{"not_picked":["Beam Cell","Undo"],"picked":"Blizzard","floor":15.0},{"not_picked":["Buffer","Multi-Cast"],"picked":"Reboot","floor":16.0},{"not_picked":["Doom and Gloom","Lockon"],"picked":"Turbo","floor":18.0},{"not_picked":["Redo","Sweeping Beam"],"picked":"Capacitor+1","floor":19.0},{"not_picked":["White Noise","Blizzard"],"picked":"Sweeping Beam","floor":20.0},{"not_picked":["Leap","Redo"],"picked":"FTL","floor":23.0},{"not_picked":["Gash","Skim+1"],"picked":"Compile Driver","floor":25.0},{"not_picked":["Redo","FTL"],"picked":"Coolheaded","floor":30.0},{"not_picked":["Genetic Algorithm","BootSequence"],"picked":"Ball Lightning","floor":31}],"player_experience":805035,"relics_obtained":[{"floor":8.0,"key":"Orichalcum"},{"floor":9.0,"key":"Potion Belt"},{"floor":10.0,"key":"Dream Catcher"},{"floor":26.0,"key":"StrikeDummy"},{"floor":31,"key":"Regal Pillow"}],"event_choices":[{"damage_healed":0.0,"max_hp_gain":0.0,"max_hp_loss":0.0,"gold_gain":0.0,"event_name":"Cursed Tome","player_choice":"Ignored","floor":21.0,"gold_loss":0.0,"damage_taken":0.0},{"damage_healed":0.0,"max_hp_gain":0.0,"max_hp_loss":24.0,"gold_gain":0.0,"event_name":"Vampires","player_choice":"Became a vampire","floor":22.0,"gold_loss":0.0,"damage_taken":0.0,"cards_obtained":["Bite","Bite","Bite","Bite","Bite"]},{"damage_healed":0.0,"max_hp_gain":0.0,"max_hp_loss":0.0,"gold_gain":0.0,"event_name":"The Library","player_choice":"Read","floor":24.0,"gold_loss":0.0,"damage_taken":0.0,"cards_obtained":["Fusion"]}],"is_beta":false,"boss_relics":[{"not_picked":["Empty Cage","Inserter"],"picked":"FrozenCore"}],"items_purged_floors":[14,29],"is_endless":false,"potions_floor_spawned":[1,4,5,11,16,20,27],"killed_by":"Champ","ascension_level":20}}