{"host":"2461dio7vetlq1z3","time":1608893660,"event":{"mods":["2.2 Compatiblity","AchievementEnabler","Aspiration","BaseMod","Better Third Choice","Hermit","Minty Spire (QoL Compilation)","Relic Stats","Spicy Shops","StSLib","The Runesmith","Waifu the Spire"],"gold_per_floor":[118,118,29,29,29,29,61,77,101,131,165,175,210,229,229,303,303,322,322,83,83,32,32,32,32],"floor_reached":24,"playtime":1103,"items_purged":["Injury"],"score":440,"play_id":"0e2f3086-7594-46ad-9c9d-5d72ab90fe51","local_time":"20201225115420","is_ascension_mode":true,"campfire_choices":[{"data":"Streamline","floor":6,"key":"SMITH"},{"data":"Chaos","floor":15,"key":"SMITH"},{"data":"Prostrate","floor":23,"key":"SMITH"}],"circlet_count":0,"master_deck":["AscendersBane","Strike_B","Strike_B","Defend_B","Defend_B","Zap","Dualcast","Undo+1","Fission+1","Steam+1","Chaos+1","Coolheaded","Streamline+1","Machine Learning+1","Streamline","Go for the Eyes","Go for the Eyes","Loop+1","Chill","Creative AI+1","Prostrate+1","Ball Lightning"],"relics":["Astrolabe","Frozen Egg 2","CultistMask","WingedGreaves","Orichalcum","Nunchaku","Strawberry","aspiration:EnhancedActuators","aspiration:WatcherSkillbook","Anchor","aspiration:Lifesprig"],"acts_visited":["Exordium","TheCity"],"potions_floor_usage":[10,13,16,16],"damage_taken":[{"damage":2,"enemies":"2 Louse","floor":1,"turns":3},{"damage":7,"enemies":"Lagavulin","floor":7,"turns":6},{"damage":19,"enemies":"Small Slimes","floor":8,"turns":3},{"damage":8,"enemies":"3 Sentries","floor":10,"turns":8},{"damage":6,"enemies":"Lagavulin","floor":11,"turns":6},{"damage":0,"enemies":"Cultist","floor":12,"turns":3},{"damage":8,"enemies":"3 Sentries","floor":13,"turns":5},{"damage":8,"enemies":"Exordium Thugs","floor":14,"turns":4},{"damage":12,"enemies":"The Guardian","floor":16,"turns":10},{"damage":11,"enemies":"Shell Parasite","floor":18,"turns":3},{"damage":48,"enemies":"Gremlin Leader","floor":24,"turns":7}],"seed_played":"-2680935687601068420","potions_obtained":[{"floor":7,"key":"BlessingOfTheForge"},{"floor":10,"key":"Strength Potion"},{"floor":11,"key":"Fire Potion"},{"floor":13,"key":"Weak Potion"},{"floor":18,"key":"EssenceOfSteel"},{"floor":19,"key":"Block Potion"}],"is_trial":false,"path_per_floor":["M","?","$","?","?","R","E","M","T","E","E","M","E","M","R","B",null,"M","?","$","T","$","R","E"],"character_chosen":"DEFECT","items_purchased":["Streamline","Anchor","Ball Lightning"],"campfire_rested":0,"item_purchase_floors":[3,20,22],"current_hp_per_floor":[62,62,62,62,62,62,55,36,36,28,29,29,21,13,13,1,59,48,48,48,48,48,48,0,0],"gold":32,"neow_bonus":"BOSS_RELIC","is_daily":false,"chose_seed":false,"campfire_upgraded":3,"win_rate":0.0,"timestamp":1608893660,"path_taken":["M","?","$","?","?","R","E","M","T","E","E","M","E","M","R","BOSS","M","?","$","?","?","R","E"],"items_purchased_type":["Card","Relic","Card"],"build_version":"2020-12-22","purchased_purges":1,"victory":false,"max_hp_per_floor":[71,71,71,71,71,71,71,71,71,71,78,78,78,78,78,78,78,78,78,78,78,78,78,78,78],"relic_stats":{"Nunchaku":[6],"counters":[11,58],"Astrolabe":["Undo","Fission","Steam"],"Orichalcum":[102],"obtain_stats":[{"Nunchaku":10,"Anchor":20,"aspiration:Lifesprig":21,"aspiration:EnhancedActuators":13,"Astrolabe":0,"Strawberry":11,"aspiration:WatcherSkillbook":17,"CultistMask":5,"WingedGreaves":7,"Frozen Egg 2":4,"Orichalcum":9,"Cracked Core":0},{"Nunchaku":4,"Anchor":10,"aspiration:Lifesprig":10,"aspiration:EnhancedActuators":7,"Astrolabe":0,"Strawberry":5,"aspiration:WatcherSkillbook":9,"CultistMask":1,"WingedGreaves":2,"Frozen Egg 2":1,"Orichalcum":3,"Cracked Core":0},{"Nunchaku":20,"Anchor":51,"aspiration:Lifesprig":51,"aspiration:EnhancedActuators":34,"Astrolabe":0,"Strawberry":26,"aspiration:WatcherSkillbook":48,"CultistMask":3,"WingedGreaves":9,"Frozen Egg 2":3,"Orichalcum":12,"Cracked Core":0}]},"card_choices":[{"not_picked":["Redo","Steam"],"picked":"Chaos","floor":1},{"not_picked":["Capacitor+1","Gash"],"picked":"Machine Learning+1","floor":7},{"not_picked":["Steam Power","Sunder"],"picked":"Streamline","floor":8},{"not_picked":["Consume","Undo"],"picked":"Go for the Eyes","floor":10},{"not_picked":["Multi-Cast","Thunder Strike"],"picked":"Go for the Eyes","floor":11},{"not_picked":["Barrage","Stack"],"picked":"Loop+1","floor":12},{"not_picked":["Beam Cell","Thunder Strike"],"picked":"Chill","floor":13},{"not_picked":["Sweeping Beam","Double Energy","Leap"],"picked":"SKIP","floor":14},{"not_picked":["Electrodynamics+1","Fission"],"picked":"Creative AI+1","floor":16},{"not_picked":["ForeignInfluence","Hologram","Cold Snap"],"picked":"Prostrate","floor":18}],"player_experience":923097,"relics_obtained":[{"floor":7,"key":"WingedGreaves"},{"floor":9,"key":"Orichalcum"},{"floor":10,"key":"Nunchaku"},{"floor":11,"key":"Strawberry"},{"floor":13,"key":"aspiration:EnhancedActuators"},{"floor":21,"key":"aspiration:Lifesprig"}],"event_choices":[{"damage_healed":0,"gold_gain":0,"cards_transformed":["Defend_B"],"player_choice":"Change","damage_taken":0,"max_hp_gain":0,"max_hp_loss":0,"event_name":"Living Wall","floor":2,"gold_loss":0,"cards_obtained":["Coolheaded"]},{"damage_healed":0,"gold_gain":0,"player_choice":"Trade","damage_taken":0,"relics_obtained":["CultistMask"],"max_hp_gain":0,"max_hp_loss":0,"event_name":"FaceTrader","floor":5,"gold_loss":0},{"damage_healed":0,"gold_gain":0,"player_choice":"Got Potions","damage_taken":0,"max_hp_gain":0,"max_hp_loss":0,"event_name":"Lab","floor":19,"gold_loss":0}],"is_beta":false,"boss_relics":[{"not_picked":["Tiny House","aspiration:RunicSpoon"],"picked":"aspiration:WatcherSkillbook"}],"items_purged_floors":[20],"is_endless":false,"potions_floor_spawned":[7,10,11,12,13,18],"killed_by":"Gremlin Leader","ascension_level":20}}