{"host":"81h68oe4mr04pk3r","time":1608894015,"event":{"mods":["Act Like it!","Aspiration","BaseMod","BetterRewards","Colored Map","Colored Powertips","Conspire","Downfall","Hermit","Hubris","Infinite Spire","Jorbs\u0027s Wanderer Trilogy","Koishi","Lobotomy","LobotomyExtend","Marisa????????","Minty Spire (QoL Compilation)","Quick Restart","Reimu??????","Remilia??????","Replay The Spire","StSLib","The Bug Knight","The Construct","The Cursed","The Disciple","The Servant 0.9.4"],"gold_per_floor":[110,130,130,146,146,176,176,187,187,187,57,57,76,86,86,187,187,205,205,225,225,239,239,154,174,174,32,32,32,32,32,32,136,136,148,21,21,21,34,34,34,34],"floor_reached":41,"playtime":1535,"items_purged":["HollowMod:QuirrelsAssistance"],"score":389,"play_id":"a002d32d-8ee9-4afa-ae73-ab9aed2b49c5","local_time":"20201225030015","is_ascension_mode":false,"campfire_choices":[{"floor":7,"key":"REST"},{"floor":15,"key":"REST"},{"floor":23,"key":"REST"},{"floor":28,"key":"REST"},{"floor":40,"key":"REST"}],"circlet_count":0,"master_deck":["HollowMod:NailStrikeStart","HollowMod:NailStrikeStart","HollowMod:NailStrikeStart","HollowMod:QuickDashStart","HollowMod:QuickDashStart","HollowMod:QuickDashStart","HollowMod:QuickDashStart","HollowMod:FocusHealStart","HollowMod:PogoStrike","HollowMod:FallenFury","HollowMod:ShadowDash","HollowMod:CycloneSlash","HollowMod:PureNailStrike","HollowMod:SoulStrike","HollowMod:HeavyBlow","HollowMod:WraithStrike","HollowMod:GrimmsGift","HollowMod:Weaversong","HollowMod:CornifersMapStart+1","infinitespire:Punishment","HollowMod:ChannelNail+1","HollowMod:RecoilStrike+1","HollowMod:DoubleDash","HollowMod:VengefulSpirit","HollowMod:BaldurShell+1","HollowMod:SoulMaster","HollowMod:SoulVessel","HollowMod:BlackTendrils","HollowMod:VengefulVoid","HollowMod:ShadowDash","HollowMod:DesolateDive"],"relics":["HollowMod:VesselMask","LetterFromLob","hubris:Towel","Ornamental Fan","conspire:DeflatedDodgeball","SacredBark","Du-Vu Doll","Nunchaku","Torii","hubris:Icosahedron"],"acts_visited":["Exordium","TheCity","TheBeyond"],"potions_floor_usage":[16,16,18,33,33],"damage_taken":[{"damage":3,"enemies":"Jaw Worm","floor":1,"turns":4},{"damage":0,"enemies":"2 Louse","floor":2,"turns":3},{"damage":7,"enemies":"Small Slimes","floor":4,"turns":3},{"damage":34,"enemies":"3 Sentries","floor":6,"turns":8},{"damage":5,"enemies":"Blue Slaver","floor":8,"turns":3},{"damage":12,"enemies":"Exordium Thugs","floor":13,"turns":5},{"damage":10,"enemies":"2 Fungi Beasts","floor":14,"turns":3},{"damage":52,"enemies":"Slime Boss","floor":16,"turns":13},{"damage":24,"enemies":"2 Thieves","floor":18,"turns":4},{"damage":27,"enemies":"Shell Parasite","floor":20,"turns":5},{"damage":28,"enemies":"Sentry and Sphere","floor":22,"turns":5},{"damage":0,"enemies":"Snecko","floor":25,"turns":3},{"damage":77,"enemies":"Champ","floor":33,"turns":9},{"damage":27,"enemies":"3 Darklings","floor":35,"turns":8},{"damage":38,"enemies":"3 Shapes","floor":39,"turns":8},{"damage":64,"enemies":"HollowMod:SlobberingHusk","floor":41,"turns":5}],"seed_played":"-1948603788034131957","potions_obtained":[{"floor":1,"key":"SkillPotion"},{"floor":4,"key":"EssenceOfSteel"},{"floor":8,"key":"Slimebound:ThreeZeroPotion"},{"floor":13,"key":"MagicPotion:ReiMu"},{"floor":22,"key":"Strength Potion"},{"floor":25,"key":"FearPotion"},{"floor":35,"key":"BlessingOfTheForge"}],"is_trial":false,"path_per_floor":["M","M","?","M","?","E","R","M","T","M","$","?","M","M","R","B",null,"M","AVR","M","?","M","R","?","M","T","$","R","?","$","?","R_BF","B",null,"M","$","?","?","M","R","M"],"character_chosen":"THE_BUGKNIGHT","items_purchased":["HollowMod:HeavyBlow","HollowMod:QuirrelsAssistance","HollowMod:VengefulSpirit","HollowMod:BaldurShell","HollowMod:BlackTendrils","HollowMod:VengefulVoid"],"campfire_rested":5,"item_purchase_floors":[11,11,27,27,36,36],"current_hp_per_floor":[72,72,72,65,65,37,59,54,54,54,54,59,47,37,61,9,80,56,56,35,35,7,31,31,31,31,31,55,55,55,55,79,2,80,59,59,59,59,21,45,0,0],"gold":34,"neow_bonus":"REMOVE_CARD","is_daily":false,"chose_seed":false,"campfire_upgraded":0,"win_rate":0.0,"timestamp":1608894015,"path_taken":["M","M","?","M","?","E","R","M","T","M","$","?","?","M","R","BOSS","M","AVR","M","?","M","R","?","M","T","?","R","?","$","?","R_BF","BOSS","M","$","?","?","M","R","M"],"items_purchased_type":["Card","Card","Card","Card","Card","Card"],"build_version":"2020-12-22","purchased_purges":1,"victory":false,"max_hp_per_floor":[75,75,75,75,75,75,75,75,75,75,75,80,80,80,80,80,80,80,80,80,80,80,80,80,80,80,80,80,80,80,80,80,80,80,80,80,80,80,80,80,80,80],"card_choices":[{"not_picked":["HollowMod:RecoilStrike","HollowMod:HowlingWraiths"],"picked":"HollowMod:FallenFury","floor":1},{"not_picked":["HollowMod:NewLittleFool","HollowMod:DungDefenderAura"],"picked":"HollowMod:ShadowDash","floor":2},{"not_picked":["HollowMod:PerfectDash","HollowMod:CoiledNail"],"picked":"HollowMod:CycloneSlash","floor":4},{"not_picked":["HollowMod:DoubleDash","HollowMod:QuirrelsAssistance"],"picked":"HollowMod:PureNailStrike","floor":6},{"not_picked":["HollowMod:SharpenedNail","HollowMod:CrystalDash"],"picked":"HollowMod:SoulStrike","floor":8},{"not_picked":["HollowMod:InfectedCysts","HollowMod:NewGlowingWomb"],"picked":"HollowMod:WraithStrike","floor":13},{"not_picked":["HollowMod:QuirrelsAssistance","HollowMod:FallenFury"],"picked":"HollowMod:GrimmsGift","floor":14},{"not_picked":["HollowMod:VoidDash","HollowMod:Hiveblood"],"picked":"HollowMod:Weaversong","floor":16},{"not_picked":["HollowMod:SiblingsSouls+1","HollowMod:FallenFury+1"],"picked":"HollowMod:CornifersMapStart+1","floor":18},{"not_picked":["HollowMod:SoulShaman","HollowMod:NewJinnsSoul"],"picked":"HollowMod:ChannelNail+1","floor":20},{"not_picked":["HollowMod:ShapeofUnn","HollowMod:theNailsmith"],"picked":"HollowMod:RecoilStrike+1","floor":22},{"not_picked":["HollowMod:CycloneSlash+1","HollowMod:SoulEater"],"picked":"HollowMod:DoubleDash","floor":25},{"not_picked":["HollowMod:ElderbugsWisdom","HollowMod:MidwifesHunger"],"picked":"HollowMod:SoulMaster","floor":33},{"not_picked":["HollowMod:SiblingsSouls","HollowMod:PureNailStrike+1"],"picked":"HollowMod:SoulVessel","floor":35},{"not_picked":["HollowMod:ChannelNail+1","HollowMod:DoubleDash+1"],"picked":"HollowMod:DesolateDive","floor":39}],"player_experience":186836,"relics_obtained":[{"floor":2,"key":"LetterFromLob"},{"floor":6,"key":"Ornamental Fan"},{"floor":9,"key":"conspire:DeflatedDodgeball"},{"floor":26,"key":"Torii"}],"event_choices":[{"damage_healed":0,"gold_gain":0,"player_choice":"Leave","damage_taken":0,"max_hp_gain":0,"max_hp_loss":0,"event_name":"conspire:Investor","floor":5,"gold_loss":0},{"damage_healed":0,"gold_gain":0,"player_choice":"Donut","damage_taken":0,"max_hp_gain":5,"max_hp_loss":0,"event_name":"Big Fish","floor":12,"gold_loss":0},{"damage_healed":0,"gold_gain":0,"player_choice":"Ignored","damage_taken":0,"max_hp_gain":0,"max_hp_loss":0,"event_name":"Cursed Tome","floor":21,"gold_loss":0},{"damage_healed":0,"gold_gain":0,"player_choice":"Obtained Relic","damage_taken":0,"relics_obtained":["Nunchaku"],"max_hp_gain":0,"max_hp_loss":0,"event_name":"Addict","floor":24,"gold_loss":85},{"damage_healed":0,"gold_gain":0,"player_choice":"Copied","damage_taken":0,"max_hp_gain":0,"max_hp_loss":0,"event_name":"Duplicator","floor":38,"gold_loss":0,"cards_obtained":["HollowMod:ShadowDash"]}],"is_beta":false,"boss_relics":[{"not_picked":["Coffee Dripper","Velvet Choker"],"picked":"SacredBark"},{"not_picked":["ChewingGum","hubris:TerracottaHorce","Ring of Chaos"]}],"items_purged_floors":[19],"is_endless":false,"potions_floor_spawned":[1,4,8,13,22,25,35],"killed_by":"HollowMod:SlobberingHusk","ascension_level":0}}