{"host":"kabf61oc9jgfwufg","time":1608861632,"event":{"mods":["AchievementEnabler","Act Like it!","Aspiration","Bartender","BaseMod","CatGirl Mod","Conspire","GifTheSpireLib","Halation","HexUI Lib","Hubris","Infinite Spire","Marisa????????","Minty Spire (QoL Compilation)","Pale of the Ancients","Rare Cards Sparkle","Replay The Spire","StSLib","The Animator","The Blackbeard","The Bladedancer","The Cursed","The Jungle","The Marked","The Servant 0.9.4","TheSwordswoman"],"gold_per_floor":[113,113,38,38,38,72,72,72,127,139,172,202,215,232,232,335,335,349,349,359,559,578,578,578],"floor_reached":23,"playtime":884,"items_purged":["Strike_R"],"score":271,"play_id":"c2b859eb-a444-4501-94fe-1d8e3c43375f","local_time":"20201225020032","is_ascension_mode":true,"campfire_choices":[{"data":"Dagger Throw","floor":7,"key":"SMITH"},{"data":"hubris:SharpeningStone","floor":15,"key":"SMITH"}],"circlet_count":0,"master_deck":["Strike_R","Defend_R","Defend_R","Defend_R","Defend_R","Bash","Sword Boomerang","Dagger Throw+1","All Out Attack","Rupture","Armaments+1","Pommel Strike","Infernal Blade","hubris:SharpeningStone+1","Feed","Armaments+1","Hemokinesis"],"relics":["Burning Blood","NeowsBlessing","Strawberry","infinitespire:Magic Flask","Replay:Bottled Eggs","Odd Mushroom","conspire:RoyalGoblet"],"acts_visited":["Exordium","TheCity"],"potions_floor_usage":[11,20,23],"damage_taken":[{"damage":0,"enemies":"Small Slimes","floor":1,"turns":1},{"damage":0,"enemies":"Gremlin Nob","floor":6,"turns":1},{"damage":0,"enemies":"Jaw Worm","floor":10,"turns":1},{"damage":8,"enemies":"Lagavulin","floor":11,"turns":3},{"damage":24,"enemies":"The Mushroom Lair","floor":12,"turns":3},{"damage":8,"enemies":"2 Louse","floor":13,"turns":3},{"damage":7,"enemies":"2 Fungi Beasts","floor":14,"turns":2},{"damage":51,"enemies":"Fading Forest","floor":16,"turns":11},{"damage":44,"enemies":"3 Byrds","floor":18,"turns":6},{"damage":11,"enemies":"Spheric Guardian","floor":20,"turns":3},{"damage":51,"enemies":"Shelled Parasite and Fungi","floor":22,"turns":5},{"damage":62,"enemies":"Slavers","floor":23,"turns":5}],"seed_played":"-2048883692997307292","potions_obtained":[{"floor":1,"key":"Death Potion"},{"floor":10,"key":"infinitespire:BlackPotion"},{"floor":11,"key":"FairyPotion"},{"floor":18,"key":"Strength Potion"},{"floor":20,"key":"BloodPotion"}],"is_trial":false,"path_per_floor":["M","?","$","?","$","E","R","?","T","M","E","?","M","M","R","B",null,"M","?","M","?","M","E"],"character_chosen":"IRONCLAD","items_purchased":[],"campfire_rested":0,"item_purchase_floors":[],"current_hp_per_floor":[80,87,87,87,87,87,87,97,97,97,95,77,75,74,74,29,97,59,59,73,73,28,0,0],"gold":578,"neow_bonus":"THREE_ENEMY_KILL","is_daily":false,"chose_seed":false,"campfire_upgraded":2,"win_rate":0.0,"timestamp":1608861632,"path_taken":["M","?","$","?","?","E","R","?","T","?","E","?","M","M","R","BOSS","M","?","M","?","?","E"],"items_purchased_type":[],"build_version":"2020-12-22","purchased_purges":1,"victory":false,"max_hp_per_floor":[80,87,87,87,87,87,87,97,97,97,97,97,97,97,97,97,97,97,97,97,97,97,100,100],"card_choices":[{"not_picked":["True Grit","Abandon"],"picked":"Sword Boomerang","floor":1},{"not_picked":["Massacre","Heavy Blade","Twin Strike"],"picked":"SKIP","floor":6},{"not_picked":["Thunderclap","ReplayTheSpireMod:Strike From Hell"],"picked":"Rupture","floor":10},{"not_picked":["Berserk","Evolve"],"picked":"Armaments","floor":11},{"not_picked":["Replay:Undeath\u0027s Touch","Wild Strike"],"picked":"Pommel Strike","floor":12},{"not_picked":["Dropkick","Defy Death"],"picked":"Infernal Blade","floor":13},{"not_picked":["Ghostly Armor","Thunderclap"],"picked":"hubris:SharpeningStone","floor":14},{"not_picked":["Eclipse","Impervious"],"picked":"Feed","floor":16},{"not_picked":["Twin Strike","Flex+1"],"picked":"Armaments","floor":18},{"not_picked":["Anger","Heavy Blade"],"picked":"Hemokinesis","floor":20},{"not_picked":["Headbutt","ReplayTheSpireMod:Limb From Limb","Cleave"],"picked":"SKIP","floor":22}],"player_experience":32953,"relics_obtained":[{"floor":2,"key":"Strawberry"},{"floor":6,"key":"infinitespire:Magic Flask"},{"floor":11,"key":"Replay:Bottled Eggs"},{"floor":12,"key":"Odd Mushroom"}],"event_choices":[{"cards_removed":["aspiration:Lunge"],"damage_healed":0,"gold_gain":0,"player_choice":"Offered Rare","damage_taken":0,"max_hp_gain":10,"max_hp_loss":0,"event_name":"Bonfire Elementals","floor":8,"gold_loss":0},{"damage_healed":0,"gold_gain":0,"player_choice":"Fought Mushrooms","damage_taken":0,"max_hp_gain":0,"max_hp_loss":0,"event_name":"Mushrooms","floor":12,"gold_loss":0},{"damage_healed":0,"gold_gain":0,"player_choice":"Ignored","damage_taken":0,"max_hp_gain":0,"max_hp_loss":0,"event_name":"Ghosts","floor":19,"gold_loss":0},{"damage_healed":0,"gold_gain":200,"player_choice":"Gold","damage_taken":0,"max_hp_gain":0,"max_hp_loss":0,"event_name":"Wheel of Change","floor":21,"gold_loss":0}],"is_beta":false,"boss_relics":[{"not_picked":["Honey Jar","aspiration:SecretTechniqueScroll"],"picked":"conspire:RoyalGoblet"}],"items_purged_floors":[3],"is_endless":false,"potions_floor_spawned":[1,10,11,18,20],"killed_by":"Slavers","ascension_level":2}}