{"host":"2gg06yzptsyvmpvy","time":1608920150,"event":{"mods":["2.2 Compatiblity","AchievementEnabler","Act Like it!","Aspiration","BaseMod","Beaked The Cultist","Best Route Mod","Bestiary","Better Note","Better Synergies","Challenge The Spire","ChefMod","Colored Map","Colored Powertips","Colorless Booster Pack","Conjunction","Curses Come First","Downfall","Energized Spire","Friendly Minions","GifTheSpireLib","Glutton Mod","GungeonMod","Halation","Highlight Path","Hubris","Jedi Mod","JesterMod","Minty Spire (QoL Compilation)","Pale of the Ancients","Permanent Neow","Quick Restart","Random Character Button","Relic Stats","Replay The Spire","Retaliation","Reworked Bosses","SCP261 Mod","Shade Mod","Small Relic Pack","Spicy Shops","Spikes Relics","StSLib","Stuff the Spire","SuperFastMode","Swap Starting Deck Mod","The Construct","The Factory","The Hayseed","The Hierophant","The Jungle","The Runesmith","The Servant 0.9.4","Trackpad","Useless Jewels Mod","thorton","vexMod"],"gold_per_floor":[109,124,137,152,152,152,152],"floor_reached":6,"playtime":277,"items_purged":[],"score":63,"play_id":"959c84ba-03f1-4eaa-8d2c-a9bd345a7cf0","local_time":"20201225111550","is_ascension_mode":true,"campfire_choices":[],"circlet_count":0,"master_deck":["AscendersBane","Strike_G","Strike_G","Strike_G","Strike_G","Strike_G","Defend_G","Defend_G","Defend_G","Defend_G","Defend_G","Survivor","Neutralize","StuffTheSpire:ClusterCrunch","StuffTheSpire:Repulse","ReplayTheSpireMod:The Works","StuffTheSpire:Python"],"relics":["Ring of the Snake","NeowsBlessing"],"acts_visited":["Exordium"],"potions_floor_usage":[6],"damage_taken":[{"damage":0,"enemies":"Cultist","floor":1,"turns":1},{"damage":0,"enemies":"Small Slimes","floor":2,"turns":1},{"damage":0,"enemies":"2 Louse","floor":3,"turns":1},{"damage":27,"enemies":"Gremlin Gang","floor":4,"turns":10},{"damage":53,"enemies":"Gremlin Nob","floor":6,"turns":4}],"seed_played":"-7858642968008809708","potions_obtained":[{"floor":4,"key":"PowerPotion"},{"floor":5,"key":"GhostInAJar"}],"is_trial":false,"path_per_floor":["M","M","M","M","?","E"],"character_chosen":"THE_SILENT","items_purchased":[],"campfire_rested":0,"item_purchase_floors":[],"current_hp_per_floor":[63,63,63,36,36,0,0],"gold":152,"neow_bonus":"THREE_ENEMY_KILL","is_daily":false,"chose_seed":false,"campfire_upgraded":0,"win_rate":0.0,"timestamp":1608920150,"path_taken":["M","M","?","M","?","E"],"items_purchased_type":[],"build_version":"2020-12-22","purchased_purges":0,"victory":false,"max_hp_per_floor":[70,70,70,70,70,70,70],"relic_stats":{"counters":[5,17],"obtain_stats":[{"NeowsBlessing":0,"Ring of the Snake":0},{"NeowsBlessing":0,"Ring of the Snake":0},{"NeowsBlessing":0,"Ring of the Snake":0}],"Ring of the Snake":[10]},"card_choices":[{"not_picked":["Sucker Punch","Flechettes"],"picked":"StuffTheSpire:ClusterCrunch","floor":1},{"not_picked":["Distraction","Blade Dance"],"picked":"StuffTheSpire:Repulse","floor":2},{"not_picked":["Outmaneuver","StuffTheSpire:ClusterCrunch"],"picked":"ReplayTheSpireMod:The Works","floor":3},{"not_picked":["Outmaneuver","Dagger Spray"],"picked":"StuffTheSpire:Python","floor":4}],"player_experience":1167478,"relics_obtained":[],"event_choices":[{"damage_healed":0,"gold_gain":0,"player_choice":"Got Potions","damage_taken":0,"max_hp_gain":0,"max_hp_loss":0,"event_name":"Lab","floor":5,"gold_loss":0}],"is_beta":false,"boss_relics":[],"items_purged_floors":[],"is_endless":false,"potions_floor_spawned":[4],"killed_by":"Gremlin Nob","ascension_level":13}}