{"host":"ywt8u9kq80n9hc8s","time":1608904152,"event":{"mods":["AchievementEnabler","Alarm Clock","BaseMod","Better Altar","Better Match","Better Note","Better Sensory Stone","Better Skull","Better Third Choice","BetterRewards","Filter the Spire","Minty Spire (QoL Compilation)","Permanent Neow","Rare Cards Sparkle","StSLib"],"gold_per_floor":[114,64,64,64,76,111,111,129,154,154,172,186,156,156,156,261,261,279,279,50,67,67,67,94,118,154,166,178,47,47,57,57,156,156,170,170,190,0,11,11,11],"floor_reached":40,"playtime":3825,"items_purged":["Strike_B"],"score":404,"play_id":"1d65cc3e-2c3b-42e7-aafd-ae3e65be9af7","local_time":"20201225154912","is_ascension_mode":false,"campfire_choices":[{"floor":7,"key":"REST"},{"data":"Hello World","floor":10,"key":"SMITH"},{"floor":15,"key":"REST"},{"data":"Zap","floor":23,"key":"SMITH"},{"floor":27,"key":"REST"},{"floor":32,"key":"REST"}],"circlet_count":0,"master_deck":["Strike_B","Strike_B","Defend_B","Defend_B","Defend_B","Zap+1","Dualcast","Coolheaded","Hello World+1","Defragment+1","Self Repair","Blizzard","Electrodynamics","Cold Snap+1","Turbo+1","Decay","Echo Form","Writhe","Coolheaded+1"],"relics":["Black Star","Ancient Tea Set","Centennial Puzzle","MealTicket","Sozu","Medical Kit","Orichalcum","MawBank","Bronze Scales","Sling","Inserter","Red Mask"],"acts_visited":["Exordium","TheCity","TheBeyond"],"potions_floor_usage":[],"damage_taken":[{"damage":5,"enemies":"Small Slimes","floor":1,"turns":4},{"damage":2,"enemies":"Jaw Worm","floor":5,"turns":6},{"damage":31,"enemies":"Lagavulin","floor":6,"turns":7},{"damage":0,"enemies":"Cultist","floor":8,"turns":4},{"damage":5,"enemies":"Blue Slaver","floor":11,"turns":5},{"damage":8,"enemies":"2 Fungi Beasts","floor":12,"turns":6},{"damage":3,"enemies":"Looter","floor":13,"turns":4},{"damage":53,"enemies":"The Guardian","floor":16,"turns":12},{"damage":10,"enemies":"Chosen","floor":18,"turns":6},{"damage":8,"enemies":"Spheric Guardian","floor":21,"turns":4},{"damage":62,"enemies":"Gremlin Leader","floor":24,"turns":6},{"damage":2,"enemies":"Centurion and Healer","floor":25,"turns":6},{"damage":11,"enemies":"Sentry and Sphere","floor":31,"turns":5},{"damage":46,"enemies":"Collector","floor":33,"turns":12},{"damage":20,"enemies":"3 Shapes","floor":35,"turns":3},{"damage":29,"enemies":"3 Darklings","floor":37,"turns":3},{"damage":24,"enemies":"Maw","floor":39,"turns":9},{"damage":40,"enemies":"Nemesis","floor":40,"turns":2}],"seed_played":"-7914624510786940630","potions_obtained":[{"floor":5,"key":"Energy Potion"},{"floor":12,"key":"Weak Potion"},{"floor":16,"key":"SneckoOil"}],"is_trial":false,"path_per_floor":["M","?","$","?","M","E","R","M","T","R","M","M","M","?","R","B",null,"M","?","$","M","$","R","E","M","T","R","?","$","?","M","R","B",null,"M","?","M","?","M","E"],"character_chosen":"DEFECT","items_purchased":["Medical Kit","Sling"],"campfire_rested":4,"item_purchase_floors":[20,29],"current_hp_per_floor":[70,70,70,75,73,42,66,66,66,66,61,60,64,57,80,34,80,77,77,80,79,80,80,25,30,30,54,54,69,69,65,80,41,80,60,80,51,51,34,0,0],"gold":11,"neow_bonus":"BOSS_RELIC","is_daily":false,"chose_seed":false,"campfire_upgraded":2,"win_rate":0.0,"timestamp":1608904152,"path_taken":["M","?","$","?","?","E","R","M","T","R","M","?","M","?","R","BOSS","M","?","$","?","$","R","E","M","T","R","?","?","?","M","R","BOSS","M","?","M","?","?","E"],"items_purchased_type":["Relic","Relic"],"build_version":"2020-12-22","purchased_purges":1,"victory":false,"max_hp_per_floor":[75,75,75,80,80,80,80,80,80,80,80,80,80,80,80,80,80,80,80,80,80,80,80,80,80,80,80,80,80,80,80,80,80,80,80,80,80,80,80,80,80],"card_choices":[{"not_picked":["Leap","Static Discharge"],"picked":"Coolheaded","floor":1},{"not_picked":["Turbo","Genetic Algorithm"],"picked":"Hello World","floor":5},{"not_picked":["Doom and Gloom","Sunder"],"picked":"Defragment","floor":6},{"not_picked":["Leap","Stack","Doom and Gloom"],"picked":"SKIP","floor":8},{"not_picked":["Darkness","Ball Lightning"],"picked":"Self Repair","floor":11},{"not_picked":["Static Discharge","Fission","Rebound"],"picked":"SKIP","floor":12},{"not_picked":["Coolheaded","Skim"],"picked":"Blizzard","floor":13},{"not_picked":["Hyperbeam","Buffer"],"picked":"Electrodynamics","floor":16},{"not_picked":["Hologram","Reprogram","Rebound"],"picked":"SKIP","floor":18},{"not_picked":["Coolheaded","Go for the Eyes+1","Rip and Tear"],"picked":"SKIP","floor":21},{"not_picked":["Sweeping Beam","Hologram"],"picked":"Cold Snap+1","floor":24},{"not_picked":["Barrage+1","Coolheaded+1"],"picked":"Turbo+1","floor":25},{"not_picked":["Stack","Leap","Turbo"],"picked":"SKIP","floor":31},{"not_picked":["Multi-Cast","Thunder Strike"],"picked":"Echo Form","floor":33},{"not_picked":["Compile Driver+1","Hologram","Coolheaded"],"picked":"SKIP","floor":35},{"not_picked":["Lockon","Self Repair+1","Ball Lightning+1"],"picked":"SKIP","floor":37},{"not_picked":["Genetic Algorithm+1","Turbo"],"picked":"Coolheaded+1","floor":39}],"player_experience":28577,"relics_obtained":[{"floor":6,"key":"Ancient Tea Set"},{"floor":6,"key":"Centennial Puzzle"},{"floor":9,"key":"MealTicket"},{"floor":24,"key":"Orichalcum"},{"floor":24,"key":"MawBank"},{"floor":26,"key":"Bronze Scales"}],"event_choices":[{"cards_removed":["Defend_B"],"damage_healed":0,"gold_gain":0,"player_choice":"Card Removal","damage_taken":0,"max_hp_gain":0,"max_hp_loss":0,"event_name":"The Cleric","floor":2,"gold_loss":50},{"damage_healed":0,"gold_gain":0,"player_choice":"Donut","damage_taken":0,"max_hp_gain":5,"max_hp_loss":0,"event_name":"Big Fish","floor":4,"gold_loss":0},{"cards_removed":["Strike_B"],"damage_healed":0,"gold_gain":0,"player_choice":"Card Removal","damage_taken":7,"max_hp_gain":0,"max_hp_loss":0,"event_name":"Golden Wing","floor":14,"gold_loss":0},{"damage_healed":0,"gold_gain":0,"player_choice":"Upgraded","damage_taken":0,"max_hp_gain":0,"max_hp_loss":0,"event_name":"Upgrade Shrine","floor":19,"gold_loss":0,"cards_upgraded":["Defragment"]},{"damage_healed":0,"gold_gain":0,"player_choice":"Bought 0 Potions","damage_taken":0,"max_hp_gain":0,"max_hp_loss":0,"event_name":"The Woman in Blue","floor":28,"gold_loss":0},{"damage_healed":0,"gold_gain":0,"player_choice":"Cursed","damage_taken":0,"max_hp_gain":0,"max_hp_loss":0,"event_name":"Wheel of Change","floor":30,"gold_loss":0,"cards_obtained":["Decay"]},{"damage_healed":20,"gold_gain":0,"player_choice":"Writhe","damage_taken":0,"max_hp_gain":0,"max_hp_loss":0,"event_name":"Winding Halls","floor":36,"gold_loss":0,"cards_obtained":["Writhe"]},{"damage_healed":0,"gold_gain":0,"player_choice":"Paid","damage_taken":0,"relics_obtained":["Red Mask"],"max_hp_gain":0,"max_hp_loss":0,"event_name":"Tomb of Lord Red Mask","floor":38,"gold_loss":190}],"is_beta":false,"boss_relics":[{"not_picked":["Cursed Key","SacredBark"],"picked":"Sozu"},{"not_picked":["Snecko Eye","Coffee Dripper"],"picked":"Inserter"}],"items_purged_floors":[20],"is_endless":false,"potions_floor_spawned":[5,12,16,21,24,25,33,39],"killed_by":"Nemesis","ascension_level":0}}