{"host":"cfluht5kr2kfk9p9","time":1608887066,"event":{"mods":["ATMod(阿瑾Mod)","Act Like it!","BaseMod","GungeonMod","Hallownest","Highlight Path","Koishi","Minty Spire (QoL Compilation)","Quick Restart","Rare Cards Sparkle","Relic Stats","RumiaBox-露米娅的神秘盒子","Spicy Shops","StSLib","TestMod","The Alterego","【功能Mod】混沌之环修复补丁"],"gold_per_floor":[126,157,174,18,42,78,78,106,133,148,168,168,196,222,222,331,331,342,49,110,110,149,193,193,219,287,287,322,41,67,67,67,67,67],"floor_reached":33,"playtime":882,"items_purged":["Strike_G","Strike_G"],"score":850,"play_id":"2a1b60a9-bfac-4354-80c3-93e7969dcabe","local_time":"20201225170426","is_ascension_mode":true,"campfire_choices":[{"data":"AT_BreakingExtremeWeapon","floor":7.0,"key":"SMITH"},{"data":"AT_ThistleTea","floor":12.0,"key":"SMITH"},{"data":"Wraith Form v2","floor":24.0,"key":"SMITH"},{"data":"Bullet Time","floor":27.0,"key":"SMITH"},{"data":"AT_Desolate","floor":32.0,"key":"SMITH"}],"circlet_count":2,"master_deck":["AscendersBane","Strike_G","Strike_G","Strike_G","Defend_G","Defend_G","Defend_G","Defend_G","Defend_G","Survivor","Neutralize","AT_DivineConfetti","AT_BreakingExtremeWeapon+1","Dagger Spray","Acrobatics","AT_Desolate+1","AT_ThistleTea+1","Wraith Form v2+1","Madness+1","Bullet Time+1","AT_EssenceShift","Backflip"],"relics":["Circlet","testmod-TestBox","AT_ATBox","testmod-HeartOfStrike","WristBlade","AT_Manta","DemoMod:LamentConfigurum","MoreBug","AT_EbonyIvory","Cursed Key","Omamori","Ornamental Fan","alterego_mod:FleetingLove","Darkstone Periapt","GodSword4","testmod-Justice","AT_DeathDance","DemoMod:ClearGuonStone","GodSword7"],"acts_visited":["Exordium","TheCity"],"potions_floor_usage":[],"damage_taken":[{"damage":2.0,"enemies":"Cultist","floor":1.0,"turns":4.0},{"damage":8.0,"enemies":"Jaw Worm","floor":2.0,"turns":3.0},{"damage":0.0,"enemies":"2 Louse","floor":3.0,"turns":2.0},{"damage":0.0,"enemies":"2 Fungi Beasts","floor":5.0,"turns":3.0},{"damage":12.0,"enemies":"Lagavulin","floor":6.0,"turns":4.0},{"damage":0.0,"enemies":"3 Sentries","floor":8.0,"turns":1.0},{"damage":0.0,"enemies":"Looter","floor":10.0,"turns":2.0},{"damage":0.0,"enemies":"Large Slime","floor":11.0,"turns":2.0},{"damage":0.0,"enemies":"Lagavulin","floor":13.0,"turns":3.0},{"damage":0.0,"enemies":"3 Louse","floor":14.0,"turns":1.0},{"damage":18.0,"enemies":"The Guardian","floor":16.0,"turns":4.0},{"damage":0.0,"enemies":"Chosen","floor":18.0,"turns":2.0},{"damage":3.0,"enemies":"3 Byrds","floor":22.0,"turns":3.0},{"damage":6.0,"enemies":"Slavers","floor":23.0,"turns":4.0},{"damage":0.0,"enemies":"Gremlin Leader","floor":25.0,"turns":3.0},{"damage":0.0,"enemies":"Book of Stabbing","floor":28.0,"turns":3.0},{"damage":2.0,"enemies":"Snake Plant","floor":30.0,"turns":3.0},{"damage":0,"enemies":"Pondfish","floor":33,"turns":1}],"seed_played":"8220926483888656709","potions_obtained":[{"floor":2.0,"key":"GamblersBrew"},{"floor":8.0,"key":"Elixir"},{"floor":11.0,"key":"SkillPotion"},{"floor":28.0,"key":"Energy Potion"}],"is_trial":false,"path_per_floor":["M","M","M","$","M","E","R","E","T","M","M","R","E","M","R","B",null,"M","$","?","?","M","E","R","E","T","R","E","$","M","?","R","B"],"character_chosen":"THE_SILENT","items_purchased":["AT_Desolate","GuppysTail","AT_EssenceShift","Omamori","Ornamental Fan","GodSword7"],"campfire_rested":0,"item_purchase_floors":[4,17,17,19,19,29],"current_hp_per_floor":[57,49,49,49,49,37,37,37,37,37,37,37,37,37,56,38,45,47,47,32,32,32,28,28,28,28,28,28,28,28,28,28,28,28],"gold":67,"neow_bonus":"BOSS_RELIC","is_daily":false,"chose_seed":false,"campfire_upgraded":5,"win_rate":0.0,"timestamp":1608887066,"path_taken":["M","M","M","$","M","E","R","E","T","M","?","R","E","M","R","BOSS","M","?","?","?","M","E","R","E","T","R","E","$","M","?","R","BOSS"],"items_purchased_type":["Card","Undefined","Card","Relic","Relic","Relic"],"build_version":"2020-12-22","purchased_purges":2,"victory":false,"max_hp_per_floor":[66,66,66,66,66,66,66,66,66,66,66,66,66,66,66,66,47,47,47,47,47,47,47,47,47,47,47,47,47,47,47,47,47,47],"relic_stats":{"Darkstone Periapt":0,"counters":[18,48],"Ornamental Fan":[28],"Cursed Key":1,"obtain_stats":[{"Darkstone Periapt":23,"testmod-HeartOfStrike":0,"GuppysTail":17,"AT_ATBox":0,"DemoMod:GlassGuonStoneRelic":8,"Cursed Key":17,"Pet Ghost":8,"alterego_mod:FleetingLove":21,"WristBlade":0,"DemoMod:LamentConfigurum":9,"DemoMod:ClearGuonStone":28,"Ring of the Snake":0,"KeepersGift":0,"MoreBug":13,"testmod-TestBox":0,"AT_Manta":6,"Circlet":0,"AT_EbonyIvory":13,"Omamori":19,"testmod-Justice":26,"Ornamental Fan":19,"GodSword7":29,"SalivaCoin":0,"GodSword4":25,"AT_DeathDance":28,"HushsDoor":0,"REME_ComplimentaryCards":0},{"Darkstone Periapt":14,"testmod-HeartOfStrike":0,"GuppysTail":11,"AT_ATBox":0,"DemoMod:GlassGuonStoneRelic":6,"Cursed Key":11,"Pet Ghost":6,"alterego_mod:FleetingLove":12,"WristBlade":0,"DemoMod:LamentConfigurum":6,"DemoMod:ClearGuonStone":16,"Ring of the Snake":0,"KeepersGift":0,"MoreBug":9,"testmod-TestBox":0,"AT_Manta":5,"Circlet":0,"AT_EbonyIvory":9,"Omamori":12,"testmod-Justice":15,"Ornamental Fan":12,"GodSword7":16,"SalivaCoin":0,"GodSword4":15,"AT_DeathDance":16,"HushsDoor":0,"REME_ComplimentaryCards":0},{"Darkstone Periapt":38,"testmod-HeartOfStrike":0,"GuppysTail":29,"AT_ATBox":0,"DemoMod:GlassGuonStoneRelic":17,"Cursed Key":29,"Pet Ghost":17,"alterego_mod:FleetingLove":31,"WristBlade":0,"DemoMod:LamentConfigurum":17,"DemoMod:ClearGuonStone":44,"Ring of the Snake":0,"KeepersGift":0,"MoreBug":24,"testmod-TestBox":0,"AT_Manta":16,"Circlet":0,"AT_EbonyIvory":24,"Omamori":31,"testmod-Justice":41,"Ornamental Fan":31,"GodSword7":44,"SalivaCoin":0,"GodSword4":41,"AT_DeathDance":43,"HushsDoor":0,"REME_ComplimentaryCards":0}]},"card_choices":[{"not_picked":[],"picked":"Bomb","floor":0.0},{"not_picked":["PiercingWail","Phantasmal Killer","Finisher"],"picked":"SKIP","floor":1.0},{"not_picked":["Deadly Poison","Reflex"],"picked":"Dagger Spray","floor":2.0},{"not_picked":["Deflect","Underhanded Strike"],"picked":"Acrobatics","floor":3.0},{"not_picked":["Outmaneuver","Poisoned Stab"],"picked":"AT_ThistleTea","floor":5.0},{"not_picked":["Setup","Venomology","Underhanded Strike"],"picked":"SKIP","floor":6.0},{"not_picked":["Underhanded Strike","Flying Knee","Flechettes"],"picked":"SKIP","floor":8.0},{"not_picked":["Poisoned Stab","Deflect","Dagger Spray"],"picked":"SKIP","floor":10.0},{"not_picked":["Underhanded Strike","Skewer","Concentrate"],"picked":"SKIP","floor":11.0},{"not_picked":["Crippling Poison","Poison Darts"],"picked":"Wraith Form v2","floor":13.0},{"not_picked":["AT_TinkerSharpsword","Dagger Spray"],"picked":"REME_ShadowStrike","floor":14.0},{"not_picked":["A Thousand Cuts","Venomology"],"picked":"Bullet Time","floor":16.0},{"not_picked":["Slice","Quick Slash"],"picked":"Backflip","floor":18.0},{"not_picked":["Outmaneuver","Choke","Endless Agony"],"picked":"SKIP","floor":22.0},{"not_picked":["Well Laid Plans","ReplayTheSpireMod:Tripwire","Underhanded Strike"],"picked":"SKIP","floor":23.0},{"not_picked":["Accuracy","Flying Knee","AT_MyraUnstableElement"],"picked":"SKIP","floor":25.0},{"not_picked":["Deflect","Crippling Poison","Bane"],"picked":"SKIP","floor":28.0},{"not_picked":["Draining Mist","Replay:Poison Smokescreen+1","Flechettes"],"picked":"SKIP","floor":30.0}],"player_experience":20911,"relics_obtained":[{"floor":6.0,"key":"AT_Manta"},{"floor":8.0,"key":"Pet Ghost"},{"floor":9.0,"key":"DemoMod:LamentConfigurum"},{"floor":13.0,"key":"AT_EbonyIvory"},{"floor":23.0,"key":"Darkstone Periapt"},{"floor":25.0,"key":"GodSword4"},{"floor":26.0,"key":"testmod-Justice"},{"floor":28.0,"key":"DemoMod:ClearGuonStone"}],"event_choices":[{"damage_healed":0.0,"max_hp_gain":0.0,"max_hp_loss":0.0,"gold_gain":0.0,"event_name":"爱的神圣花园","player_choice":"Choice 1","floor":21.0,"gold_loss":0.0,"damage_taken":0.0,"relics_obtained":["alterego_mod:FleetingLove"]}],"is_beta":false,"boss_relics":[{"not_picked":["Ectoplasm","testmod-StringDisintegrator"],"picked":"Cursed Key"},{"not_picked":[]}],"items_purged_floors":[4,17],"is_endless":false,"potions_floor_spawned":[2,8,10,11,23,25,28],"killed_by":"Pondfish","ascension_level":20}}