{"host":"vc42n08di9czm3e7","time":1608877832,"event":{"mods":["AchievementEnabler","Act Like it!","BaseMod","Colored Powertips","Downfall","Friendly Minions","GifTheSpireLib","Hubris","Minty Spire (QoL Compilation)","Rare Cards Sparkle","StSLib"],"gold_per_floor":[99,118,118,134,153,171,171,76,76,87,12,28,28,28,45,140,140,140,158,176,196,196,14,14,24,9,0,27,27,43,43,43,43],"floor_reached":31,"playtime":1956,"items_purged":[],"score":229,"play_id":"6a5c32c8-a74c-4593-ab3f-34ad34acc4ed","local_time":"20201225013032","is_ascension_mode":false,"campfire_choices":[{"floor":1,"key":"RECALL"},{"data":"Slimebound:CheckThePlaybook","floor":11,"key":"SMITH"},{"data":"Slimebound:DouseInSlime","floor":13,"key":"SMITH"},{"data":"Slimebound:DuplicatedForm","floor":18,"key":"SMITH"},{"data":"Discovery","floor":29,"key":"SMITH"}],"circlet_count":0,"master_deck":["Slimebound:Strike_Slimebound","Slimebound:Strike_Slimebound","Slimebound:Tackle","Slimebound:Defend_Slimebound","Slimebound:Defend_Slimebound","Slimebound:Defend_Slimebound","Slimebound:Defend_Slimebound","Slimebound:Split","Slimebound:CorrosiveSpit","Slimebound:LeadByExample","Slimebound:GrowthPunch","Slimebound:Equalize","Slimebound:SlimeSpikes","Slimebound:ProtectTheBoss","Slimebound:CheckThePlaybook+1","Slimebound:GrowthPunch","Slimebound:DouseInSlime+1","Slimebound:DuplicatedForm+1","Slimebound:BestDefense+1","Slimebound:SamplingLick","Slimebound:MegaLick","Discovery+1","Slimebound:BestDefense","Slimebound:RollThrough","Slimebound:MassRepurpose","Slimebound:SplitMire","hubris:DuctTapeCard","Slimebound:MegaLick+1","Slimebound:ViciousTackle","Slimebound:RejuvenatingLick+1","Slimebound:FirmFortitude"],"relics":["Slimebound:AbsorbEndCombat","Darkstone Periapt","downfall:HeartBlessingRed","hubris:Icosahedron","Slimebound:TarBlob","hubris:DuctTape"],"acts_visited":["Exordium","TheCity"],"potions_floor_usage":[16,16,16,25,25],"damage_taken":[{"damage":4,"enemies":"2 Louse","floor":2,"turns":2},{"damage":5,"enemies":"Cultist","floor":4,"turns":3},{"damage":4,"enemies":"Jaw Worm","floor":5,"turns":4},{"damage":10,"enemies":"Red Slaver","floor":6,"turns":4},{"damage":5,"enemies":"downfall:FleeingMerchant","floor":8,"turns":4},{"damage":9,"enemies":"Lots of Slimes","floor":10,"turns":3},{"damage":7,"enemies":"Large Slime","floor":12,"turns":4},{"damage":20,"enemies":"Exordium Thugs","floor":15,"turns":4},{"damage":52,"enemies":"downfall:Watcher","floor":16,"turns":9},{"damage":34,"enemies":"3 Byrds","floor":19,"turns":5},{"damage":28,"enemies":"Snecko","floor":20,"turns":4},{"damage":23,"enemies":"Centurion and Healer","floor":21,"turns":5},{"damage":24,"enemies":"downfall:FleeingMerchant","floor":23,"turns":4},{"damage":33,"enemies":"3 Cultists","floor":25,"turns":6},{"damage":15,"enemies":"downfall:FleeingMerchant","floor":26,"turns":4},{"damage":32,"enemies":"downfall:FleeingMerchant","floor":27,"turns":4},{"damage":41,"enemies":"Sentry and Sphere","floor":30,"turns":7},{"damage":50,"enemies":"Snake Plant","floor":31,"turns":2}],"seed_played":"6589680313191646049","potions_obtained":[{"floor":6,"key":"Strength Potion"},{"floor":9,"key":"BlessingOfTheForge"},{"floor":9,"key":"SkillPotion"},{"floor":16,"key":"Strength Potion"},{"floor":20,"key":"SpeedPotion"},{"floor":21,"key":"champ:CounterPotion"},{"floor":30,"key":"SteroidPotion"}],"is_trial":false,"path_per_floor":["R","M","?","M","M","M","T","$","?","M","R","M","R","?","M","B",null,"R","M","M","M","?","$","T","M","$","$","T","R","M","M"],"character_chosen":"SLIMEBOUND","items_purchased":["Slimebound:CheckThePlaybook","Slimebound:RollThrough","Slimebound:MassRepurpose","Slimebound:SplitMire"],"campfire_rested":0,"item_purchase_floors":[8,23,23,23],"current_hp_per_floor":[60,60,60,60,60,54,54,60,60,59,59,59,59,59,58,19,60,60,40,41,60,60,60,60,52,60,54,54,54,39,0,0,0],"gold":43,"neow_bonus":"ONE_RANDOM_RARE_CARD","is_daily":false,"chose_seed":false,"campfire_upgraded":4,"win_rate":0.0,"timestamp":1608877832,"path_taken":["R","M","?","M","M","M","T","$","?","?","R","M","R","?","M","BOSS","R","M","M","M","?","$","T","?","?","$","?","R","M","M"],"items_purchased_type":["Card","Card","Card","Card"],"build_version":"2020-12-22","purchased_purges":0,"victory":false,"max_hp_per_floor":[60,60,60,60,60,60,60,60,60,60,60,60,60,60,60,60,60,60,60,60,60,60,60,60,60,60,60,60,60,60,60,60,60],"card_choices":[{"not_picked":["Slimebound:FinishingTackle","Slimebound:PressTheAttack"],"picked":"Slimebound:LeadByExample","floor":2},{"not_picked":["Slimebound:ViciousTackle","Slimebound:ComboTackle"],"picked":"Slimebound:GrowthPunch","floor":4},{"not_picked":["Slimebound:SplitMire","Slimebound:SplitBruiser"],"picked":"Slimebound:Equalize","floor":5},{"not_picked":["Slimebound:TongueLash","Slimebound:SlimeBrawl"],"picked":"Slimebound:SlimeSpikes","floor":6},{"not_picked":["Slimebound:LeechEnergy","Slimebound:DisruptingSlam"],"picked":"Slimebound:ProtectTheBoss","floor":8},{"not_picked":["Slimebound:PressTheAttack","Slimebound:ViciousTackle"],"picked":"Slimebound:GrowthPunch","floor":10},{"not_picked":["Slimebound:SplitBruiser","Slimebound:GoopSpray"],"picked":"Slimebound:DouseInSlime","floor":12},{"not_picked":["Slimebound:SplitLeeching","Slimebound:SamplingLick"],"picked":"Slimebound:RejuvenatingLick","floor":15},{"not_picked":["Slimebound:DouseInSlime","Slimebound:CheckThePlaybook"],"picked":"Slimebound:DuplicatedForm","floor":16},{"not_picked":["Slimebound:Repurpose","Slimebound:GoopSpray"],"picked":"Slimebound:BestDefense+1","floor":19},{"not_picked":["Slimebound:SplitAcid","Slimebound:Dissolve"],"picked":"Slimebound:SamplingLick","floor":20},{"not_picked":["Slimebound:SlimeSpikes","Slimebound:SplitAcid"],"picked":"Slimebound:MegaLick","floor":21},{"not_picked":["Slimebound:SlimeTap","Slimebound:LeechingTouch"],"picked":"Slimebound:BestDefense","floor":23},{"not_picked":["Slimebound:LeechingTouch+1","Slimebound:GrowthPunch+1"],"picked":"Slimebound:MegaLick+1","floor":25},{"not_picked":["Slimebound:ForwardTackle","Slimebound:TongueLash"],"picked":"Slimebound:ViciousTackle","floor":26},{"not_picked":["Slimebound:TongueLash","Slimebound:FormOfPuddle"],"picked":"Slimebound:RejuvenatingLick+1","floor":27},{"not_picked":["Slimebound:GoopSpray","Slimebound:GrowthPunch"],"picked":"Slimebound:FirmFortitude","floor":30}],"player_experience":215564,"relics_obtained":[{"floor":7,"key":"Darkstone Periapt"},{"floor":24,"key":"hubris:DuctTape"}],"event_choices":[{"damage_healed":0,"gold_gain":0,"player_choice":"Got Potions","damage_taken":0,"max_hp_gain":0,"max_hp_loss":0,"event_name":"Lab","floor":9,"gold_loss":0}],"is_beta":false,"boss_relics":[{"not_picked":["hubris:GrandSneckoEye","Black Star"],"picked":"Slimebound:TarBlob"}],"items_purged_floors":[],"is_endless":false,"potions_floor_spawned":[6,12,16,20,21,30],"killed_by":"Snake Plant","ascension_level":0}}