{"host":"acpsw8r33r8788yr","time":1608927094,"event":{"mods":["BaseMod","Better Altar","Better Skull","Better Third Choice","BetterRewards","Colored Map","Downfall","Hermit","Highlight Path","Hubris","Minty Spire (QoL Compilation)","Quick Restart","Replay The Spire","Robot Space Explorer","Shop Mod","StSLib","The Bug Knight","The Construct","The Cursed","The Disciple","The Jungle","The Runesmith","The Senshi"],"gold_per_floor":[115,76,76,76,76,101,113,113,113],"floor_reached":8,"playtime":244,"items_purged":[],"score":83,"play_id":"14b51c55-6931-442e-be97-8146e29b2271","local_time":"20201225121134","is_ascension_mode":true,"campfire_choices":[],"circlet_count":0,"master_deck":["RobotSpaceExplorer:Strike","RobotSpaceExplorer:Strike","RobotSpaceExplorer:Strike","RobotSpaceExplorer:Strike","RobotSpaceExplorer:Defend","RobotSpaceExplorer:Defend","RobotSpaceExplorer:Defend","RobotSpaceExplorer:Scan","RobotSpaceExplorer:MiniLasers","RobotSpaceExplorer:ShockKick","RobotSpaceExplorer:SelfCleaning","RobotSpaceExplorer:ShovelStrike"],"relics":["RobotSpaceExplorer:RoboCore","NeowsBlessing","betterThird:SlimedRelic","hubris:PeanutButter"],"acts_visited":["Exordium"],"potions_floor_usage":[],"damage_taken":[{"damage":0,"enemies":"2 Louse","floor":1,"turns":1},{"damage":0,"enemies":"Gremlin Nob","floor":6,"turns":1},{"damage":0,"enemies":"Jaw Worm","floor":7,"turns":1},{"damage":59,"enemies":"3 Sentries","floor":8,"turns":13}],"seed_played":"5043270820006019282","potions_obtained":[{"floor":7,"key":"Doom Potion"}],"is_trial":false,"path_per_floor":["M","?","$","?","?","E","M","E"],"character_chosen":"RobotSpaceExplorer","items_purchased":[],"campfire_rested":0,"item_purchase_floors":[],"current_hp_per_floor":[75,64,64,57,61,61,61,2,2],"gold":113,"neow_bonus":"THREE_ENEMY_KILL","is_daily":false,"chose_seed":false,"campfire_upgraded":0,"win_rate":0.0,"timestamp":1608927094,"path_taken":["M","?","?","?","?","E","?","E"],"items_purchased_type":[],"build_version":"2020-12-22","purchased_purges":0,"victory":false,"max_hp_per_floor":[75,75,75,75,75,75,75,75,75],"card_choices":[{"not_picked":["RobotSpaceExplorer:ScrapToss","RobotSpaceExplorer:TurboDodge"],"picked":"RobotSpaceExplorer:ShockKick","floor":1},{"not_picked":["RobotSpaceExplorer:ShovelStrike","RobotSpaceExplorer:BigMissile"],"picked":"RobotSpaceExplorer:SelfCleaning","floor":6},{"not_picked":["RobotSpaceExplorer:Counterblock","RobotSpaceExplorer:SurgingShield"],"picked":"RobotSpaceExplorer:ShovelStrike","floor":7}],"player_experience":360555,"relics_obtained":[{"floor":6,"key":"hubris:PeanutButter"}],"event_choices":[{"damage_healed":0,"gold_gain":0,"player_choice":"Slimed","damage_taken":11,"max_hp_gain":0,"max_hp_loss":0,"event_name":"betterThird:BetterGoop","floor":2,"gold_loss":39},{"cards_removed":["RobotSpaceExplorer:Defend"],"damage_healed":0,"gold_gain":0,"player_choice":"Card Removal","damage_taken":7,"max_hp_gain":0,"max_hp_loss":0,"event_name":"Golden Wing","floor":4,"gold_loss":0},{"damage_healed":4,"gold_gain":0,"player_choice":"LEAVE ","damage_taken":0,"relics_obtained":[],"max_hp_gain":0,"max_hp_loss":0,"event_name":"betterSkull:BetterSkull","floor":5,"gold_loss":0,"cards_upgraded":[]}],"is_beta":false,"boss_relics":[],"items_purged_floors":[],"is_endless":false,"potions_floor_spawned":[7],"killed_by":"3 Sentries","ascension_level":1}}