{"host":"uxq2rly8rxtwffuf","time":1608883997,"event":{"mods":["BaseMod","Koishi","Minty Spire (QoL Compilation)","StSLib","The Judge","The Servant 0.9.4"],"gold_per_floor":[115,133,58,75,94,94,113,142,142,175,175,175,175,191,191,288,288,302,302,53,53,53,53,83,100,149,167,167,177,177,203,203,203,203],"floor_reached":33,"playtime":1743,"items_purged":["Strike_G","Strike_G"],"score":472,"play_id":"bb60d6ae-7c42-4935-a66d-863a843c6003","local_time":"20201225111317","is_ascension_mode":true,"campfire_choices":[{"data":"Skewer","floor":6,"key":"SMITH"},{"floor":11,"key":"REST"},{"floor":13,"key":"RECALL"},{"floor":15,"key":"REST"},{"data":"Cloak And Dagger","floor":23,"key":"SMITH"},{"floor":30,"key":"REST"},{"floor":32,"key":"REST"}],"circlet_count":0,"master_deck":["AscendersBane","Strike_G","Defend_G","Defend_G","Defend_G","Survivor","Neutralize+1","Infinite Blades","Unload+1","Eviscerate","Skewer+1","Escape Plan","Cloak And Dagger+1","Escape Plan","Reflex+1","Cloak And Dagger+1","Doppelganger+1","Underhanded Strike","Dagger Throw","Flechettes","Deflect+1","Outmaneuver+1","Terror+1","All Out Attack"],"relics":["Ring of the Serpent","Bag of Marbles","Toxic Egg 2","Whetstone","Blood Vial","Shovel","Happy Flower","Gremlin Horn","Juzu Bracelet"],"acts_visited":["Exordium","TheCity"],"potions_floor_usage":[2,10,16,16,24,24,31],"damage_taken":[{"damage":0,"enemies":"2 Louse","floor":1,"turns":3},{"damage":0,"enemies":"Cultist","floor":2,"turns":2},{"damage":0,"enemies":"Small Slimes","floor":4,"turns":2},{"damage":11,"enemies":"Looter","floor":5,"turns":3},{"damage":7,"enemies":"Exordium Wildlife","floor":7,"turns":6},{"damage":6,"enemies":"3 Sentries","floor":8,"turns":7},{"damage":6,"enemies":"Gremlin Nob","floor":10,"turns":3},{"damage":0,"enemies":"Blue Slaver","floor":14,"turns":2},{"damage":10,"enemies":"Hexaghost","floor":16,"turns":9},{"damage":0,"enemies":"3 Byrds","floor":18,"turns":5},{"damage":24,"enemies":"Book of Stabbing","floor":24,"turns":4},{"damage":2,"enemies":"Shell Parasite","floor":25,"turns":2},{"damage":2,"enemies":"Cultist and Chosen","floor":27,"turns":5},{"damage":21,"enemies":"Centurion and Healer","floor":29,"turns":4},{"damage":8,"enemies":"Slavers","floor":31,"turns":4},{"damage":78,"enemies":"Automaton","floor":33,"turns":10}],"seed_played":"-8564246273606565234","potions_obtained":[{"floor":1,"key":"Dexterity Potion"},{"floor":2,"key":"Fruit Juice"},{"floor":5,"key":"ColorlessPotion"},{"floor":10,"key":"AttackPotion"},{"floor":16,"key":"Regen Potion"},{"floor":18,"key":"SkillPotion"},{"floor":25,"key":"Fire Potion"},{"floor":29,"key":"GamblersBrew"}],"is_trial":false,"path_per_floor":["M","M","$","M","M","R","M","E","T","E","R","?","R","M","R","B",null,"M","?","$","?","$","R","E","M","T","M","?","M","R","E","R","B"],"character_chosen":"THE_SILENT","items_purchased":["Blood Vial"],"campfire_rested":4,"item_purchase_floors":[20],"current_hp_per_floor":[45,50,50,50,39,39,32,26,26,20,42,42,42,42,64,54,70,70,56,56,56,56,56,46,46,46,46,46,27,51,45,69,0,0],"gold":203,"neow_bonus":"TRANSFORM_TWO_CARDS","is_daily":false,"chose_seed":false,"campfire_upgraded":2,"win_rate":0.0,"timestamp":1608883997,"path_taken":["M","M","$","M","M","R","M","E","T","E","R","?","R","?","R","BOSS","M","?","$","?","$","R","E","M","T","?","?","M","R","E","R","BOSS"],"items_purchased_type":["Relic"],"build_version":"2020-12-22","purchased_purges":2,"victory":false,"max_hp_per_floor":[70,75,75,75,75,75,75,75,75,75,75,75,75,75,75,75,75,75,80,80,80,80,80,80,80,80,80,80,80,80,80,80,80,80],"card_choices":[{"not_picked":["PiercingWail","Dagger Throw"],"picked":"Eviscerate","floor":1},{"not_picked":["Reflex","Acrobatics"],"picked":"Skewer","floor":2},{"not_picked":["Footwork","Acrobatics"],"picked":"Escape Plan","floor":4},{"not_picked":["Poisoned Stab","Bouncing Flask"],"picked":"Cloak And Dagger","floor":5},{"not_picked":["Dagger Throw","Concentrate"],"picked":"Escape Plan","floor":7},{"not_picked":["Finisher","Poisoned Stab","Burst"],"picked":"SKIP","floor":8},{"not_picked":["Deadly Poison+1","Dagger Throw"],"picked":"Reflex+1","floor":10},{"not_picked":["Deflect+1","Setup+1"],"picked":"Cloak And Dagger+1","floor":14},{"not_picked":["Corpse Explosion+1","Malaise+1"],"picked":"Doppelganger+1","floor":16},{"not_picked":["Poisoned Stab","Bane"],"picked":"Underhanded Strike","floor":18},{"not_picked":["Dagger Throw","Flying Knee+1"],"picked":"Deflect+1","floor":24},{"not_picked":["Flying Knee","Acrobatics+1","Bane"],"picked":"SKIP","floor":25},{"not_picked":["Well Laid Plans","PiercingWail+1"],"picked":"Outmaneuver+1","floor":27},{"not_picked":["Flechettes+1","Acrobatics+1"],"picked":"Terror+1","floor":29},{"not_picked":["Underhanded Strike","Deadly Poison+1"],"picked":"All Out Attack","floor":31}],"player_experience":1365036,"relics_obtained":[{"floor":8,"key":"Bag of Marbles"},{"floor":9,"key":"Toxic Egg 2"},{"floor":10,"key":"Whetstone"},{"floor":24,"key":"Shovel"},{"floor":26,"key":"Happy Flower"},{"floor":31,"key":"Juzu Bracelet"}],"event_choices":[{"damage_healed":0,"gold_gain":0,"player_choice":"Bought 0 Potions","damage_taken":0,"max_hp_gain":0,"max_hp_loss":0,"event_name":"The Woman in Blue","floor":12,"gold_loss":0},{"damage_healed":0,"gold_gain":0,"player_choice":"Shed Blood","damage_taken":19,"max_hp_gain":5,"max_hp_loss":0,"event_name":"Forgotten Altar","floor":19,"gold_loss":0},{"damage_healed":0,"gold_gain":0,"cards_transformed":["Defend_G","Strike_G"],"player_choice":"Became Test Subject","damage_taken":0,"max_hp_gain":0,"max_hp_loss":0,"event_name":"Drug Dealer","floor":21,"gold_loss":0,"cards_obtained":["Dagger Throw","Flechettes"]},{"damage_healed":0,"gold_gain":0,"player_choice":"Gave Potion","damage_taken":0,"relics_obtained":["Gremlin Horn"],"max_hp_gain":0,"max_hp_loss":0,"event_name":"WeMeetAgain","floor":28,"gold_loss":0}],"is_beta":false,"boss_relics":[{"not_picked":["Pandora\u0027s Box","Calling Bell"],"picked":"Ring of the Serpent"}],"items_purged_floors":[3,20],"is_endless":false,"potions_floor_spawned":[1,2,5,10,14,16,18,25,29],"killed_by":"Automaton","ascension_level":12}}