{"host":"htqwg582tjjtn9p7","time":1608897087,"event":{"mods":["2.2 Compatiblity","AchievementEnabler","Act Like it!","Aspiration","BaseMod","Better Third Choice","Colored Map","Conspire","Curses Come First","Displayed Cursed Tome","Energized Spire","Force Act Four","GifTheSpireLib","Hermit","Highlight Path","JesterMod","Mad Scientist","Minty Spire (QoL Compilation)","Pale of the Ancients","Permanent Neow","Random Character Button","Relic Stats","Replay The Spire","Robot Space Explorer","Somnambulant","Spicy Shops","Spikes Relics","StSLib","Stuff the Spire","The Blue Laboratory","The Disciple","The Dragon Tamer","The Forsaken","The Gatherer","The Judge","The Jungle","The Marked","The Runesmith","The Servant 0.9.4"],"gold_per_floor":[119,119,70,85,99,99,133,133,204,216,231,231,231,249,249,249,249],"floor_reached":16,"playtime":664,"items_purged":[],"score":179,"play_id":"0dfe44f0-0dee-466e-b7b8-4d47ded2d0a3","local_time":"20201225125127","is_ascension_mode":true,"campfire_choices":[{"data":"Poisoned Stab","floor":6,"key":"SMITH"},{"floor":8,"key":"REST"},{"floor":15,"key":"REST"}],"circlet_count":0,"master_deck":["AscendersBane","Strike_G","Strike_G","Strike_G+1","Strike_G","Strike_G","Defend_G","Defend_G","Defend_G","Defend_G","Defend_G","Survivor","Neutralize","Venomology","Backflip","Underhanded Strike","Dash+1","Poisoned Stab+1","After Image","Clumsy","Acrobatics","Poisoned Stab","Backstab"],"relics":["Ring of the Snake","StuffTheSpire:Barrel","aspiration:SeaSaltIceCream","energizedSpire:HighHeels"],"acts_visited":["Exordium"],"potions_floor_usage":[1,5,7,16,16],"damage_taken":[{"damage":10,"enemies":"Small Slimes","floor":1,"turns":8},{"damage":1,"enemies":"2 Louse","floor":4,"turns":5},{"damage":0,"enemies":"Cultist","floor":5,"turns":3},{"damage":17,"enemies":"3 Sentries","floor":7,"turns":9},{"damage":2,"enemies":"conspire:2 RoseBushes","floor":10,"turns":6},{"damage":2,"enemies":"3 Louse","floor":11,"turns":6},{"damage":10,"enemies":"Exordium Thugs","floor":14,"turns":6},{"damage":34,"enemies":"Slime Boss","floor":16,"turns":5}],"seed_played":"7967461149846329365","potions_obtained":[{"floor":1,"key":"CunningPotion"},{"floor":14,"key":"blueLaboratory:FruitPunch"}],"is_trial":false,"path_per_floor":["M","?","$","M","M","R","E","R","T","M","M","?","T","M","R","B"],"character_chosen":"THE_SILENT","items_purchased":["Underhanded Strike"],"campfire_rested":2,"item_purchase_floors":[3],"current_hp_per_floor":[49,49,49,48,48,48,31,50,50,48,46,26,26,16,35,3,3],"gold":249,"neow_bonus":"ONE_RANDOM_RARE_CARD","is_daily":false,"chose_seed":false,"campfire_upgraded":1,"win_rate":0.0,"timestamp":1608897087,"path_taken":["M","?","$","M","M","R","E","R","T","M","M","?","?","M","R","BOSS"],"items_purchased_type":["Card"],"build_version":"2020-12-22","purchased_purges":0,"victory":false,"max_hp_per_floor":[66,66,66,66,66,66,66,66,66,66,66,66,66,66,66,68,68],"relic_stats":{"counters":[8,48],"obtain_stats":[{"StuffTheSpire:Barrel":7,"aspiration:SeaSaltIceCream":9,"energizedSpire:HighHeels":9,"Ring of the Snake":0},{"StuffTheSpire:Barrel":4,"aspiration:SeaSaltIceCream":4,"energizedSpire:HighHeels":4,"Ring of the Snake":0},{"StuffTheSpire:Barrel":25,"aspiration:SeaSaltIceCream":25,"energizedSpire:HighHeels":25,"Ring of the Snake":0}],"Ring of the Snake":[16]},"card_choices":[{"not_picked":["Deflect","Prepared"],"picked":"Backflip","floor":1},{"not_picked":["Dagger Spray","Sucker Punch"],"picked":"Dash","floor":4},{"not_picked":["Acrobatics","Distraction"],"picked":"Poisoned Stab","floor":5},{"not_picked":["Bouncing Flask","Blade Dance"],"picked":"After Image","floor":7},{"not_picked":["All Out Attack","Catalyst"],"picked":"Acrobatics","floor":10},{"not_picked":["Cloak And Dagger","Prepared"],"picked":"Poisoned Stab","floor":11},{"not_picked":["Outmaneuver","Backflip"],"picked":"Backstab","floor":14}],"player_experience":1781376,"relics_obtained":[{"floor":7,"key":"StuffTheSpire:Barrel"},{"floor":9,"key":"aspiration:SeaSaltIceCream"}],"event_choices":[{"damage_healed":46,"gold_gain":0,"player_choice":"Upgrade","damage_taken":20,"max_hp_gain":0,"max_hp_loss":66,"event_name":"betterThird:BetterShining","floor":12,"gold_loss":0,"cards_upgraded":["Dash","Strike_G"]}],"is_beta":false,"boss_relics":[],"items_purged_floors":[],"is_endless":false,"potions_floor_spawned":[1,4,5,14],"killed_by":"Slime Boss","ascension_level":15}}