{"host":"loveinabox","time":1608908108,"event":{"mods":["BaseMod","Downfall","Minty Spire (QoL Compilation)","StSLib"],"gold_per_floor":[11300,10449,10449,10467,10484,10484,10511,10525,10525,10525,10537,10537,10551,10571,10571,10669,10669,10687,10707,9914,9932,9932,9932,9966,9966,9966,9966,9966,9313,9324,8876,8876,8979,8979,8991,9039,9053,9072,8443,8443,8477,8494,8517,8567,8040,8076,8087,8120,8120,8120,8120,8120,7601,7632,7632],"floor_reached":56,"playtime":2056,"items_purged":["Strike_R","Bash","Strike_R","Strike_R","Defend_R"],"score":2298,"play_id":"14b93f22-84b9-40ec-bbaa-1096dc5f23d5","local_time":"20201225225508","is_ascension_mode":true,"campfire_choices":[{"data":"Flame Barrier","floor":6.0,"key":"SMITH"},{"data":"Burning Pact","floor":10.0,"key":"SMITH"},{"data":"Dark Embrace","floor":12.0,"key":"SMITH"},{"floor":15.0,"key":"RECALL"},{"data":"Barricade","floor":23.0,"key":"SMITH"},{"data":"Second Wind","floor":25.0,"key":"SMITH"},{"data":"Sentinel","floor":27.0,"key":"SMITH"},{"data":"Feel No Pain","floor":32.0,"key":"SMITH"},{"data":"Offering","floor":40,"key":"SMITH"},{"floor":49,"key":"DIG"},{"floor":52,"key":"DIG"}],"circlet_count":0,"master_deck":["Defend_R+1","Defend_R+1","Feel No Pain+1","Flame Barrier+1","Second Wind+1","Burning Pact+1","Dark Embrace+1","Body Slam+1","Sentinel+1","Barricade+1","Intimidate","Exhume+1","Battle Trance+1","Reaper+1","Offering+1","Entrench+1","expansioncontent:DashGenerateEvil+1"],"relics":["Burning Blood","NeowsBlessing","Ice Cream","Letter Opener","StrikeDummy","Molten Egg 2","Coffee Dripper","Champion Belt","Gambling Chip","Blue Candle","Blood Vial","Orichalcum","Lee\u0027s Waffle","TheAbacus","War Paint","Astrolabe","Thread and Needle","Oddly Smooth Stone","Whetstone","Medical Kit","Bottled Tornado","Bag of Preparation","FossilizedHelix","Shovel","Pear","CeramicFish","Ancient Tea Set","Charon\u0027s Ashes","Paper Frog","Vajra","Boot","Eternal Feather"],"acts_visited":["Exordium","TheCity","TheBeyond","TheEnding"],"potions_floor_usage":[55,55,55],"damage_taken":[{"damage":0.0,"enemies":"Small Slimes","floor":1.0,"turns":1.0},{"damage":0.0,"enemies":"Cultist","floor":4.0,"turns":1.0},{"damage":0.0,"enemies":"Jaw Worm","floor":5.0,"turns":1.0},{"damage":24.0,"enemies":"3 Sentries","floor":7.0,"turns":7.0},{"damage":2.0,"enemies":"Exordium Wildlife","floor":8.0,"turns":4.0},{"damage":1.0,"enemies":"Looter","floor":11.0,"turns":3.0},{"damage":3.0,"enemies":"Blue Slaver","floor":13.0,"turns":6.0},{"damage":0.0,"enemies":"Lots of Slimes","floor":14.0,"turns":1.0},{"damage":9.0,"enemies":"Hexaghost","floor":16.0,"turns":8.0},{"damage":28.0,"enemies":"2 Thieves","floor":18.0,"turns":4.0},{"damage":8.0,"enemies":"Spheric Guardian","floor":19.0,"turns":5.0},{"damage":6.0,"enemies":"Cultist and Chosen","floor":21.0,"turns":9.0},{"damage":14.0,"enemies":"Book of Stabbing","floor":24.0,"turns":7.0},{"damage":5.0,"enemies":"Shelled Parasite and Fungi","floor":30.0,"turns":3.0},{"damage":0.0,"enemies":"Collector","floor":33.0,"turns":4.0},{"damage":0,"enemies":"3 Shapes","floor":35,"turns":4},{"damage":19,"enemies":"2 Orb Walkers","floor":36,"turns":3},{"damage":0,"enemies":"3 Darklings","floor":37,"turns":2},{"damage":12,"enemies":"4 Shapes","floor":38,"turns":2},{"damage":6,"enemies":"Giant Head","floor":41,"turns":3},{"damage":6,"enemies":"Maw","floor":42,"turns":2},{"damage":6,"enemies":"Mind Bloom Boss Battle","floor":44,"turns":1},{"damage":0,"enemies":"Reptomancer","floor":46,"turns":1},{"damage":0,"enemies":"Jaw Worm Horde","floor":47,"turns":4},{"damage":0,"enemies":"Giant Head","floor":48,"turns":2},{"damage":0,"enemies":"Time Eater","floor":50,"turns":2},{"damage":6,"enemies":"Shield and Spear","floor":54,"turns":2},{"damage":9,"enemies":"The Heart","floor":55,"turns":4}],"seed_played":"-2527681206870874563","potions_obtained":[{"floor":5.0,"key":"Weak Potion"},{"floor":7.0,"key":"DistilledChaos"},{"floor":18.0,"key":"Block Potion"},{"floor":24.0,"key":"Weak Potion"},{"floor":36,"key":"Swift Potion"},{"floor":46,"key":"Slimebound:ThreeZeroPotion"}],"is_trial":false,"path_per_floor":["M","$","?","M","M","R","E","M","T","R","M","R","M","M","R","B",null,"M","M","$","M","?","R","E","R","T","R","?","$","M","$","R","B",null,"M","?","M","M","$","R","E","M","T","?","$","E","M","E","R","B",null,"R","$","E","B",null],"character_chosen":"IRONCLAD","items_purchased":["Ice Cream","Letter Opener","Inflame","CultistPotion","Fire Potion","Champion Belt","Gambling Chip","SteroidPotion","Intimidate","Blood Vial","Orichalcum","Lee\u0027s Waffle","Guardian:BlockOnCardUsePotion","TheAbacus","War Paint","Oddly Smooth Stone","Whetstone","Medical Kit","Shovel","Pear","Vajra","Boot","expansioncontent:DashGenerateEvil+1","champ:CounterPotion"],"campfire_rested":0,"item_purchase_floors":[2,2,2,2,2,20,20,20,20,29,29,29,29,31,31,39,39,39,45,45,53,53,53,53],"current_hp_per_floor":[78,78,78,80,80,80,62,66,66,66,71,71,74,80,80,77,79,57,55,55,55,55,55,47,47,47,47,47,87,87,87,87,87,87,87,79,87,87,87,87,87,87,87,87,97,97,97,97,97,97,97,97,97,97,94],"gold":7632,"neow_bonus":"THREE_ENEMY_KILL","is_daily":false,"chose_seed":false,"campfire_upgraded":8,"win_rate":0.0,"timestamp":1608908108,"path_taken":["M","$","?","M","?","R","E","M","T","R","M","R","?","M","R","BOSS","M","M","$","M","?","R","E","R","T","R","?","?","M","$","R","BOSS","M","?","M","M","$","R","E","M","T","?","$","E","M","E","R","BOSS","R","$","E","BOSS"],"items_purchased_type":["Relic","Relic","Card","Potion","Potion","Relic","Relic","Potion","Card","Relic","Relic","Relic","Potion","Relic","Relic","Relic","Relic","Relic","Relic","Relic","Relic","Relic","Card","Potion"],"build_version":"2020-12-18","purchased_purges":5,"victory":true,"max_hp_per_floor":[80,80,80,80,80,80,80,80,80,80,80,80,80,80,80,80,80,80,80,80,80,80,80,80,80,80,80,80,87,87,87,87,87,87,87,87,87,87,87,87,87,87,87,87,97,97,97,97,97,97,97,97,97,97,97],"card_choices":[{"not_picked":["Clothesline","Havoc"],"picked":"Cleave","floor":1.0},{"not_picked":["Armaments","Sword Boomerang"],"picked":"Feel No Pain","floor":4.0},{"not_picked":["Iron Wave","Dual Wield"],"picked":"Flame Barrier","floor":5.0},{"not_picked":["Fire Breathing","Sentinel"],"picked":"Second Wind","floor":7.0},{"not_picked":["Flame Barrier","Pommel Strike"],"picked":"Burning Pact","floor":8.0},{"not_picked":["Reckless Charge+1","True Grit"],"picked":"Dark Embrace","floor":11.0},{"not_picked":["Twin Strike+1","Sword Boomerang+1"],"picked":"Body Slam+1","floor":13.0},{"not_picked":["Flex","Thunderclap+1"],"picked":"Sentinel","floor":14.0},{"not_picked":["Corruption","Berserk"],"picked":"Barricade","floor":16.0},{"not_picked":["Anger+1","Flame Barrier","Inflame"],"picked":"SKIP","floor":18.0},{"not_picked":["Pommel Strike+1","Thunderclap+1","Armaments"],"picked":"SKIP","floor":19.0},{"not_picked":["Limit Break","Heavy Blade+1","Warcry"],"picked":"SKIP","floor":21.0},{"not_picked":["Metallicize","Warcry","Anger+1"],"picked":"SKIP","floor":24.0},{"not_picked":["Perfected Strike+1","Feed+1","Flame Barrier+1"],"picked":"SKIP","floor":30.0},{"not_picked":["Dark Embrace","Burning Pact","Clothesline+1"],"picked":"SKIP","floor":35},{"not_picked":["Reckless Charge+1","Wild Strike+1"],"picked":"Offering","floor":37},{"not_picked":["Perfected Strike+1","Armaments","Ghostly Armor"],"picked":"SKIP","floor":38},{"not_picked":["Perfected Strike+1","Armaments","Ghostly Armor"],"picked":"SKIP","floor":38},{"not_picked":["Body Slam+1","Havoc","Cleave+1"],"picked":"SKIP","floor":41},{"not_picked":["Heavy Blade+1","Armaments+1","Headbutt+1"],"picked":"SKIP","floor":42},{"not_picked":["Feel No Pain","Twin Strike+1"],"picked":"Entrench+1","floor":46},{"not_picked":["Disarm","Wild Strike+1","Pummel+1"],"picked":"SKIP","floor":47},{"not_picked":["Flame Barrier+1","Uppercut+1","Dark Embrace+1"],"picked":"SKIP","floor":48},{"not_picked":["Feed+1","Warcry+1","Pummel+1"],"picked":"SKIP","floor":54}],"player_experience":218832,"relics_obtained":[{"floor":7.0,"key":"StrikeDummy"},{"floor":9.0,"key":"Molten Egg 2"},{"floor":24.0,"key":"Blue Candle"},{"floor":36,"key":"Thread and Needle"},{"floor":41,"key":"Bottled Tornado"},{"floor":43,"key":"Bag of Preparation"},{"floor":44,"key":"FossilizedHelix"},{"floor":46,"key":"CeramicFish"},{"floor":48,"key":"Ancient Tea Set"},{"floor":49,"key":"Charon\u0027s Ashes"},{"floor":52,"key":"Paper Frog"},{"floor":54,"key":"Eternal Feather"}],"event_choices":[{"cards_removed":["Strike_R"],"damage_healed":0.0,"max_hp_gain":0.0,"max_hp_loss":0.0,"gold_gain":0.0,"event_name":"Bonfire Elementals","player_choice":"Offered Basic","floor":3.0,"gold_loss":0.0,"damage_taken":0.0},{"damage_healed":0.0,"max_hp_gain":0.0,"max_hp_loss":0.0,"gold_gain":0.0,"event_name":"Vampires","player_choice":"Ignored","floor":22.0,"gold_loss":0.0,"damage_taken":0.0},{"cards_removed":["Strike_R"],"damage_healed":0.0,"max_hp_gain":0.0,"max_hp_loss":0.0,"gold_gain":0.0,"event_name":"Back to Basics","player_choice":"Elegance","floor":28.0,"gold_loss":0.0,"damage_taken":0.0},{"damage_healed":0,"gold_gain":0,"player_choice":"Fight","damage_taken":0,"max_hp_gain":0,"max_hp_loss":0,"event_name":"Mysterious Sphere","floor":36,"gold_loss":0},{"damage_healed":0,"gold_gain":0,"player_choice":"Fight","damage_taken":0,"max_hp_gain":0,"max_hp_loss":0,"event_name":"MindBloom","floor":44,"gold_loss":0}],"is_beta":true,"boss_relics":[{"not_picked":["Runic Dome","Runic Cube"],"picked":"Coffee Dripper"},{"not_picked":["Calling Bell","SlaversCollar"],"picked":"Astrolabe"}],"items_purged_floors":[2,20,29,31,39],"is_endless":false,"potions_floor_spawned":[5,7,11,13,18,24,30,33,36,37,38,44,46,47],"ascension_level":9}}