{"host":"ds1yr10zonoc6w4a","time":1608870912,"event":{"mods":["2.2 Compatiblity","AchievementEnabler","Act Like it!","BaseMod","Downfall","Elementarium","Gensokyo","Infinite Spire","Jorbs\u0027s Wanderer Trilogy","Koishi","Menagerie","Minty Spire (QoL Compilation)","Pale of the Ancients","StSLib","The Animator","Wandering Minibosses","vexMod","??????REMEMod"],"gold_per_floor":[13,41,69,83,103,145,95,370,370,370,402,434,461,125,125,125,125],"floor_reached":16,"playtime":2315,"items_purged":["animator:Defend"],"score":183,"play_id":"05fc94d1-aaef-4570-a339-7c49d15b1237","local_time":"20201224213512","is_ascension_mode":true,"campfire_choices":[{"data":"animator:Demiurge","floor":10,"key":"SMITH"},{"data":"animator:Demiurge","floor":15,"key":"SMITH"}],"circlet_count":0,"master_deck":["AscendersBane","animator:Strike_GATE","animator:Defend_GATE","animator:Defend","animator:Defend","animator:TukaLunaMarceau","animator:Kuribayashi","expansioncontent:StudyTheSpire","animator:Mitsuba","animator:Demiurge+1","animator:YaoHaDucy","animator:LeleiLaLalena","animator:Entoma+3","animator:Hitei","Regret","animator:Demiurge+1","animator:Bozes","animator:UneriGinkaku","animator:Patchouli","animator:Cirno"],"relics":["animator:LivingPicture","animator:TheMissingPiece","REME_ComplimentaryCards","StoneCalendar","Art of War","vexMod:Dragonfruit","WingedGreaves"],"acts_visited":["Exordium"],"potions_floor_usage":[3,4,11,13,13,13,16,16],"damage_taken":[{"damage":9,"enemies":"Small Slimes","floor":1,"turns":5},{"damage":5,"enemies":"Jaw Worm","floor":2,"turns":6},{"damage":4,"enemies":"Cultist","floor":3,"turns":5},{"damage":9,"enemies":"Large Slime","floor":4,"turns":7},{"damage":2,"enemies":"Looter","floor":5,"turns":4},{"damage":7,"enemies":"Lagavulin","floor":6,"turns":4},{"damage":10,"enemies":"3 Sentries","floor":11,"turns":7},{"damage":2,"enemies":"Red Slaver","floor":12,"turns":4},{"damage":9,"enemies":"Lagavulin","floor":13,"turns":6},{"damage":16,"enemies":"The Guardian","floor":16,"turns":4}],"seed_played":"2829233859973069033","potions_obtained":[{"floor":1,"key":"DistilledChaos"},{"floor":2,"key":"Guardian:BlockOnCardUsePotion"},{"floor":5,"key":"SneckoOil"},{"floor":6,"key":"Dexterity Potion"},{"floor":12,"key":"EntropicBrew"}],"is_trial":false,"path_per_floor":["M","M","M","M","M","E","?","?","T","R","E","M","E","$","R","B"],"character_chosen":"THE_ANIMATOR","items_purchased":["animator:Patchouli","animator:Cirno"],"campfire_rested":0,"item_purchase_floors":[14,14],"current_hp_per_floor":[50,45,41,33,32,27,27,27,27,27,24,24,16,16,16,0,0],"gold":125,"neow_bonus":"REMOVE_TWO","is_daily":false,"chose_seed":false,"campfire_upgraded":2,"win_rate":0.0,"timestamp":1608870912,"path_taken":["M","M","M","M","M","E","?","?","T","R","E","M","E","$","R","BOSS"],"items_purchased_type":["Card","Card"],"build_version":"2020-12-22","purchased_purges":1,"victory":false,"max_hp_per_floor":[66,66,66,67,68,70,70,70,70,70,77,79,80,80,80,80,80],"card_choices":[{"not_picked":["animator:Shinoa","animator:UneriGinkaku"],"picked":"animator:Mitsuba","floor":1},{"not_picked":["animator:Shalltear","animator:AcuraAkari"],"picked":"animator:Demiurge","floor":2},{"not_picked":["animator:Fredrika","animator:Mikaela"],"picked":"animator:YaoHaDucy","floor":3},{"not_picked":["animator:Kuribayashi","animator:YaoHaDucy"],"picked":"animator:LeleiLaLalena","floor":4},{"not_picked":["animator:TukaLunaMarceau","animator:UneriGinkaku"],"picked":"animator:Entoma","floor":5},{"not_picked":["animator:ChaikaBohdan","animator:TukaLunaMarceau"],"picked":"animator:Hitei","floor":6},{"not_picked":["animator:ChaikaBohdan","animator:Evileye"],"picked":"animator:Demiurge","floor":11},{"not_picked":["animator:LeleiLaLalena","animator:RoryMercury"],"picked":"animator:Bozes","floor":12},{"not_picked":["animator:MumenRider","animator:Layla"],"picked":"animator:UneriGinkaku","floor":13}],"player_experience":532039,"relics_obtained":[{"floor":6,"key":"StoneCalendar"},{"floor":9,"key":"Art of War"},{"floor":11,"key":"vexMod:Dragonfruit"},{"floor":13,"key":"WingedGreaves"}],"event_choices":[{"cards_removed":["animator:Strike"],"damage_healed":0,"gold_gain":0,"player_choice":"Card Removal","damage_taken":0,"max_hp_gain":0,"max_hp_loss":0,"event_name":"The Cleric","floor":7,"gold_loss":50},{"damage_healed":0,"gold_gain":275,"player_choice":"Desecrate","damage_taken":0,"max_hp_gain":0,"max_hp_loss":0,"event_name":"Golden Shrine","floor":8,"gold_loss":0,"cards_obtained":["Regret"]}],"is_beta":false,"boss_relics":[],"items_purged_floors":[14],"is_endless":false,"potions_floor_spawned":[1,2,5,6,12],"killed_by":"The Guardian","ascension_level":10}}