{"host":"fjaupvxe7fzqrf4j","time":1608913295,"event":{"mods":["ATMod(°¢èªMod)","BaseMod","Minty Spire (QoL Compilation)","StSLib"],"gold_per_floor":[115,115,115,115,126,159,171,183,183],"floor_reached":8,"playtime":183,"items_purged":[],"score":158,"play_id":"78023cd8-c0a0-4976-a84b-3e247009bc1a","local_time":"20201226002135","daily_mods":["SealedDeck","Heirloom","Time Dilation","Flight","Elite Swarm"],"is_ascension_mode":true,"campfire_choices":[{"data":"Streamline","floor":7,"key":"SMITH"}],"circlet_count":0,"master_deck":["AscendersBane","Barrage","Coolheaded","Coolheaded+1","Ball Lightning","AT_DarkMatter","Conserve Battery","Beam Cell+1","Streamline+1","Capacitor","Turbo"],"relics":["Cracked Core","AT_ATBox","Gambling Chip","MawBank"],"acts_visited":["Exordium"],"potions_floor_usage":[],"damage_taken":[{"damage":6.0,"enemies":"Small Slimes","floor":1.0,"turns":2.0},{"damage":0,"enemies":"Jaw Worm","floor":5,"turns":1},{"damage":0,"enemies":"Gremlin Nob","floor":6,"turns":2},{"damage":9,"enemies":"3 Sentries","floor":8,"turns":2}],"seed_played":"3323967763200766386","potions_obtained":[{"floor":1.0,"key":"Strength Potion"}],"is_trial":true,"path_per_floor":["M","$","?","?","M","E","R","E"],"character_chosen":"DEFECT","items_purchased":[],"campfire_rested":0,"item_purchase_floors":[],"current_hp_per_floor":[58,58,37,37,37,37,37,28,28],"gold":183,"neow_bonus":"","is_daily":false,"chose_seed":false,"campfire_upgraded":1,"win_rate":0.0,"timestamp":1608913295,"path_taken":["M","$","?","?","?","E","R","E"],"items_purchased_type":[],"build_version":"2020-12-22","purchased_purges":0,"victory":false,"max_hp_per_floor":[71,71,71,71,71,71,71,71,71],"card_choices":[{"not_picked":["Barrage","Loop","AT_ThreeBodyProblem"],"picked":"SKIP","floor":1.0},{"not_picked":["Stack","Lockon","Rebound"],"picked":"SKIP","floor":5},{"not_picked":["Multi-Cast","Buffer","Seek"],"picked":"SKIP","floor":6},{"not_picked":["Multi-Cast","Buffer","Seek"],"picked":"SKIP","floor":6}],"player_experience":294911,"relics_obtained":[{"floor":6,"key":"MawBank"}],"event_choices":[{"damage_healed":0.0,"max_hp_gain":0.0,"max_hp_loss":0.0,"gold_gain":0.0,"event_name":"Shining Light","player_choice":"Entered Light","floor":3.0,"gold_loss":0.0,"damage_taken":21.0,"cards_upgraded":["Beam Cell","Coolheaded"]},{"damage_healed":0,"gold_gain":0,"player_choice":"0 cards matched","damage_taken":0,"max_hp_gain":0,"max_hp_loss":0,"event_name":"Match and Keep!","floor":4,"gold_loss":0,"cards_obtained":[]}],"is_beta":false,"boss_relics":[],"items_purged_floors":[],"is_endless":false,"potions_floor_spawned":[1],"killed_by":"3 Sentries","ascension_level":20}}