{"host":"i0avyit1s6jb1siw","time":1608925392,"event":{"mods":["BaseMod","DeckTracker","Dota2Spire","Highlight Path","Minty Spire (QoL Compilation)","Quick Restart","Replay The Spire","StSLib","SuperFastMode"],"gold_per_floor":[13,13,13,26,46,46,46,46,98,23,39,51,51,81,81,158,158,173,49,65,77,77,77,106,21,21,34,34,65,109,154,154,184,184],"floor_reached":33,"playtime":919,"items_purged":["Strike_G","Strike_G"],"score":624,"play_id":"810cf917-29d8-41cf-a049-9002d45d0965","local_time":"20201225204312","is_ascension_mode":true,"campfire_choices":[{"data":"Dagger Spray","floor":6.0,"key":"SMITH"},{"data":"Adrenaline","floor":8.0,"key":"SMITH"},{"data":"Predator","floor":13.0,"key":"SMITH"},{"data":"Neutralize","floor":15.0,"key":"SMITH"},{"data":"Acrobatics","floor":23.0,"key":"SMITH"},{"floor":32,"key":"REST"}],"circlet_count":0,"master_deck":["AscendersBane","Strike_G","Strike_G","Defend_G","Defend_G","Defend_G","Defend_G","Defend_G","Survivor","Neutralize+1","Adrenaline+1","Dagger Spray+1","Calculated Gamble","Predator+1","Reflex","Grand Finale","Acrobatics+1","Prepared","Backflip","Acrobatics","Reflex"],"relics":["Ring of the Snake","Happy Flower","Vajra","Dota2Spire:ArcaneBoots","Dota2Spire:Bloodstone","White Beast Statue","Dota2Spire:MonkeyKingBar","Dota2Spire:HandOfMidas"],"acts_visited":["Exordium","TheCity"],"potions_floor_usage":[],"damage_taken":[{"damage":0.0,"enemies":"2 Louse","floor":1.0,"turns":3.0},{"damage":1.0,"enemies":"Jaw Worm","floor":4.0,"turns":3.0},{"damage":1.0,"enemies":"Small Slimes","floor":5.0,"turns":3.0},{"damage":0.0,"enemies":"Looter","floor":11.0,"turns":3.0},{"damage":0.0,"enemies":"Large Slime","floor":12.0,"turns":3.0},{"damage":0.0,"enemies":"Gremlin Nob","floor":14.0,"turns":2.0},{"damage":42.0,"enemies":"The Guardian","floor":16.0,"turns":20.0},{"damage":0.0,"enemies":"3 Byrds","floor":18.0,"turns":5.0},{"damage":0.0,"enemies":"Chosen","floor":20.0,"turns":3.0},{"damage":34.0,"enemies":"Snecko","floor":21.0,"turns":5.0},{"damage":26.0,"enemies":"Slavers","floor":24.0,"turns":6.0},{"damage":0.0,"enemies":"Sentry and Sphere","floor":27.0,"turns":1.0},{"damage":2.0,"enemies":"Book of Stabbing","floor":29.0,"turns":4.0},{"damage":0.0,"enemies":"Chosen and Byrds","floor":30.0,"turns":3.0},{"damage":9,"enemies":"Shelled Parasite and Fungi","floor":31,"turns":5},{"damage":55,"enemies":"Pondfish","floor":33,"turns":10}],"seed_played":"1813560283608408982","potions_obtained":[{"floor":5.0,"key":"Dota2Spire:HealingSalve"},{"floor":12.0,"key":"FairyPotion"},{"floor":27.0,"key":"Languid Potion"},{"floor":29.0,"key":"Toxic Potion"},{"floor":30.0,"key":"Doom Potion"}],"is_trial":false,"path_per_floor":["M","?","$","M","M","R","?","R","T","$","M","M","R","E","R","B",null,"M","$","M","M","?","R","E","?","T","M","?","E","M","M","R","B"],"character_chosen":"THE_SILENT","items_purchased":["Acrobatics"],"campfire_rested":1,"item_purchase_floors":[19],"current_hp_per_floor":[59,48,48,47,46,46,46,46,46,46,46,46,46,46,46,4,51,51,51,51,17,17,17,19,19,19,19,19,17,17,8,27,0,0],"gold":184,"neow_bonus":"THREE_RARE_CARDS","is_daily":false,"chose_seed":false,"campfire_upgraded":5,"win_rate":0.0,"timestamp":1608925392,"path_taken":["M","?","$","M","M","R","?","R","T","?","M","M","R","E","R","BOSS","M","$","M","M","?","R","E","?","T","M","?","E","M","M","R","BOSS"],"items_purchased_type":["Card"],"build_version":"2020-12-22","purchased_purges":2,"victory":false,"max_hp_per_floor":[66,66,66,66,66,66,66,66,66,66,66,66,66,66,66,66,66,66,66,66,66,66,66,66,66,66,66,66,66,66,66,66,66,66],"card_choices":[{"not_picked":["Phantasmal Killer","Venomology"],"picked":"Adrenaline","floor":0.0},{"not_picked":["Deadly Poison","Replay:Poison Smokescreen"],"picked":"Dagger Spray","floor":1.0},{"not_picked":["Bane","Caltrops","Dagger Spray"],"picked":"SKIP","floor":4.0},{"not_picked":["Sneak Up","Prepared"],"picked":"Calculated Gamble","floor":5.0},{"not_picked":["Caltrops","Sucker Punch"],"picked":"Predator","floor":11.0},{"not_picked":["Fluid Movement","Toxin Wave","Dagger Spray"],"picked":"SKIP","floor":12.0},{"not_picked":["Replay:Poison Smokescreen","Cloak And Dagger"],"picked":"Reflex","floor":14.0},{"not_picked":["Night Terror","Venomology"],"picked":"Grand Finale","floor":16.0},{"not_picked":["Sucker Punch","Deadly Poison","Finisher"],"picked":"SKIP","floor":18.0},{"not_picked":["Outmaneuver+1","ReplayTheSpireMod:The Works+1","Flying Knee"],"picked":"SKIP","floor":20.0},{"not_picked":["Dodge and Roll","Dagger Spray"],"picked":"Prepared","floor":21.0},{"not_picked":["All Out Attack","Hidden Blade"],"picked":"Backflip","floor":24.0},{"not_picked":["ReplayTheSpireMod:The Works","PiercingWail+1"],"picked":"Acrobatics","floor":27.0},{"not_picked":["Skewer","Prepared","Dagger Throw"],"picked":"SKIP","floor":29.0},{"not_picked":["Die Die Die","Bane","Dagger Spray"],"picked":"SKIP","floor":30.0},{"not_picked":["Eviscerate","Hidden Blade"],"picked":"Reflex","floor":31}],"player_experience":2117355,"relics_obtained":[{"floor":9.0,"key":"Vajra"},{"floor":14.0,"key":"Dota2Spire:ArcaneBoots"},{"floor":24.0,"key":"White Beast Statue"},{"floor":29.0,"key":"Dota2Spire:HandOfMidas"}],"event_choices":[{"damage_healed":0.0,"max_hp_gain":0.0,"max_hp_loss":0.0,"gold_gain":0.0,"event_name":"Scrap Ooze","player_choice":"Success","floor":2.0,"gold_loss":0.0,"damage_taken":11.0,"relics_obtained":["Happy Flower"]},{"cards_removed":["Strike_G"],"damage_healed":0.0,"max_hp_gain":0.0,"max_hp_loss":0.0,"gold_gain":0.0,"event_name":"Living Wall","player_choice":"Forget","floor":7.0,"gold_loss":0.0,"damage_taken":0.0},{"damage_healed":0.0,"max_hp_gain":0.0,"max_hp_loss":0.0,"gold_gain":0.0,"event_name":"Cursed Tome","player_choice":"Ignored","floor":22.0,"gold_loss":0.0,"damage_taken":0.0},{"damage_healed":0.0,"max_hp_gain":0.0,"max_hp_loss":0.0,"gold_gain":0.0,"event_name":"Addict","player_choice":"Obtained Relic","floor":25.0,"gold_loss":85.0,"damage_taken":0.0,"relics_obtained":["Dota2Spire:MonkeyKingBar"]}],"is_beta":false,"boss_relics":[{"not_picked":["Sozu","Honey Jar"],"picked":"Dota2Spire:Bloodstone"}],"items_purged_floors":[10,19],"is_endless":false,"potions_floor_spawned":[5,12,14,18,20,21,27,29,30,31],"killed_by":"Pondfish","ascension_level":20}}