{"host":"wkq136ike0ligh15","time":1608873255,"event":{"mods":["Bard","BaseMod","Clockwork Mod","Minty Spire (QoL Compilation)","StSLib"],"gold_per_floor":[113,126,136,21,21,54,67,67,67],"floor_reached":8,"playtime":204,"items_purged":[],"score":58,"play_id":"3a2ca06b-68c3-4734-9844-bd60cead5755","local_time":"20201225001415","is_ascension_mode":false,"campfire_choices":[],"circlet_count":0,"master_deck":["Strike_B","Strike_B","Strike_B","Strike_B","Defend_B","Defend_B","Defend_B","Defend_B","Zap","Dualcast","Conserve Battery","Auto Shields","Coolheaded","Turbo","Melter","Regret","Aggregate","Darkness"],"relics":["Cracked Core","NeowsBlessing","Mango","Eternal Feather"],"acts_visited":["Exordium"],"potions_floor_usage":[6],"damage_taken":[{"damage":0,"enemies":"Cultist","floor":1,"turns":1},{"damage":0,"enemies":"Small Slimes","floor":2,"turns":1},{"damage":0,"enemies":"Jaw Worm","floor":3,"turns":1},{"damage":35,"enemies":"Lagavulin","floor":6,"turns":6},{"damage":27,"enemies":"Large Slime","floor":7,"turns":8},{"damage":30,"enemies":"Gremlin Nob","floor":8,"turns":3}],"seed_played":"1475749839956745736","potions_obtained":[{"floor":2,"key":"PowerPotion"}],"is_trial":false,"path_per_floor":["M","M","M","$","?","E","M","E"],"character_chosen":"DEFECT","items_purchased":["Turbo","Melter"],"campfire_rested":0,"item_purchase_floors":[4,4],"current_hp_per_floor":[75,75,75,75,89,54,27,0,0],"gold":67,"neow_bonus":"THREE_ENEMY_KILL","is_daily":false,"chose_seed":false,"campfire_upgraded":0,"win_rate":0.0,"timestamp":1608873255,"path_taken":["M","?","M","$","?","E","M","E"],"items_purchased_type":["Card","Card"],"build_version":"2020-12-22","purchased_purges":0,"victory":false,"max_hp_per_floor":[75,75,75,75,89,89,89,89,89],"card_choices":[{"not_picked":["Beam Cell","Chill"],"picked":"Conserve Battery","floor":1},{"not_picked":["Sweeping Beam","Beam Cell"],"picked":"Auto Shields","floor":2},{"not_picked":["Leap","Compile Driver"],"picked":"Coolheaded","floor":3},{"not_picked":["Leap","Skim"],"picked":"Aggregate","floor":6},{"not_picked":["Glacier","Melter"],"picked":"Darkness","floor":7}],"player_experience":238423,"relics_obtained":[{"floor":6,"key":"Eternal Feather"}],"event_choices":[{"damage_healed":0,"gold_gain":0,"player_choice":"Box","damage_taken":0,"relics_obtained":["Mango"],"max_hp_gain":0,"max_hp_loss":0,"event_name":"Big Fish","floor":5,"gold_loss":0,"cards_obtained":["Regret"]}],"is_beta":false,"boss_relics":[],"items_purged_floors":[],"is_endless":false,"potions_floor_spawned":[2],"killed_by":"Gremlin Nob","ascension_level":0}}