{"host":"6z6y4ky8uzsz1dpj","time":1608907354,"event":{"mods":["AchievementEnabler","BaseMod","BetterRewards","Challenge The Spire","Colored Map","Downfall","Hubris","Minty Spire (QoL Compilation)","Quick Restart","StSLib"],"gold_per_floor":[99,112,129,129,146,179,206,206,236,336,348,394,101,132,143,143,143,143],"floor_reached":16,"playtime":769,"items_purged":["Slimebound:Strike_Slimebound"],"score":126,"play_id":"3408f792-c4de-4fb5-bac7-28999d0ca79d","local_time":"20201225094234","is_ascension_mode":true,"campfire_choices":[{"data":"Slimebound:Split","floor":1,"key":"SMITH"},{"data":"Slimebound:LeadByExample","floor":8,"key":"SMITH"}],"circlet_count":0,"master_deck":["Slimebound:Strike_Slimebound","Slimebound:Strike_Slimebound","Slimebound:Tackle","Slimebound:Defend_Slimebound","Slimebound:Defend_Slimebound+1","Slimebound:Defend_Slimebound","Slimebound:Defend_Slimebound","Slimebound:Split+1","Slimebound:CorrosiveSpit","Slimebound:SplitLeeching","Slimebound:LeadByExample+1","Slimebound:SplitMire+1","Slimebound:Replication","Slimebound:PressTheAttack","Slimebound:Replication","Slimebound:SplitLeeching","Slimebound:GoopSpray","Slimebound:SplitMire","Slimebound:RejuvenatingLick","Slimebound:LeechingTouch"],"relics":["Slimebound:AbsorbEndCombat","Oddly Smooth Stone","War Paint","Bronze Scales","Boot","Slimebound:AggressiveSlimeRelic","hubris:OldNail"],"acts_visited":["Exordium"],"potions_floor_usage":[6],"damage_taken":[{"damage":13,"enemies":"Jaw Worm","floor":2,"turns":4},{"damage":12,"enemies":"Small Slimes","floor":3,"turns":3},{"damage":29,"enemies":"Cultist","floor":5,"turns":4},{"damage":39,"enemies":"Gremlin Nob","floor":6,"turns":3},{"damage":47,"enemies":"Lagavulin","floor":9,"turns":6},{"damage":25,"enemies":"Exordium Wildlife","floor":11,"turns":4},{"damage":28,"enemies":"downfall:FleeingMerchant","floor":13,"turns":4},{"damage":38,"enemies":"3 Sentries","floor":14,"turns":6},{"damage":28,"enemies":"2 Fungi Beasts","floor":15,"turns":3},{"damage":44,"enemies":"downfall:Defect","floor":16,"turns":4}],"seed_played":"3929634490938820359","potions_obtained":[{"floor":2,"key":"DistilledChaos"},{"floor":9,"key":"DuplicationPotion"},{"floor":14,"key":"SmokeBomb"}],"is_trial":false,"path_per_floor":["R","M","M","?","M","E","T","R","E","?","M","T","$","E","M","B"],"character_chosen":"SLIMEBOUND","items_purchased":["Slimebound:AggressiveSlimeRelic","Slimebound:SplitMire"],"campfire_rested":0,"item_purchase_floors":[13,13],"current_hp_per_floor":[60,60,60,60,51,38,38,38,21,21,22,22,26,20,22,0,0,0],"gold":143,"neow_bonus":"THREE_CARDS","is_daily":false,"chose_seed":false,"campfire_upgraded":2,"win_rate":0.0,"timestamp":1608907354,"path_taken":["R","M","M","?","M","E","T","R","E","?","?","?","$","E","M","BOSS"],"items_purchased_type":["Relic","Card"],"build_version":"2020-12-22","purchased_purges":1,"victory":false,"max_hp_per_floor":[60,60,60,60,60,60,60,60,60,60,60,60,60,60,60,60,60,60],"card_choices":[{"not_picked":["Slimebound:Schlurp","Slimebound:GrowthPunch"],"picked":"Slimebound:SplitLeeching","floor":0},{"not_picked":["Slimebound:GoopSpray","Slimebound:HauntingLick"],"picked":"Slimebound:LeadByExample","floor":2},{"not_picked":["Slimebound:GrowthPunch","Slimebound:SplitAcid"],"picked":"Slimebound:SplitMire","floor":3},{"not_picked":["Slimebound:TongueLash","Slimebound:SlimeTap"],"picked":"Slimebound:PressTheAttack","floor":5},{"not_picked":["Slimebound:ViciousTackle","Slimebound:ServeAndProtect"],"picked":"Slimebound:Replication","floor":6},{"not_picked":["Slimebound:SlimeSpikes","Slimebound:WasteNot"],"picked":"Slimebound:SplitLeeching","floor":9},{"not_picked":["Slimebound:RollThrough","Slimebound:Replication","Slimebound:ViciousTackle"],"picked":"SKIP","floor":11},{"not_picked":["Slimebound:SlimeSpikes","Slimebound:BestDefense"],"picked":"Slimebound:GoopSpray","floor":13},{"not_picked":["Slimebound:PressTheAttack","Slimebound:SplitAcid"],"picked":"Slimebound:RejuvenatingLick","floor":14},{"not_picked":["Slimebound:ItLooksTasty","Slimebound:Dissolve"],"picked":"Slimebound:LeechingTouch","floor":15}],"player_experience":201630,"relics_obtained":[{"floor":6,"key":"Oddly Smooth Stone"},{"floor":7,"key":"War Paint"},{"floor":9,"key":"Bronze Scales"},{"floor":12,"key":"Boot"},{"floor":14,"key":"hubris:OldNail"}],"event_choices":[],"is_beta":false,"boss_relics":[],"items_purged_floors":[13],"is_endless":false,"potions_floor_spawned":[2,9,14],"killed_by":"downfall:Defect","ascension_level":1}}