{"host":"bbjnqymry46jz0fa","time":1608898825,"event":{"mods":["BaseMod","DeckTracker","Minty Spire (QoL Compilation)","Quick Restart","StSLib","SuperFastMode"],"gold_per_floor":[112,112,37,112,112,132,132,148,175,100,113,13,13,28,28,127,127,147,147,63,63,63,63,63,63,63,63,463,478,493,503,503,503,503,513,76,76,0,20,54,54,82,82,110,129,148,164,214,214,214,214,214,214,64,96,96],"floor_reached":57,"playtime":1880,"items_purged":["Strike_R","Strike_R","Strike_R","Shrug It Off"],"score":2881,"play_id":"72dd2206-a904-43b6-bb73-4b980f65d394","local_time":"20201225212025","is_ascension_mode":true,"campfire_choices":[{"data":"Bash","floor":7.0,"key":"SMITH"},{"data":"Body Slam","floor":13.0,"key":"SMITH"},{"data":"Burning Pact","floor":15.0,"key":"SMITH"},{"floor":23,"key":"REST"},{"data":"Feel No Pain","floor":25,"key":"SMITH"},{"data":"Shrug It Off","floor":32,"key":"SMITH"},{"floor":41,"key":"RECALL"},{"floor":49,"key":"REST"},{"floor":53,"key":"REST"}],"circlet_count":0,"master_deck":["AscendersBane","Defend_R","Bash+1","Burning Pact+1","Body Slam+1","Second Wind","Feel No Pain+1","Shrug It Off+1","Sentinel","Body Slam+1","Wild Strike","Madness","Madness","Reckless Charge+1","Battle Trance","Power Through","Dark Embrace"],"relics":["Burning Blood","Bloody Idol","Potion Belt","Runic Pyramid","Enchiridion","Lantern","Old Coin","Letter Opener","Fusion Hammer","White Beast Statue","Red Mask","Happy Flower","Self Forming Clay","MealTicket","Nunchaku"],"acts_visited":["Exordium","TheCity","TheBeyond","TheEnding"],"potions_floor_usage":[16,18,18,18,28,28,28,33,33,42,44,56,56,56],"damage_taken":[{"damage":14.0,"enemies":"Jaw Worm","floor":1.0,"turns":3.0},{"damage":0.0,"enemies":"2 Louse","floor":6.0,"turns":4.0},{"damage":0.0,"enemies":"Small Slimes","floor":8.0,"turns":4.0},{"damage":47.0,"enemies":"Exordium Wildlife","floor":11.0,"turns":8.0},{"damage":0.0,"enemies":"2 Fungi Beasts","floor":14.0,"turns":4.0},{"damage":8,"enemies":"The Guardian","floor":16,"turns":5},{"damage":16,"enemies":"3 Byrds","floor":18,"turns":6},{"damage":15,"enemies":"Colosseum Slavers","floor":28,"turns":4},{"damage":0,"enemies":"Colosseum Nobs","floor":28,"turns":4},{"damage":8,"enemies":"Shell Parasite","floor":29,"turns":6},{"damage":16,"enemies":"Snake Plant","floor":30,"turns":4},{"damage":2,"enemies":"3 Cultists","floor":31,"turns":5},{"damage":43,"enemies":"Collector","floor":33,"turns":8},{"damage":0,"enemies":"Orb Walker","floor":35,"turns":4},{"damage":16,"enemies":"3 Darklings","floor":39,"turns":4},{"damage":0,"enemies":"Giant Head","floor":40,"turns":3},{"damage":15,"enemies":"Nemesis","floor":42,"turns":9},{"damage":32,"enemies":"Reptomancer","floor":44,"turns":3},{"damage":8,"enemies":"Writhing Mass","floor":45,"turns":3},{"damage":3,"enemies":"Maw","floor":46,"turns":5},{"damage":0,"enemies":"Spire Growth","floor":47,"turns":3},{"damage":1,"enemies":"Awakened One","floor":50,"turns":5},{"damage":0,"enemies":"Time Eater","floor":51,"turns":4},{"damage":28,"enemies":"Shield and Spear","floor":55,"turns":5},{"damage":22,"enemies":"The Heart","floor":56,"turns":6}],"seed_played":"-4526567414685061282","potions_obtained":[{"floor":6.0,"key":"FearPotion"},{"floor":11.0,"key":"Ancient Potion"},{"floor":16,"key":"EntropicBrew"},{"floor":18,"key":"PowerPotion"},{"floor":28,"key":"LiquidBronze"},{"floor":30,"key":"PowerPotion"},{"floor":39,"key":"Block Potion"},{"floor":40,"key":"LiquidBronze"},{"floor":42,"key":"Weak Potion"},{"floor":44,"key":"SkillPotion"},{"floor":45,"key":"LiquidMemories"}],"is_trial":false,"path_per_floor":["M","?","$","?","?","M","R","M","T","?","M","$","R","M","R","B",null,"M","?","$","?","$","R","?","R","T","?","?","M","M","M","R","B",null,"M","$","?","?","M","E","R","E","T","E","M","M","M","?","R","B","B",null,"R","$","E","B",null],"character_chosen":"IRONCLAD","items_purchased":["Feel No Pain","Wild Strike","White Beast Statue"],"campfire_rested":3,"item_purchase_floors":[20,36,36],"current_hp_per_floor":[60,53,53,42,42,48,48,54,54,54,13,13,13,19,19,17,51,41,20,20,20,20,38,38,38,38,38,45,48,43,52,52,15,50,61,61,50,50,45,56,56,52,52,31,34,42,53,58,62,62,62,62,62,62,45,29],"gold":96,"neow_bonus":"REMOVE_TWO","is_daily":false,"chose_seed":false,"campfire_upgraded":5,"win_rate":0.0,"timestamp":1608898825,"path_taken":["M","?","$","?","?","M","R","M","T","?","?","$","R","M","R","BOSS","M","?","$","?","?","R","?","R","T","?","?","M","?","M","R","BOSS","M","$","?","?","M","E","R","E","T","E","M","M","?","?","R","BOSS","BOSS","R","$","E","BOSS"],"items_purchased_type":["Card","Card","Relic"],"build_version":"2020-12-22","purchased_purges":4,"victory":true,"max_hp_per_floor":[68,68,68,68,62,62,62,62,62,62,62,62,62,62,62,62,62,62,62,62,62,62,62,62,62,62,62,62,62,62,62,62,62,62,62,62,62,62,62,62,62,62,62,62,62,62,62,62,62,62,62,62,62,62,62,62],"card_choices":[{"not_picked":["Heavy Blade","Reckless Charge"],"picked":"Shrug It Off","floor":1.0},{"not_picked":["Armaments","Seeing Red","Reckless Charge"],"picked":"SKIP","floor":6.0},{"not_picked":["Carnage","Headbutt"],"picked":"Burning Pact","floor":8.0},{"not_picked":["True Grit","Infernal Blade"],"picked":"Body Slam","floor":11.0},{"not_picked":["Perfected Strike","Flex"],"picked":"Second Wind","floor":14.0},{"not_picked":["Cleave","Sword Boomerang+1","Burning Pact"],"picked":"SKIP","floor":18},{"not_picked":["Wild Strike","Armaments"],"picked":"Shrug It Off","floor":28},{"not_picked":["Clash","Fire Breathing+1","Thunderclap"],"picked":"SKIP","floor":29},{"not_picked":["Rupture+1","Thunderclap"],"picked":"Sentinel","floor":30},{"not_picked":["Sword Boomerang","True Grit","Body Slam"],"picked":"SKIP","floor":31},{"not_picked":["Cleave","Disarm"],"picked":"Body Slam+1","floor":35},{"not_picked":["Twin Strike","Fire Breathing","Anger+1"],"picked":"SKIP","floor":39},{"not_picked":["Sever Soul","Anger","Body Slam"],"picked":"SKIP","floor":40},{"not_picked":["Havoc+1","Cleave+1"],"picked":"Reckless Charge+1","floor":42},{"not_picked":["Rage","Reaper"],"picked":"Battle Trance","floor":44},{"not_picked":["Body Slam","Heavy Blade"],"picked":"Power Through","floor":45},{"not_picked":["Perfected Strike+1","Iron Wave"],"picked":"Dark Embrace","floor":46},{"not_picked":["Rage","Twin Strike","Sword Boomerang"],"picked":"SKIP","floor":47},{"not_picked":["Flex","Twin Strike","Power Through"],"picked":"SKIP","floor":55}],"player_experience":718934,"relics_obtained":[{"floor":9.0,"key":"Potion Belt"},{"floor":19,"key":"Enchiridion"},{"floor":26,"key":"Lantern"},{"floor":28,"key":"Old Coin"},{"floor":28,"key":"Letter Opener"},{"floor":40,"key":"Happy Flower"},{"floor":42,"key":"Self Forming Clay"},{"floor":44,"key":"MealTicket"},{"floor":55,"key":"Nunchaku"}],"event_choices":[{"cards_removed":["Defend_R"],"damage_healed":0.0,"max_hp_gain":0.0,"max_hp_loss":0.0,"gold_gain":0.0,"event_name":"Golden Wing","player_choice":"Card Removal","floor":2.0,"gold_loss":0.0,"damage_taken":7.0},{"damage_healed":0.0,"max_hp_gain":0.0,"max_hp_loss":0.0,"gold_gain":75.0,"event_name":"World of Goop","player_choice":"Gather Gold","floor":4.0,"gold_loss":0.0,"damage_taken":11.0},{"damage_healed":0.0,"max_hp_gain":0.0,"max_hp_loss":6.0,"gold_gain":0.0,"event_name":"Golden Idol","player_choice":"Lose Max HP","floor":5.0,"gold_loss":0.0,"damage_taken":0.0,"relics_obtained":["Golden Idol"]},{"cards_removed":["Defend_R"],"damage_healed":0.0,"max_hp_gain":0.0,"max_hp_loss":0.0,"gold_gain":0.0,"event_name":"The Cleric","player_choice":"Card Removal","floor":10.0,"gold_loss":75.0,"damage_taken":0.0},{"damage_healed":0,"gold_gain":0,"player_choice":"Obtained Book","damage_taken":21,"max_hp_gain":0,"max_hp_loss":0,"event_name":"Cursed Tome","floor":19,"gold_loss":0},{"damage_healed":0,"gold_gain":0,"player_choice":"Gave Idol","damage_taken":0,"relics_obtained":["Bloody Idol"],"max_hp_gain":0,"max_hp_loss":0,"event_name":"Forgotten Altar","floor":21,"relics_lost":["Golden Idol"],"gold_loss":0},{"cards_removed":["Strike_R"],"damage_healed":0,"gold_gain":0,"player_choice":"Elegance","damage_taken":0,"max_hp_gain":0,"max_hp_loss":0,"event_name":"Back to Basics","floor":27,"gold_loss":0},{"damage_healed":0,"gold_gain":0,"player_choice":"Fight","damage_taken":0,"max_hp_gain":0,"max_hp_loss":0,"event_name":"Colosseum","floor":28,"gold_loss":0},{"damage_healed":0,"gold_gain":0,"player_choice":"Fought Nobs","damage_taken":0,"max_hp_gain":0,"max_hp_loss":0,"event_name":"Colosseum","floor":28,"gold_loss":0},{"damage_healed":0,"gold_gain":0,"player_choice":"Embrace Madness","damage_taken":11,"max_hp_gain":0,"max_hp_loss":0,"event_name":"Winding Halls","floor":37,"gold_loss":0,"cards_obtained":["Madness","Madness"]},{"damage_healed":0,"gold_gain":0,"player_choice":"Paid","damage_taken":0,"relics_obtained":["Red Mask"],"max_hp_gain":0,"max_hp_loss":0,"event_name":"Tomb of Lord Red Mask","floor":38,"gold_loss":76},{"damage_healed":0,"gold_gain":50,"player_choice":"Pray","damage_taken":0,"max_hp_gain":0,"max_hp_loss":0,"event_name":"Golden Shrine","floor":48,"gold_loss":0}],"is_beta":false,"boss_relics":[{"not_picked":["Ectoplasm","Coffee Dripper"],"picked":"Runic Pyramid"},{"not_picked":["Busted Crown","Velvet Choker"],"picked":"Fusion Hammer"}],"items_purged_floors":[3,12,36,54],"is_endless":false,"potions_floor_spawned":[6,11,16,18,28,30,33,39,40,42,44,45,46,47,55],"ascension_level":20}}