{"host":"pzjm4rhuc0ce13vz","time":1608896267,"event":{"mods":["BaseMod","BetterRewards","Colored Map","Colored Powertips","DeckTracker","Highlight Path","Marisa????????","Minty Spire (QoL Compilation)","Quick Restart","StSLib","The Hierophant","The Senshi"],"gold_per_floor":[109,109,284,559,62,62,95,107,158,170,201,183,209,240,252,368,380,406,418,37,37,37,37,60,89,89,89,89],"floor_reached":27,"playtime":2213,"items_purged":["Regret","Strike_G"],"score":277,"play_id":"cf18bb1d-8121-4590-973c-2efb640507f7","local_time":"20201225123747","is_ascension_mode":false,"campfire_choices":[{"data":"Footwork","floor":6,"key":"SMITH"},{"floor":10,"key":"REST"},{"data":"Apotheosis","floor":15,"key":"SMITH"},{"floor":23,"key":"REST"}],"circlet_count":0,"master_deck":["Strike_G","Strike_G","Strike_G","Strike_G","Defend_G","Defend_G+1","Defend_G","Defend_G","Defend_G","Survivor","Neutralize","Sucker Punch+1","Footwork+1","Doubt","Accuracy","Cloak And Dagger","Apotheosis+1","Dodge and Roll","Infinite Blades","Doppelganger","Caltrops","Malaise","Infinite Blades","Sadistic Nature","Necronomicurse","Prepared"],"relics":["Ring of the Snake","Blood Vial","Smiling Mask","MawBank","Sozu","Membership Card","Nunchaku","Necronomicon","Bag of Preparation","Centennial Puzzle","Calipers"],"acts_visited":["Exordium","TheCity"],"potions_floor_usage":[14,16],"damage_taken":[{"damage":3,"enemies":"Jaw Worm","floor":1,"turns":5},{"damage":45,"enemies":"Gremlin Nob","floor":7,"turns":6},{"damage":1,"enemies":"2 Louse","floor":8,"turns":3},{"damage":0,"enemies":"Cultist","floor":11,"turns":5},{"damage":0,"enemies":"Looter","floor":12,"turns":4},{"damage":4,"enemies":"Blue Slaver","floor":13,"turns":5},{"damage":3,"enemies":"3 Louse","floor":14,"turns":5},{"damage":0,"enemies":"The Guardian","floor":16,"turns":11},{"damage":12,"enemies":"2 Thieves","floor":18,"turns":5},{"damage":51,"enemies":"Slavers","floor":25,"turns":8},{"damage":4,"enemies":"Shell Parasite","floor":27,"turns":3}],"seed_played":"5884039861347503643","potions_obtained":[{"floor":7,"key":"FearPotion"},{"floor":13,"key":"Block Potion"},{"floor":14,"key":"AttackPotion"}],"is_trial":false,"path_per_floor":["M","?","?","?","$","R","E","M","T","R","M","M","M","M","R","B",null,"M","?","$","?","?","R","T","E","T","M"],"character_chosen":"THE_SILENT","items_purchased":["Accuracy","Cloak And Dagger","Apotheosis","Blood Vial","Membership Card","Nunchaku","Infinite Blades","Sadistic Nature"],"campfire_rested":2,"item_purchase_floors":[5,5,5,5,20,20,20,20],"current_hp_per_floor":[67,53,53,53,53,53,10,11,11,32,34,36,34,33,33,35,70,58,45,45,45,29,51,51,2,2,0,0],"gold":89,"neow_bonus":"THREE_CARDS","is_daily":false,"chose_seed":false,"campfire_upgraded":2,"win_rate":0.0,"timestamp":1608896267,"path_taken":["M","?","?","?","$","R","E","M","T","R","M","M","?","M","R","BOSS","M","?","$","?","?","R","?","E","T","?"],"items_purchased_type":["Card","Card","Card","Relic","Relic","Relic","Card","Card"],"build_version":"2020-12-22","purchased_purges":2,"victory":false,"max_hp_per_floor":[70,70,70,70,70,70,70,70,70,70,70,70,70,70,70,70,70,70,75,75,75,75,75,75,75,75,75,75],"card_choices":[{"not_picked":["Prepared","Outmaneuver"],"picked":"Sucker Punch","floor":0},{"not_picked":["Deadly Poison","Backflip"],"picked":"Footwork","floor":1},{"not_picked":["Riddle With Holes","Distraction","Deflect"],"picked":"SKIP","floor":7},{"not_picked":["Concentrate","Bane"],"picked":"Dodge and Roll","floor":8},{"not_picked":["Dagger Spray","Bane"],"picked":"Infinite Blades","floor":11},{"not_picked":["Riddle With Holes","Eviscerate"],"picked":"Doppelganger","floor":12},{"not_picked":["Underhanded Strike","All Out Attack","Outmaneuver"],"picked":"SKIP","floor":13},{"not_picked":["Crippling Poison","Heel Hook"],"picked":"Caltrops","floor":14},{"not_picked":["Bullet Time","Unload"],"picked":"Malaise","floor":16},{"not_picked":["Crippling Poison","Underhanded Strike+1","Deflect+1"],"picked":"SKIP","floor":18},{"not_picked":["Bane","Bouncing Flask"],"picked":"Prepared","floor":25}],"player_experience":212055,"relics_obtained":[{"floor":7,"key":"Smiling Mask"},{"floor":9,"key":"MawBank"},{"floor":22,"key":"Necronomicon"},{"floor":24,"key":"Bag of Preparation"},{"floor":25,"key":"Centennial Puzzle"},{"floor":26,"key":"Calipers"}],"event_choices":[{"damage_healed":0,"gold_gain":0,"player_choice":"Entered Light","damage_taken":14,"max_hp_gain":0,"max_hp_loss":0,"event_name":"Shining Light","floor":2,"gold_loss":0,"cards_upgraded":["Defend_G","Sucker Punch"]},{"damage_healed":0,"gold_gain":175,"player_choice":"AGREE","damage_taken":0,"max_hp_gain":0,"max_hp_loss":0,"event_name":"Liars Game","floor":3,"gold_loss":0,"cards_obtained":["Doubt"]},{"damage_healed":0,"gold_gain":275,"player_choice":"Desecrate","damage_taken":0,"max_hp_gain":0,"max_hp_loss":0,"event_name":"Golden Shrine","floor":4,"gold_loss":0,"cards_obtained":["Regret"]},{"damage_healed":0,"gold_gain":0,"player_choice":"Shed Blood","damage_taken":18,"max_hp_gain":5,"max_hp_loss":0,"event_name":"Forgotten Altar","floor":19,"gold_loss":0},{"damage_healed":0,"gold_gain":0,"player_choice":"Ignored","damage_taken":0,"max_hp_gain":0,"max_hp_loss":0,"event_name":"Ghosts","floor":21,"gold_loss":0},{"damage_healed":0,"gold_gain":0,"player_choice":"Obtained Book","damage_taken":16,"max_hp_gain":0,"max_hp_loss":0,"event_name":"Cursed Tome","floor":22,"gold_loss":0}],"is_beta":false,"boss_relics":[{"not_picked":["Ectoplasm","theSenshi:MoonKaleidoScopeRelic"],"picked":"Sozu"}],"items_purged_floors":[5,20],"is_endless":false,"potions_floor_spawned":[7,13,14,18,25],"killed_by":"Shell Parasite","ascension_level":0}}