{"host":"6t1lyqu4vs0bu9t8","time":1608891519,"event":{"mods":["AchievementEnabler","BaseMod","Colored Map","Keyboard Shortcuts","Minty Spire (QoL Compilation)","Permanent Neow","Quick Restart","Rare Cards Sparkle","StSLib","SuperFastMode","everything is the same but u backflip on backflip"],"gold_per_floor":[118,418,432,582,582,582,596,437,510,530,211,224,251,262,262,338,338,353,353,367,159,178,178,178,198,225,225,225],"floor_reached":27,"playtime":4870,"items_purged":["Doubt","Defend_P","Defend_P"],"score":555,"play_id":"e9159671-15d7-4d4f-a322-3833990b2446","local_time":"20201225191839","is_ascension_mode":true,"campfire_choices":[{"data":"Eruption","floor":6.0,"key":"SMITH"},{"data":"MentalFortress","floor":15.0,"key":"SMITH"},{"data":"Adaptation","floor":23,"key":"SMITH"}],"circlet_count":0,"master_deck":["AscendersBane","Strike_P+1","Strike_P+1","Defend_P+1","Defend_P","Eruption+1","Vigilance","Consecrate","LessonLearned","FollowUp+1","MentalFortress+1","ClearTheMind","Alpha","WheelKick+1","MentalFortress+1","FearNoEvil","Adaptation+1","Tantrum","Crescendo+1"],"relics":["PureWater","MealTicket","Old Coin","StrikeDummy","Anchor","Thread and Needle","Empty Cage","Lantern"],"acts_visited":["Exordium","TheCity"],"potions_floor_usage":[24],"damage_taken":[{"damage":0.0,"enemies":"Cultist","floor":1.0,"turns":3.0},{"damage":0.0,"enemies":"2 Louse","floor":3.0,"turns":2.0},{"damage":0.0,"enemies":"Small Slimes","floor":7.0,"turns":2.0},{"damage":12.0,"enemies":"Exordium Thugs","floor":10.0,"turns":5.0},{"damage":0.0,"enemies":"Looter","floor":12.0,"turns":3.0},{"damage":0.0,"enemies":"Gremlin Nob","floor":13.0,"turns":3.0},{"damage":7.0,"enemies":"Red Slaver","floor":14.0,"turns":8.0},{"damage":0.0,"enemies":"Slime Boss","floor":16.0,"turns":5.0},{"damage":32,"enemies":"Chosen","floor":18,"turns":6},{"damage":0,"enemies":"Spheric Guardian","floor":20,"turns":2},{"damage":12,"enemies":"Centurion and Healer","floor":22,"turns":6},{"damage":0,"enemies":"Shelled Parasite and Fungi","floor":24,"turns":1},{"damage":20,"enemies":"Cultist and Chosen","floor":25,"turns":3},{"damage":26,"enemies":"Snecko","floor":27,"turns":2}],"seed_played":"6201599543979616630","potions_obtained":[{"floor":10.0,"key":"Block Potion"},{"floor":14.0,"key":"SteroidPotion"},{"floor":18,"key":"SmokeBomb"}],"is_trial":false,"path_per_floor":["M","T","M","?","?","R","M","$","T","M","$","M","E","M","R","B",null,"M","?","M","$","M","R","M","M","T","M"],"character_chosen":"WATCHER","items_purchased":["MentalFortress","Anchor","PowerPotion","Adaptation"],"campfire_rested":0,"item_purchase_floors":[8,11,11,21],"current_hp_per_floor":[61,61,61,61,61,61,61,68,68,56,68,68,68,61,61,61,66,34,34,34,49,37,37,37,17,17,0,0],"gold":225,"neow_bonus":"RANDOM_COMMON_RELIC","is_daily":false,"chose_seed":false,"campfire_upgraded":3,"win_rate":0.0,"timestamp":1608891519,"path_taken":["M","?","M","?","?","R","M","$","T","?","$","M","E","M","R","BOSS","M","?","M","$","M","R","?","M","T","M"],"items_purchased_type":["Card","Relic","Potion","Card"],"build_version":"2020-12-22","purchased_purges":3,"victory":false,"max_hp_per_floor":[68,68,68,68,68,68,68,68,68,68,68,68,68,68,68,68,68,68,68,68,68,68,68,68,68,68,68,68],"card_choices":[{"not_picked":["ThirdEye","TalkToTheHand"],"picked":"Consecrate","floor":1.0},{"not_picked":["FlyingSleeves","BattleHymn","Nirvana"],"picked":"SKIP","floor":3.0},{"not_picked":["ThirdEye","FlurryOfBlows"],"picked":"FollowUp","floor":7.0},{"not_picked":["Omniscience","PathToVictory","Crescendo"],"picked":"SKIP","floor":10.0},{"not_picked":["Prostrate","EmptyFist","SashWhip"],"picked":"SKIP","floor":12.0},{"not_picked":["CutThroughFate","Sanctity","ThirdEye"],"picked":"SKIP","floor":13.0},{"not_picked":["LikeWater","Conclude"],"picked":"ClearTheMind","floor":14.0},{"not_picked":["Omniscience","LessonLearned"],"picked":"Alpha","floor":16.0},{"not_picked":["Halt","Sanctity"],"picked":"WheelKick","floor":18},{"not_picked":["Crescendo","BowlingBash"],"picked":"FearNoEvil","floor":20},{"not_picked":["Prostrate","CarveReality"],"picked":"Tantrum","floor":22},{"not_picked":["FollowUp","CutThroughFate"],"picked":"Crescendo+1","floor":25}],"player_experience":414739,"relics_obtained":[{"floor":2.0,"key":"Old Coin"},{"floor":9.0,"key":"StrikeDummy"},{"floor":13.0,"key":"Thread and Needle"},{"floor":26,"key":"Lantern"}],"event_choices":[{"damage_healed":0.0,"max_hp_gain":0.0,"max_hp_loss":0.0,"gold_gain":150.0,"event_name":"Liars Game","player_choice":"AGREE","floor":4.0,"gold_loss":0.0,"damage_taken":0.0,"cards_obtained":["Doubt"]},{"damage_healed":0.0,"max_hp_gain":0.0,"max_hp_loss":0.0,"gold_gain":0.0,"event_name":"Match and Keep!","player_choice":"1 cards matched","floor":5.0,"gold_loss":0.0,"damage_taken":0.0,"cards_obtained":["LessonLearned"]},{"damage_healed":0,"gold_gain":0,"player_choice":"Copied","damage_taken":0,"max_hp_gain":0,"max_hp_loss":0,"event_name":"Duplicator","floor":19,"gold_loss":0,"cards_obtained":["MentalFortress"]}],"is_beta":false,"boss_relics":[{"not_picked":["Velvet Choker","SlaversCollar"],"picked":"Empty Cage"}],"items_purged_floors":[8,11,21],"is_endless":false,"potions_floor_spawned":[10,13,14,18],"killed_by":"Snecko","ascension_level":18}}