{"host":"lqtll83nun4jn4k7","time":1608864897,"event":{"mods":["BaseMod","Challenge The Spire","Colored Map","Colored Powertips","Highlight Path","KinomotoSakuraMod(木之本樱)","Minty Spire (QoL Compilation)","Prisma Mod","Quick Restart","StSLib","SuperFastMode","The Bug Knight","Waifu the Spire","【东方二次创作】八云紫mod"],"gold_per_floor":[136,32,32,47,47,47,79,79,79,79,99,99,132,149,149,249,249,268,286,286,297,307,340,340,352,405,263,263,277,306,325,325,325,325],"floor_reached":33,"playtime":2537,"items_purged":[],"score":364,"play_id":"2f76f82f-4ade-4e12-9486-240fdcb2123f","local_time":"20201225105457","is_ascension_mode":true,"campfire_choices":[{"data":"LoveAcrossDimensions_purple","floor":6,"key":"SMITH"},{"data":"Nest_LightFlightworm_purple","floor":8,"key":"SMITH"},{"data":"Observe_purple_2","floor":10,"key":"SMITH"},{"data":"Fantasy_PerpetualMotionMachine_purple","floor":12,"key":"SMITH"},{"data":"Know_ledgeAbilityRealm_purple","floor":15,"key":"SMITH"},{"data":"Theboundaryofcreation_purpleEX","floor":24,"key":"SMITH"},{"data":"ProofOfUnderstanding_purple","floor":28,"key":"SMITH"},{"data":"DarkRealmRedLine_purple","floor":32,"key":"SMITH"}],"circlet_count":0,"master_deck":["AT_purpleEX","AT_purpleEX","AT_purpleEX","Defend_purpleEX","Defend_purpleEX","Defend_purpleEX","Observe_purple_1","Observe_purple_2+1","Nest_LightFlightworm_purple+1","Fantasy_PerpetualMotionMachine_purple+1","LoveAcrossDimensions_purple+1","Boundary_LightAndDark_purple","Know_ledgeAbilityRealm_purple+1","WangLiang_LineAndCurveDreams_purple","FragmentationRealm_purple","WingOfChimera_purple","Mirror_WaveAndshot_purple+1","Theboundaryofcreation_purpleEX+1","ProofOfUnderstanding_purple+1","DarkRealmRedLine_purple+1"],"relics":["Boundary_crack","Memoryfragments_purpleEX","NeowsBlessing","Oddly Smooth Stone","Pear","Black Star","Bag of Marbles","Boot","Happy Flower","Regal Pillow","HollowMod:PaleOreRelic"],"acts_visited":["Exordium","TheCity"],"potions_floor_usage":[33,33],"damage_taken":[{"damage":0.0,"enemies":"Jaw Worm","floor":1.0,"turns":1.0},{"damage":0.0,"enemies":"Cultist","floor":4.0,"turns":1.0},{"damage":21,"enemies":"Gremlin Nob","floor":7,"turns":1},{"damage":5,"enemies":"2 Louse","floor":11,"turns":4},{"damage":16,"enemies":"3 Sentries","floor":13,"turns":7},{"damage":2,"enemies":"Lots of Slimes","floor":14,"turns":5},{"damage":23,"enemies":"Slime Boss","floor":16,"turns":4},{"damage":5,"enemies":"Shell Parasite","floor":18,"turns":5},{"damage":0,"enemies":"Chosen","floor":19,"turns":4},{"damage":13,"enemies":"Shelled Parasite and Fungi","floor":21,"turns":6},{"damage":0,"enemies":"3 Cultists","floor":22,"turns":3},{"damage":24,"enemies":"Slavers","floor":23,"turns":4},{"damage":4,"enemies":"Cultist and Chosen","floor":25,"turns":4},{"damage":0,"enemies":"Centurion and Healer","floor":29,"turns":4},{"damage":14,"enemies":"Book of Stabbing","floor":30,"turns":5},{"damage":18,"enemies":"Snake Plant","floor":31,"turns":3},{"damage":25,"enemies":"Automaton","floor":33,"turns":6}],"seed_played":"3582039507539043063","potions_obtained":[{"floor":13,"key":"DuplicationPotion"},{"floor":14,"key":"SpeedPotion"},{"floor":16,"key":"CultistPotion"},{"floor":23,"key":"LiquidMemories"}],"is_trial":false,"path_per_floor":["M","$","?","M","$","R","E","R","T","R","M","R","E","M","R","B",null,"M","M","?","M","M","E","R","M","T","$","R","M","E","M","R","B"],"character_chosen":"Youkari","items_purchased":["Nest_LightFlightworm_purple","Fantasy_PerpetualMotionMachine_purple","ProofOfUnderstanding_purple"],"campfire_rested":0,"item_purchase_floors":[2,2,27],"current_hp_per_floor":[70,70,70,70,70,70,49,49,49,49,44,44,43,46,46,23,80,80,80,80,71,72,50,50,46,46,46,46,46,34,24,24,0,0],"gold":325,"neow_bonus":"THREE_ENEMY_KILL","is_daily":false,"chose_seed":false,"campfire_upgraded":8,"win_rate":0.0,"timestamp":1608864897,"path_taken":["M","$","?","?","$","R","E","R","T","R","M","R","E","?","R","BOSS","M","M","?","M","M","E","R","?","T","$","R","M","E","M","R","BOSS"],"items_purchased_type":["Card","Card","Card"],"build_version":"2020-12-22","purchased_purges":0,"victory":false,"max_hp_per_floor":[70,70,70,70,70,70,70,70,70,70,70,70,80,80,80,80,80,80,80,80,80,80,80,80,80,80,80,80,80,80,80,80,80,80],"card_choices":[{"not_picked":["OmniscientAndOmnipotent_Monster_purple","SharpContractionReality_purple","SfantasyHide_purple"],"picked":"SKIP","floor":1.0},{"not_picked":["Realm_recovery_purpleEX","StateDuplicate_purple"],"picked":"LoveAcrossDimensions_purple","floor":4},{"not_picked":["Realm_recovery_purpleEX","Boundary_DynamicStaticEquilibrium_purple"],"picked":"Boundary_LightAndDark_purple","floor":7},{"not_picked":["Shallow_ocean_purpleEX","ExistenceContinue_purple","StateDuplicate_purple"],"picked":"SKIP","floor":11},{"not_picked":["MeetDecomposer_purple","DimensionStaggered_purple"],"picked":"Know_ledgeAbilityRealm_purple","floor":13},{"not_picked":["Realm_recovery_purpleEX","Shallow_ocean_purpleEX","DimensionStaggered_purple"],"picked":"SKIP","floor":14},{"not_picked":["BarrageBoundary_PipeDream_purple","Boundary_LifeAndDeath_purple"],"picked":"WangLiang_LineAndCurveDreams_purple","floor":16},{"not_picked":["ExistenceContinue_purple","Boundary_LightAndDark_purple"],"picked":"FragmentationRealm_purple","floor":18},{"not_picked":["Erosivefilter_purple","AdvanceAttack_purple"],"picked":"WingOfChimera_purple","floor":19},{"not_picked":["OmniscientAndOmnipotent_Monster_purple+1","StateDuplicate_purple","SfantasyHide_purple"],"picked":"SKIP","floor":21},{"not_picked":["StateDuplicate_purple","StateErode_purple"],"picked":"Mirror_WaveAndshot_purple+1","floor":22},{"not_picked":["Erosivefilter_purple+1","DimensionStaggered_purple+1"],"picked":"Theboundaryofcreation_purpleEX","floor":23},{"not_picked":["StretchesForeverDream_purple","Realm_recovery_purpleEX","Shallow_ocean_purpleEX"],"picked":"SKIP","floor":25},{"not_picked":["Umbrella_purple","Mirror_WaveAndshot_purple","Line_surface_state_purple"],"picked":"SKIP","floor":29},{"not_picked":["StateDuplicate_purple+1","Mirror_FormAndEmptin_purple"],"picked":"DarkRealmRedLine_purple","floor":30},{"not_picked":["DimensionStaggered_purple+1","StateErode_purple+1","Yakumo_Ran_purple"],"picked":"SKIP","floor":31}],"player_experience":535191,"relics_obtained":[{"floor":7,"key":"Oddly Smooth Stone"},{"floor":13,"key":"Pear"},{"floor":23,"key":"Bag of Marbles"},{"floor":23,"key":"Boot"},{"floor":26,"key":"Happy Flower"},{"floor":30,"key":"Regal Pillow"},{"floor":30,"key":"HollowMod:PaleOreRelic"}],"event_choices":[{"cards_removed":["AT_purpleEX"],"damage_healed":0.0,"max_hp_gain":0.0,"max_hp_loss":0.0,"gold_gain":0.0,"event_name":"Bonfire Elementals","player_choice":"Offered Basic","floor":3.0,"gold_loss":0.0,"damage_taken":0.0},{"cards_removed":["Defend_purpleEX"],"damage_healed":0,"gold_gain":0,"player_choice":"Purged","damage_taken":0,"max_hp_gain":0,"max_hp_loss":0,"event_name":"Purifier","floor":20,"gold_loss":0}],"is_beta":false,"boss_relics":[{"not_picked":["Empty Cage","Philosopher\u0027s Stone"],"picked":"Black Star"}],"items_purged_floors":[],"is_endless":false,"potions_floor_spawned":[13,14,16,19,23,25],"killed_by":"Automaton","ascension_level":1}}