{"host":"sabve5zmqufxyc5o","time":1608910176,"event":{"mods":["2.2 Compatiblity","AchievementEnabler","Act Like it!","Arknights The Spire","BaseMod","Block Reminder","Colored Map","Colored Powertips","DeckTracker","KOR Keyword Fix","Keyboard Shortcuts","Minty Spire (QoL Compilation)","Quick Restart","Rare Cards Sparkle","Relic Stats","StSLib","SuperFastMode"],"gold_per_floor":[117,129,0,0,15,50,50,0,0,20,36,50,63,63,63,161,161,174,190,35,48,318,318,348,348,371,26,41,54,54,74,74,74,74],"floor_reached":33,"playtime":790,"items_purged":["Defend_P","Strike_P"],"score":339,"play_id":"2fcc9314-7f5f-4a43-84b7-bf54591aa55c","local_time":"20201226002936","is_ascension_mode":true,"campfire_choices":[{"floor":7.0,"key":"REST"},{"data":"Evaluate","floor":15.0,"key":"SMITH"},{"floor":23,"key":"REST"},{"floor":25,"key":"REST"},{"floor":32,"key":"REST"}],"circlet_count":0,"master_deck":["Strike_P+1","Strike_P","Strike_P","Defend_P+1","Eruption+1","Vigilance+1","Evaluate+1","EmptyFist+1","DeusExMachina+1","Consecrate","LessonLearned","MentalFortress+1","MentalFortress+1"],"relics":["PureWater","ats:Originium","HornCleat","Bronze Scales","SacredBark","Lee\u0027s Waffle","ats:Originium","Turnip","Anchor","White Beast Statue"],"acts_visited":["Exordium","TheCity"],"potions_floor_usage":[31,33],"damage_taken":[{"damage":11.0,"enemies":"Small Slimes","floor":1.0,"turns":2.0},{"damage":0.0,"enemies":"Jaw Worm","floor":2.0,"turns":3.0},{"damage":0.0,"enemies":"Cultist","floor":5.0,"turns":2.0},{"damage":16.0,"enemies":"Gremlin Nob","floor":6.0,"turns":3.0},{"damage":14.0,"enemies":"Red Slaver","floor":10.0,"turns":3.0},{"damage":9.0,"enemies":"Exordium Thugs","floor":11.0,"turns":3.0},{"damage":0.0,"enemies":"Looter","floor":12.0,"turns":2.0},{"damage":4.0,"enemies":"2 Fungi Beasts","floor":13.0,"turns":3.0},{"damage":21.0,"enemies":"Hexaghost","floor":16.0,"turns":10.0},{"damage":0.0,"enemies":"Spheric Guardian","floor":18.0,"turns":3.0},{"damage":16.0,"enemies":"Chosen","floor":19.0,"turns":6.0},{"damage":2,"enemies":"3 Cultists","floor":21,"turns":5},{"damage":38,"enemies":"Slavers","floor":24,"turns":7},{"damage":2,"enemies":"Sentry and Sphere","floor":28,"turns":6},{"damage":4,"enemies":"Snake Plant","floor":29,"turns":5},{"damage":5,"enemies":"Snecko","floor":31,"turns":6},{"damage":72,"enemies":"Champ","floor":33,"turns":13}],"seed_played":"-5495999051408779487","potions_obtained":[{"floor":2.0,"key":"Explosive Potion"},{"floor":5.0,"key":"Energy Potion"},{"floor":13.0,"key":"Energy Potion"},{"floor":18.0,"key":"Dexterity Potion"},{"floor":29,"key":"GamblersBrew"},{"floor":31,"key":"SneckoOil"}],"is_trial":false,"path_per_floor":["M","M","$","?","M","E","R","?","T","M","M","M","M","?","R","B",null,"M","M","$","M","?","R","E","R","T","$","M","M","$","M","R","B"],"character_chosen":"WATCHER","items_purchased":["EmptyFist","Lee\u0027s Waffle","White Beast Statue"],"campfire_rested":4,"item_purchase_floors":[3,20,27],"current_hp_per_floor":[61,61,61,61,61,45,66,66,66,52,43,43,39,39,39,18,59,59,43,79,77,50,73,35,58,58,58,56,52,52,47,70,0,0],"gold":74,"neow_bonus":"REMOVE_CARD","is_daily":false,"chose_seed":false,"campfire_upgraded":1,"win_rate":0.0,"timestamp":1608910176,"path_taken":["M","M","$","?","M","E","R","?","T","M","?","M","M","?","R","BOSS","M","M","?","?","?","R","E","R","T","$","M","M","$","M","R","BOSS"],"items_purchased_type":["Card","Relic","Relic"],"build_version":"2020-12-22","purchased_purges":2,"victory":false,"max_hp_per_floor":[72,72,72,72,72,72,72,72,72,72,72,72,72,72,72,72,72,72,72,79,79,79,79,79,79,79,79,79,79,79,79,79,79,79],"relic_stats":{"Lee\u0027s Waffle":36,"counters":[17,82],"Bronze Scales":[207],"Turnip":[11],"obtain_stats":[{"Lee\u0027s Waffle":20,"Anchor":26,"HornCleat":6,"ats:Originium":6,"Bronze Scales":9,"SacredBark":17,"Turnip":24,"PureWater":0,"White Beast Statue":27},{"Lee\u0027s Waffle":11,"Anchor":13,"HornCleat":4,"ats:Originium":4,"Bronze Scales":4,"SacredBark":9,"Turnip":13,"PureWater":0,"White Beast Statue":13},{"Lee\u0027s Waffle":40,"Anchor":52,"HornCleat":10,"ats:Originium":10,"Bronze Scales":10,"SacredBark":31,"Turnip":52,"PureWater":0,"White Beast Statue":52}]},"card_choices":[{"not_picked":["Crescendo","BowlingBash","FlyingSleeves"],"picked":"SKIP","floor":1.0},{"not_picked":["Wallop","WaveOfTheHand"],"picked":"Evaluate","floor":2.0},{"not_picked":["FlyingSleeves","CrushJoints","CutThroughFate"],"picked":"SKIP","floor":5.0},{"not_picked":["WreathOfFlame","BowlingBash"],"picked":"DeusExMachina","floor":6.0},{"not_picked":["CutThroughFate","Evaluate","CarveReality"],"picked":"SKIP","floor":10.0},{"not_picked":["SashWhip","EmptyBody","ClearTheMind"],"picked":"SKIP","floor":11.0},{"not_picked":["ThirdEye","Fasting2"],"picked":"Consecrate","floor":12.0},{"not_picked":["EmptyBody","ThirdEye","Protect"],"picked":"SKIP","floor":13.0},{"not_picked":["Blasphemy","DevaForm"],"picked":"LessonLearned","floor":16.0},{"not_picked":["CrushJoints","CutThroughFate"],"picked":"MentalFortress","floor":18.0},{"not_picked":["PathToVictory","Worship","EmptyFist"],"picked":"SKIP","floor":19.0},{"not_picked":["Crescendo","ClearTheMind","Meditate+1"],"picked":"SKIP","floor":21},{"not_picked":["SpiritShield","FlurryOfBlows"],"picked":"MentalFortress","floor":24},{"not_picked":["ClearTheMind","PathToVictory+1","Tantrum+1"],"picked":"SKIP","floor":28},{"not_picked":["ClearTheMind","PathToVictory+1","Tantrum+1"],"picked":"SKIP","floor":28},{"not_picked":["Crescendo","Weave+1","EmptyBody"],"picked":"SKIP","floor":29},{"not_picked":["SignatureMove","Sanctity","FollowUp"],"picked":"SKIP","floor":31}],"player_experience":815677,"relics_obtained":[{"floor":6.0,"key":"ats:Originium"},{"floor":6.0,"key":"HornCleat"},{"floor":9.0,"key":"Bronze Scales"},{"floor":24,"key":"ats:Originium"},{"floor":24,"key":"Turnip"},{"floor":26,"key":"Anchor"}],"event_choices":[{"damage_healed":0.0,"max_hp_gain":0.0,"max_hp_loss":0.0,"gold_gain":0.0,"event_name":"Living Wall","player_choice":"Grow","floor":4.0,"gold_loss":0.0,"damage_taken":0.0,"cards_upgraded":["Eruption"]},{"cards_removed":["Defend_P"],"damage_healed":0.0,"max_hp_gain":0.0,"max_hp_loss":0.0,"gold_gain":0.0,"event_name":"The Cleric","player_choice":"Card Removal","floor":8.0,"gold_loss":50.0,"damage_taken":0.0},{"damage_healed":0.0,"max_hp_gain":0.0,"max_hp_loss":0.0,"gold_gain":0.0,"event_name":"Upgrade Shrine","player_choice":"Upgraded","floor":14.0,"gold_loss":0.0,"damage_taken":0.0,"cards_upgraded":["Vigilance"]},{"damage_healed":0,"gold_gain":270,"player_choice":"GOLD GOLD GOLD ","damage_taken":27,"max_hp_gain":0,"max_hp_loss":0,"event_name":"Knowing Skull","floor":22,"potions_obtained":[],"gold_loss":0,"cards_obtained":[]}],"is_beta":false,"boss_relics":[{"not_picked":["Coffee Dripper","Ectoplasm"],"picked":"SacredBark"}],"items_purged_floors":[3,27],"is_endless":false,"potions_floor_spawned":[2,5,13,18,21,28,29,31],"killed_by":"Champ","ascension_level":5}}