{"host":"vumwfieg2b2mnrfl","time":1608928975,"event":{"mods":["AchievementEnabler","BaseMod","Minty Spire (QoL Compilation)","Rare Cards Sparkle","Relic Stats"],"gold_per_floor":[113,66,83,101,101,136,136,154,154,166,166,183,183,216,216,216,216],"floor_reached":16,"playtime":443,"items_purged":[],"score":190,"play_id":"a4ed0ee3-87e9-4a2e-90e9-f5dcd8ad2944","local_time":"20201225144255","is_ascension_mode":true,"campfire_choices":[{"floor":7,"key":"REST"},{"data":"True Grit","floor":11,"key":"SMITH"},{"data":"Rampage","floor":13,"key":"SMITH"},{"data":"Sword Boomerang","floor":15,"key":"SMITH"}],"circlet_count":0,"master_deck":["AscendersBane","Strike_R","Strike_R","Strike_R","Strike_R","Strike_R","Defend_R","Defend_R","Defend_R","Defend_R","Bash+1","Brutality","Anger","Pommel Strike","Sword Boomerang+1","Rampage+1","Exhume","True Grit+1","Shrug It Off","Clothesline","Flame Barrier"],"relics":["Burning Blood","Meat on the Bone","Matryoshka","Self Forming Clay"],"acts_visited":["Exordium"],"potions_floor_usage":[10,14,16,16],"damage_taken":[{"damage":13,"enemies":"Jaw Worm","floor":1,"turns":6},{"damage":6,"enemies":"Cultist","floor":3,"turns":3},{"damage":1,"enemies":"2 Louse","floor":4,"turns":2},{"damage":58,"enemies":"Lagavulin","floor":6,"turns":9},{"damage":16,"enemies":"Blue Slaver","floor":8,"turns":4},{"damage":20,"enemies":"Exordium Thugs","floor":10,"turns":5},{"damage":0,"enemies":"Red Slaver","floor":12,"turns":4},{"damage":27,"enemies":"Gremlin Nob","floor":14,"turns":4},{"damage":53,"enemies":"Slime Boss","floor":16,"turns":9}],"seed_played":"2132512606881398191","potions_obtained":[{"floor":1,"key":"Regen Potion"},{"floor":8,"key":"FearPotion"},{"floor":12,"key":"ColorlessPotion"},{"floor":14,"key":"DistilledChaos"}],"is_trial":false,"path_per_floor":["M","$","M","M","?","E","R","M","T","M","R","M","R","E","R","B"],"character_chosen":"IRONCLAD","items_purchased":["Pommel Strike"],"campfire_rested":1,"item_purchase_floors":[2],"current_hp_per_floor":[61,61,61,66,66,14,36,38,38,50,50,56,56,47,47,0,0],"gold":216,"neow_bonus":"ONE_RANDOM_RARE_CARD","is_daily":false,"chose_seed":false,"campfire_upgraded":3,"win_rate":0.0,"timestamp":1608928975,"path_taken":["M","$","M","M","?","E","R","M","T","M","R","?","R","E","R","BOSS"],"items_purchased_type":["Card"],"build_version":"2020-12-22","purchased_purges":0,"victory":false,"max_hp_per_floor":[75,75,75,75,75,75,75,75,75,75,75,75,75,75,75,75,75],"relic_stats":{"counters":[9,46],"Self Forming Clay":[6],"obtain_stats":[{"Matryoshka":9,"Self Forming Clay":14,"Burning Blood":0,"Meat on the Bone":6},{"Matryoshka":5,"Self Forming Clay":8,"Burning Blood":0,"Meat on the Bone":4},{"Matryoshka":24,"Self Forming Clay":37,"Burning Blood":0,"Meat on the Bone":20}],"Burning Blood":48,"Meat on the Bone":36},"card_choices":[{"not_picked":["Heavy Blade","Wild Strike"],"picked":"Anger","floor":1},{"not_picked":["Heavy Blade","Twin Strike"],"picked":"Sword Boomerang","floor":3},{"not_picked":["Body Slam","Reckless Charge"],"picked":"Rampage","floor":4},{"not_picked":["Perfected Strike","Combust"],"picked":"Exhume","floor":6},{"not_picked":["Perfected Strike","Twin Strike"],"picked":"True Grit","floor":8},{"not_picked":["True Grit","Dual Wield"],"picked":"Shrug It Off","floor":10},{"not_picked":["Perfected Strike","Burning Pact"],"picked":"Clothesline","floor":12},{"not_picked":["Thunderclap","Flex"],"picked":"Flame Barrier","floor":14}],"player_experience":308690,"relics_obtained":[{"floor":6,"key":"Meat on the Bone"},{"floor":9,"key":"Matryoshka"},{"floor":14,"key":"Self Forming Clay"}],"event_choices":[{"damage_healed":0,"gold_gain":0,"player_choice":"Upgraded","damage_taken":0,"max_hp_gain":0,"max_hp_loss":0,"event_name":"Upgrade Shrine","floor":5,"gold_loss":0,"cards_upgraded":["Bash"]}],"is_beta":false,"boss_relics":[],"items_purged_floors":[],"is_endless":false,"potions_floor_spawned":[1,8,12,14],"killed_by":"Slime Boss","ascension_level":14}}