{"host":"xx5zt3jtdyh8iun7","time":1608895567,"event":{"mods":["AchievementEnabler","Act Like it!","BaseMod","Bestiary","Downfall","Minty Spire (QoL Compilation)","Replay The Spire","StSLib"],"gold_per_floor":[0,18,30,41,41,88,88,104,29,54,39,139,139,139,139,139],"floor_reached":14,"playtime":1073,"items_purged":[],"score":119,"play_id":"8e40b3cd-cd3e-4153-9b22-289cbe981bad","local_time":"20201225122607","is_ascension_mode":true,"campfire_choices":[{"floor":1,"key":"RECALL"},{"data":"hexamod:Again","floor":9,"key":"SMITH"},{"floor":13,"key":"REST"}],"circlet_count":0,"master_deck":["hexamod:Strike","hexamod:Strike","hexamod:Strike+1","hexamod:Defend","hexamod:Defend","hexamod:Defend","hexamod:Sear","hexamod:Float","hexamod:Hexaguard","hexamod:SuperheatedStrike+1","hexamod:EmpoweredFlame+1","hexamod:Again+1","hexamod:FifthSeal","hexamod:SixthSeal","hexamod:GhostOfSpirePresent","hexamod:FirstSeal"],"relics":["hexamod:SpiritBrand","downfall:BrokenWingStatue","ReplayFunnel","Quantum Egg","downfall:HeartBlessingRed","Whetstone","downfall:GremlinWheel"],"acts_visited":["Exordium"],"potions_floor_usage":[14,14],"damage_taken":[{"damage":0,"enemies":"Cultist","floor":2,"turns":3},{"damage":0,"enemies":"Jaw Worm","floor":3,"turns":3},{"damage":0,"enemies":"Small Slimes","floor":4,"turns":3},{"damage":6,"enemies":"Red Slaver","floor":8,"turns":3},{"damage":0,"enemies":"Replay:BlueRogue","floor":10,"turns":4},{"damage":0,"enemies":"downfall:FleeingMerchant","floor":11,"turns":4},{"damage":47,"enemies":"downfall:FleeingMerchant","floor":12,"turns":6},{"damage":61,"enemies":"Gremlin Nob","floor":14,"turns":5}],"seed_played":"-1550740455509613840","potions_obtained":[{"floor":3,"key":"Elixir"},{"floor":10,"key":"SteroidPotion"},{"floor":12,"key":"Explosive Potion"}],"is_trial":false,"path_per_floor":["R","M","M","M","?","T","T","M","R","E","$","?","R","E"],"character_chosen":"THE_SPIRIT","items_purchased":[],"campfire_rested":1,"item_purchase_floors":[],"current_hp_per_floor":[70,70,70,70,70,70,70,64,64,64,64,17,38,0,0,0],"gold":139,"neow_bonus":"REMOVE_TWO","is_daily":false,"chose_seed":false,"campfire_upgraded":1,"win_rate":0.0,"timestamp":1608895567,"path_taken":["R","M","M","?","?","?","T","M","R","E","?","?","R","E"],"items_purchased_type":[],"build_version":"2020-12-22","purchased_purges":0,"victory":false,"max_hp_per_floor":[70,70,70,70,70,70,70,70,70,70,70,70,70,70,70,70],"card_choices":[{"not_picked":["hexamod:ShieldOfDarkness","hexamod:RainOfEmbers"],"picked":"hexamod:Hexaguard","floor":2},{"not_picked":["hexamod:GhostShield","hexamod:ShieldOfDarkness"],"picked":"hexamod:SuperheatedStrike","floor":3},{"not_picked":["hexamod:ThirdSeal","hexamod:FastForward"],"picked":"hexamod:EmpoweredFlame","floor":4},{"not_picked":["hexamod:BurningTouch","hexamod:NightmareGuise"],"picked":"hexamod:Again","floor":8},{"not_picked":["hexamod:Hexaguard","hexamod:NightmareGuise"],"picked":"hexamod:FifthSeal","floor":10},{"not_picked":["hexamod:FourthSeal","hexamod:FirstSeal"],"picked":"hexamod:SixthSeal","floor":11},{"not_picked":["hexamod:HeatMetal","hexamod:Hexaguard"],"picked":"hexamod:GhostOfSpirePresent","floor":11},{"not_picked":["hexamod:SixthSeal","hexamod:ThirdSeal"],"picked":"hexamod:FirstSeal","floor":12}],"player_experience":741810,"relics_obtained":[{"floor":6,"key":"ReplayFunnel"},{"floor":7,"key":"Quantum Egg"},{"floor":10,"key":"Whetstone"},{"floor":12,"key":"downfall:GremlinWheel"}],"event_choices":[],"is_beta":false,"boss_relics":[],"items_purged_floors":[],"is_endless":false,"potions_floor_spawned":[3,10,12],"killed_by":"Gremlin Nob","ascension_level":1}}