{"host":"ucgrft0m53zzt06v","time":1612605491,"event":{"mods":["BaseMod","Colored Map","Colored Powertips","Conspire","HololiveMod","KinomotoSakuraMod(木之本樱)","Lobotomy","Minty Spire (QoL Compilation)","Quick Restart","Replay The Spire","Shop Mod","Spicy Shops","StSLib","Td1madao Mod","The Senshi","Waifu the Spire","WarShipGirlsR/战舰少女R mod","【遗物卡牌】REMEMod"],"gold_per_floor":[189,34,47,60,76,105,118,149,149,167,167,193,193,206,206,312,312,304,244,76,175,175,175,210,17,17,17,34,88,114,135,189,299,299,326,6,63,83,169,227,227,302,302,361,361,7,7,7,7,49,49],"floor_reached":50,"language":"ZHS","playtime":6557,"items_purged":["Parasite","Hololive_Strike","Hololive_Defend"],"score":1397,"play_id":"e7a49022-b68b-4971-b765-993dfc73cfbb","local_time":"20210206175811","is_ascension_mode":true,"campfire_choices":[{"data":"Chip Synthesis","floor":11.0,"key":"SMITH"},{"data":"Hololive_Recruit","floor":13.0,"key":"SMITH"},{"data":"Hololive_CallSpadeEcho","floor":23.0,"key":"SMITH"},{"data":"Hololive_CallSpadeEcho","floor":41.0,"key":"SMITH"},{"data":"Hololive_StarCraft","floor":47.0,"key":"SMITH"},{"data":"Hololive_RecruitS","floor":47.0,"key":"SMITH"},{"data":"Hololive_CallDoris","floor":49,"key":"SMITH"},{"data":"Hololive_Rebirth","floor":49,"key":"SMITH"}],"circlet_count":0,"master_deck":["Hololive_RecruitS+1","Hololive_RecruitS","Hololive_RecruitS","Hololive_RecruitS","Chip Synthesis+1","Hololive_CallRoboco","Hololive_CallHoshimachiSuisei","Hololive_Recruit+1","Hololive_CallAyundaRisu","Hololive_FlyingPonyTail","Hololive_CallCivia","Hololive_LuckPotion+1","Hololive_CallInugamiKorone","Hololive_CallSpadeEcho+1","Hololive_Rebirth+1","Hololive_CallSpadeEcho+1","Hololive_CallManoAloe","Hololive_FlyingPonyTail+1","Hololive_CandyCastle","Necronomicurse","Hololive_CallNakiriAyame+1","Hololive_CallYogiri","Hololive_CallOmaruPolka","Hololive_FlyingPonyTail","Hololive_FlyingPonyTail+1","Hololive_CandyCastle+1","Hololive_IdolExercise","Hololive_RevenueBasedLive+1","Hololive_LuckPotion","Hololive_CallDoris+1","Hololive_CallTsunomakiWatame","Hololive_LuckPotion","Hololive_OvertimeWork+1","Hololive_CallShishiroBotan+1","Hololive_LuckPotion+1","Hololive_CallOkamiMio+1","Hololive_CallSakuraMiko","Hololive_DurableLive","Hololive_StarCraft+1","ReplayTheSpireMod:IOU","Delirium"],"relics":["Hololive_TheStar","Hololive_YagooBigFamily","REME_ComplimentaryCards","MerchantsRug","ReplayTheSpireMod:Shallot","Juzu Bracelet","Happy Flower","ReplayTheSpireMod:CursedCoin","Iron Hammer","Replay:Wax Seal","theSenshi:SuperSailorFukuRelic","conspire:DecoderRing","Prayer Wheel","Necronomicon","Letter Opener","Black Star","ReplayFunnel","Shuriken","Molten Egg 2","Bird Faced Urn","Hololive_LightStick","Blood Vial","Membership Card","Blue Doll","Replay:Arrowhead","ReplayTheSpireMod:Lightbulb","ReplayTheSpireMod:Ring of Addiction","White Beast Statue","Chameleon Ring"],"acts_visited":["Exordium","TheCity","TheBeyond"],"potions_floor_usage":[50,50,50],"damage_taken":[{"damage":0.0,"enemies":"Small Slimes","floor":1.0,"turns":3.0},{"damage":0.0,"enemies":"2 Louse","floor":3.0,"turns":2.0},{"damage":0.0,"enemies":"Jaw Worm","floor":4.0,"turns":2.0},{"damage":0.0,"enemies":"Lots of Slimes","floor":5.0,"turns":1.0},{"damage":0.0,"enemies":"3 Sentries","floor":6.0,"turns":5.0},{"damage":0.0,"enemies":"Looter","floor":7.0,"turns":2.0},{"damage":0.0,"enemies":"Lagavulin","floor":8.0,"turns":3.0},{"damage":0.0,"enemies":"Blue Slaver","floor":10.0,"turns":3.0},{"damage":0.0,"enemies":"3 Sentries","floor":12.0,"turns":4.0},{"damage":0.0,"enemies":"Large Slime","floor":14.0,"turns":3.0},{"damage":0.0,"enemies":"The Guardian","floor":16.0,"turns":6.0},{"damage":0.0,"enemies":"2 Thieves","floor":18.0,"turns":4.0},{"damage":0.0,"enemies":"Slavers","floor":24.0,"turns":4.0},{"damage":0.0,"enemies":"Shell Parasite","floor":28.0,"turns":3.0},{"damage":0.0,"enemies":"conspire:SneckoGhost","floor":29.0,"turns":4.0},{"damage":0.0,"enemies":"Snecko","floor":30.0,"turns":2.0},{"damage":0.0,"enemies":"Centurion and Healer","floor":31.0,"turns":3.0},{"damage":0.0,"enemies":"Automaton","floor":33.0,"turns":8.0},{"damage":0.0,"enemies":"3 Shapes","floor":35.0,"turns":3.0},{"damage":0.0,"enemies":"3 Darklings","floor":37.0,"turns":5.0},{"damage":0.0,"enemies":"Spire Growth","floor":38.0,"turns":4.0},{"damage":0.0,"enemies":"Giant Head","floor":40.0,"turns":7.0},{"damage":0.0,"enemies":"Reptomancer","floor":42.0,"turns":5.0},{"damage":0.0,"enemies":"Maw","floor":44.0,"turns":4.0},{"damage":42,"enemies":"Awakened One","floor":50,"turns":7}],"seed_played":"-5473054205007596188","potions_obtained":[{"floor":3.0,"key":"Swift Potion"},{"floor":6.0,"key":"Swift Potion"},{"floor":10.0,"key":"Reflective Coating"},{"floor":14.0,"key":"LiquidMemories"},{"floor":16.0,"key":"DuplicationPotion"},{"floor":30.0,"key":"Energy Potion"},{"floor":37.0,"key":"REME_GoldPotion"},{"floor":48,"key":"Strength Potion"},{"floor":48,"key":"SteroidPotion"},{"floor":48,"key":"Adrenaline Potion"}],"is_trial":false,"path_per_floor":["M","$","M","M","M","E","M","E","T","M","R","E","R","M","R_BF","B",null,"M","?","$","?","T","R","E","$","T","?","M","E","M","M","R_BF","B",null,"M","$","M","M","?","E","R","E","T","M","?","$","R","?","R","B"],"character_chosen":"Hololive_HololiveCharacter","items_purchased":["MerchantsRug","ReplayTheSpireMod:CursedCoin","Iron Hammer","Hololive_CallManoAloe","conspire:DecoderRing","Hololive_CandyCastle","ReplayFunnel","Hololive_CallDoris","Membership Card","Blue Doll","Replay:Arrowhead","ReplayTheSpireMod:Lightbulb"],"campfire_rested":0,"item_purchase_floors":[2,20,20,20,25,25,36,36,46,46,46,46],"current_hp_per_floor":[32,32,32,32,32,39,39,39,39,39,39,39,39,39,42,42,42,42,42,39,39,39,39,39,39,39,23,23,23,23,23,23,23,35,35,35,35,35,35,35,35,35,35,39,39,39,39,39,39,0,0],"gold":49,"neow_bonus":"HUNDRED_GOLD","is_daily":false,"chose_seed":false,"campfire_upgraded":8,"win_rate":0.0,"timestamp":1612605491,"path_taken":["M","$","M","M","M","E","M","E","T","M","R","E","R","M","R_BF","BOSS","M","?","$","?","?","R","E","$","T","?","M","E","M","M","R_BF","BOSS","M","$","M","M","?","E","R","E","T","M","?","$","R","?","R","BOSS"],"items_purchased_type":["Relic","Relic","Relic","Card","Relic","Card","Relic","Card","Relic","Relic","Relic","Relic"],"build_version":"2020-12-22","purchased_purges":3,"victory":false,"max_hp_per_floor":[35,35,35,35,35,42,42,42,42,42,42,42,42,42,42,42,42,42,42,39,39,39,39,39,39,39,39,39,39,39,39,39,39,39,39,39,39,39,39,39,39,39,39,39,39,39,39,39,39,39,39],"card_choices":[{"not_picked":["Hololive_CocoNews","Hololive_OvertimeWork","Hololive_Drill"],"picked":"Hololive_CallRoboco","floor":1.0},{"not_picked":["Hololive_RevenueBasedLive","Hololive_Psychosis","Hololive_StrengthChampion","Hololive_OvertimeWork"],"picked":"SKIP","floor":3.0},{"not_picked":["Hololive_RevenueBasedLive","Hololive_Psychosis","Hololive_StrengthChampion","Hololive_OvertimeWork"],"picked":"SKIP","floor":3.0},{"not_picked":["Hololive_CallAiraniIofifteen","Hololive_Spy","Hololive_CallShishiroBotan"],"picked":"Hololive_CallHoshimachiSuisei","floor":4.0},{"not_picked":["Hololive_Sequa","Hololive_Breathe","Hololive_Spy"],"picked":"Hololive_Recruit","floor":5.0},{"not_picked":["Hololive_LuckPotion","Hololive_Rebound","Hololive_StrengthChampion"],"picked":"Hololive_CallAyundaRisu","floor":6.0},{"not_picked":["Hololive_RevenueBasedLive","Hololive_CallNekomataOkayu","Hololive_Watashimo"],"picked":"Hololive_FlyingPonyTail","floor":7.0},{"not_picked":["Hololive_Sequa","Hololive_CocoNews","Hololive_OvertimeWork"],"picked":"Hololive_CallCivia","floor":8.0},{"not_picked":["Hololive_BringToTrial","Hololive_CallOmaruPolka","Hololive_CallRosalyn"],"picked":"Hololive_LuckPotion","floor":10.0},{"not_picked":["Hololive_CallMomosuzuNene","Hololive_Sequa","Hololive_Rebound"],"picked":"Hololive_CallInugamiKorone","floor":12.0},{"not_picked":["Hololive_Rebound","Hololive_Drill","Hololive_CallHoushouMarine"],"picked":"Hololive_CallSpadeEcho","floor":14.0},{"not_picked":["Hololive_Nanodesu","Hololive_ASMR","Hololive_Recruit"],"picked":"Hololive_Rebirth","floor":16.0},{"not_picked":["Hololive_Rebound","Hololive_Sequa","Hololive_RevenueBasedLive"],"picked":"Hololive_CallSpadeEcho","floor":18.0},{"not_picked":["Hololive_CallAmaneKanata","Hololive_CallArtia","Hololive_CocoNews"],"picked":"Hololive_FlyingPonyTail+1","floor":24.0},{"not_picked":["Hololive_CallAkaiHaato","Hololive_ILoveYou+1","Hololive_HuntDinosaur"],"picked":"Hololive_CallNakiriAyame+1","floor":28.0},{"not_picked":["Hololive_FlareMind","Hololive_Breathe","Hololive_LuckPotion"],"picked":"Hololive_CallYogiri","floor":28.0},{"not_picked":["Hololive_Psychosis","Hololive_Trident","Hololive_HuntDinosaur","Hololive_CallHoshimachiSuisei"],"picked":"SKIP","floor":29.0},{"not_picked":["Hololive_SummonFox","Hololive_CallUsadaPekora","Hololive_CallAkiRosenthal"],"picked":"Hololive_CallOmaruPolka","floor":30.0},{"not_picked":["Hololive_ILoveYou+1","Hololive_Breathe","Hololive_Watashimo"],"picked":"Hololive_FlyingPonyTail","floor":30.0},{"not_picked":["Hololive_LuckPotion","Hololive_CallArtia+1","Hololive_CocoNews+1"],"picked":"Hololive_FlyingPonyTail+1","floor":31.0},{"not_picked":["Hololive_WolfAndLamb","Hololive_CallInugamiKorone+1","Hololive_CocoNews+1"],"picked":"Hololive_CandyCastle+1","floor":31.0},{"not_picked":["Hololive_ScarfAndHalo","Hololive_Nanodesu","Hololive_Recruit"],"picked":"Hololive_IdolExercise","floor":33.0},{"not_picked":["Hololive_Rebound","Hololive_StrengthChampion+1","Hololive_CallMoonaHoshinova+1"],"picked":"Hololive_RevenueBasedLive+1","floor":35.0},{"not_picked":["Hololive_CallShiroganeNoel+1","Hololive_Trident+1","Hololive_CocoNews+1"],"picked":"Hololive_LuckPotion","floor":35.0},{"not_picked":["Hololive_LuckPotion+1","Hololive_OvertimeWork","Hololive_CallRosalyn+1"],"picked":"Hololive_CallTsunomakiWatame","floor":37.0},{"not_picked":["Hololive_Drill+1","Hololive_CallHoshimachiSuisei+1","Hololive_Trident"],"picked":"Hololive_LuckPotion","floor":37.0},{"not_picked":["Hololive_Psychosis+1","Hololive_LuckPotion","Hololive_CocoNews+1"],"picked":"Hololive_OvertimeWork+1","floor":38.0},{"not_picked":["Hololive_Trident","Hololive_OvertimeWork+1","Hololive_HuntDinosaur"],"picked":"Hololive_CallShishiroBotan+1","floor":38.0},{"not_picked":["Hololive_Watashimo","Hololive_RevenueBasedLive","Hololive_Drill+1"],"picked":"Hololive_LuckPotion+1","floor":39.0},{"not_picked":["Hololive_ILoveYou","Hololive_CallShishiroBotan+1","Hololive_StrengthChampion"],"picked":"Hololive_CallOkamiMio+1","floor":39.0},{"not_picked":["Hololive_Trident+1","Hololive_ASMR","Hololive_Drill"],"picked":"Hololive_CallSakuraMiko","floor":39.0},{"not_picked":["Hololive_Rebound","Hololive_HuntDinosaur","Hololive_OvertimeWork+1"],"picked":"Hololive_DurableLive","floor":40.0},{"not_picked":["Hololive_Sequa+1","Hololive_Watashimo","Hololive_OvertimeWork+1","Hololive_CocoNews+1"],"picked":"SKIP","floor":42.0},{"not_picked":["Hololive_Trident+1","Hololive_Drill+1","Hololive_RevenueBasedLive+1","Hololive_CallAyundaRisu"],"picked":"SKIP","floor":44.0},{"not_picked":["Hololive_HuntDinosaur","Hololive_FlyingPonyTail+1","Hololive_Psychosis+1","Hololive_CallNekomataOkayu"],"picked":"SKIP","floor":44.0},{"not_picked":[],"picked":"Hololive_StarCraft","floor":45.0}],"player_experience":207202,"relics_obtained":[{"floor":6.0,"key":"Strawberry"},{"floor":8.0,"key":"ReplayTheSpireMod:Shallot"},{"floor":9.0,"key":"Juzu Bracelet"},{"floor":12.0,"key":"Happy Flower"},{"floor":22.0,"key":"Replay:Wax Seal"},{"floor":24.0,"key":"theSenshi:SuperSailorFukuRelic"},{"floor":26.0,"key":"Prayer Wheel"},{"floor":27.0,"key":"Necronomicon"},{"floor":29.0,"key":"Letter Opener"},{"floor":40.0,"key":"Shuriken"},{"floor":40.0,"key":"Molten Egg 2"},{"floor":42.0,"key":"Bird Faced Urn"},{"floor":42.0,"key":"Hololive_LightStick"},{"floor":43.0,"key":"Blood Vial"},{"floor":48,"key":"ReplayTheSpireMod:Ring of Addiction"},{"floor":48,"key":"White Beast Statue"},{"floor":48,"key":"Chameleon Ring"}],"event_choices":[{"damage_healed":0.0,"max_hp_gain":0.0,"max_hp_loss":0.0,"gold_gain":99.0,"event_name":"Nest","player_choice":"Stole From Cult","floor":21.0,"gold_loss":0.0,"damage_taken":0.0},{"damage_healed":0.0,"max_hp_gain":0.0,"max_hp_loss":0.0,"gold_gain":0.0,"event_name":"Cursed Tome","player_choice":"Obtained Book","floor":27.0,"gold_loss":0.0,"damage_taken":16.0}],"is_beta":false,"boss_relics":[{"not_picked":[]},{"not_picked":["Ring of Chaos","Replay:Grab Bag"],"picked":"Black Star"}],"items_purged_floors":[20,36,36],"is_endless":false,"potions_floor_spawned":[3,6,10,12,14,16,18,29,30,33,37,38],"killed_by":"Awakened One","ascension_level":9}}