{"host":"2lo6hma6kymb0g9i","time":1612634930,"event":{"mods":["BaseMod","Colored Map","DeckTracker","Minty Spire (QoL Compilation)"],"gold_per_floor":[114,114,114,132,57,91,105,130,154,170,189,189,189,217,217,292,292,305,315,230,230,230],"floor_reached":21,"language":"JPN","playtime":1512,"items_purged":["Pain"],"score":448,"play_id":"9ad9fa40-ca23-4617-8f1e-65798b39bedd","local_time":"20210207030850","is_ascension_mode":true,"campfire_choices":[{"floor":13.0,"key":"REST"},{"data":"Noxious Fumes","floor":15.0,"key":"SMITH"}],"circlet_count":0,"master_deck":["AscendersBane","Strike_G","Strike_G","Strike_G","Strike_G","Defend_G","Defend_G","Defend_G","Defend_G","Defend_G","Survivor","Neutralize","Dagger Throw","Tactician","Well Laid Plans","Dagger Spray","Acrobatics","Tactician","Dagger Throw","Prepared","Noxious Fumes+1","PiercingWail+1"],"relics":["Ring of the Snake","NeowsBlessing","WarpedTongs","Toy Ornithopter","Omamori","Vajra","Nunchaku","SlaversCollar","Tiny Chest"],"acts_visited":["Exordium","TheCity"],"potions_floor_usage":[],"damage_taken":[{"damage":0.0,"enemies":"Small Slimes","floor":1.0,"turns":1.0},{"damage":0.0,"enemies":"2 Louse","floor":4.0,"turns":1.0},{"damage":0.0,"enemies":"Gremlin Nob","floor":6.0,"turns":1.0},{"damage":1.0,"enemies":"Cultist","floor":7.0,"turns":4.0},{"damage":54.0,"enemies":"Lagavulin","floor":8.0,"turns":12.0},{"damage":8.0,"enemies":"Large Slime","floor":10.0,"turns":5.0},{"damage":0.0,"enemies":"Lots of Slimes","floor":11.0,"turns":3.0},{"damage":9.0,"enemies":"3 Sentries","floor":14.0,"turns":6.0},{"damage":17.0,"enemies":"Slime Boss","floor":16.0,"turns":8.0},{"damage":18.0,"enemies":"Chosen","floor":18.0,"turns":5.0},{"damage":30.0,"enemies":"Shell Parasite","floor":19.0,"turns":5.0},{"damage":5,"enemies":"Cultist and Chosen","floor":21,"turns":2}],"seed_played":"-5998925039202211064","potions_obtained":[{"floor":4.0,"key":"GamblersBrew"},{"floor":6.0,"key":"GhostInAJar"},{"floor":8.0,"key":"AttackPotion"},{"floor":14.0,"key":"Dexterity Potion"},{"floor":16.0,"key":"Ancient Potion"}],"is_trial":false,"path_per_floor":["M","?","?","M","$","E","M","E","T","M","M","?","R","E","R","B",null,"M","M","?","M"],"character_chosen":"THE_SILENT","items_purchased":[],"campfire_rested":1,"item_purchase_floors":[],"current_hp_per_floor":[59,59,59,59,59,59,58,14,14,6,11,11,30,21,21,9,52,34,4,4,0,0],"gold":230,"neow_bonus":"THREE_ENEMY_KILL","is_daily":false,"chose_seed":false,"campfire_upgraded":1,"win_rate":0.0,"timestamp":1612634930,"path_taken":["M","?","?","M","$","E","M","E","T","M","?","?","R","E","R","BOSS","M","?","?","M"],"items_purchased_type":[],"build_version":"2020-12-22","purchased_purges":1,"victory":false,"max_hp_per_floor":[66,66,66,66,66,66,66,66,66,66,66,66,66,66,66,66,66,66,66,66,66,66],"card_choices":[{"not_picked":["Acrobatics","Bane"],"picked":"Dagger Throw","floor":1.0},{"not_picked":["Skewer","Backflip"],"picked":"Tactician","floor":4.0},{"not_picked":["Accuracy","Finisher"],"picked":"Well Laid Plans","floor":6.0},{"not_picked":["Cloak And Dagger","Bane"],"picked":"Dagger Spray","floor":7.0},{"not_picked":["Poisoned Stab","Caltrops"],"picked":"Acrobatics","floor":8.0},{"not_picked":["Cloak And Dagger","Dagger Throw"],"picked":"Tactician","floor":10.0},{"not_picked":["Acrobatics","Burst"],"picked":"Dagger Throw","floor":11.0},{"not_picked":["Deflect","All Out Attack"],"picked":"Noxious Fumes","floor":14.0},{"not_picked":["All Out Attack","Crippling Poison","Noxious Fumes"],"picked":"SKIP","floor":18.0},{"not_picked":["Choke","Infinite Blades"],"picked":"PiercingWail+1","floor":19.0}],"player_experience":1138031,"relics_obtained":[{"floor":6.0,"key":"Toy Ornithopter"},{"floor":8.0,"key":"Omamori"},{"floor":9.0,"key":"Vajra"},{"floor":14.0,"key":"Nunchaku"}],"event_choices":[{"damage_healed":0.0,"max_hp_gain":0.0,"max_hp_loss":0.0,"gold_gain":0.0,"event_name":"Liars Game","player_choice":"Ignored","floor":2.0,"gold_loss":0.0,"damage_taken":0.0},{"damage_healed":0.0,"max_hp_gain":0.0,"max_hp_loss":0.0,"gold_gain":0.0,"event_name":"Accursed Blacksmith","player_choice":"Rummage","floor":3.0,"gold_loss":0.0,"damage_taken":0.0,"relics_obtained":["WarpedTongs"],"cards_obtained":["Pain"]},{"damage_healed":0.0,"max_hp_gain":0.0,"max_hp_loss":0.0,"gold_gain":0.0,"cards_transformed":["Strike_G"],"event_name":"Transmorgrifier","player_choice":"Transformed","floor":12.0,"gold_loss":0.0,"damage_taken":0.0,"cards_obtained":["Prepared"]},{"damage_healed":0.0,"max_hp_gain":0.0,"max_hp_loss":0.0,"gold_gain":0.0,"event_name":"Addict","player_choice":"Obtained Relic","floor":20.0,"gold_loss":85.0,"damage_taken":0.0,"relics_obtained":["Tiny Chest"]}],"is_beta":false,"boss_relics":[{"not_picked":["Fusion Hammer","Philosopher\u0027s Stone"],"picked":"SlaversCollar"}],"items_purged_floors":[5],"is_endless":false,"potions_floor_spawned":[4,6,8,14,16],"killed_by":"Cultist and Chosen","ascension_level":20}}