{"host":"yml0ux6c8lqydjlc","time":1612651733,"event":{"mods":["BaseMod","Conspire","Downfall","Hermit","Jedi Mod","Minty Spire (QoL Compilation)","StSLib"],"gold_per_floor":[115,135,135,150,166,166,117,131,154,154,154,154,154,167,167,167,167],"floor_reached":16,"language":"ENG","playtime":1073,"items_purged":[],"score":92,"play_id":"931cb4c9-1274-4c98-9eeb-d622533915cd","local_time":"20210206174853","is_ascension_mode":false,"campfire_choices":[{"data":"Iron Wave","floor":6,"key":"SMITH"},{"data":"Cleave","floor":10,"key":"SMITH"},{"floor":12,"key":"REST"},{"data":"Iron Wave","floor":15,"key":"SMITH"}],"circlet_count":1,"master_deck":["Strike_R+1","Strike_R","Strike_R","Strike_R","Strike_R","Defend_R","Defend_R","Defend_R","Defend_R","Bash","Clothesline","Searing Blow","Iron Wave+1","Clash","Cleave+1","Shockwave","Iron Wave+1"],"relics":["Burning Blood","Circlet","Bag of Marbles","Blue Candle"],"acts_visited":["Exordium"],"potions_floor_usage":[],"damage_taken":[{"damage":0.0,"enemies":"Cultist","floor":1.0,"turns":4.0},{"damage":0.0,"enemies":"2 Louse","floor":2.0,"turns":3.0},{"damage":4,"enemies":"conspire:RoseBush","floor":4,"turns":2},{"damage":12,"enemies":"2 Fungi Beasts","floor":5,"turns":4},{"damage":13,"enemies":"Lots of Slimes","floor":8,"turns":4},{"damage":11,"enemies":"Exordium Wildlife","floor":14,"turns":4},{"damage":70,"enemies":"Hexaghost","floor":16,"turns":11}],"seed_played":"7149753285391268198","potions_obtained":[{"floor":1.0,"key":"BloodPotion"},{"floor":4,"key":"BloodPotion"},{"floor":8,"key":"champ:CounterPotion"}],"is_trial":false,"path_per_floor":["M","M","$","M","M","R","$","M","T","R","?","R","?","M","R","B"],"character_chosen":"IRONCLAD","items_purchased":["Cleave"],"campfire_rested":1,"item_purchase_floors":[7],"current_hp_per_floor":[80,80,80,80,74,74,74,67,67,67,67,80,75,70,70,0,0],"gold":167,"neow_bonus":"UPGRADE_CARD","is_daily":false,"chose_seed":false,"campfire_upgraded":3,"win_rate":0.0,"timestamp":1612651733,"path_taken":["M","M","?","M","?","R","$","M","T","R","?","R","?","M","R","BOSS"],"items_purchased_type":["Card"],"build_version":"2020-12-22","purchased_purges":0,"victory":false,"max_hp_per_floor":[80,80,80,80,80,80,80,80,80,80,80,80,80,80,80,80,80],"card_choices":[{"not_picked":["jedi:fear","Perfected Strike"],"picked":"Clothesline","floor":1.0},{"not_picked":["Uppercut","DemoMod:WhiteBlade"],"picked":"Searing Blow","floor":2.0},{"not_picked":["Flex","Twin Strike"],"picked":"Iron Wave","floor":4},{"not_picked":["Clothesline","Blood for Blood"],"picked":"Clash","floor":5},{"not_picked":["Thunderclap","Clash"],"picked":"Shockwave","floor":8},{"not_picked":["Limit Break","Perfected Strike"],"picked":"Iron Wave","floor":14}],"player_experience":10160,"relics_obtained":[{"floor":9,"key":"Bag of Marbles"}],"event_choices":[{"damage_healed":0,"gold_gain":0,"player_choice":"Ignored","damage_taken":0,"max_hp_gain":0,"max_hp_loss":0,"event_name":"Liars Game","floor":11,"gold_loss":0}],"is_beta":false,"boss_relics":[],"items_purged_floors":[],"is_endless":false,"potions_floor_spawned":[1,4,8],"killed_by":"Hexaghost","ascension_level":0}}