{"host":"m8o7tt929h4qck9e","time":1612619204,"event":{"mods":["Act Like it!","Aspiration","BaseMod","Better Third Choice","BetterRewards","Card Forge","Colored Powertips","Conspire","Defuse TimeMaze Blight","Friendly Minions","Gensokyo","Halation","Hubris","Infinite Spire","Jedi Mod","KinomotoSakuraMod(????)","Minty Spire (QoL Compilation)","Replay The Spire","Shop Mod","Spicy Shops","StSLib","The Jungle","Transform Curses","??????REMEMod"],"gold_per_floor":[114,125,125,125,139,139,156,185,240,255,268,281,211,227,227,326,376,390,408,408,418,418,451,451,466,766,777,499,514,599,613,613,710,710,725,735,749,767,767,767,767,767,767,799,799,811,661,675,675,776,776,774,774,773,780,587,587,592,598,624,392,393,393,391,394,466,542,542,547,271,276,276,411,434,434,434,482,471,473,479,479,477,477,553,553,546,547,547,547,539,539,539,610,610,635,810,810,771,749,749,724,724,720,576,576],"floor_reached":104,"language":"ENG","playtime":15558,"items_purged":["ClowCardTheSword","ClowCardTheMirror+1"],"score":2292,"play_id":"d249143c-0ca6-4bb8-8747-757398ffe047","local_time":"20210206084644","is_ascension_mode":false,"campfire_choices":[{"data":"ClowCardTheSand","floor":6.0,"key":"SMITH"},{"data":"infinitespire:Collect","floor":24.0,"key":"SMITH"},{"data":"ClowCardTheFloat","floor":32.0,"key":"SMITH"},{"floor":40.0,"key":"RECALL"},{"floor":45.0,"key":"REST"},{"floor":49.0,"key":"REST"},{"data":"ClowCardTheFight","floor":57.0,"key":"SMITH"},{"data":"infinitespire:TheBestDefense","floor":75,"key":"SMITH"},{"data":"ClowCardTheMirror","floor":83,"key":"SMITH"},{"data":"ClowCardTheLight","floor":91,"key":"SMITH"},{"data":"ClowCardTheShield","floor":100,"key":"SMITH"}],"circlet_count":0,"master_deck":["SakuraCardTheWave+","SakuraCardTheSword+","ClowCardTheShield+2","SpellCardSeal+1","ClowCardTheSand+1","Rampage+1","ClowCardTheSweet+1","ClowCardTheDash+1","Gensokyo:AllTheWorldsEvil","infinitespire:Collect+1","ClowCardTheSand+1","ClowCardTheFloat+1","ClowCardTheFight+1","infinitespire:TheBestDefense+1","infinitespire:Collect+1","ClowCardTheLight+1"],"relics":["KSMOD_SealedBook","KSMOD_SealedWand","Hammer of Thor","Seething Fire","Anvil of the Gods","REME_ComplimentaryCards","Replay:Bottled Flurry","TheAbacus","halation:LettersToHer","halation:PromiseList","hubris:ToyBattleship","KSMOD_TouyasBicycle","aspiration:ChemicalBlood","KSMOD_TaoistSuit","hubris:EmptyBottle","Omamori","halation:Prosthetics","Replay:Wax Seal","KSMOD_YukitosBentoBox","aspiration:FetidBarrel","Smiling Mask","MerchantsRug","ReplayTheSpireMod:Shallot","Strange Spoon","conspire:SeveredTorchhead","Bronze Scales","KSMOD_Yue","TungstenRod","Boot","halation:Jellyphish","aspiration:PoetsPen_weak","Darkstone Periapt","infinitespire:Satchel","Garlic","aspiration:HiddenCompartment","Bag of Marbles","KSMOD_MoonBell","REME_ChargedStone","Bag of Preparation","hubris:MysteriousPyramids","aspiration:FrozenJewel","infinitespire:PuzzleCube","Simple Rune","aspiration:Nostalgia","Ring of the Snake","Fusion Hammer","ReplayTheSpireMod:CursedCoin","halation:Thesaurus","jedi:fakemustache"],"acts_visited":["Exordium","Gensokyo:Gensokyo","Gensokyo:Gensokyoer","Gensokyo:Gensokyoest","TheCity","TheBeyond","Exordium"],"potions_floor_usage":[93,93,101,101],"damage_taken":[{"damage":0.0,"enemies":"Gensokyo:Gryphon","floor":1.0,"turns":2.0},{"damage":0.0,"enemies":"Gensokyo:2_Kodama","floor":2.0,"turns":2.0},{"damage":0.0,"enemies":"Gensokyo:3_Fairies","floor":5.0,"turns":3.0},{"damage":4.0,"enemies":"Gensokyo:VengefulSpirit","floor":7.0,"turns":3.0},{"damage":0.0,"enemies":"Gensokyo:Mamizou","floor":8.0,"turns":4.0},{"damage":0.0,"enemies":"Gensokyo:Gryphon_and_Rabbit","floor":10.0,"turns":3.0},{"damage":0.0,"enemies":"Gensokyo:Python_and_Kodama","floor":11.0,"turns":2.0},{"damage":0.0,"enemies":"Gensokyo:3_Kodama","floor":12.0,"turns":2.0},{"damage":0.0,"enemies":"Gensokyo:VengefulSpirit","floor":14.0,"turns":2.0},{"damage":0.0,"enemies":"Gensokyo:Yukari","floor":16.0,"turns":3.0},{"damage":3.0,"enemies":"Gensokyo:3_Dogs","floor":18.0,"turns":4.0},{"damage":0.0,"enemies":"Gensokyo:CosmicMonolith","floor":19.0,"turns":2.0},{"damage":6.0,"enemies":"Gensokyo:Wraith","floor":21.0,"turns":3.0},{"damage":9.0,"enemies":"Nightmare","floor":23.0,"turns":4.0},{"damage":0.0,"enemies":"Gensokyo:Slime_Group","floor":25.0,"turns":2.0},{"damage":0.0,"enemies":"Gensokyo:Monolith_and_Dog","floor":27.0,"turns":2.0},{"damage":0.0,"enemies":"Gensokyo:3_Gloops","floor":29.0,"turns":3.0},{"damage":5.0,"enemies":"Gensokyo:Koishi","floor":30.0,"turns":3.0},{"damage":0.0,"enemies":"Gensokyo:Swordslinger","floor":31.0,"turns":2.0},{"damage":0.0,"enemies":"Gensokyo:Eiki","floor":33.0,"turns":3.0},{"damage":0.0,"enemies":"Gensokyo:AncientGuardian","floor":35.0,"turns":3.0},{"damage":0.0,"enemies":"Gensokyo:3_Boulders","floor":36.0,"turns":2.0},{"damage":0.0,"enemies":"Gensokyo:AtlasGolem","floor":37.0,"turns":2.0},{"damage":0.0,"enemies":"Gensokyo:Sharpion","floor":38.0,"turns":2.0},{"damage":0.0,"enemies":"Gensokyo:Doremy","floor":44.0,"turns":2.0},{"damage":0.0,"enemies":"Gensokyo:Dusk_and_Dawn","floor":46.0,"turns":1.0},{"damage":0.0,"enemies":"Gensokyo:Rafflesia","floor":48.0,"turns":2.0},{"damage":0.0,"enemies":"Gensokyo:Scarlet_Devils","floor":50.0,"turns":1.0},{"damage":0.0,"enemies":"Gensokyo:Gryphon","floor":52.0,"turns":2.0},{"damage":0.0,"enemies":"Gensokyo:2_Kodama","floor":53.0,"turns":1.0},{"damage":0.0,"enemies":"Gensokyo:Python","floor":54.0,"turns":1.0},{"damage":0.0,"enemies":"Gensokyo:Kitsune","floor":55.0,"turns":1.0},{"damage":0.0,"enemies":"Gensokyo:3_Kodama","floor":58.0,"turns":1.0},{"damage":0.0,"enemies":"Gensokyo:Mamizou","floor":59.0,"turns":2.0},{"damage":0.0,"enemies":"Gensokyo:2_Rabbits","floor":62.0,"turns":2.0},{"damage":10.0,"enemies":"Gensokyo:Gryphon_and_Rabbit","floor":64.0,"turns":2.0},{"damage":0.0,"enemies":"Gensokyo:VengefulSpirit","floor":65.0,"turns":2.0},{"damage":0.0,"enemies":"Gensokyo:Reimu","floor":67.0,"turns":2.0},{"damage":0.0,"enemies":"2 Thieves","floor":69.0,"turns":1.0},{"damage":0.0,"enemies":"Shell Parasite","floor":71.0,"turns":1.0},{"damage":0,"enemies":"Book of Stabbing","floor":74,"turns":2},{"damage":0,"enemies":"Shelled Parasite and Fungi","floor":78,"turns":1},{"damage":0,"enemies":"Centurion and Healer","floor":79,"turns":1},{"damage":0,"enemies":"Snecko","floor":80,"turns":1},{"damage":0,"enemies":"Snake Plant","floor":82,"turns":1},{"damage":0,"enemies":"Automaton","floor":84,"turns":1},{"damage":0,"enemies":"3 Darklings","floor":86,"turns":1},{"damage":0,"enemies":"Orb Walker","floor":87,"turns":1},{"damage":0,"enemies":"Spire Growth","floor":90,"turns":1},{"damage":0,"enemies":"R_Hoarder","floor":93,"turns":2},{"damage":0,"enemies":"Transient","floor":98,"turns":1},{"damage":0,"enemies":"Jaw Worm Horde","floor":99,"turns":1},{"damage":0,"enemies":"Time Eater","floor":101,"turns":3},{"damage":0,"enemies":"Cultist","floor":103,"turns":1}],"seed_played":"-7491443257761176805","potions_obtained":[{"floor":8.0,"key":"EssenceOfSteel"},{"floor":10.0,"key":"Languid Potion"},{"floor":12.0,"key":"Block Potion"},{"floor":19.0,"key":"Toxic Potion"},{"floor":23.0,"key":"SkillPotion"},{"floor":27.0,"key":"REME_GoldPotion"},{"floor":31.0,"key":"Venom Potion"},{"floor":35.0,"key":"KSMOD_MagickBottle"},{"floor":38.0,"key":"LifebloodPotion"},{"floor":64.0,"key":"SpeedPotion"},{"floor":82,"key":"Milkshake"},{"floor":87,"key":"PowerPotion"},{"floor":90,"key":"REME_GoldPotion"},{"floor":99,"key":"jedi:StrikingPotion"},{"floor":103,"key":"BlessingOfTheForge"}],"is_trial":false,"path_per_floor":["M","M","?","?","M","R","M","E","T","M","M","M","?","M","R","B",null,"M","M","?","M","?","NM","R","M","T","M","COS","M","E","M","R","B",null,"M","M","M","M","?","R","?","AVR","T","E","R","M","$","M","R","B",null,"M","M","M","M","$","R","M","E","T","COS","M","?","M","M","R","B",null,"M","$","M","?","$","E","R","?","T","M","M","M","?","M","R","B",null,"M","M","?","AVR","M","R","?","E","T","T","$","?","M","M","R","B",null,"M","$"],"character_chosen":"KINOMOTOSAKURA","items_purchased":["Replay:Bottled Flurry","KSMOD_GemBrooch","TheAbacus","halation:LettersToHer","ClowCardTheSand","MerchantsRug","ReplayTheSpireMod:Shallot","Strange Spoon","Bronze Scales","KSMOD_Yue","Darkstone Periapt","infinitespire:Satchel","Simple Rune","jedi:ominousloannote","aspiration:Nostalgia","ReplayTheSpireMod:CursedCoin","halation:Thesaurus"],"campfire_rested":2,"item_purchase_floors":[0,0,0,0,0,47,47,47,56,56,70,70,96,96,96,104,104],"current_hp_per_floor":[38,38,38,38,38,38,39,44,44,49,54,59,59,64,70,70,75,75,75,75,69,75,66,66,71,71,75,75,75,75,75,75,75,40,40,40,40,40,40,40,40,40,40,40,40,40,40,40,40,40,40,40,40,40,40,40,40,40,40,40,40,40,47,42,47,47,52,54,54,54,54,42,42,42,42,42,42,47,47,47,47,52,52,52,54,54,54,54,54,54,54,54,54,54,54,54,54,54,54,54,54,54,54,54,54],"gold":576,"neow_bonus":"","is_daily":false,"chose_seed":false,"campfire_upgraded":8,"win_rate":0.0,"timestamp":1612619204,"path_taken":["M","?","?","?","M","R","M","E","T","?","M","?","?","M","R","BOSS","M","M","?","M","?","NM","R","M","T","M","COS","M","E","M","R","BOSS","M","M","?","M","?","R","?","AVR","T","E","R","M","$","M","R","BOSS","M","M","?","M","$","R","M","E","T","COS","M","?","M","M","R","BOSS","M","$","M","?","?","E","R","?","T","M","M","M","?","M","R","BOSS","M","M","?","AVR","?","R","?","E","T","?","?","?","M","?","R","BOSS","M","$"],"items_purchased_type":["Relic","Relic","Relic","Relic","Card","Relic","Relic","Relic","Relic","Relic","Relic","Relic","Relic","Relic","Relic","Relic","Relic"],"build_version":"2020-12-22","purchased_purges":2,"victory":false,"max_hp_per_floor":[70,70,70,70,70,70,70,70,70,70,70,70,70,70,70,70,75,75,75,75,75,75,75,75,75,75,75,75,75,75,75,75,75,40,40,40,40,40,40,40,40,40,40,40,40,40,40,40,40,40,40,40,40,40,40,40,40,40,40,40,40,40,54,54,54,54,54,54,54,54,54,54,54,54,54,54,54,54,54,54,54,54,54,54,54,54,54,54,54,54,54,54,54,54,54,54,54,54,54,54,54,54,54,54,54],"card_choices":[{"not_picked":["ClowCardTheSand","ClowCardTheDream","ClowCardTheMirror"],"picked":"SKIP","floor":1.0},{"not_picked":["ClowCardTheMirror","ClowCardTheMaze"],"picked":"ClowCardTheSweet","floor":2.0},{"not_picked":["ClowCardTheChange","ClowCardTheSleep","ClowCardTheJump"],"picked":"SKIP","floor":5.0},{"not_picked":["ClowCardTheReturn","ClowCardTheMist","ClowCardTheFreeze"],"picked":"SKIP","floor":7.0},{"not_picked":["ClowCardThePower","ClowCardTheWatery"],"picked":"ClowCardTheDash","floor":8.0},{"not_picked":["ClowCardTheJump","ClowCardTheVoice","ClowCardTheLock"],"picked":"SKIP","floor":10.0},{"not_picked":["ClowCardTheIllusion","ClowCardTheCloud","ClowCardTheChange"],"picked":"SKIP","floor":11.0},{"not_picked":["ClowCardTheShot","ClowCardTheSilent","ClowCardTheArrow"],"picked":"SKIP","floor":12.0},{"not_picked":["ClowCardTheJump","ClowCardTheLock","ClowCardTheFly"],"picked":"SKIP","floor":14.0},{"not_picked":["ClowCardTheThrough","ClowCardTheFight"],"picked":"ClowCardTheCreate","floor":16.0},{"not_picked":["ClowCardTheMist","ClowCardTheLittle+1","ClowCardTheFlower"],"picked":"SKIP","floor":18.0},{"not_picked":["ClowCardTheStorm+1","ClowCardTheErase","ClowCardTheArrow"],"picked":"SKIP","floor":19.0},{"not_picked":["ClowCardTheSilent","ClowCardThePower+1"],"picked":"ClowCardTheCreate","floor":21.0},{"not_picked":["ReplayTheSpireMod:Echoes of Time","hubris:Rewind"],"picked":"infinitespire:Collect","floor":23.0},{"not_picked":["ClowCardTheWood","ClowCardTheShot","ClowCardTheErase"],"picked":"SKIP","floor":23.0},{"not_picked":["ClowCardTheFreeze+1","ClowCardTheSweet+1","ClowCardThePower"],"picked":"SKIP","floor":25.0},{"not_picked":["ClowCardTheChange","ClowCardTheShot"],"picked":"ClowCardTheSand+1","floor":27.0},{"not_picked":["ClowCardTheLight","ClowCardTheShot+1","ClowCardTheMove"],"picked":"SKIP","floor":29.0},{"not_picked":["ClowCardTheWindy","ClowCardTheSand+1"],"picked":"ClowCardTheFloat","floor":30.0},{"not_picked":["ClowCardTheMirror","ClowCardTheFight","ClowCardTheSand"],"picked":"SKIP","floor":31.0},{"not_picked":["ClowCardTheTime","ClowCardTheLight"],"picked":"ClowCardTheCreate","floor":33.0},{"not_picked":["ClowCardTheJump","ClowCardTheWood","ClowCardTheLock"],"picked":"SKIP","floor":35.0},{"not_picked":["ClowCardThePower+1","ClowCardTheWave","ClowCardTheBig"],"picked":"SKIP","floor":36.0},{"not_picked":["ClowCardTheVoice+1","ClowCardTheEarthy+1","ClowCardTheDream+1"],"picked":"SKIP","floor":37.0},{"not_picked":["ClowCardTheIllusion","ClowCardTheWatery","ClowCardTheGlow"],"picked":"SKIP","floor":38.0},{"not_picked":["ClowCardTheArrow+1","ClowCardTheWatery","ClowCardTheChange"],"picked":"SKIP","floor":44.0},{"not_picked":["ClowCardTheWave+1","ClowCardTheShot+1","ClowCardTheLittle+1"],"picked":"SKIP","floor":46.0},{"not_picked":["ClowCardTheArrow+1","ClowCardTheReturn","ClowCardTheWood"],"picked":"SKIP","floor":48.0},{"not_picked":["ClowCardTheTwin","ClowCardTheTime"],"picked":"ClowCardTheFight","floor":50.0},{"not_picked":["ClowCardTheErase","ClowCardTheWatery","ClowCardTheStorm"],"picked":"SKIP","floor":52.0},{"not_picked":["ClowCardTheShadow","ClowCardTheFly","ClowCardTheGlow"],"picked":"SKIP","floor":53.0},{"not_picked":["ClowCardTheMove","ClowCardTheErase","ClowCardTheLibra"],"picked":"SKIP","floor":54.0},{"not_picked":["ClowCardTheStorm","ClowCardTheJump","ClowCardTheIllusion"],"picked":"SKIP","floor":55.0},{"not_picked":["ClowCardTheGlow","ClowCardTheStorm"],"picked":"ClowCardTheWave","floor":58.0},{"not_picked":["ClowCardTheMove","ClowCardTheWood","ClowCardTheLock"],"picked":"SKIP","floor":59.0},{"not_picked":["ClowCardTheMove","ClowCardTheMirror","ClowCardTheLoop"],"picked":"SKIP","floor":62.0},{"not_picked":["ClowCardTheSweet","ClowCardTheArrow","ClowCardTheEarthy"],"picked":"SKIP","floor":64.0},{"not_picked":["ClowCardTheCloud","ClowCardTheLock"],"picked":"ClowCardTheCreate","floor":65.0},{"not_picked":["ClowCardTheReturn","ClowCardTheTime"],"picked":"ClowCardTheCreate","floor":67.0},{"not_picked":["ClowCardTheLittle","ClowCardTheSilent","ClowCardTheErase+1"],"picked":"SKIP","floor":69.0},{"not_picked":["hubris:InfiniteBlow","infinitespire:Starlight"],"picked":"infinitespire:TheBestDefense","floor":70.0},{"not_picked":["ClowCardTheLibra","ClowCardThePower","ClowCardTheBig"],"picked":"SKIP","floor":71.0},{"not_picked":["infinitespire:TheBestDefense","infinitespire:SevenWalls"],"picked":"infinitespire:Collect","floor":72.0},{"not_picked":["ClowCardTheLittle","ClowCardTheSnow","ClowCardTheShot+1"],"picked":"SKIP","floor":74},{"not_picked":["ClowCardTheMist","ClowCardTheFight"],"picked":"ClowCardTheMirror","floor":78},{"not_picked":["ClowCardTheEarthy","ClowCardTheWatery","ClowCardThePower"],"picked":"SKIP","floor":79},{"not_picked":["ClowCardTheBig","ClowCardTheSand","ClowCardTheArrow"],"picked":"SKIP","floor":80},{"not_picked":["ClowCardTheErase+1","ClowCardTheVoice","ClowCardTheEarthy"],"picked":"SKIP","floor":82},{"not_picked":["ClowCardTheThunder","ClowCardTheReturn"],"picked":"ClowCardTheLight","floor":84},{"not_picked":["ClowCardTheWave+1","ClowCardTheFirey","ClowCardTheIllusion+1"],"picked":"SKIP","floor":86},{"not_picked":["ClowCardTheSilent","ClowCardTheLibra","ClowCardTheMist"],"picked":"SKIP","floor":87},{"not_picked":["ClowCardTheLittle","ClowCardTheSand","ClowCardTheJump"],"picked":"SKIP","floor":90},{"not_picked":["ClowCardTheMist+1","ClowCardTheSand+1","ClowCardTheFly+1"],"picked":"SKIP","floor":93},{"not_picked":["ClowCardTheRain+1","ClowCardTheCloud","ClowCardTheSand"],"picked":"SKIP","floor":98},{"not_picked":["ClowCardTheRain+1","ClowCardTheLittle","ClowCardTheMirror"],"picked":"SKIP","floor":99},{"not_picked":["ClowCardTheMist","ClowCardTheMaze","ClowCardTheArrow"],"picked":"SKIP","floor":103}],"player_experience":29783,"relics_obtained":[{"floor":8.0,"key":"halation:PromiseList"},{"floor":9.0,"key":"halation:LettersToHer"},{"floor":9.0,"key":"hubris:ToyBattleship"},{"floor":23.0,"key":"KSMOD_TouyasBicycle"},{"floor":23.0,"key":"MealTicket"},{"floor":25.0,"key":"aspiration:ChemicalBlood"},{"floor":25.0,"key":"KSMOD_TaoistSuit"},{"floor":26.0,"key":"halation:LettersToHer"},{"floor":26.0,"key":"Old Coin"},{"floor":30.0,"key":"Omamori"},{"floor":36.0,"key":"Replay:Wax Seal"},{"floor":36.0,"key":"KSMOD_YukitosBentoBox"},{"floor":43.0,"key":"halation:LettersToHer"},{"floor":43.0,"key":"Regal Pillow"},{"floor":44.0,"key":"Smiling Mask"},{"floor":59.0,"key":"TungstenRod"},{"floor":60.0,"key":"halation:LettersToHer"},{"floor":60.0,"key":"Boot"},{"floor":74,"key":"Garlic"},{"floor":77,"key":"halation:LettersToHer"},{"floor":77,"key":"aspiration:HiddenCompartment"},{"floor":84,"key":"Bag of Marbles"},{"floor":84,"key":"KSMOD_MoonBell"},{"floor":86,"key":"Bag of Preparation"},{"floor":93,"key":"halation:Toothbrush"},{"floor":94,"key":"halation:LettersToHer"},{"floor":94,"key":"aspiration:FrozenJewel"},{"floor":95,"key":"halation:LettersToHer"},{"floor":95,"key":"infinitespire:PuzzleCube"}],"event_choices":[{"damage_healed":0,"gold_gain":0,"player_choice":"Ignored","damage_taken":0,"max_hp_gain":0,"max_hp_loss":0,"event_name":"Vampires","floor":76,"gold_loss":0},{"damage_healed":0,"gold_gain":0,"player_choice":"Leave","damage_taken":0,"max_hp_gain":0,"max_hp_loss":0,"event_name":"conspire:Investor","floor":81,"gold_loss":0}],"is_beta":false,"boss_relics":[{"not_picked":["Replay:Drink Me","halation:PlatinumPhoenix"],"picked":"Tiny House"},{"not_picked":["REME_DuelDisc","jedi:hotpepper"],"picked":"halation:Prosthetics"},{"not_picked":["halation:PinkAlligatorPlush","conspire:RoyalGoblet"],"picked":"conspire:SeveredTorchhead"},{"not_picked":["hubris:HollowSoul","ReplayTheSpireMod:DimensionalGlitch"],"picked":"aspiration:PoetsPen_weak"},{"not_picked":["Astrolabe","REME_DemonsWealth"],"picked":"REME_ChargedStone"},{"not_picked":["hubris:TerracottaHorce","Philosopher\u0027s Stone"],"picked":"Fusion Hammer"}],"items_purged_floors":[0,89],"is_endless":true,"potions_floor_spawned":[8,10,12,19,23,27,29,31,35,38,46,50,53,62,64,69,71,82,87,90,98,99,103],"ascension_level":0}}