{"host":"0zag0iv808s4a67c","time":1612571185,"event":{"mods":["BaseMod","BetterRewards","Card Forge","Colored Map","Colored Powertips","Downfall","Hermit","Highlight Path","Marisa????????","Minty Spire (QoL Compilation)","Relic Stats","Shop Mod","StSLib","The Cursed","The Necromancer","The Sage"],"gold_per_floor":[115,115,127,127,127,127,159,159,186,30,30,41,51,51,51,51,51],"floor_reached":16,"language":"ENG","playtime":303,"items_purged":[],"score":148,"play_id":"f0968111-6ae4-4b55-86c0-c3d757d329aa","local_time":"20210206112625","is_ascension_mode":false,"campfire_choices":[{"data":"hermit:GoldenBullet","floor":6,"key":"SMITH"},{"data":"hermit:Snapshot","floor":8,"key":"SMITH"},{"data":"hermit:Strike_Hermit","floor":15,"key":"SMITH"}],"circlet_count":0,"master_deck":["hermit:Strike_Hermit","hermit:Strike_Hermit","hermit:Strike_Hermit+1","hermit:Strike_Hermit","hermit:Defend_Hermit","hermit:Defend_Hermit","hermit:Defend_Hermit","hermit:Defend_Hermit","hermit:Snapshot+1","hermit:Covet","hermit:Headshot+1","hermit:GoldenBullet+1","Regret","hermit:HighCaliber","hermit:SprayPray","hermit:Headshot","downfall:Haunted","downfall:Haunted","Normality"],"relics":["hermit:Momento","Hammer of Thor","Seething Fire","Anvil of the Gods","NeowsBlessing","Tiny Chest","Mummified Hand","Oddly Smooth Stone","Vajra","Darkstone Periapt"],"acts_visited":["Exordium"],"potions_floor_usage":[],"damage_taken":[{"damage":0,"enemies":"Jaw Worm","floor":1,"turns":1},{"damage":0,"enemies":"Small Slimes","floor":3,"turns":1},{"damage":0,"enemies":"Lagavulin","floor":7,"turns":2},{"damage":9,"enemies":"Cultist","floor":12,"turns":5},{"damage":10,"enemies":"Looter","floor":13,"turns":2},{"damage":0,"enemies":"The Guardian","floor":16,"turns":2}],"seed_played":"3395283243053139211","potions_obtained":[{"floor":3,"key":"CultistPotion"},{"floor":12,"key":"sneckomod:MuddlingPotion"},{"floor":13,"key":"PowerPotion"}],"is_trial":false,"path_per_floor":["M","?","M","?","?","R","E","R","T","$","$","M","M","?","R","B"],"character_chosen":"HERMIT","items_purchased":["Vajra"],"campfire_rested":0,"item_purchase_floors":[10],"current_hp_per_floor":[75,75,75,75,75,75,75,75,75,75,75,66,56,79,79,79,79],"gold":51,"neow_bonus":"THREE_ENEMY_KILL","is_daily":false,"chose_seed":false,"campfire_upgraded":3,"win_rate":0.0,"timestamp":1612571185,"path_taken":["M","?","M","?","?","R","E","R","T","?","$","M","M","?","R","BOSS"],"items_purchased_type":["Relic"],"build_version":"2020-12-22","purchased_purges":0,"victory":false,"max_hp_per_floor":[75,75,75,75,75,75,75,75,75,75,75,75,75,98,98,98,98],"relic_stats":{"Darkstone Periapt":18,"counters":[6,13],"Mummified Hand":[0],"Tiny Chest":0,"obtain_stats":[{"Darkstone Periapt":14,"NeowsBlessing":0,"Anvil of the Gods":0,"Mummified Hand":7,"Oddly Smooth Stone":9,"Vajra":10,"Tiny Chest":4,"Hammer of Thor":0,"Seething Fire":0,"hermit:Momento":0},{"Darkstone Periapt":5,"NeowsBlessing":0,"Anvil of the Gods":0,"Mummified Hand":3,"Oddly Smooth Stone":3,"Vajra":3,"Tiny Chest":2,"Hammer of Thor":0,"Seething Fire":0,"hermit:Momento":0},{"Darkstone Periapt":11,"NeowsBlessing":0,"Anvil of the Gods":0,"Mummified Hand":4,"Oddly Smooth Stone":4,"Vajra":4,"Tiny Chest":2,"Hammer of Thor":0,"Seething Fire":0,"hermit:Momento":0}]},"card_choices":[{"not_picked":["hermit:BodyArmor","hermit:LowProfile"],"picked":"hermit:Headshot","floor":1},{"not_picked":["hermit:ShadowCloak","hermit:Feint"],"picked":"hermit:GoldenBullet","floor":3},{"not_picked":["hermit:Gestalt","hermit:BodyArmor"],"picked":"hermit:HighCaliber","floor":7},{"not_picked":["hermit:ShadowCloak","hermit:Midnight"],"picked":"hermit:SprayPray","floor":12},{"not_picked":["hermit:ItchyTrigger","hermit:NoHoldsBarred"],"picked":"hermit:Headshot","floor":13}],"player_experience":127563,"relics_obtained":[{"floor":7,"key":"Mummified Hand"},{"floor":9,"key":"Oddly Smooth Stone"}],"event_choices":[{"damage_healed":0,"gold_gain":0,"player_choice":"Grow","damage_taken":0,"max_hp_gain":0,"max_hp_loss":0,"event_name":"Living Wall","floor":2,"gold_loss":0,"cards_upgraded":["hermit:Headshot"]},{"damage_healed":0,"gold_gain":0,"player_choice":"Box","damage_taken":0,"relics_obtained":["Tiny Chest"],"max_hp_gain":0,"max_hp_loss":0,"event_name":"Big Fish","floor":4,"gold_loss":0,"cards_obtained":["Regret"]},{"damage_healed":0,"gold_gain":0,"player_choice":"Leave","damage_taken":0,"max_hp_gain":0,"max_hp_loss":0,"event_name":"The Cleric","floor":5,"gold_loss":0}],"is_beta":false,"boss_relics":[],"items_purged_floors":[],"is_endless":false,"potions_floor_spawned":[3,12,13],"killed_by":"The Guardian","ascension_level":0}}