{"host":"nia1zwr35jsu5y7h","time":1612597207,"event":{"mods":["2.2 Compatiblity","Abigail Mod","Bard","BaseMod","Colored Map","Conspire","Downfall","Friendly Minions","Hermit","Highlight Path","Hubris","Infinite Spire","Kiyohime????","Koishi","Marisa????????","Minty Spire (QoL Compilation)","Quick Restart","Replay The Spire","Shade Mod","Shop Mod","StSLib","The Administrix","The Animator","The Construct","The Cursed","The Disciple","The Mystic","The Necromancer","The Servant 0.9.4"],"gold_per_floor":[362,374,386,336,336,365,365,398,398,425,476,492,492,525,525,622,622,593,593,613,101,101,101],"floor_reached":22,"language":"ENG","playtime":1068,"items_purged":["mysticmod:Strike_Mystic"],"score":528,"play_id":"da6971f5-e45c-42ad-b0e5-fdb76bcdb3e0","local_time":"20210205234007","is_ascension_mode":true,"campfire_choices":[{"data":"mysticmod:Disintegrate","floor":7,"key":"SMITH"},{"data":"mysticmod:EnchantedMoulinet","floor":13,"key":"SMITH"},{"data":"mysticmod:MysticalShield","floor":15,"key":"SMITH"}],"circlet_count":0,"master_deck":["AscendersBane","mysticmod:Strike_Mystic","mysticmod:Strike_Mystic","mysticmod:Defend_Mystic","mysticmod:Defend_Mystic","mysticmod:Defend_Mystic","mysticmod:Defend_Mystic","mysticmod:ArcaneDodge","mysticmod:ShockingGrasp","Eruption","bronze:Replicate","mysticmod:Fireball","mysticmod:HunkerDown","mysticmod:Fly","conspire:SpireCoStock","mysticmod:Disintegrate+1","mysticmod:StyleChange","mysticmod:GreaterInvisibility","mysticmod:MightyMagic","mysticmod:EnchantedMoulinet+1","mysticmod:TomeOfSpells","mysticmod:MysticalShield+1","mysticmod:GeminiForm","Injury","AdministrixMod:Nightfall","mysticmod:Natural20","conspire:Banana","infinitespire:SevenWalls","mysticmod:EnchantedMoulinet","mysticmod:Daze"],"relics":["mysticmod:SpellBook","Replay:Mystery Machine","Durian","Ancient Tea Set","Centennial Puzzle","Kunai","ReplayTheSpireMod:SealedPack","hexamod:BolsterEngine","Ornamental Fan"],"acts_visited":["Exordium","TheCity"],"potions_floor_usage":[6,11,11,16,18,20,20],"damage_taken":[{"damage":0,"enemies":"Cultist","floor":1,"turns":4},{"damage":3,"enemies":"conspire:RoseBush","floor":2,"turns":4},{"damage":8,"enemies":"Small Slimes","floor":3,"turns":4},{"damage":8,"enemies":"Gremlin Nob","floor":6,"turns":2},{"damage":20,"enemies":"3 Sentries","floor":8,"turns":6},{"damage":1,"enemies":"Looter","floor":10,"turns":3},{"damage":0,"enemies":"Lagavulin","floor":11,"turns":6},{"damage":0,"enemies":"Red Slaver","floor":12,"turns":4},{"damage":0,"enemies":"Gremlin Nob","floor":14,"turns":3},{"damage":23,"enemies":"Slime Boss","floor":16,"turns":10},{"damage":13,"enemies":"2 Thieves","floor":18,"turns":4},{"damage":19,"enemies":"3 Byrds","floor":20,"turns":6},{"damage":28,"enemies":"Centurion and Healer","floor":22,"turns":7}],"seed_played":"-3298643658764418321","potions_obtained":[{"floor":2,"key":"champ:CounterPotion"},{"floor":3,"key":"mysticmod:EssenceOfMagic"},{"floor":8,"key":"ColorlessPotion"},{"floor":12,"key":"ColorlessPotion"},{"floor":16,"key":"sneckomod:MuddlingPotion"},{"floor":18,"key":"Block Potion"},{"floor":19,"key":"Reflective Coating"}],"is_trial":false,"path_per_floor":["M","M","M","?","?","E","R","E","T","M","E","M","R","E","R","B",null,"M","?","M","$","M"],"character_chosen":"MYSTIC_CLASS","items_purchased":["hexamod:BolsterEngine","Ornamental Fan"],"campfire_rested":0,"item_purchase_floors":[21,21],"current_hp_per_floor":[65,62,54,54,54,46,46,31,31,30,30,30,30,30,30,7,60,48,48,30,30,3,3],"gold":101,"neow_bonus":"TWO_FIFTY_GOLD","is_daily":false,"chose_seed":false,"campfire_upgraded":3,"win_rate":0.0,"timestamp":1612597207,"path_taken":["M","M","?","?","?","E","R","E","T","M","E","M","R","E","R","BOSS","M","?","M","$","M"],"items_purchased_type":["Relic","Relic"],"build_version":"2020-12-22","purchased_purges":1,"victory":false,"max_hp_per_floor":[72,72,72,72,72,72,72,77,77,77,77,77,77,77,77,77,77,78,78,79,79,80,80],"card_choices":[{"not_picked":["mysticmod:DiviningBlow","mysticmod:Flourish"],"picked":"mysticmod:Fireball","floor":1},{"not_picked":["mysticmod:StyleChange","mysticmod:MightyMagic"],"picked":"mysticmod:HunkerDown","floor":2},{"not_picked":["mysticmod:ComponentsPouch","mysticmod:PowerSlash"],"picked":"mysticmod:Fly","floor":3},{"not_picked":["mysticmod:PureInstinct","mysticmod:Riposte"],"picked":"mysticmod:StyleChange","floor":6},{"not_picked":["mysticmod:Sideswipe","mysticmod:Probe"],"picked":"mysticmod:GreaterInvisibility","floor":8},{"not_picked":["mysticmod:Snowball","mysticmod:ComponentsPouch"],"picked":"mysticmod:MightyMagic","floor":10},{"not_picked":["mysticmod:Sideswipe","mysticmod:SummonFamiliar"],"picked":"mysticmod:EnchantedMoulinet","floor":11},{"not_picked":["mysticmod:Sideswipe","mysticmod:Disengage"],"picked":"mysticmod:TomeOfSpells","floor":12},{"not_picked":["mysticmod:RapidCaster","mysticmod:Alacrity"],"picked":"mysticmod:MysticalShield","floor":14},{"not_picked":["mysticmod:Lunge","mysticmod:Momentum"],"picked":"mysticmod:GeminiForm","floor":16},{"not_picked":["Dualcast","Guardian:CurlUp"],"picked":"AdministrixMod:Nightfall","floor":17},{"not_picked":["mysticmod:GeminiForm","mysticmod:Discipline"],"picked":"mysticmod:Natural20","floor":17},{"not_picked":["Dramatic Entrance","ReplayTheSpireMod:Trickstab"],"picked":"conspire:Banana","floor":17},{"not_picked":["infinitespire:Punishment","infinitespire:Execution"],"picked":"infinitespire:SevenWalls","floor":17},{"not_picked":["mysticmod:StyleChange","mysticmod:PureInstinct"],"picked":"mysticmod:EnchantedMoulinet","floor":18},{"not_picked":["mysticmod:ChargedParry","mysticmod:DiviningBlow+1"],"picked":"mysticmod:Daze","floor":20}],"player_experience":2321858,"relics_obtained":[{"floor":6,"key":"Replay:Mystery Machine"},{"floor":8,"key":"Durian"},{"floor":9,"key":"Ancient Tea Set"},{"floor":11,"key":"Centennial Puzzle"},{"floor":14,"key":"Kunai"}],"event_choices":[{"damage_healed":0,"gold_gain":0,"player_choice":"Invest 1","damage_taken":0,"max_hp_gain":0,"max_hp_loss":0,"event_name":"conspire:Investor","floor":4,"gold_loss":0},{"damage_healed":0,"gold_gain":0,"cards_transformed":["mysticmod:Strike_Mystic"],"player_choice":"Change","damage_taken":0,"max_hp_gain":0,"max_hp_loss":0,"event_name":"Living Wall","floor":5,"gold_loss":0,"cards_obtained":["mysticmod:Disintegrate"]},{"damage_healed":0,"gold_gain":0,"player_choice":"Got Potions","damage_taken":0,"max_hp_gain":0,"max_hp_loss":0,"event_name":"Lab","floor":19,"gold_loss":0}],"is_beta":false,"boss_relics":[{"not_picked":["Empty Cage","conspire:SeveredTorchhead"],"picked":"ReplayTheSpireMod:SealedPack"}],"items_purged_floors":[21],"is_endless":false,"potions_floor_spawned":[2,3,8,12,16,18],"killed_by":"Centurion and Healer","ascension_level":20}}