{"host":"o4p7qgaf1xspajzr","time":1612655549,"event":{"mods":["BaseMod","Block Reminder","Colored Map","Infinite Spire","Minty Spire (QoL Compilation)","Replay The Spire","StSLib","The Jungle"],"gold_per_floor":[215,229,229,239,239,239,189,189,189,189],"floor_reached":9,"language":"ENG","playtime":277,"items_purged":[],"score":66,"play_id":"264e63fa-3453-4db7-bac3-630f5443f782","local_time":"20210206235229","is_ascension_mode":true,"campfire_choices":[{"data":"Neutralize","floor":8,"key":"SMITH"}],"circlet_count":0,"master_deck":["Strike_G","Strike_G","Strike_G","Strike_G","Defend_G","Defend_G","Defend_G","Defend_G","Defend_G","Survivor","Neutralize+1","Well Laid Plans"],"relics":["Ring of the Snake","Ancient Tea Set"],"acts_visited":[],"potions_floor_usage":[],"damage_taken":[{"damage":10,"enemies":"Jaw Worm","floor":1,"turns":6},{"damage":4,"enemies":"Small Slimes","floor":2,"turns":5},{"damage":1,"enemies":"2 Louse","floor":4,"turns":3},{"damage":36,"enemies":"3 Sentries","floor":9,"turns":8}],"seed_played":"-1013337330032337251","potions_obtained":[{"floor":1,"key":"FearPotion"}],"is_trial":false,"path_per_floor":["M","M","?","M","PTL","PTL","?","R","E"],"character_chosen":"THE_SILENT","items_purchased":[],"campfire_rested":0,"item_purchase_floors":[],"current_hp_per_floor":[53,49,37,36,36,36,36,36,0,0],"gold":189,"neow_bonus":"HUNDRED_GOLD","is_daily":false,"chose_seed":false,"campfire_upgraded":1,"win_rate":0.0,"timestamp":1612655549,"path_taken":["M","M","?","M","PTL","PTL","?","R","E"],"items_purchased_type":[],"build_version":"2020-12-22","purchased_purges":0,"victory":false,"max_hp_per_floor":[70,70,70,70,70,70,70,70,70,70],"card_choices":[{"not_picked":["Slice","Finisher"],"picked":"Well Laid Plans","floor":1},{"not_picked":["Dodge and Roll","Sucker Punch","Bane"],"picked":"SKIP","floor":2},{"not_picked":["Flying Knee","Outmaneuver","Sucker Punch"],"picked":"SKIP","floor":4}],"player_experience":217712,"relics_obtained":[],"event_choices":[{"damage_healed":0,"gold_gain":0,"player_choice":"Success","damage_taken":12,"relics_obtained":["Ancient Tea Set"],"max_hp_gain":0,"max_hp_loss":0,"event_name":"Scrap Ooze","floor":3,"gold_loss":0},{"cards_removed":["Strike_G"],"damage_healed":0,"gold_gain":0,"player_choice":"Card Removal","damage_taken":0,"max_hp_gain":0,"max_hp_loss":0,"event_name":"The Cleric","floor":7,"gold_loss":50}],"is_beta":false,"boss_relics":[],"items_purged_floors":[],"is_endless":false,"potions_floor_spawned":[1],"killed_by":"3 Sentries","ascension_level":6}}