{"host":"FirstDane","time":1612578797,"event":{"mods":["BaseMod","Bestiary","Highlight Path","Minty Spire (QoL Compilation)","Relic Stats","Slay the Relics Exporter","StSLib"],"gold_per_floor":[113,128,143,162,87,87,121,46,71,103,103,51,62,89,89,89,89],"floor_reached":16,"language":"ENG","playtime":1332,"items_purged":["Strike_G"],"score":240,"play_id":"e8af7e56-4115-4dc9-a24a-6edf64eda0f1","local_time":"20210205203317","is_ascension_mode":true,"campfire_choices":[{"data":"Phantasmal Killer","floor":6,"key":"SMITH"},{"data":"Blade Dance","floor":11,"key":"SMITH"},{"data":"Dash","floor":15,"key":"SMITH"}],"circlet_count":0,"master_deck":["AscendersBane","Strike_G","Strike_G","Strike_G","Defend_G","Defend_G","Defend_G","Defend_G","Defend_G","Survivor","Neutralize","Poisoned Stab","Sucker Punch","Bane","Phantasmal Killer+1","Blade Dance+1","Die Die Die","Backflip","Dash+1"],"relics":["Black Star","MealTicket","PreservedInsect","Happy Flower","Dream Catcher","Oddly Smooth Stone","Singing Bowl","Blue Candle"],"acts_visited":["Exordium"],"potions_floor_usage":[7,10,16],"damage_taken":[{"damage":2,"enemies":"Jaw Worm","floor":1,"turns":5},{"damage":1,"enemies":"Cultist","floor":2,"turns":4},{"damage":1,"enemies":"Small Slimes","floor":3,"turns":3},{"damage":3,"enemies":"Exordium Wildlife","floor":4,"turns":5},{"damage":27,"enemies":"3 Sentries","floor":7,"turns":11},{"damage":12,"enemies":"Lagavulin","floor":10,"turns":7},{"damage":0,"enemies":"Looter","floor":13,"turns":3},{"damage":4,"enemies":"3 Sentries","floor":14,"turns":5},{"damage":45,"enemies":"Hexaghost","floor":16,"turns":11}],"seed_played":"2379735350942804486","potions_obtained":[{"floor":2,"key":"Swift Potion"},{"floor":4,"key":"Poison Potion"},{"floor":7,"key":"SkillPotion"}],"is_trial":false,"path_per_floor":["M","M","M","M","?","R","E","$","T","E","R","$","M","E","R","B"],"character_chosen":"THE_SILENT","items_purchased":["Backflip"],"campfire_rested":0,"item_purchase_floors":[12],"current_hp_per_floor":[57,56,55,52,52,52,25,40,40,28,28,43,43,39,39,0,0],"gold":89,"neow_bonus":"BOSS_RELIC","is_daily":false,"chose_seed":false,"campfire_upgraded":3,"win_rate":0.0,"timestamp":1612578797,"path_taken":["M","M","M","M","?","R","E","$","T","E","R","$","M","E","R","BOSS"],"items_purchased_type":["Card"],"build_version":"2020-12-18","purchased_purges":1,"victory":false,"max_hp_per_floor":[66,66,66,66,66,66,66,66,66,66,66,66,66,66,66,66,66],"relic_stats":{"Dream Catcher":0,"Happy Flower":[8],"Singing Bowl":0,"counters":[9,54],"Blue Candle":[0],"MealTicket":30,"PreservedInsect":70,"Black Star":3,"obtain_stats":[{"Dream Catcher":10,"Happy Flower":9,"Singing Bowl":14,"Blue Candle":14,"Oddly Smooth Stone":10,"MealTicket":7,"PreservedInsect":7,"Black Star":0,"Ring of the Snake":0},{"Dream Catcher":6,"Happy Flower":5,"Singing Bowl":8,"Blue Candle":8,"Oddly Smooth Stone":6,"MealTicket":5,"PreservedInsect":5,"Black Star":0,"Ring of the Snake":0},{"Dream Catcher":35,"Happy Flower":28,"Singing Bowl":43,"Blue Candle":43,"Oddly Smooth Stone":35,"MealTicket":28,"PreservedInsect":28,"Black Star":0,"Ring of the Snake":0}]},"card_choices":[{"not_picked":["Endless Agony","Acrobatics"],"picked":"Poisoned Stab","floor":1},{"not_picked":["Backflip","Backstab"],"picked":"Sucker Punch","floor":2},{"not_picked":["PiercingWail","Distraction"],"picked":"Bane","floor":3},{"not_picked":["Dodge and Roll","Prepared"],"picked":"Phantasmal Killer","floor":4},{"not_picked":["Crippling Poison","Concentrate"],"picked":"Blade Dance","floor":7},{"not_picked":["Crippling Poison","Underhanded Strike"],"picked":"Die Die Die","floor":10},{"not_picked":["Riddle With Holes","Skewer","Sucker Punch"],"picked":"SKIP","floor":13},{"not_picked":["Finisher","Sucker Punch"],"picked":"Dash","floor":14}],"player_experience":4039987,"relics_obtained":[{"floor":7,"key":"MealTicket"},{"floor":7,"key":"PreservedInsect"},{"floor":9,"key":"Happy Flower"},{"floor":10,"key":"Dream Catcher"},{"floor":10,"key":"Oddly Smooth Stone"},{"floor":14,"key":"Singing Bowl"},{"floor":14,"key":"Blue Candle"}],"event_choices":[{"cards_removed":["Strike_G"],"damage_healed":0,"gold_gain":0,"player_choice":"Card Removal","damage_taken":0,"max_hp_gain":0,"max_hp_loss":0,"event_name":"The Cleric","floor":5,"gold_loss":75}],"is_beta":true,"boss_relics":[],"items_purged_floors":[8],"is_endless":false,"potions_floor_spawned":[2,4,7],"killed_by":"Hexaghost","ascension_level":20}}