{"host":"5fpb1gzflhq9886n","time":1612596317,"event":{"mods":["AchievementEnabler","BaseMod","Colored Map","Colored Powertips","Minty Spire (QoL Compilation)","Permanent Neow"],"gold_per_floor":[109,127,127,79,91,91,120,120,169,179,129,149,175,193,193,296,296,311,336,336,355,355,389,389,421,490,490,521,339,168,179,179,283,283,302,352,403,418,468,468,396,421,446,462,462,422,435,453,453,453,453],"floor_reached":50,"language":"ENG","playtime":3038,"items_purged":["Defend_R"],"score":704,"play_id":"d9fc9cb6-754a-4b87-8335-b677702745cd","local_time":"20210206022517","is_ascension_mode":true,"campfire_choices":[{"data":"Bash","floor":6.0,"key":"SMITH"},{"data":"Perfected Strike","floor":8.0,"key":"SMITH"},{"data":"Flex","floor":15.0,"key":"SMITH"},{"floor":24.0,"key":"REST"},{"floor":27.0,"key":"RECALL"},{"data":"Apotheosis","floor":32.0,"key":"SMITH"},{"floor":40,"key":"REST"},{"floor":45,"key":"REST"},{"data":"Bludgeon","floor":49,"key":"SMITH"}],"circlet_count":0,"master_deck":["Strike_R","Strike_R","Strike_R","Strike_R","Defend_R","Defend_R","Defend_R","Bash+1","Evolve","Twin Strike","Flex+1","Perfected Strike+1","Ghostly Armor","Bludgeon+1","Wild Strike+1","Ghostly Armor","Perfected Strike","Juggernaut","Metallicize+1","Cleave","Pommel Strike","Armaments","Thunderclap","Exhume","Apotheosis+1","Warcry+1","Demon Form+1","Body Slam","Pommel Strike+1","Immolate","Flex+1","Battle Trance+1","Carnage+1","Pommel Strike+1"],"relics":["Burning Blood","Tiny Chest","Akabeko","Snecko Eye","Red Mask","StrikeDummy","Du-Vu Doll","Dream Catcher","WingedGreaves","Self Forming Clay","Lizard Tail","Membership Card","Toolbox","Busted Crown","FossilizedHelix","Red Skull","Ginger","Pen Nib","Shuriken","Lantern"],"acts_visited":["Exordium","TheCity","TheBeyond"],"potions_floor_usage":[33,36,48],"damage_taken":[{"damage":6.0,"enemies":"Cultist","floor":1.0,"turns":4.0},{"damage":9.0,"enemies":"Small Slimes","floor":2.0,"turns":4.0},{"damage":9.0,"enemies":"Jaw Worm","floor":5.0,"turns":3.0},{"damage":10.0,"enemies":"Gremlin Nob","floor":7.0,"turns":3.0},{"damage":8.0,"enemies":"Blue Slaver","floor":10.0,"turns":2.0},{"damage":10.0,"enemies":"2 Fungi Beasts","floor":12.0,"turns":3.0},{"damage":25.0,"enemies":"3 Sentries","floor":13.0,"turns":5.0},{"damage":0.0,"enemies":"Exordium Thugs","floor":14.0,"turns":4.0},{"damage":8.0,"enemies":"Slime Boss","floor":16.0,"turns":5.0},{"damage":11.0,"enemies":"2 Thieves","floor":18.0,"turns":3.0},{"damage":22.0,"enemies":"Masked Bandits","floor":19.0,"turns":5.0},{"damage":7.0,"enemies":"3 Byrds","floor":21.0,"turns":4.0},{"damage":6.0,"enemies":"Gremlin Leader","floor":23.0,"turns":2.0},{"damage":24.0,"enemies":"Book of Stabbing","floor":25.0,"turns":3.0},{"damage":0.0,"enemies":"Slavers","floor":28.0,"turns":3.0},{"damage":10.0,"enemies":"Centurion and Healer","floor":31.0,"turns":3.0},{"damage":99,"enemies":"Automaton","floor":33,"turns":9},{"damage":19,"enemies":"Orb Walker","floor":35,"turns":3},{"damage":8,"enemies":"2 Orb Walkers","floor":36,"turns":3},{"damage":9,"enemies":"3 Shapes","floor":38,"turns":3},{"damage":15,"enemies":"Mind Bloom Boss Battle","floor":39,"turns":5},{"damage":46,"enemies":"Reptomancer","floor":42,"turns":5},{"damage":0,"enemies":"Spire Growth","floor":44,"turns":3},{"damage":0,"enemies":"Writhing Mass","floor":47,"turns":2},{"damage":0,"enemies":"Maw","floor":48,"turns":4},{"damage":82,"enemies":"Awakened One","floor":50,"turns":5}],"seed_played":"-7301571921592385260","potions_obtained":[{"floor":0.0,"key":"GamblersBrew"},{"floor":0.0,"key":"Regen Potion"},{"floor":0.0,"key":"DuplicationPotion"},{"floor":3.0,"key":"Fruit Juice"},{"floor":3.0,"key":"SneckoOil"},{"floor":12.0,"key":"Energy Potion"},{"floor":18.0,"key":"Strength Potion"},{"floor":19.0,"key":"Fire Potion"},{"floor":28.0,"key":"LiquidBronze"},{"floor":33,"key":"Strength Potion"},{"floor":36,"key":"SmokeBomb"},{"floor":39,"key":"ElixirPotion"},{"floor":42,"key":"Swift Potion"}],"is_trial":false,"path_per_floor":["M","M","?","$","M","R","E","R","T","M","?","M","E","M","R","B",null,"M","?","T","M","T","E","R","E","T","R","E","$","$","M","R","B",null,"M","?","T","M","?","R","$","E","T","M","R","?","M","M","R","B"],"character_chosen":"IRONCLAD","items_purchased":["Flex","Membership Card","Apotheosis","Toolbox","Pen Nib"],"campfire_rested":3,"item_purchase_floors":[4,29,30,30,41],"current_hp_per_floor":[80,77,82,82,79,79,75,75,75,73,73,69,50,56,56,68,81,76,60,60,59,59,59,84,66,66,66,72,72,72,68,68,37,73,60,58,58,55,46,71,71,31,31,37,62,62,68,74,74,0,0],"gold":453,"neow_bonus":"THREE_SMALL_POTIONS","is_daily":false,"chose_seed":false,"campfire_upgraded":5,"win_rate":0.0,"timestamp":1612596317,"path_taken":["M","M","?","?","M","R","E","R","T","M","?","M","E","?","R","BOSS","M","?","?","M","?","E","R","E","T","R","E","$","$","?","R","BOSS","M","?","?","M","?","R","$","E","T","M","R","?","?","M","R","BOSS"],"items_purchased_type":["Card","Relic","Card","Relic","Relic"],"build_version":"2020-12-22","purchased_purges":1,"victory":false,"max_hp_per_floor":[80,80,85,85,85,85,85,85,85,85,85,85,85,85,85,85,85,85,85,85,85,85,85,85,85,85,85,85,85,85,85,85,85,85,85,85,85,85,85,85,85,85,85,85,85,85,85,85,85,85,85],"card_choices":[{"not_picked":["True Grit","Warcry"],"picked":"Evolve","floor":1.0},{"not_picked":["Rage","Disarm"],"picked":"Twin Strike","floor":2.0},{"not_picked":["Bloodletting","Havoc"],"picked":"Perfected Strike","floor":5.0},{"not_picked":["Anger","Hemokinesis"],"picked":"Ghostly Armor","floor":7.0},{"not_picked":["Clash","Pommel Strike"],"picked":"Bludgeon","floor":10.0},{"not_picked":["Warcry","Heavy Blade"],"picked":"Wild Strike","floor":12.0},{"not_picked":["Sentinel","Searing Blow"],"picked":"Ghostly Armor","floor":13.0},{"not_picked":["Body Slam","Clash"],"picked":"Perfected Strike","floor":14.0},{"not_picked":["Reaper","Corruption"],"picked":"Juggernaut","floor":16.0},{"not_picked":["Sever Soul","Bloodletting"],"picked":"Metallicize+1","floor":18.0},{"not_picked":["Second Wind","Heavy Blade"],"picked":"Cleave","floor":19.0},{"not_picked":["Iron Wave","Sword Boomerang"],"picked":"Pommel Strike","floor":21.0},{"not_picked":["Anger","Body Slam"],"picked":"Armaments","floor":23.0},{"not_picked":["Sever Soul","Anger"],"picked":"Thunderclap","floor":25.0},{"not_picked":["Anger","Dropkick"],"picked":"Exhume","floor":28.0},{"not_picked":["Pummel","Anger"],"picked":"Warcry+1","floor":31.0},{"not_picked":["Exhume","Offering"],"picked":"Demon Form","floor":33},{"not_picked":["Body Slam"],"picked":"SKIP","floor":35},{"not_picked":[],"picked":"Body Slam","floor":36},{"not_picked":[],"picked":"Pommel Strike+1","floor":38},{"not_picked":[],"picked":"Immolate","floor":42},{"not_picked":[],"picked":"Flex+1","floor":44},{"not_picked":[],"picked":"Battle Trance+1","floor":45},{"not_picked":[],"picked":"Carnage+1","floor":47},{"not_picked":[],"picked":"Pommel Strike+1","floor":48}],"player_experience":803405,"relics_obtained":[{"floor":7.0,"key":"Tiny Chest"},{"floor":13.0,"key":"Akabeko"},{"floor":19.0,"key":"Red Mask"},{"floor":20.0,"key":"StrikeDummy"},{"floor":22.0,"key":"Du-Vu Doll"},{"floor":23.0,"key":"Dream Catcher"},{"floor":25.0,"key":"WingedGreaves"},{"floor":26.0,"key":"Self Forming Clay"},{"floor":28.0,"key":"Lizard Tail"},{"floor":36,"key":"FossilizedHelix"},{"floor":37,"key":"Red Skull"},{"floor":39,"key":"Ginger"},{"floor":42,"key":"Shuriken"},{"floor":43,"key":"Lantern"}],"event_choices":[{"damage_healed":0.0,"max_hp_gain":0.0,"max_hp_loss":0.0,"gold_gain":0.0,"event_name":"Lab","player_choice":"Got Potions","floor":3.0,"gold_loss":0.0,"damage_taken":0.0},{"cards_removed":["Strike_R"],"damage_healed":0.0,"max_hp_gain":0.0,"max_hp_loss":0.0,"gold_gain":0.0,"event_name":"The Cleric","player_choice":"Card Removal","floor":11.0,"gold_loss":50.0,"damage_taken":0.0},{"damage_healed":0.0,"max_hp_gain":0.0,"max_hp_loss":0.0,"gold_gain":0.0,"event_name":"Masked Bandits","player_choice":"Fought Bandits","floor":19.0,"gold_loss":0.0,"damage_taken":0.0},{"damage_healed":0,"gold_gain":0,"player_choice":"Fight","damage_taken":0,"max_hp_gain":0,"max_hp_loss":0,"event_name":"Mysterious Sphere","floor":36,"gold_loss":0},{"damage_healed":0,"gold_gain":0,"player_choice":"Fight","damage_taken":0,"max_hp_gain":0,"max_hp_loss":0,"event_name":"MindBloom","floor":39,"gold_loss":0},{"damage_healed":0,"gold_gain":0,"player_choice":"Upgraded Two","damage_taken":0,"max_hp_gain":0,"max_hp_loss":0,"event_name":"Designer","floor":46,"gold_loss":40,"cards_upgraded":["Demon Form","Wild Strike"]}],"is_beta":false,"boss_relics":[{"not_picked":["SacredBark","Runic Pyramid"],"picked":"Snecko Eye"},{"not_picked":["Pandora\u0027s Box","Runic Cube"],"picked":"Busted Crown"}],"items_purged_floors":[29],"is_endless":false,"potions_floor_spawned":[5,12,13,14,18,19,28,33,36,39,42],"killed_by":"Awakened One","ascension_level":5}}