{"host":"hf83sijwe64ts2lm","time":1612632860,"event":{"mods":["2.2 Compatiblity","BaseMod","Better Altar","Better Match","Better Note","Better Sensory Stone","Better Skull","Better Third Choice","Colored Map","Colored Powertips","Highlight Path","Hubris","Infinite Spire","Minty Spire (QoL Compilation)","Quick Restart","Rare Cards Sparkle","Relic Stats","Reliquary","Replay The Spire","Shop Mod","Spicy Shops","Spire Arcade","StSLib","Thieving Mod"],"gold_per_floor":[117,42,57,57,57,57,57],"floor_reached":6,"language":"ENG","playtime":132,"items_purged":[],"score":39,"play_id":"537d8d82-6bcc-400f-9489-4c0d43caafb9","local_time":"20210206123420","is_ascension_mode":true,"campfire_choices":[],"circlet_count":0,"master_deck":["Strike_G","Strike_G","Strike_G","Strike_G","Strike_G","Defend_G","Defend_G","Defend_G","Defend_G","Defend_G","Survivor","Neutralize","Grand Finale","Distraction","Grand Finale","ReplayTheSpireMod:Exploit Weakness","Deadly Poison","Looming Evil"],"relics":["Ring of the Snake","Ring of Peace","ReplayTheSpireMod:Ring of Exchange"],"acts_visited":["Exordium"],"potions_floor_usage":[],"damage_taken":[{"damage":8,"enemies":"2 Louse","floor":1,"turns":4},{"damage":1,"enemies":"Cultist","floor":3,"turns":4},{"damage":7,"enemies":"3 Sentries","floor":6,"turns":3}],"seed_played":"7655646644372592892","potions_obtained":[],"is_trial":false,"path_per_floor":["M","?","M","?","?","E"],"character_chosen":"THE_SILENT","items_purchased":[],"campfire_rested":0,"item_purchase_floors":[],"current_hp_per_floor":[62,62,61,61,65,58,58],"gold":57,"neow_bonus":"ONE_RANDOM_RARE_CARD","is_daily":false,"chose_seed":false,"campfire_upgraded":0,"win_rate":0.0,"timestamp":1612632860,"path_taken":["M","?","?","?","?","E"],"items_purchased_type":[],"build_version":"2020-12-22","purchased_purges":0,"victory":false,"max_hp_per_floor":[70,70,70,70,70,70,70],"relic_stats":{"counters":[3,11],"obtain_stats":[{"ReplayTheSpireMod:Ring of Exchange":4,"Ring of Peace":4,"Ring of the Snake":0},{"ReplayTheSpireMod:Ring of Exchange":2,"Ring of Peace":2,"Ring of the Snake":0},{"ReplayTheSpireMod:Ring of Exchange":8,"Ring of Peace":8,"Ring of the Snake":0}],"Ring of the Snake":[6]},"card_choices":[{"not_picked":["hubris:Counter","hubris:Sniper"],"picked":"Distraction","floor":1},{"not_picked":["Tools of the Trade","Doppelganger"],"picked":"Grand Finale","floor":2},{"not_picked":["Sneak Up","Well Laid Plans"],"picked":"ReplayTheSpireMod:Exploit Weakness","floor":2},{"not_picked":["Calculated Gamble","hubris:SlightOfHand"],"picked":"Deadly Poison","floor":3}],"player_experience":143228,"relics_obtained":[{"floor":4,"key":"Ring of Peace"},{"floor":4,"key":"ReplayTheSpireMod:Ring of Exchange"}],"event_choices":[{"damage_healed":0,"gold_gain":0,"player_choice":"1","damage_taken":0,"max_hp_gain":0,"max_hp_loss":0,"event_name":"betterMatch:BetterMatch","floor":2,"gold_loss":0,"cards_obtained":["betterMatch:RareCard","betterMatch:UncommonCard"]},{"damage_healed":4,"gold_gain":0,"player_choice":"LEAVE ","damage_taken":0,"relics_obtained":[],"max_hp_gain":0,"max_hp_loss":0,"event_name":"betterSkull:BetterSkull","floor":5,"gold_loss":0,"cards_upgraded":[]}],"is_beta":false,"boss_relics":[],"items_purged_floors":[],"is_endless":false,"potions_floor_spawned":[],"killed_by":"3 Sentries","ascension_level":3}}