{"host":"hk6dyp3pgs92n0l4","time":1612607028,"event":{"mods":["AchievementEnabler","BaseMod","Colored Powertips","GifTheSpireLib","Minty Spire (QoL Compilation)","Replay The Spire","StSLib","The Hierophant"],"gold_per_floor":[112,123,142,153,166,166,229,248,272,292,292,305,316,328,328,430,530,513,528,539,539,558,558,588,588,613,623,511,511,511],"floor_reached":29,"language":"ENG","playtime":1736,"items_purged":["Strike_B"],"score":245,"play_id":"227fcf91-241c-4d17-b5a6-ceffa49fae2f","local_time":"20210206022348","is_ascension_mode":false,"campfire_choices":[{"data":"BasicCrystalCard","floor":6.0,"key":"SMITH"},{"data":"BasicCrystalCard","floor":11.0,"key":"SMITH"},{"floor":15.0,"key":"REST"},{"data":"Chill","floor":23,"key":"SMITH"},{"floor":25,"key":"REST"}],"circlet_count":0,"master_deck":["Strike_B","Strike_B","Strike_B","Defend_B","Defend_B","Defend_B","Defend_B","Zap","Dualcast","Glacier","BasicCrystalCard+1","BasicCrystalCard+1","Fusion","Coolheaded","Pot Of Greed","Pot Of Greed","Cold Snap","Chill+1","Electrodynamics","White Noise+1","Crystallizer+1","Coolheaded","Defragment","Loop"],"relics":["Cracked Core","Replay:Antivirus Software","Grinning Jar","Replay:Wanted Poster","Art of War","Lantern"],"acts_visited":["Exordium","TheCity"],"potions_floor_usage":[24,24],"damage_taken":[{"damage":1.0,"enemies":"Jaw Worm","floor":1.0,"turns":3.0},{"damage":0.0,"enemies":"Small Slimes","floor":2.0,"turns":3.0},{"damage":1.0,"enemies":"Cultist","floor":3.0,"turns":3.0},{"damage":19.0,"enemies":"Gremlin Gang","floor":4.0,"turns":7.0},{"damage":3.0,"enemies":"Blue Slaver","floor":5.0,"turns":5.0},{"damage":10.0,"enemies":"Lagavulin Event","floor":7.0,"turns":8.0},{"damage":16.0,"enemies":"2 Fungi Beasts","floor":8.0,"turns":3.0},{"damage":16.0,"enemies":"Exordium Thugs","floor":10.0,"turns":10.0},{"damage":0.0,"enemies":"Looter","floor":12.0,"turns":4.0},{"damage":2.0,"enemies":"Lots of Slimes","floor":13.0,"turns":5.0},{"damage":0.0,"enemies":"3 Louse","floor":14.0,"turns":6.0},{"damage":19.0,"enemies":"Fading Forest","floor":16.0,"turns":11.0},{"damage":24,"enemies":"2 Thieves","floor":18,"turns":4},{"damage":0,"enemies":"3 Byrds","floor":19,"turns":2},{"damage":25,"enemies":"Snake Plant","floor":20,"turns":8},{"damage":4,"enemies":"Snecko","floor":22,"turns":6},{"damage":18,"enemies":"Replay:Snechameleon","floor":24,"turns":10},{"damage":22,"enemies":"Shelled Parasite and Fungi","floor":27,"turns":7},{"damage":16,"enemies":"Snake Plant","floor":29,"turns":2}],"seed_played":"4621091939622912591","potions_obtained":[{"floor":3.0,"key":"SkillPotion"},{"floor":4.0,"key":"BlessingOfTheForge"},{"floor":7.0,"key":"PowerPotion"},{"floor":10.0,"key":"DistilledChaos"},{"floor":14.0,"key":"LifebloodPotion"},{"floor":16.0,"key":"Cursed Concoction"},{"floor":18,"key":"LifebloodPotion"},{"floor":20,"key":"SpeedPotion"}],"is_trial":false,"path_per_floor":["M","M","M","M","M","R","?","M","T","M","R","M","M","M","R","B",null,"M","M","M","?","M","R","E","R","T","M","$","M"],"character_chosen":"DEFECT","items_purchased":["Loop"],"campfire_rested":2,"item_purchase_floors":[28],"current_hp_per_floor":[81,81,80,61,58,58,48,32,32,16,16,16,14,14,38,19,82,58,58,33,33,29,29,11,35,35,13,13,0,0],"gold":511,"neow_bonus":"TEN_PERCENT_HP_BONUS","is_daily":false,"chose_seed":false,"campfire_upgraded":3,"win_rate":0.0,"timestamp":1612607028,"path_taken":["M","M","M","M","M","R","?","M","T","M","R","M","M","M","R","BOSS","M","M","M","?","M","R","E","R","T","M","$","M"],"items_purchased_type":["Card"],"build_version":"2020-12-22","purchased_purges":1,"victory":false,"max_hp_per_floor":[82,82,82,82,82,82,82,82,82,82,82,82,82,82,82,82,82,82,82,82,82,82,82,82,82,82,82,82,82,82],"card_choices":[{"not_picked":["Turbo","Ball Lightning"],"picked":"Glacier","floor":1.0},{"not_picked":["Panic Button","Rip and Tear"],"picked":"BasicCrystalCard","floor":2.0},{"not_picked":["Steam Power","Leap"],"picked":"BasicCrystalCard","floor":3.0},{"not_picked":["Leap","ReplayTheSpireMod:Reroute Power","FTL"],"picked":"SKIP","floor":4.0},{"not_picked":["Reboot","Beam Cell"],"picked":"Fusion","floor":5.0},{"not_picked":["Gash","Stack"],"picked":"Coolheaded","floor":8.0},{"not_picked":["BasicCrystalCard","Turbo","Conserve Battery"],"picked":"SKIP","floor":10.0},{"not_picked":["Redo","Barrage"],"picked":"Cold Snap","floor":12.0},{"not_picked":["Barrage","FTL"],"picked":"Chill","floor":13.0},{"not_picked":["Redo","ReplaySolidLightProjector","Sweeping Beam"],"picked":"SKIP","floor":14.0},{"not_picked":["ReplayTheSpireMod:Omega Cannon","Fission"],"picked":"Electrodynamics","floor":16.0},{"not_picked":["Steam Power+1","Auto Shields","Leap+1"],"picked":"SKIP","floor":18},{"not_picked":["Reinforced Body","Reprogram"],"picked":"White Noise+1","floor":19},{"not_picked":["Gash","Beam Cell","White Noise"],"picked":"SKIP","floor":20},{"not_picked":["Doom and Gloom","Auto Shields+1"],"picked":"Crystallizer+1","floor":22},{"not_picked":["Panic Button+1","Heatsinks"],"picked":"Coolheaded","floor":24},{"not_picked":["Compile Driver","Hologram"],"picked":"Defragment","floor":27}],"player_experience":109044,"relics_obtained":[{"floor":7.0,"key":"Replay:Antivirus Software"},{"floor":9.0,"key":"Grinning Jar"},{"floor":24,"key":"Art of War"},{"floor":26,"key":"Lantern"}],"event_choices":[{"damage_healed":0.0,"max_hp_gain":0.0,"max_hp_loss":0.0,"gold_gain":30.0,"event_name":"Dead Adventurer","player_choice":"Searched \u00273\u0027 times","floor":7.0,"gold_loss":0.0,"damage_taken":0.0},{"damage_healed":0,"gold_gain":0,"player_choice":"Ignored","damage_taken":0,"max_hp_gain":0,"max_hp_loss":0,"event_name":"N\u0027loth","floor":21,"gold_loss":0}],"is_beta":false,"boss_relics":[{"not_picked":["ReplayTheSpireMod:DimensionalGlitch","Fusion Hammer"],"picked":"Replay:Wanted Poster"}],"items_purged_floors":[28],"is_endless":false,"potions_floor_spawned":[3,4,7,10,14,16,18,20,22],"killed_by":"Snake Plant","ascension_level":0}}