{"host":"1ooxfz79hmpvpehx","time":1612622923,"event":{"mods":["BaseMod","Minty Spire (QoL Compilation)","Quick Restart","Replay The Spire","StSLib","SuperFastMode"],"gold_per_floor":[119,119,44,44,59,59,84,64,64,100,112,159,196,249,261,397,409,446,482,494,251,201,201,215,215,215,236,236,236,236],"floor_reached":29,"language":"ENG","playtime":851,"items_purged":["Strike_B","ReplaySolidLightProjector+1"],"score":258,"play_id":"5b7092a7-9aa6-4f3d-b755-475c4cf0001f","local_time":"20210206114843","is_ascension_mode":false,"campfire_choices":[{"floor":6,"key":"REST"},{"floor":11,"key":"REST"},{"floor":15,"key":"REST"},{"floor":23,"key":"REST"},{"floor":25,"key":"REST"},{"floor":28,"key":"REST"}],"circlet_count":0,"master_deck":["Strike_B+1","Defend_B+1","Defend_B+1","Zap","Dualcast","Glacier+1","Chaos+1","Gash+1","Ghostly","Ghostly+1","Ghostly+1","Ghostly","Ghostly+1"],"relics":["Cracked Core","Golden Idol","Gremlin Food","MawBank","Replay:Baseball","Chameleon Ring","Astrolabe","Omamori","Cables"],"acts_visited":["Exordium","TheCity"],"potions_floor_usage":[12,12,14,16,27,29,29],"damage_taken":[{"damage":11,"enemies":"Jaw Worm","floor":1,"turns":3},{"damage":10,"enemies":"Small Slimes","floor":5,"turns":2},{"damage":1,"enemies":"Cultist","floor":7,"turns":3},{"damage":0,"enemies":"2 Fungi Beasts","floor":10,"turns":2},{"damage":6,"enemies":"Gremlin Nob","floor":12,"turns":3},{"damage":13,"enemies":"Red Slaver","floor":13,"turns":3},{"damage":38,"enemies":"3 Sentries","floor":14,"turns":9},{"damage":27,"enemies":"The Guardian","floor":16,"turns":12},{"damage":4,"enemies":"Shell Parasite","floor":18,"turns":9},{"damage":0,"enemies":"Chosen","floor":19,"turns":5},{"damage":8,"enemies":"Centurion and Healer","floor":24,"turns":10},{"damage":17,"enemies":"Chosen and Byrds","floor":27,"turns":7},{"damage":0,"enemies":"Colosseum Slavers","floor":29,"turns":6},{"damage":29,"enemies":"Colosseum Nobs","floor":29,"turns":6}],"seed_played":"8601948499678447456","potions_obtained":[{"floor":5,"key":"Block Potion"},{"floor":8,"key":"EssenceOfDarkness"},{"floor":13,"key":"Energy Potion"},{"floor":14,"key":"Weak Potion"},{"floor":16,"key":"Explosive Potion"},{"floor":18,"key":"Dexterity Potion"},{"floor":27,"key":"Strength Potion"}],"is_trial":false,"path_per_floor":["M","?","$","?","M","R","M","?","T","M","R","E","M","E","R","B",null,"M","M","?","$","?","R","M","R","T","M","R","?"],"character_chosen":"DEFECT","items_purchased":["Omamori"],"campfire_rested":6,"item_purchase_floors":[21],"current_hp_per_floor":[57,40,40,40,30,50,49,49,49,49,68,62,49,11,31,4,68,64,64,34,34,34,34,26,34,34,17,27,0,0],"gold":236,"neow_bonus":"TRANSFORM_TWO_CARDS","is_daily":false,"chose_seed":false,"campfire_upgraded":0,"win_rate":0.0,"timestamp":1612622923,"path_taken":["M","?","$","?","?","R","M","?","T","?","R","E","M","E","R","BOSS","M","M","?","$","?","R","?","R","T","M","R","?"],"items_purchased_type":["Relic"],"build_version":"2020-12-22","purchased_purges":2,"victory":false,"max_hp_per_floor":[68,68,68,68,68,68,68,68,68,68,68,68,68,68,68,68,68,68,68,34,34,34,34,34,34,34,34,34,34,34],"card_choices":[{"not_picked":["Streamline","Panic Button","Leap"],"picked":"SKIP","floor":1},{"not_picked":["Compile Driver","ReplaySort","Redo"],"picked":"SKIP","floor":5},{"not_picked":["Cold Snap","Compile Driver","Coolheaded"],"picked":"SKIP","floor":7},{"not_picked":["Recycle","Hologram","Force Field"],"picked":"SKIP","floor":10},{"not_picked":["BasicCrystalCard","Genetic Algorithm","Mirror Shield"],"picked":"SKIP","floor":12},{"not_picked":["ReplayTheSpireMod:Calculation Training","Defragment","Genetic Algorithm"],"picked":"SKIP","floor":13},{"not_picked":["FIFO Queue","Glacier","Chaos"],"picked":"SKIP","floor":14},{"not_picked":["Panic Button","Stack+1","Auto Shields"],"picked":"SKIP","floor":18},{"not_picked":["Compile Driver","Streamline"],"picked":"Gash+1","floor":19},{"not_picked":["Chill","Skim+1","Ball Lightning"],"picked":"SKIP","floor":24},{"not_picked":["BasicCrystalCard","Barrage","Steam"],"picked":"SKIP","floor":27}],"player_experience":19648,"relics_obtained":[{"floor":9,"key":"MawBank"},{"floor":12,"key":"Replay:Baseball"},{"floor":14,"key":"Chameleon Ring"},{"floor":26,"key":"Cables"}],"event_choices":[{"damage_healed":0,"gold_gain":0,"player_choice":"Take Damage","damage_taken":17,"relics_obtained":["Golden Idol"],"max_hp_gain":0,"max_hp_loss":0,"event_name":"Golden Idol","floor":2,"gold_loss":0},{"cards_removed":["White Noise"],"damage_healed":0,"gold_gain":0,"player_choice":"Gave Card","damage_taken":0,"relics_obtained":["Gremlin Food"],"max_hp_gain":0,"max_hp_loss":0,"event_name":"WeMeetAgain","floor":4,"gold_loss":0},{"damage_healed":0,"gold_gain":0,"player_choice":"Bought 1 Potion","damage_taken":0,"max_hp_gain":0,"max_hp_loss":0,"event_name":"The Woman in Blue","floor":8,"gold_loss":0},{"damage_healed":0,"gold_gain":0,"player_choice":"Became a Ghost","damage_taken":0,"max_hp_gain":0,"max_hp_loss":34,"event_name":"Ghosts","floor":20,"gold_loss":0,"cards_obtained":["Ghostly","Ghostly","Ghostly","Ghostly","Ghostly"]},{"damage_healed":0,"gold_gain":0,"player_choice":"Bet on Owner","damage_taken":0,"max_hp_gain":0,"max_hp_loss":0,"event_name":"The Joust","floor":22,"gold_loss":50},{"damage_healed":0,"gold_gain":0,"player_choice":"Fight","damage_taken":0,"max_hp_gain":0,"max_hp_loss":0,"event_name":"Colosseum","floor":29,"gold_loss":0},{"damage_healed":0,"gold_gain":0,"player_choice":"Fought Nobs","damage_taken":0,"max_hp_gain":0,"max_hp_loss":0,"event_name":"Colosseum","floor":29,"gold_loss":0}],"is_beta":false,"boss_relics":[{"not_picked":["Velvet Choker","Tiny House"],"picked":"Astrolabe"}],"items_purged_floors":[3,21],"is_endless":false,"potions_floor_spawned":[5,13,14,16,18,27],"killed_by":"Colosseum Nobs","ascension_level":0}}