{"host":"baymyijz6sxaqj5s","time":1612597036,"event":{"mods":["AchievementEnabler","BaseMod","Colored Map","Colored Powertips","DeckTracker","Highlight Path","KOR Keyword Fix","Keyboard Shortcuts","Minty Spire (QoL Compilation)","StSLib","SuperFastMode","everything is the same but u backflip on backflip"],"gold_per_floor":[112,112,128,142,92,92,106,106,106,118,118,180,180,180,180,180,180],"floor_reached":16,"language":"KOR","playtime":521,"items_purged":[],"score":104,"play_id":"05303410-4e51-4809-97e2-c6eb7227b259","local_time":"20210206163716","is_ascension_mode":true,"campfire_choices":[{"data":"Flame Barrier","floor":6.0,"key":"SMITH"},{"data":"Shrug It Off","floor":8.0,"key":"SMITH"},{"data":"Impervious","floor":11.0,"key":"SMITH"},{"data":"Thunderclap","floor":13.0,"key":"SMITH"},{"data":"Bash","floor":15.0,"key":"SMITH"}],"circlet_count":0,"master_deck":["Strike_R","Strike_R","Strike_R","Strike_R","Defend_R","Defend_R","Defend_R","Defend_R","Bash+1","Shrug It Off+1","Flame Barrier+1","Impervious+1","Shrug It Off+1","Thunderclap+1"],"relics":["Burning Blood","White Beast Statue","Matryoshka"],"acts_visited":["Exordium"],"potions_floor_usage":[],"damage_taken":[{"damage":3.0,"enemies":"2 Louse","floor":1.0,"turns":4.0},{"damage":1.0,"enemies":"Small Slimes","floor":3.0,"turns":4.0},{"damage":11.0,"enemies":"Jaw Worm","floor":4.0,"turns":4.0},{"damage":8.0,"enemies":"Blue Slaver","floor":7.0,"turns":5.0},{"damage":0.0,"enemies":"3 Louse","floor":10.0,"turns":7.0},{"damage":29.0,"enemies":"3 Sentries","floor":12.0,"turns":14.0},{"damage":5,"enemies":"Hexaghost","floor":16,"turns":5}],"seed_played":"-5665952394453587425","potions_obtained":[{"floor":10.0,"key":"DuplicationPotion"},{"floor":12.0,"key":"SpeedPotion"}],"is_trial":false,"path_per_floor":["M","?","M","M","?","R","M","R","T","M","R","?","R","?","R","B"],"character_chosen":"IRONCLAD","items_purchased":[],"campfire_rested":0,"item_purchase_floors":[],"current_hp_per_floor":[88,88,88,83,83,83,81,81,81,87,87,64,64,69,69,64,64],"gold":180,"neow_bonus":"TEN_PERCENT_HP_BONUS","is_daily":false,"chose_seed":false,"campfire_upgraded":5,"win_rate":0.0,"timestamp":1612597036,"path_taken":["M","?","M","M","?","R","M","R","T","?","R","?","R","?","R","BOSS"],"items_purchased_type":[],"build_version":"2020-12-22","purchased_purges":0,"victory":false,"max_hp_per_floor":[88,88,88,88,88,88,88,88,88,88,88,88,88,93,93,93,93],"card_choices":[{"not_picked":["Cleave","Warcry"],"picked":"Shrug It Off","floor":1.0},{"not_picked":["Flex","Evolve"],"picked":"Flame Barrier","floor":3.0},{"not_picked":["True Grit","Dropkick"],"picked":"Impervious","floor":4.0},{"not_picked":["Warcry","Burning Pact"],"picked":"Shrug It Off","floor":7.0},{"not_picked":["Bloodletting","Headbutt","Wild Strike"],"picked":"SKIP","floor":10.0},{"not_picked":["Flame Barrier","Clash"],"picked":"Thunderclap","floor":12.0}],"player_experience":73435,"relics_obtained":[{"floor":9.0,"key":"White Beast Statue"},{"floor":12.0,"key":"Matryoshka"}],"event_choices":[{"damage_healed":0.0,"max_hp_gain":0.0,"max_hp_loss":0.0,"gold_gain":0.0,"event_name":"Living Wall","player_choice":"Grow","floor":2.0,"gold_loss":0.0,"damage_taken":0.0,"cards_upgraded":["Shrug It Off"]},{"cards_removed":["Strike_R"],"damage_healed":0.0,"max_hp_gain":0.0,"max_hp_loss":0.0,"gold_gain":0.0,"event_name":"The Cleric","player_choice":"Card Removal","floor":5.0,"gold_loss":50.0,"damage_taken":0.0},{"damage_healed":0.0,"max_hp_gain":0.0,"max_hp_loss":0.0,"gold_gain":0.0,"event_name":"Dead Adventurer","player_choice":"Searched \u00271\u0027 times","floor":12.0,"gold_loss":0.0,"damage_taken":0.0},{"damage_healed":0.0,"max_hp_gain":5.0,"max_hp_loss":0.0,"gold_gain":0.0,"event_name":"Big Fish","player_choice":"Donut","floor":14.0,"gold_loss":0.0,"damage_taken":0.0}],"is_beta":false,"boss_relics":[],"items_purged_floors":[],"is_endless":false,"potions_floor_spawned":[10,12],"killed_by":"Hexaghost","ascension_level":3}}