{"host":"5gc11emcm5chfr5t","time":1612644216,"event":{"mods":["2.2 Compatiblity","AchievementEnabler","BaseMod","Bestiary","Better Note","Colored Map","Colored Powertips","Downfall","Googly Eyes","Minty Spire (QoL Compilation)","Rare Cards Sparkle","StSLib"],"gold_per_floor":[99,99,162,162,162,62,62,75,60,91,108,108,125,138,151,151,151,151],"floor_reached":16,"language":"ENG","playtime":687,"items_purged":[],"score":200,"play_id":"ae3f85f0-a7a6-4c70-ad5b-75751034d7c7","local_time":"20210206154336","is_ascension_mode":true,"campfire_choices":[{"floor":1,"key":"RECALL"},{"data":"sneckomod:TailWhip","floor":6,"key":"SMITH"}],"circlet_count":0,"master_deck":["AscendersBane","sneckomod:Strike","sneckomod:Strike","sneckomod:Strike","sneckomod:Defend","sneckomod:Defend","sneckomod:Defend","sneckomod:TailWhip+1","sneckomod:SnekBite","sneckomod:Unknown","sneckomod:Unknown","sneckomod:UnknownClassBLUE","sneckomod:QuickMove","sneckomod:UnknownClassGUARDIAN","sneckomod:UnlimitedRolls+1","sneckomod:UnknownDexterity","sneckomod:SlitherStrike","sneckomod:UnknownClassTHE_BRONZE_AUTOMATON","sneckomod:UnknownClassRED","sneckomod:UnknownVulnerable","sneckomod:UnknownColorless"],"relics":["sneckomod:SneckoSoul","downfall:HeartsMalice","hexamod:BolsterEngine","downfall:HeartBlessingRed","Frozen Egg 2","Lantern","downfall:BrokenWingStatue"],"acts_visited":["Exordium"],"potions_floor_usage":[10,10,13,14,16],"damage_taken":[{"damage":0,"enemies":"Jaw Worm","floor":2,"turns":1},{"damage":0,"enemies":"3 Sentries","floor":3,"turns":1},{"damage":0,"enemies":"Cultist","floor":5,"turns":1},{"damage":0,"enemies":"2 Louse","floor":8,"turns":2},{"damage":3,"enemies":"downfall:FleeingMerchant","floor":9,"turns":4},{"damage":8,"enemies":"Gremlin Nob","floor":10,"turns":3},{"damage":0,"enemies":"Exordium Wildlife","floor":11,"turns":2},{"damage":13,"enemies":"Lots of Slimes","floor":13,"turns":5},{"damage":12,"enemies":"Red Slaver","floor":14,"turns":4},{"damage":1,"enemies":"Gremlin Gang","floor":15,"turns":5},{"damage":58,"enemies":"DF_ARCHETYPE_STREAMLINE","floor":16,"turns":5}],"seed_played":"-6780627898287944457","potions_obtained":[{"floor":4,"key":"Energy Potion"},{"floor":4,"key":"Weak Potion"},{"floor":10,"key":"EssenceOfSteel"},{"floor":11,"key":"Weak Potion"},{"floor":15,"key":"bronze:BurnAndBuffPotion"}],"is_trial":false,"path_per_floor":["R","M","?","?","M","R","T","M","$","E","M","?","M","M","M","B"],"character_chosen":"THE_SNECKO","items_purchased":[],"campfire_rested":0,"item_purchase_floors":[],"current_hp_per_floor":[75,75,75,75,75,75,75,75,72,64,64,64,51,46,45,0,0,0],"gold":151,"neow_bonus":"THREE_ENEMY_KILL","is_daily":false,"chose_seed":false,"campfire_upgraded":1,"win_rate":0.0,"timestamp":1612644216,"path_taken":["R","M","?","?","?","R","T","M","?","E","M","?","?","M","M","BOSS"],"items_purchased_type":[],"build_version":"2020-12-22","purchased_purges":0,"victory":false,"max_hp_per_floor":[83,83,83,83,83,83,83,83,83,83,83,83,83,83,83,83,83,83],"card_choices":[{"not_picked":["sneckomod:QuickMove","sneckomod:UnknownClassHEXA_GHOST_PURPLE"],"picked":"sneckomod:UnknownClassBLUE","floor":2},{"not_picked":["sneckomod:Nope","sneckomod:DiceCrush"],"picked":"sneckomod:QuickMove","floor":3},{"not_picked":["sneckomod:PureSnecko","sneckomod:UnknownDraw"],"picked":"sneckomod:UnknownClassGUARDIAN","floor":5},{"not_picked":["sneckomod:UnknownCommonSkill","sneckomod:MixItUp"],"picked":"sneckomod:UnlimitedRolls+1","floor":8},{"not_picked":["sneckomod:DiceBlock","sneckomod:UnknownExhaust"],"picked":"sneckomod:UnknownDexterity","floor":9},{"not_picked":["sneckomod:SnakeSap","sneckomod:Unknown1Cost"],"picked":"sneckomod:SlitherStrike","floor":10},{"not_picked":["sneckomod:DefensiveFlair","sneckomod:SoulDraw"],"picked":"sneckomod:UnknownClassTHE_BRONZE_AUTOMATON","floor":11},{"not_picked":["sneckomod:UnknownClassTHE_CHAMP_GRAY","sneckomod:SoulDraw"],"picked":"sneckomod:UnknownClassRED","floor":13},{"not_picked":["sneckomod:UnknownClassPURPLE","sneckomod:TrashToTreasure"],"picked":"sneckomod:UnknownVulnerable","floor":14},{"not_picked":["sneckomod:WideSting","sneckomod:SlitherStrike"],"picked":"sneckomod:UnknownColorless","floor":15}],"player_experience":598029,"relics_obtained":[{"floor":3,"key":"hexamod:BolsterEngine"},{"floor":7,"key":"Frozen Egg 2"},{"floor":10,"key":"Lantern"}],"event_choices":[{"damage_healed":0,"gold_gain":0,"player_choice":"Got Potions","damage_taken":0,"max_hp_gain":0,"max_hp_loss":0,"event_name":"Lab","floor":4,"gold_loss":0}],"is_beta":false,"boss_relics":[],"items_purged_floors":[],"is_endless":false,"potions_floor_spawned":[8,10,11,15],"killed_by":"DF_ARCHETYPE_STREAMLINE","ascension_level":20}}