{"host":"dcj2yvrgcvh5dl2s","time":1612603465,"event":{"mods":["BaseMod","Bestiary","Better Note","Block Reminder","Colored Powertips","Curses Come First","DeckTracker","Minty Spire (QoL Compilation)","Quick Restart","Rare Cards Sparkle","Relic Stats","StSLib"],"gold_per_floor":[114,26,26,26,26,26,58,58,84,114,131,147,14,14,14,90,90,90,90,90,90],"floor_reached":20,"language":"ENG","playtime":474,"items_purged":[],"score":456,"play_id":"d5acd23c-726c-4da7-9216-86e015a476ff","local_time":"20210206192425","is_ascension_mode":true,"campfire_choices":[{"data":"Bash","floor":6,"key":"SMITH"},{"data":"Fire Breathing","floor":8,"key":"SMITH"},{"data":"Flex","floor":15,"key":"SMITH"}],"circlet_count":0,"master_deck":["AscendersBane","Strike_R+1","Strike_R+1","Strike_R+1","Strike_R+1","Defend_R+1","Defend_R+1","Defend_R+1","Defend_R+1","Bash+1","Shrug It Off","Pummel","Fire Breathing+1","True Grit+1","Flex+1","Inflame","Berserk","Flex"],"relics":["Burning Blood","NeowsBlessing","PreservedInsect","Vajra","Pen Nib","Ectoplasm"],"acts_visited":["Exordium","TheCity"],"potions_floor_usage":[16,16],"damage_taken":[{"damage":0,"enemies":"Small Slimes","floor":1,"turns":1},{"damage":0,"enemies":"Lagavulin","floor":7,"turns":1},{"damage":0,"enemies":"Gremlin Nob","floor":10,"turns":1},{"damage":5,"enemies":"2 Louse","floor":11,"turns":3},{"damage":4,"enemies":"Jaw Worm","floor":12,"turns":3},{"damage":57,"enemies":"The Guardian","floor":16,"turns":7},{"damage":0,"enemies":"Spheric Guardian","floor":18,"turns":1},{"damage":67,"enemies":"Masked Bandits","floor":20,"turns":4}],"seed_played":"-4690138258145300508","potions_obtained":[{"floor":10,"key":"DuplicationPotion"},{"floor":11,"key":"BlessingOfTheForge"}],"is_trial":false,"path_per_floor":["M","$","?","?","$","R","E","R","T","E","M","M","$","?","R","B",null,"M","?","?"],"character_chosen":"IRONCLAD","items_purchased":["Pummel","Flex","Inflame"],"campfire_rested":0,"item_purchase_floors":[2,13,13],"current_hp_per_floor":[74,74,51,44,44,44,50,50,50,56,57,59,59,59,59,8,58,64,64,0,0],"gold":90,"neow_bonus":"THREE_ENEMY_KILL","is_daily":false,"chose_seed":false,"campfire_upgraded":3,"win_rate":0.0,"timestamp":1612603465,"path_taken":["M","$","?","?","$","R","E","R","T","E","M","M","?","?","R","BOSS","M","?","?"],"items_purchased_type":["Card","Card","Card"],"build_version":"2020-12-22","purchased_purges":0,"victory":false,"max_hp_per_floor":[75,75,75,75,75,75,75,75,75,75,75,75,75,75,75,75,75,75,75,75,75],"relic_stats":{"counters":[8,21],"PreservedInsect":0,"Pen Nib":[2],"Ectoplasm":17,"obtain_stats":[{"NeowsBlessing":0,"Vajra":9,"PreservedInsect":7,"Pen Nib":10,"Ectoplasm":17,"Burning Blood":0},{"NeowsBlessing":0,"Vajra":2,"PreservedInsect":2,"Pen Nib":3,"Ectoplasm":6,"Burning Blood":0},{"NeowsBlessing":0,"Vajra":2,"PreservedInsect":2,"Pen Nib":3,"Ectoplasm":16,"Burning Blood":0}],"Burning Blood":42},"card_choices":[{"not_picked":["Iron Wave","Bloodletting"],"picked":"Shrug It Off","floor":1},{"not_picked":["Warcry","Reckless Charge"],"picked":"Fire Breathing","floor":7},{"not_picked":["Dual Wield","True Grit","Perfected Strike"],"picked":"SKIP","floor":10},{"not_picked":["Dual Wield","Perfected Strike"],"picked":"True Grit","floor":10},{"not_picked":["Power Through","Armaments","Wild Strike"],"picked":"SKIP","floor":11},{"not_picked":["Warcry","Searing Blow","Thunderclap"],"picked":"SKIP","floor":12},{"not_picked":["Impervious","Bludgeon"],"picked":"Berserk","floor":16},{"not_picked":["Shrug It Off","Clothesline"],"picked":"Flex","floor":18}],"player_experience":2325568,"relics_obtained":[{"floor":7,"key":"PreservedInsect"},{"floor":9,"key":"Vajra"},{"floor":10,"key":"Pen Nib"}],"event_choices":[{"damage_healed":0,"gold_gain":0,"player_choice":"Entered Light","damage_taken":23,"max_hp_gain":0,"max_hp_loss":0,"event_name":"Shining Light","floor":3,"gold_loss":0,"cards_upgraded":["Strike_R","Strike_R"]},{"cards_removed":["Strike_R"],"damage_healed":0,"gold_gain":0,"player_choice":"Card Removal","damage_taken":7,"max_hp_gain":0,"max_hp_loss":0,"event_name":"Golden Wing","floor":4,"gold_loss":0},{"damage_healed":0,"gold_gain":0,"player_choice":"Grow","damage_taken":0,"max_hp_gain":0,"max_hp_loss":0,"event_name":"Living Wall","floor":14,"gold_loss":0,"cards_upgraded":["True Grit"]},{"damage_healed":0,"gold_gain":0,"player_choice":"Simplicity","damage_taken":0,"max_hp_gain":0,"max_hp_loss":0,"event_name":"Back to Basics","floor":19,"gold_loss":0,"cards_upgraded":["Strike_R","Strike_R","Defend_R","Defend_R","Defend_R","Defend_R"]},{"damage_healed":0,"gold_gain":0,"player_choice":"Fought Bandits","damage_taken":0,"max_hp_gain":0,"max_hp_loss":0,"event_name":"Masked Bandits","floor":20,"gold_loss":0}],"is_beta":false,"boss_relics":[{"not_picked":["Velvet Choker","Runic Pyramid"],"picked":"Ectoplasm"}],"items_purged_floors":[],"is_endless":false,"potions_floor_spawned":[10,11,12],"killed_by":"Masked Bandits","ascension_level":20}}