{"host":"Jinnai","time":1612655364,"event":{"mods":["BaseMod","Bestiary","Block Reminder","Colored Map","Colored Powertips","Curses Come First","Highlight Path","Minty Spire (QoL Compilation)","Potion Indicator Mod","Quick Restart","Relic Stats","StSLib","ojb\u0027s Info Mod"],"gold_per_floor":[110,53,53,64,79,111,111,144,144,144,179,192,217,242,242,242,242],"floor_reached":16,"language":"ENG","playtime":495,"items_purged":[],"score":306,"play_id":"f0a5bd97-6a98-44e3-8489-39ff7f99e842","local_time":"20210206184924","is_ascension_mode":true,"campfire_choices":[{"floor":7,"key":"REST"},{"floor":10,"key":"REST"},{"data":"TalkToTheHand","floor":15,"key":"SMITH"}],"circlet_count":0,"master_deck":["AscendersBane","Strike_P","Strike_P","Strike_P+1","Strike_P","Defend_P","Defend_P","Defend_P","Defend_P","Eruption","Vigilance","FollowUp","SignatureMove+1","BowlingBash","Brilliance","TalkToTheHand+1","ThirdEye","FollowUp","CutThroughFate"],"relics":["VioletLotus","Gremlin Horn","Anchor","Vajra","Whetstone","Boot","Gambling Chip"],"acts_visited":["Exordium"],"potions_floor_usage":[8,16],"damage_taken":[{"damage":7,"enemies":"Jaw Worm","floor":1,"turns":3},{"damage":7,"enemies":"2 Louse","floor":4,"turns":3},{"damage":2,"enemies":"Small Slimes","floor":5,"turns":3},{"damage":24,"enemies":"3 Sentries","floor":6,"turns":7},{"damage":20,"enemies":"Lagavulin","floor":8,"turns":5},{"damage":2,"enemies":"3 Sentries","floor":11,"turns":5},{"damage":0,"enemies":"Blue Slaver","floor":12,"turns":3},{"damage":0,"enemies":"Gremlin Nob","floor":14,"turns":2},{"damage":41,"enemies":"Hexaghost","floor":16,"turns":9}],"seed_played":"-5882762864013989287","potions_obtained":[{"floor":4,"key":"StancePotion"},{"floor":6,"key":"Block Potion"},{"floor":8,"key":"BlessingOfTheForge"}],"is_trial":false,"path_per_floor":["M","?","T","M","M","E","R","E","T","R","E","M","T","E","R","B"],"character_chosen":"WATCHER","items_purchased":[],"campfire_rested":2,"item_purchase_floors":[],"current_hp_per_floor":[54,54,54,47,45,21,41,21,21,41,39,39,39,39,39,0,0],"gold":242,"neow_bonus":"BOSS_RELIC","is_daily":false,"chose_seed":false,"campfire_upgraded":1,"win_rate":0.0,"timestamp":1612655364,"path_taken":["M","?","?","M","M","E","R","E","T","R","E","M","?","E","R","BOSS"],"items_purchased_type":[],"build_version":"2020-12-18","purchased_purges":0,"victory":false,"max_hp_per_floor":[68,68,68,68,68,68,68,68,68,68,68,68,68,68,68,68,68],"relic_stats":{"Gremlin Horn":[6,6],"counters":[9,40],"Gambling Chip":[3],"VioletLotus":[4],"Whetstone":["Strike_P","SignatureMove"],"Boot":[1],"obtain_stats":[{"Anchor":6,"Gremlin Horn":3,"Gambling Chip":14,"Vajra":8,"VioletLotus":0,"Whetstone":11,"PureWater":0,"Boot":13},{"Anchor":4,"Gremlin Horn":1,"Gambling Chip":8,"Vajra":5,"VioletLotus":0,"Whetstone":6,"PureWater":0,"Boot":7},{"Anchor":16,"Gremlin Horn":3,"Gambling Chip":31,"Vajra":21,"VioletLotus":0,"Whetstone":26,"PureWater":0,"Boot":29}]},"card_choices":[{"not_picked":["PathToVictory","Protect"],"picked":"FollowUp","floor":1},{"not_picked":["Evaluate","WindmillStrike"],"picked":"SignatureMove","floor":4},{"not_picked":["FlurryOfBlows","Weave"],"picked":"BowlingBash","floor":5},{"not_picked":["JustLucky","Crescendo"],"picked":"Brilliance","floor":6},{"not_picked":["FlurryOfBlows","Halt"],"picked":"TalkToTheHand","floor":8},{"not_picked":["FollowUp","Weave"],"picked":"ThirdEye","floor":11},{"not_picked":["SashWhip","EmptyFist"],"picked":"FollowUp","floor":12},{"not_picked":["Halt","Prostrate"],"picked":"CutThroughFate","floor":14}],"player_experience":1663246,"relics_obtained":[{"floor":3,"key":"Gremlin Horn"},{"floor":6,"key":"Anchor"},{"floor":8,"key":"Vajra"},{"floor":11,"key":"Whetstone"},{"floor":13,"key":"Boot"},{"floor":14,"key":"Gambling Chip"}],"event_choices":[{"damage_healed":0,"gold_gain":0,"player_choice":"Left Gold","damage_taken":0,"max_hp_gain":0,"max_hp_loss":0,"event_name":"World of Goop","floor":2,"gold_loss":57}],"is_beta":true,"boss_relics":[],"items_purged_floors":[],"is_endless":false,"potions_floor_spawned":[4,6,8,11,14],"killed_by":"Hexaghost","ascension_level":20}}