{"host":"Sylvester","time":1612642997,"event":{"mods":["BaseMod","Filter the Spire","Lobotomy","Minty Spire (QoL Compilation)","Replay The Spire","StSLib"],"gold_per_floor":[113,113,125,125,139,139,164,164,164,191,211,227,227,87,87,187,187,199,298,223,223,223,257,275,308,331,357,369,369,369,384,384,485,485,517,611,630,640,653,653,685,685,685,714,259,273,308,223,223,223,223,223,223,14,41,41],"floor_reached":57,"language":"ENG","playtime":1951,"items_purged":["Normality","Voices"],"score":1883,"play_id":"cab46ae2-87b0-4597-8a20-d4881b6106d3","local_time":"20210206122317","is_ascension_mode":true,"campfire_choices":[{"data":"LifeForTheDareDevil","floor":6,"key":"SMITH"},{"floor":42,"key":"RECALL"},{"data":"ReplayTheSpireMod:Faulty Equipment","floor":49,"key":"SMITH"},{"data":"Mimicry","floor":53,"key":"SMITH"}],"circlet_count":0,"master_deck":["SpecialBullet","SpecialBullet","SpecialBullet","SpecialBullet","SpecialBullet","SpecialBullet","TrainingCode","CentralCode","LifeForTheDareDevil+1","SomewhereSpear+1","WristCuter","Pot Of Greed","Pot Of Greed","Harvest","Justitia","Adoration","SecurityCode","CENSORED_ego","Parasite","SolemnVow+1","Pot Of Greed","Mimicry+1","GoldRush","SpecialBullet","SpecialBullet","SpecialBullet"],"relics":["Black Star","Gremlin Horn","Garlic","ReplayTheSpireMod:TigerMarble","Grinning Jar","Cursed Key","Ring of Fangs","ReplayTheSpireMod:Ring of Addiction","SacredBark","Chameleon Ring","Counterbalance","Bird Faced Urn","Pondfish Scales","Art of War","ReplayFunnel","Bag of Marbles","Replay:Mystery Machine","Bottled Tornado","Philosopher\u0027s Stone","Akabeko","Lizard Tail","Singing Bowl","CaptainsWheel","Replay:Kaleidoscope","Iron Hammer","ReplayTheSpireMod:Shallot","Blood Vial","Kunai","BargainBundle","Durian","Gremlin Food"],"acts_visited":["Exordium","TheCity","TheBeyond","TheEnding"],"potions_floor_usage":[23,28,37,46,56],"damage_taken":[{"damage":6.0,"enemies":"Cultist","floor":1.0,"turns":3.0},{"damage":1,"enemies":"2 Louse","floor":3,"turns":2},{"damage":6,"enemies":"Jaw Worm","floor":5,"turns":2},{"damage":4,"enemies":"3 Sentries","floor":7,"turns":4},{"damage":11,"enemies":"Lagavulin","floor":10,"turns":4},{"damage":0,"enemies":"Exordium Wildlife","floor":11,"turns":1},{"damage":0,"enemies":"Large Slime","floor":12,"turns":2},{"damage":0,"enemies":"Fading Forest","floor":16,"turns":11},{"damage":0,"enemies":"Spheric Guardian","floor":18,"turns":2},{"damage":1,"enemies":"Replay:Snechameleon","floor":23,"turns":3},{"damage":0,"enemies":"2 Thieves","floor":24,"turns":2},{"damage":0,"enemies":"Gremlin Leader","floor":25,"turns":3},{"damage":0,"enemies":"Book of Stabbing","floor":27,"turns":3},{"damage":0,"enemies":"Snake Plant","floor":28,"turns":1},{"damage":0,"enemies":"Chosen and Byrds","floor":31,"turns":3},{"damage":7,"enemies":"Champ","floor":33,"turns":5},{"damage":0,"enemies":"3 Shapes","floor":35,"turns":3},{"damage":0,"enemies":"Orb Walker","floor":37,"turns":1},{"damage":0,"enemies":"Jaw Worm Horde","floor":38,"turns":2},{"damage":0,"enemies":"Writhing Mass","floor":39,"turns":1},{"damage":0,"enemies":"Reptomancer","floor":41,"turns":1},{"damage":0,"enemies":"R_Hoarder","floor":44,"turns":2},{"damage":0,"enemies":"Transient","floor":46,"turns":5},{"damage":0,"enemies":"Giant Head","floor":47,"turns":2},{"damage":0,"enemies":"Awakened One","floor":50,"turns":3},{"damage":3,"enemies":"Shield and Spear","floor":55,"turns":3},{"damage":0,"enemies":"The Heart","floor":56,"turns":3}],"seed_played":"-3677710451116856217","potions_obtained":[{"floor":5,"key":"Doom Potion"},{"floor":7,"key":"Block Potion"},{"floor":12,"key":"SpeedPotion"},{"floor":23,"key":"PowerPotion"},{"floor":25,"key":"FearPotion"},{"floor":28,"key":"Toxic Potion"},{"floor":39,"key":"DistilledChaos"},{"floor":44,"key":"Death Potion"},{"floor":47,"key":"Block Potion"}],"is_trial":false,"path_per_floor":["M","?","M","?","M","R","E","R","T","E","M","M","R","$","R","B",null,"M","?","?","?","?","E","M","E","T","E","M","R","T","M","R","B",null,"M","?","M","M","M","R","E","R","T","E","$","M","E","?","R","B",null,null,"R","$","E","B",null],"character_chosen":"Angela","items_purchased":["Justitia","Iron Hammer","Mimicry","BargainBundle","Block Potion"],"campfire_rested":0,"item_purchase_floors":[14,45,45,54,54],"current_hp_per_floor":[64,64,63,63,57,57,53,53,53,42,42,42,42,42,42,42,70,70,70,70,70,70,69,70,70,70,68,68,68,68,68,66,59,66,64,64,64,64,64,64,62,62,62,62,62,64,66,66,66,64,64,64,62,62,64,65],"gold":41,"neow_bonus":"BOSS_RELIC","is_daily":false,"chose_seed":false,"campfire_upgraded":3,"win_rate":0.0,"timestamp":1612642997,"path_taken":["M","?","M","?","M","R","E","R","T","E","M","M","R","$","R","BOSS","M","?","?","?","?","E","M","E","T","E","?","R","?","M","R","BOSS","M","?","M","M","M","R","E","R","T","E","$","?","E","?","R","BOSS","R","$","E","BOSS"],"items_purchased_type":["Card","Relic","Card","Relic","Potion"],"build_version":"2020-11-17","purchased_purges":2,"victory":true,"max_hp_per_floor":[70,70,70,70,70,70,70,70,70,70,70,70,70,70,70,70,70,70,70,70,70,70,70,70,70,70,68,68,68,68,68,66,66,66,64,64,64,64,64,64,62,62,62,62,62,64,66,66,66,64,64,64,62,62,67,65],"card_choices":[{"not_picked":["Lantern"],"picked":"LifeForTheDareDevil","floor":1.0},{"not_picked":["Regret_ego"],"picked":"WristCuter","floor":3},{"not_picked":["Tough","TodaysExpression"],"picked":"SKIP","floor":5},{"not_picked":["Wingbeat","Harvest"],"picked":"SKIP","floor":7},{"not_picked":["Discord","Loneliness"],"picked":"SKIP","floor":10},{"not_picked":["Lantern","Noise"],"picked":"SKIP","floor":11},{"not_picked":["FourthMatchFlame"],"picked":"Harvest","floor":12},{"not_picked":["Mimicry"],"picked":"Adoration","floor":16},{"not_picked":["CUTE+1","Beak"],"picked":"SKIP","floor":18},{"not_picked":["BlackSwan_ego","Harmony+1"],"picked":"SKIP","floor":23},{"not_picked":["Lantern","GrinderMk4"],"picked":"SKIP","floor":24},{"not_picked":["FourthMatchFlame+1","TheSmile"],"picked":"SKIP","floor":25},{"not_picked":["Noise","Beak"],"picked":"SKIP","floor":27},{"not_picked":["Penitence","Lantern"],"picked":"SKIP","floor":28},{"not_picked":["RedEyes","Pinks"],"picked":"SKIP","floor":31},{"not_picked":["DaCapo"],"picked":"CENSORED_ego","floor":33},{"not_picked":["Lantern","Penitence"],"picked":"SKIP","floor":35},{"not_picked":["RapturousDream","Lantern"],"picked":"SKIP","floor":37},{"not_picked":["RapturousDream+1"],"picked":"SolemnVow+1","floor":38},{"not_picked":["Loneliness","Penitence"],"picked":"SKIP","floor":39},{"not_picked":["Pleasure","WristCuter"],"picked":"SKIP","floor":41},{"not_picked":["Lantern+1","Loneliness+1"],"picked":"Singing Bowl","floor":44},{"not_picked":["RedEyes","Beak+1"],"picked":"Singing Bowl","floor":46},{"not_picked":["FrostShard","Soda+1"],"picked":"Singing Bowl","floor":47},{"not_picked":["Lamp"],"picked":"GoldRush","floor":55}],"player_experience":218792,"relics_obtained":[{"floor":7,"key":"Gremlin Horn"},{"floor":7,"key":"Garlic"},{"floor":10,"key":"ReplayTheSpireMod:TigerMarble"},{"floor":10,"key":"Grinning Jar"},{"floor":21,"key":"Ring of Fangs"},{"floor":21,"key":"ReplayTheSpireMod:Ring of Addiction"},{"floor":21,"key":"SacredBark"},{"floor":21,"key":"Chameleon Ring"},{"floor":23,"key":"Counterbalance"},{"floor":23,"key":"Bird Faced Urn"},{"floor":25,"key":"Pondfish Scales"},{"floor":25,"key":"Art of War"},{"floor":26,"key":"ReplayFunnel"},{"floor":27,"key":"Bag of Marbles"},{"floor":27,"key":"Replay:Mystery Machine"},{"floor":30,"key":"Bottled Tornado"},{"floor":41,"key":"Akabeko"},{"floor":41,"key":"Lizard Tail"},{"floor":43,"key":"Singing Bowl"},{"floor":44,"key":"CaptainsWheel"},{"floor":44,"key":"Replay:Kaleidoscope"},{"floor":47,"key":"ReplayTheSpireMod:Shallot"},{"floor":47,"key":"Blood Vial"},{"floor":55,"key":"Durian"},{"floor":55,"key":"Gremlin Food"}],"event_choices":[{"damage_healed":0,"gold_gain":0,"player_choice":"Leave","damage_taken":0,"max_hp_gain":0,"max_hp_loss":0,"event_name":"The Cleric","floor":4,"gold_loss":0},{"damage_healed":0,"gold_gain":99,"player_choice":"Stole From Cult","damage_taken":0,"max_hp_gain":0,"max_hp_loss":0,"event_name":"Nest","floor":19,"gold_loss":0},{"cards_removed":["InformationCode"],"damage_healed":0,"gold_gain":0,"player_choice":"Gave Gold","damage_taken":0,"max_hp_gain":0,"max_hp_loss":0,"event_name":"Beggar","floor":20,"gold_loss":75},{"cards_removed":["Writhe"],"damage_healed":0,"gold_gain":0,"player_choice":"Purged","damage_taken":0,"max_hp_gain":0,"max_hp_loss":0,"event_name":"Purifier","floor":22,"gold_loss":0},{"damage_healed":0,"gold_gain":0,"player_choice":"Paid Gold","damage_taken":0,"relics_obtained":["Kunai"],"max_hp_gain":0,"max_hp_loss":0,"event_name":"WeMeetAgain","floor":48,"gold_loss":85}],"is_beta":true,"boss_relics":[{"not_picked":["Astrolabe","Honey Jar"],"picked":"Cursed Key"},{"not_picked":["Replay:Drink Me","Empty Cage"],"picked":"Philosopher\u0027s Stone"}],"items_purged_floors":[45,54],"is_endless":false,"potions_floor_spawned":[5,7,12,23,25,27,28,39,41,44,47],"ascension_level":3}}