{"host":"at5b10nm0iti0w4x","time":1612641524,"event":{"mods":["AchievementEnabler","BaseMod","Bestiary","Block Reminder","Colored Map","Colored Powertips","Highlight Path","Keyboard Shortcuts","Minty Spire (QoL Compilation)","Relic Stats","StSLib","SuperFastMode"],"gold_per_floor":[112,123,198,215,231,231,231,231,231,231,258,271,288,288,288,388,388,405,405,405,420,434,434,452,58,58,58,58],"floor_reached":27,"language":"ENG","playtime":857,"items_purged":["Strike_R"],"score":205,"play_id":"59e96fad-e06d-46cf-b2b2-3d0e5c3caec5","local_time":"20210206145844","is_ascension_mode":false,"campfire_choices":[{"data":"Rampage","floor":6,"key":"SMITH"},{"data":"True Grit","floor":8,"key":"SMITH"},{"data":"Bash","floor":10,"key":"SMITH"},{"floor":15,"key":"REST"},{"floor":23,"key":"REST"}],"circlet_count":0,"master_deck":["Strike_R","Strike_R","Strike_R","Strike_R","Defend_R","Defend_R","Defend_R","Defend_R","Bash+1","Rampage+1","True Grit+1","Headbutt","Shrug It Off","Headbutt","Berserk+1","Barricade","Dropkick+1","Thunderclap","Uppercut+1","Entrench","Purity","Ghostly Armor","Clothesline"],"relics":["Cursed Key"],"acts_visited":["Exordium","TheCity"],"potions_floor_usage":[16,18,21,22,25,27],"damage_taken":[{"damage":3,"enemies":"Jaw Worm","floor":1,"turns":4},{"damage":2,"enemies":"2 Louse","floor":2,"turns":2},{"damage":0,"enemies":"Small Slimes","floor":4,"turns":2},{"damage":2,"enemies":"Blue Slaver","floor":5,"turns":3},{"damage":7,"enemies":"The Mushroom Lair","floor":11,"turns":4},{"damage":6,"enemies":"Exordium Thugs","floor":12,"turns":5},{"damage":11,"enemies":"Lots of Slimes","floor":13,"turns":4},{"damage":26,"enemies":"Hexaghost","floor":16,"turns":8},{"damage":17,"enemies":"Shell Parasite","floor":18,"turns":3},{"damage":19,"enemies":"3 Byrds","floor":21,"turns":9},{"damage":24,"enemies":"Snake Plant","floor":22,"turns":5},{"damage":43,"enemies":"3 Cultists","floor":24,"turns":6},{"damage":25,"enemies":"Cultist and Chosen","floor":27,"turns":4}],"seed_played":"-2994607188949991225","potions_obtained":[{"floor":1,"key":"Fire Potion"},{"floor":4,"key":"DistilledChaos"},{"floor":12,"key":"Block Potion"},{"floor":16,"key":"Regen Potion"},{"floor":22,"key":"SpeedPotion"}],"is_trial":false,"path_per_floor":["M","M","?","M","M","R","?","R","T","R","?","M","M","?","R","B",null,"M","?","?","M","M","R","M","$","T","M"],"character_chosen":"IRONCLAD","items_purchased":["BloodPotion","Purity","Ghostly Armor","Clothesline","GamblersBrew"],"campfire_rested":2,"item_purchase_floors":[25,25,25,25,25],"current_hp_per_floor":[77,75,64,64,62,62,62,62,62,62,55,49,38,38,62,36,80,63,48,48,43,19,44,1,18,18,0,0],"gold":58,"neow_bonus":"BOSS_RELIC","is_daily":false,"chose_seed":false,"campfire_upgraded":3,"win_rate":0.0,"timestamp":1612641524,"path_taken":["M","M","?","M","M","R","?","R","T","R","?","?","M","?","R","BOSS","M","?","?","M","M","R","?","?","T","M"],"items_purchased_type":["Potion","Card","Card","Card","Potion"],"build_version":"2020-12-22","purchased_purges":1,"victory":false,"max_hp_per_floor":[80,80,80,80,80,80,80,80,80,80,80,80,80,80,80,80,80,80,85,85,85,85,85,85,85,85,85,85],"relic_stats":{"counters":[13,59],"Cursed Key":0,"obtain_stats":[{"Cursed Key":0,"Burning Blood":0},{"Cursed Key":0,"Burning Blood":0},{"Cursed Key":0,"Burning Blood":0}]},"card_choices":[{"not_picked":["Bloodletting","Second Wind"],"picked":"Rampage","floor":1},{"not_picked":["Rage","Clash"],"picked":"True Grit","floor":2},{"not_picked":["Reckless Charge","Metallicize"],"picked":"Headbutt","floor":4},{"not_picked":["Twin Strike","Perfected Strike","Heavy Blade"],"picked":"SKIP","floor":5},{"not_picked":["Iron Wave","Sever Soul"],"picked":"Shrug It Off","floor":11},{"not_picked":["Bloodletting","Flex"],"picked":"Headbutt","floor":12},{"not_picked":["Ghostly Armor","Heavy Blade"],"picked":"Berserk","floor":13},{"not_picked":["Brutality","Juggernaut"],"picked":"Barricade","floor":16},{"not_picked":["Heavy Blade","Clash"],"picked":"Dropkick+1","floor":18},{"not_picked":["Evolve","Spot Weakness+1"],"picked":"Thunderclap","floor":21},{"not_picked":["Perfected Strike","Armaments"],"picked":"Uppercut+1","floor":22},{"not_picked":["Body Slam","Inflame"],"picked":"Entrench","floor":24}],"player_experience":47612,"relics_obtained":[],"event_choices":[{"damage_healed":0,"gold_gain":75,"player_choice":"Gather Gold","damage_taken":11,"max_hp_gain":0,"max_hp_loss":0,"event_name":"World of Goop","floor":3,"gold_loss":0},{"damage_healed":0,"gold_gain":0,"player_choice":"Ignored","damage_taken":0,"max_hp_gain":0,"max_hp_loss":0,"event_name":"Golden Idol","floor":7,"gold_loss":0},{"damage_healed":0,"gold_gain":0,"player_choice":"Fought Mushrooms","damage_taken":0,"max_hp_gain":0,"max_hp_loss":0,"event_name":"Mushrooms","floor":11,"gold_loss":0},{"damage_healed":0,"gold_gain":0,"player_choice":"Searched \u00270\u0027 times","damage_taken":0,"max_hp_gain":0,"max_hp_loss":0,"event_name":"Dead Adventurer","floor":14,"gold_loss":0},{"damage_healed":0,"gold_gain":0,"player_choice":"Shed Blood","damage_taken":20,"max_hp_gain":5,"max_hp_loss":0,"event_name":"Forgotten Altar","floor":19,"gold_loss":0},{"damage_healed":0,"gold_gain":0,"player_choice":"Forge","damage_taken":0,"max_hp_gain":0,"max_hp_loss":0,"event_name":"Accursed Blacksmith","floor":20,"gold_loss":0,"cards_upgraded":["Berserk"]}],"is_beta":false,"boss_relics":[{"not_picked":[]}],"items_purged_floors":[25],"is_endless":false,"potions_floor_spawned":[1,4,12,13,16,22],"killed_by":"Cultist and Chosen","ascension_level":0}}