{"host":"2ty4h143nj8vwezc","time":1612647455,"event":{"mods":["BaseMod","Colored Map","Googly Eyes","Highlight Path","Minty Spire (QoL Compilation)","Quick Restart","StSLib"],"gold_per_floor":[116,134,134,154,71,99,110,110,110,75,85,10,10,10,10,10,10],"floor_reached":16,"language":"ENG","playtime":409,"items_purged":["Strike_G"],"score":200,"play_id":"a1323b3c-bbf2-4f08-bef9-6e9ed6eca4ee","local_time":"20210206163735","is_ascension_mode":true,"campfire_choices":[{"data":"Caltrops","floor":8,"key":"SMITH"},{"floor":13,"key":"REST"},{"floor":15,"key":"RECALL"}],"circlet_count":0,"master_deck":["AscendersBane","Strike_G","Strike_G","Strike_G","Strike_G","Defend_G","Defend_G","Defend_G","Defend_G","Defend_G","Survivor","Neutralize","All Out Attack","Catalyst","Bullet Time","Caltrops+1"],"relics":["Ring of the Snake","NeowsBlessing","Orichalcum","Mummified Hand","Bronze Scales"],"acts_visited":["Exordium"],"potions_floor_usage":[6],"damage_taken":[{"damage":0,"enemies":"2 Louse","floor":1,"turns":1},{"damage":0,"enemies":"Cultist","floor":2,"turns":1},{"damage":0,"enemies":"Small Slimes","floor":4,"turns":1},{"damage":27,"enemies":"3 Sentries","floor":6,"turns":9},{"damage":6,"enemies":"Looter","floor":7,"turns":3},{"damage":13,"enemies":"Large Slime","floor":11,"turns":5},{"damage":28,"enemies":"Slime Boss","floor":16,"turns":6}],"seed_played":"-2467033667936796123","potions_obtained":[{"floor":2,"key":"DistilledChaos"},{"floor":6,"key":"Dexterity Potion"}],"is_trial":false,"path_per_floor":["M","M","?","M","$","E","M","R","T","?","M","$","R","?","R","B"],"character_chosen":"THE_SILENT","items_purchased":["Catalyst"],"campfire_rested":1,"item_purchase_floors":[5],"current_hp_per_floor":[59,59,59,59,59,32,26,26,26,42,29,29,48,48,48,20,20],"gold":10,"neow_bonus":"THREE_ENEMY_KILL","is_daily":false,"chose_seed":false,"campfire_upgraded":1,"win_rate":0.0,"timestamp":1612647455,"path_taken":["M","M","?","?","$","E","M","R","T","?","M","$","R","?","R","BOSS"],"items_purchased_type":["Card"],"build_version":"2020-12-22","purchased_purges":1,"victory":false,"max_hp_per_floor":[66,66,66,66,66,66,66,66,66,66,66,66,66,66,66,66,66],"card_choices":[{"not_picked":["Dagger Spray","Quick Slash"],"picked":"Dagger Throw","floor":1},{"not_picked":["Riddle With Holes","Concentrate","Prepared"],"picked":"SKIP","floor":2},{"not_picked":["Dodge and Roll","Distraction"],"picked":"All Out Attack","floor":4},{"not_picked":["Leg Sweep","Deflect"],"picked":"Bullet Time","floor":6},{"not_picked":["Backflip","Backstab"],"picked":"Caltrops","floor":7},{"not_picked":["Flechettes","Blade Dance","Dagger Spray"],"picked":"SKIP","floor":11}],"player_experience":363270,"relics_obtained":[{"floor":6,"key":"Mummified Hand"},{"floor":9,"key":"Bronze Scales"}],"event_choices":[{"cards_removed":["Dagger Throw"],"damage_healed":0,"gold_gain":0,"player_choice":"Gave Card","damage_taken":0,"relics_obtained":["Orichalcum"],"max_hp_gain":0,"max_hp_loss":0,"event_name":"WeMeetAgain","floor":3,"gold_loss":0},{"damage_healed":16,"gold_gain":0,"player_choice":"Healed","damage_taken":0,"max_hp_gain":0,"max_hp_loss":0,"event_name":"The Cleric","floor":10,"gold_loss":35},{"damage_healed":0,"gold_gain":0,"player_choice":"Searched \u00270\u0027 times","damage_taken":0,"max_hp_gain":0,"max_hp_loss":0,"event_name":"Dead Adventurer","floor":14,"gold_loss":0}],"is_beta":false,"boss_relics":[],"items_purged_floors":[12],"is_endless":false,"potions_floor_spawned":[2,6],"killed_by":"Slime Boss","ascension_level":20}}