{"host":"i8x3uekhioq8aaet","time":1612590577,"event":{"mods":["AchievementEnabler","BaseMod","Colored Map","Colored Powertips","DeckTracker","Minty Spire (QoL Compilation)","Relic Sorter","StSLib"],"gold_per_floor":[109,184,20,20,20,20,53,53,53,69,69,69,97,110,110,212,212,228,228,243,0,0,0,19,19,65,65,75,41,41,61,61,160,160,173,183,183,202,202,214,214,234,260,276,294,294,394,409,409,409],"floor_reached":51,"language":"ZHT","playtime":1422,"items_purged":["Strike_R"],"score":840,"play_id":"01fc5694-5d7c-41c6-9bad-d5d7f6ee333c","local_time":"20210206134937","is_ascension_mode":true,"campfire_choices":[{"data":"Searing Blow","floor":6.0,"key":"SMITH"},{"floor":8.0,"key":"REST"},{"data":"Searing Blow+1","floor":11.0,"key":"SMITH"},{"data":"Searing Blow+2","floor":15.0,"key":"SMITH"},{"data":"Searing Blow+3","floor":23.0,"key":"SMITH"},{"data":"Searing Blow+4","floor":25.0,"key":"SMITH"},{"data":"Searing Blow+5","floor":32.0,"key":"SMITH"},{"data":"Searing Blow+6","floor":41.0,"key":"SMITH"},{"data":"Searing Blow+7","floor":46,"key":"SMITH"},{"data":"Searing Blow+8","floor":49,"key":"SMITH"}],"circlet_count":0,"master_deck":["Strike_R+1","Strike_R+1","Strike_R+1","Defend_R+1","Defend_R+1","Defend_R+1","Defend_R+1","Bash","Ghostly Armor","Armaments","Searing Blow+9","Second Wind","Whirlwind","Immolate","Uppercut","Perfected Strike","Necronomicurse","Flame Barrier","Impervious","CurseOfTheBell","Perfected Strike","Shrug It Off+1","Perfected Strike+1","Shrug It Off+1","Ghostly Armor+1"],"relics":["Burning Blood","Toy Ornithopter","Blood Vial","Whetstone","Pantograph","InkBottle","Juzu Bracelet","Busted Crown","MutagenicStrength","Happy Flower","Necronomicon","HornCleat","Calling Bell","Omamori","Toxic Egg 2","Lizard Tail","Bronze Scales"],"acts_visited":["Exordium","TheCity","TheBeyond"],"potions_floor_usage":[50,50,50,50,50,50],"damage_taken":[{"damage":8.0,"enemies":"Jaw Worm","floor":1.0,"turns":4.0},{"damage":45.0,"enemies":"Lagavulin","floor":7.0,"turns":8.0},{"damage":0.0,"enemies":"Small Slimes","floor":10.0,"turns":4.0},{"damage":26.0,"enemies":"Gremlin Nob","floor":13.0,"turns":4.0},{"damage":1.0,"enemies":"Cultist","floor":14.0,"turns":3.0},{"damage":56.0,"enemies":"Slime Boss","floor":16.0,"turns":8.0},{"damage":9.0,"enemies":"Chosen","floor":18.0,"turns":4.0},{"damage":4.0,"enemies":"3 Byrds","floor":20.0,"turns":4.0},{"damage":5.0,"enemies":"Snecko","floor":24.0,"turns":4.0},{"damage":24.0,"enemies":"Snake Plant","floor":28.0,"turns":2.0},{"damage":0.0,"enemies":"3 Cultists","floor":31.0,"turns":3.0},{"damage":23.0,"enemies":"Automaton","floor":33.0,"turns":5.0},{"damage":0.0,"enemies":"Orb Walker","floor":35.0,"turns":3.0},{"damage":0.0,"enemies":"3 Darklings","floor":36.0,"turns":1.0},{"damage":15.0,"enemies":"Sphere and 2 Shapes","floor":38.0,"turns":3.0},{"damage":1.0,"enemies":"Spire Growth","floor":40.0,"turns":3.0},{"damage":19.0,"enemies":"3 Darklings","floor":42.0,"turns":4.0},{"damage":6,"enemies":"4 Shapes","floor":44,"turns":3},{"damage":0,"enemies":"Jaw Worm Horde","floor":45,"turns":1},{"damage":21,"enemies":"Sphere and 2 Shapes","floor":48,"turns":5},{"damage":41,"enemies":"Time Eater","floor":50,"turns":5}],"seed_played":"9164104754137707598","potions_obtained":[{"floor":10.0,"key":"EssenceOfSteel"},{"floor":13.0,"key":"Ancient Potion"},{"floor":24.0,"key":"LiquidBronze"},{"floor":31.0,"key":"SneckoOil"},{"floor":33.0,"key":"HeartOfIron"},{"floor":36.0,"key":"Strength Potion"},{"floor":39.0,"key":"EntropicBrew"}],"is_trial":false,"path_per_floor":["M","?","$","?","?","R","E","R","T","M","R","?","E","M","R","B",null,"M","?","M","?","?","R","M","R","T","?","M","$","T","M","R","B",null,"M","M","?","M","?","M","R","M","T","M","M","R","?","M","R","B",null],"character_chosen":"IRONCLAD","items_purchased":["Armaments","Searing Blow","Flame Barrier"],"campfire_rested":1,"item_purchase_floors":[3,3,29],"current_hp_per_floor":[78,67,67,67,64,64,27,51,51,59,59,59,41,48,48,25,66,65,65,69,69,69,69,77,77,77,61,45,45,45,53,53,63,76,80,80,80,71,71,78,78,67,67,69,77,77,77,64,64,66],"gold":409,"neow_bonus":"RANDOM_COMMON_RELIC","is_daily":false,"chose_seed":false,"campfire_upgraded":9,"win_rate":0.0,"timestamp":1612590577,"path_taken":["M","?","$","?","?","R","E","R","T","M","R","?","E","M","R","BOSS","M","?","M","?","?","R","M","R","T","?","M","?","?","M","R","BOSS","M","M","?","M","?","M","R","M","T","M","M","R","?","M","R","BOSS"],"items_purchased_type":["Card","Card","Card"],"build_version":"2020-12-22","purchased_purges":1,"victory":true,"max_hp_per_floor":[80,80,80,80,80,80,80,80,80,80,80,80,80,80,80,80,80,80,80,80,80,80,80,80,80,80,80,80,80,80,80,80,80,80,80,80,80,80,80,80,80,80,80,80,80,80,80,80,80,80],"card_choices":[{"not_picked":["Twin Strike","Warcry"],"picked":"Ghostly Armor","floor":1.0},{"not_picked":["Limit Break","Cleave"],"picked":"Second Wind","floor":7.0},{"not_picked":["Hemokinesis","Clash","Pommel Strike"],"picked":"SKIP","floor":10.0},{"not_picked":["Thunderclap","Pommel Strike","Combust"],"picked":"SKIP","floor":13.0},{"not_picked":["Searing Blow","Metallicize"],"picked":"Whirlwind","floor":14.0},{"not_picked":["Offering","Bludgeon"],"picked":"Immolate","floor":16.0},{"not_picked":[],"picked":"Uppercut","floor":18.0},{"not_picked":["Searing Blow"],"picked":"SKIP","floor":20.0},{"not_picked":[],"picked":"Perfected Strike","floor":24.0},{"not_picked":["Thunderclap"],"picked":"SKIP","floor":28.0},{"not_picked":["Heavy Blade"],"picked":"SKIP","floor":31.0},{"not_picked":[],"picked":"Impervious","floor":33.0},{"not_picked":[],"picked":"Perfected Strike","floor":35.0},{"not_picked":["Headbutt"],"picked":"SKIP","floor":36.0},{"not_picked":[],"picked":"Shrug It Off+1","floor":38.0},{"not_picked":["Hemokinesis"],"picked":"SKIP","floor":40.0},{"not_picked":[],"picked":"Perfected Strike+1","floor":42.0},{"not_picked":[],"picked":"Shrug It Off+1","floor":44},{"not_picked":["Pommel Strike+1"],"picked":"SKIP","floor":45},{"not_picked":[],"picked":"Ghostly Armor+1","floor":48}],"player_experience":323053,"relics_obtained":[{"floor":7.0,"key":"Whetstone"},{"floor":9.0,"key":"Pantograph"},{"floor":13.0,"key":"Juzu Bracelet"},{"floor":26.0,"key":"Happy Flower"},{"floor":27.0,"key":"Necronomicon"},{"floor":30.0,"key":"HornCleat"},{"floor":34.0,"key":"Omamori"},{"floor":34.0,"key":"Toxic Egg 2"},{"floor":34.0,"key":"Lizard Tail"},{"floor":43.0,"key":"Bronze Scales"}],"event_choices":[{"damage_healed":0.0,"max_hp_gain":0.0,"max_hp_loss":0.0,"gold_gain":75.0,"event_name":"World of Goop","player_choice":"Gather Gold","floor":2.0,"gold_loss":0.0,"damage_taken":11.0},{"damage_healed":0.0,"max_hp_gain":0.0,"max_hp_loss":0.0,"gold_gain":0.0,"event_name":"Golden Idol","player_choice":"Ignored","floor":4.0,"gold_loss":0.0,"damage_taken":0.0},{"damage_healed":0.0,"max_hp_gain":0.0,"max_hp_loss":0.0,"gold_gain":0.0,"event_name":"Scrap Ooze","player_choice":"Success","floor":5.0,"gold_loss":0.0,"damage_taken":3.0,"relics_obtained":["Blood Vial"]},{"damage_healed":0.0,"max_hp_gain":0.0,"max_hp_loss":0.0,"gold_gain":0.0,"event_name":"WeMeetAgain","player_choice":"Gave Potion","floor":12.0,"gold_loss":0.0,"damage_taken":0.0,"relics_obtained":["InkBottle"]},{"damage_healed":0.0,"max_hp_gain":0.0,"max_hp_loss":0.0,"gold_gain":0.0,"event_name":"Back to Basics","player_choice":"Simplicity","floor":19.0,"gold_loss":0.0,"damage_taken":0.0,"cards_upgraded":["Strike_R","Strike_R","Defend_R","Defend_R","Defend_R","Defend_R"]},{"damage_healed":0.0,"max_hp_gain":0.0,"max_hp_loss":0.0,"gold_gain":0.0,"event_name":"Masked Bandits","player_choice":"Paid Fearfully","floor":21.0,"gold_loss":243.0,"damage_taken":0.0},{"damage_healed":0.0,"max_hp_gain":0.0,"max_hp_loss":0.0,"gold_gain":0.0,"event_name":"Drug Dealer","player_choice":"Inject Mutagens","floor":22.0,"gold_loss":0.0,"damage_taken":0.0,"relics_obtained":["MutagenicStrength"]},{"damage_healed":0.0,"max_hp_gain":0.0,"max_hp_loss":0.0,"gold_gain":0.0,"event_name":"Cursed Tome","player_choice":"Obtained Book","floor":27.0,"gold_loss":0.0,"damage_taken":16.0},{"cards_removed":["Strike_R"],"damage_healed":0.0,"max_hp_gain":0.0,"max_hp_loss":0.0,"gold_gain":0.0,"event_name":"Wheel of Change","player_choice":"Card Removal","floor":37.0,"gold_loss":0.0,"damage_taken":0.0},{"damage_healed":0.0,"max_hp_gain":0.0,"max_hp_loss":0.0,"gold_gain":0.0,"event_name":"Lab","player_choice":"Got Potions","floor":39.0,"gold_loss":0.0,"damage_taken":0.0},{"damage_healed":0,"gold_gain":100,"player_choice":"Pray","damage_taken":0,"max_hp_gain":0,"max_hp_loss":0,"event_name":"Golden Shrine","floor":47,"gold_loss":0}],"is_beta":false,"boss_relics":[{"not_picked":["Mark of Pain","Philosopher\u0027s Stone"],"picked":"Busted Crown"},{"not_picked":["Snecko Eye","Runic Pyramid"],"picked":"Calling Bell"}],"items_purged_floors":[3],"is_endless":false,"potions_floor_spawned":[10,13,24,31,33,36,42,45],"ascension_level":5}}