{"host":"my4gslufyvqsq7r2","time":1612585860,"event":{"mods":["BaseMod","Colored Powertips","Hubris","Infinite Spire","Minty Spire (QoL Compilation)","Replay The Spire","StSLib"],"gold_per_floor":[119,135,60,60,78,78,78,78,101,113,123,142,142,155,155,254,254,264,278,278,27,42,42,67,67,67,79,96,11,11,29,29,130,130,146,158,158,158,12,12,27,45,45,45,45,64,94,104,104,104,104],"floor_reached":50,"language":"ENG","playtime":5519,"items_purged":["Strike_B"],"score":512,"play_id":"86d38347-c0de-495f-940f-793bacc0b4ab","local_time":"20210205233100","is_ascension_mode":true,"campfire_choices":[{"data":"Redo","floor":6.0,"key":"SMITH"},{"data":"Zap","floor":8.0,"key":"SMITH"},{"data":"Storm","floor":15.0,"key":"SMITH"},{"floor":23.0,"key":"REST"},{"floor":32,"key":"REST"},{"floor":40,"key":"REST"},{"floor":45,"key":"REST"},{"floor":49,"key":"REST"}],"circlet_count":0,"master_deck":["Strike_B+1","Strike_B","Strike_B+1","Defend_B","Defend_B","Defend_B","Defend_B","Zap+1","Dualcast","Redo+1","Sweeping Beam","Leap+1","Ball Lightning","Ball Lightning","Storm+1","Fission","Stack+1","Panic Button+1","Redo+1","Storm+1","Redo","Genetic Algorithm+1","Turbo","ReplayTheSpireMod:Omega Cannon+1","Thunder Strike","Reprogram+1","FTL+1","Panic Button+1","Auto Shields+1","Auto Shields+1","Sweeping Beam+1","Lockon+1","hubris:NaturalOne"],"relics":["Cracked Core","NeowsBlessing","Centennial Puzzle","hubris:GrandSneckoEye","hubris:Icosahedron","Solar Panel","infinitespire:BottledMercury","infinitespire:EmpoweringShard","Gremlin Food","Nuclear Battery","Geode","Regal Pillow","ReplayTheSpireMod:Ring of Exchange","Ring of Fury","Pet Ghost"],"acts_visited":["Exordium","TheCity","TheBeyond"],"potions_floor_usage":[41,47,48,48],"damage_taken":[{"damage":0.0,"enemies":"Cultist","floor":1.0,"turns":1.0},{"damage":0.0,"enemies":"Small Slimes","floor":2.0,"turns":1.0},{"damage":0.0,"enemies":"Jaw Worm","floor":5.0,"turns":1.0},{"damage":1.0,"enemies":"Looter","floor":10.0,"turns":3.0},{"damage":3.0,"enemies":"Red Slaver","floor":11.0,"turns":2.0},{"damage":3.0,"enemies":"Exordium Thugs","floor":12.0,"turns":4.0},{"damage":2.0,"enemies":"2 Fungi Beasts","floor":14.0,"turns":2.0},{"damage":26.0,"enemies":"Slime Boss","floor":16.0,"turns":9.0},{"damage":4.0,"enemies":"Chosen","floor":18.0,"turns":2.0},{"damage":8.0,"enemies":"Shell Parasite","floor":19.0,"turns":3.0},{"damage":14.0,"enemies":"Centurion and Healer","floor":22.0,"turns":6.0},{"damage":21.0,"enemies":"Gremlin Leader","floor":24.0,"turns":6.0},{"damage":0.0,"enemies":"Cultist and Chosen","floor":27.0,"turns":4.0},{"damage":8,"enemies":"3 Cultists","floor":28,"turns":4},{"damage":9,"enemies":"Centurion and Healer","floor":31,"turns":4},{"damage":15,"enemies":"hubris:MusketHawk","floor":33,"turns":6},{"damage":40,"enemies":"3 Shapes","floor":35,"turns":3},{"damage":0,"enemies":"3 Darklings","floor":36,"turns":2},{"damage":21,"enemies":"Writhing Mass","floor":41,"turns":2},{"damage":0,"enemies":"Jaw Worm Horde","floor":42,"turns":2},{"damage":9,"enemies":"Spire Growth","floor":46,"turns":4},{"damage":56,"enemies":"Reptomancer","floor":47,"turns":4},{"damage":6,"enemies":"Writhing Mass","floor":48,"turns":3},{"damage":61,"enemies":"Awakened One","floor":50,"turns":7}],"seed_played":"-7033994819652668690","potions_obtained":[{"floor":1.0,"key":"Ancient Potion"},{"floor":2.0,"key":"Elixir"},{"floor":10.0,"key":"Strength Potion"},{"floor":19.0,"key":"Doom Potion"},{"floor":41,"key":"Fire Potion"}],"is_trial":false,"path_per_floor":["M","M","$","?","M","R","?","R","T","M","M","M","?","M","R","B",null,"M","M","?","$","M","R","E","?","T","M","M","?","?","M","R","B",null,"M","M","?","?","$","R","M","M","T","?","R","M","E","M","R","B"],"character_chosen":"DEFECT","items_purchased":["Solar Panel","Geode"],"campfire_rested":5,"item_purchase_floors":[21,39],"current_hp_per_floor":[75,75,75,75,75,75,75,75,75,74,71,68,68,66,66,40,75,71,63,63,63,53,75,58,58,58,68,60,60,60,55,75,60,75,41,45,45,45,45,67,48,48,48,48,75,70,14,12,49,0,0],"gold":104,"neow_bonus":"THREE_ENEMY_KILL","is_daily":false,"chose_seed":false,"campfire_upgraded":3,"win_rate":0.0,"timestamp":1612585860,"path_taken":["M","M","$","?","M","R","?","R","T","M","M","M","?","M","R","BOSS","M","M","?","$","M","R","E","?","T","M","?","?","?","M","R","BOSS","M","M","?","?","$","R","M","?","T","?","R","M","E","M","R","BOSS"],"items_purchased_type":["Relic","Relic"],"build_version":"2020-12-22","purchased_purges":1,"victory":false,"max_hp_per_floor":[75,75,75,75,75,75,75,75,75,75,75,75,75,75,75,75,75,75,75,75,75,75,75,75,75,75,75,75,75,75,75,75,75,75,75,75,75,75,75,75,75,75,75,75,75,75,75,75,75,75,75],"card_choices":[{"not_picked":["Compile Driver","ReplayTheSpireMod:Calculation Training"],"picked":"Redo","floor":1.0},{"not_picked":["Rebound","Crystallizer"],"picked":"Sweeping Beam","floor":2.0},{"not_picked":["ReplayTheSpireMod:System Scan","Hologram"],"picked":"Leap","floor":5.0},{"not_picked":["ReplayTheSpireMod:System Scan","Darkness"],"picked":"Ball Lightning","floor":10.0},{"not_picked":["All For One","Glacier","Steam Power"],"picked":"SKIP","floor":11.0},{"not_picked":["Compile Driver","Scrape"],"picked":"Ball Lightning","floor":12.0},{"not_picked":["Leap","Turbo"],"picked":"Storm","floor":14.0},{"not_picked":["hubris:SpecializedCircuitry","Mirror Shield"],"picked":"Fission","floor":16.0},{"not_picked":["Self Repair","Ball Lightning"],"picked":"Stack+1","floor":18.0},{"not_picked":["Rip and Tear","Beam Cell"],"picked":"Panic Button+1","floor":19.0},{"not_picked":["Steam Power","Compile Driver"],"picked":"Redo+1","floor":22.0},{"not_picked":["Doom and Gloom","Steam+1"],"picked":"Capacitor+1","floor":24.0},{"not_picked":["Reinforced Body","Rebound"],"picked":"Redo","floor":27},{"not_picked":["Cold Snap","FTL+1"],"picked":"Genetic Algorithm+1","floor":28},{"not_picked":["Conserve Battery","Redo"],"picked":"ReplayTheSpireMod:Omega Cannon","floor":31},{"not_picked":["Seek","Reboot"],"picked":"Thunder Strike","floor":33},{"not_picked":["ReplayTheSpireMod:Calculation Training","Barrage"],"picked":"Reprogram+1","floor":35},{"not_picked":["ReplayTheSpireMod:GoodbyeWorld","Steam"],"picked":"FTL+1","floor":36},{"not_picked":["Gash","Coolheaded+1"],"picked":"Panic Button+1","floor":41},{"not_picked":["Gash","Rebound+1"],"picked":"Auto Shields+1","floor":42},{"not_picked":["Rebound+1","Time Bomb+1"],"picked":"Auto Shields+1","floor":46},{"not_picked":["Conserve Battery","ReplayTheSpireMod:Reroute Power+1"],"picked":"Sweeping Beam+1","floor":47},{"not_picked":["Sweeping Beam+1","Seek"],"picked":"Lockon+1","floor":48}],"player_experience":439187,"relics_obtained":[{"floor":9.0,"key":"Centennial Puzzle"},{"floor":24.0,"key":"infinitespire:BottledMercury"},{"floor":26.0,"key":"infinitespire:EmpoweringShard"},{"floor":43,"key":"Regal Pillow"},{"floor":44,"key":"ReplayTheSpireMod:Ring of Exchange"},{"floor":44,"key":"Ring of Fury"},{"floor":47,"key":"Pet Ghost"}],"event_choices":[{"damage_healed":0.0,"max_hp_gain":0.0,"max_hp_loss":0.0,"gold_gain":0.0,"event_name":"Shining Light","player_choice":"Ignored","floor":4.0,"gold_loss":0.0,"damage_taken":0.0},{"damage_healed":0.0,"max_hp_gain":0.0,"max_hp_loss":0.0,"gold_gain":0.0,"event_name":"Golden Idol","player_choice":"Ignored","floor":7.0,"gold_loss":0.0,"damage_taken":0.0},{"damage_healed":0.0,"max_hp_gain":0.0,"max_hp_loss":0.0,"gold_gain":0.0,"event_name":"Duplicator","player_choice":"Copied","floor":25.0,"gold_loss":0.0,"damage_taken":0.0,"cards_obtained":["Storm"]},{"damage_healed":0,"gold_gain":0,"player_choice":"Obtained Relic","damage_taken":0,"relics_obtained":["Gremlin Food"],"max_hp_gain":0,"max_hp_loss":0,"event_name":"Addict","floor":29,"gold_loss":85},{"damage_healed":0,"gold_gain":0,"player_choice":"Read","damage_taken":0,"max_hp_gain":0,"max_hp_loss":0,"event_name":"The Library","floor":30,"gold_loss":0,"cards_obtained":["Turbo"]},{"damage_healed":0,"gold_gain":0,"player_choice":"Ignored","damage_taken":0,"max_hp_gain":0,"max_hp_loss":0,"event_name":"Tomb of Lord Red Mask","floor":37,"gold_loss":0},{"cards_removed":["Capacitor"],"damage_healed":0,"gold_gain":0,"player_choice":"Removed Power","damage_taken":0,"max_hp_gain":0,"max_hp_loss":0,"event_name":"Falling","floor":38,"gold_loss":0}],"is_beta":false,"boss_relics":[{"not_picked":["Abe\u0027s Treasure","ReplayTheSpireMod:DimensionalGlitch"],"picked":"hubris:GrandSneckoEye"},{"not_picked":["Replay:Drink Me","hubris:BlackHole"],"picked":"Nuclear Battery"}],"items_purged_floors":[3],"is_endless":false,"potions_floor_spawned":[1,2,10,14,19,24,27,33,36,41,42,46],"killed_by":"Awakened One","ascension_level":1}}