{"host":"eemx8njkng76fu5x","time":1612649505,"event":{"mods":["2.2 Compatiblity","BaseMod","Colored Map","Downfall","Minty Spire (QoL Compilation)","Permanent Neow","StSLib","Unceasing Turn Reminder","Unknown Chances"],"gold_per_floor":[99,116,135,310,320,320,347,53,53,68,78,113,13,42,53,151,151,51,97,113,125,125,158,229,244,144,154,39,39,73,173,208,313,313,313,332,375,375,394,445,445,460,460,488,488,538,588,89,107,107,107,141,16,16,16,16],"floor_reached":57,"language":"ENG","playtime":4134,"items_purged":["Doubt","sneckomod:Strike","sneckomod:Strike","Injury"],"score":1613,"play_id":"89fbe765-63bc-484c-9ab5-65441e6aa529","local_time":"20210207061145","is_ascension_mode":true,"campfire_choices":[{"floor":1.0,"key":"RECALL"},{"data":"sneckomod:SnekBite","floor":9.0,"key":"SMITH"},{"data":"sneckomod:WideSting","floor":13.0,"key":"SMITH"},{"data":"sneckomod:MorePower","floor":18.0,"key":"SMITH"},{"data":"Slimebound:Grow","floor":26.0,"key":"SMITH"},{"data":"sneckomod:Rotation","floor":29.0,"key":"SMITH"},{"data":"TalkToTheHand","floor":35.0,"key":"SMITH"},{"data":"Pain","floor":43.0,"key":"PURGE"},{"data":"Ragnarok","floor":54,"key":"SMITH"}],"circlet_count":0,"master_deck":["sneckomod:Strike","sneckomod:Defend","sneckomod:Defend","sneckomod:Defend","sneckomod:TailWhip+1","sneckomod:SnekBite+1","sneckomod:Unknown","sneckomod:UnknownCommonAttack","sneckomod:Unknown0Cost","sneckomod:UnknownBlock","sneckomod:UnknownStrength","sneckomod:WideSting+1","sneckomod:UnknownCommonSkill","sneckomod:UnknownCommonAttack","sneckomod:MorePower+1","Sanctity","sneckomod:Unknown1Cost+1","sneckomod:UnknownColorless+1","sneckomod:UnknownRareAttack+1","sneckomod:SlitherStrike+1","sneckomod:UnknownUncommonSkill+1","sneckomod:UnknownVulnerable","sneckomod:UnknownUncommonSkill+1","sneckomod:UnknownClassPURPLE+1","Slimebound:Grow+1","sneckomod:UnknownRareSkill+1","sneckomod:Rotation+1","sneckomod:UnknownRareAttack+1","sneckomod:QuickBite","Guardian:ConstructionForm+1","sneckomod:UnknownDexterity+1","TalkToTheHand+1","sneckomod:UnknownDraw","sneckomod:UnknownRarePower","Slimebound:LivingWall+1","sneckomod:UnknownDraw+1","sneckomod:TrashToTreasure+1","sneckomod:UnknownStrike+1","sneckomod:SlitherStrike","sneckomod:UnknownRareSkill+1","Slimebound:WasteNot+1","sneckomod:UnknownRareSkill+1","sneckomod:UnknownWeak+1","Mayhem","sneckomod:UnknownRareAttack+1","sneckomod:QuickMove+1","sneckomod:Unknown2Cost+1","sneckomod:UnknownRareSkill+1","Ragnarok+1"],"relics":["sneckomod:SuperSneckoSoul","Potion Belt","Happy Flower","Anchor","downfall:HeartBlessingRed","Blood Vial","downfall:HeartBlessingGreen","MealTicket","downfall:HeartBlessingBlue","Tiny Chest","Calipers","Pantograph","Cursed Key","Matryoshka","Regal Pillow","Peace Pipe","Ornamental Fan","OrangePellets","Mercury Hourglass","Boot","Lantern","Vajra"],"acts_visited":["Exordium","TheCity","TheBeyond","TheEnding"],"potions_floor_usage":[56,56],"damage_taken":[{"damage":0.0,"enemies":"2 Louse","floor":2.0,"turns":2.0},{"damage":7.0,"enemies":"Small Slimes","floor":3.0,"turns":4.0},{"damage":0.0,"enemies":"Cultist","floor":5.0,"turns":2.0},{"damage":5.0,"enemies":"downfall:FleeingMerchant","floor":8.0,"turns":4.0},{"damage":0.0,"enemies":"3 Louse","floor":10.0,"turns":3.0},{"damage":2.0,"enemies":"Gremlin Gang","floor":11.0,"turns":2.0},{"damage":11.0,"enemies":"3 Sentries","floor":12.0,"turns":5.0},{"damage":14.0,"enemies":"Gremlin Nob","floor":14.0,"turns":4.0},{"damage":0.0,"enemies":"2 Fungi Beasts","floor":15.0,"turns":2.0},{"damage":9.0,"enemies":"SI_SHIV_ARCHETYPE","floor":16.0,"turns":7.0},{"damage":6.0,"enemies":"Shell Parasite","floor":19.0,"turns":7.0},{"damage":23.0,"enemies":"Centurion and Healer","floor":20.0,"turns":9.0},{"damage":16.0,"enemies":"Snecko","floor":21.0,"turns":5.0},{"damage":8.0,"enemies":"Gremlin Leader","floor":23.0,"turns":7.0},{"damage":5.0,"enemies":"3 Cultists","floor":25.0,"turns":3.0},{"damage":11.0,"enemies":"Snake Plant","floor":27.0,"turns":8.0},{"damage":2.0,"enemies":"downfall:FleeingMerchant","floor":28.0,"turns":4.0},{"damage":0.0,"enemies":"Book of Stabbing","floor":30.0,"turns":4.0},{"damage":7.0,"enemies":"Colosseum Nobs","floor":31.0,"turns":4.0},{"damage":0.0,"enemies":"Snecko","floor":32.0,"turns":5.0},{"damage":56.0,"enemies":"WA_ARCHETYPE_CALM","floor":33.0,"turns":9.0},{"damage":7.0,"enemies":"Orb Walker","floor":36.0,"turns":5.0},{"damage":44.0,"enemies":"3 Shapes","floor":37.0,"turns":4.0},{"damage":12.0,"enemies":"Sphere and 2 Shapes","floor":39.0,"turns":6.0},{"damage":23.0,"enemies":"Reptomancer","floor":40.0,"turns":6.0},{"damage":0.0,"enemies":"3 Darklings","floor":42.0,"turns":2.0},{"damage":12.0,"enemies":"Nemesis","floor":44.0,"turns":5.0},{"damage":0.0,"enemies":"Jaw Worm Horde","floor":45.0,"turns":2.0},{"damage":0.0,"enemies":"downfall:FleeingMerchant","floor":46.0,"turns":3.0},{"damage":0.0,"enemies":"4 Shapes","floor":49.0,"turns":8.0},{"damage":35.0,"enemies":"DF_ARCHETYPE_ORBS","floor":50.0,"turns":11.0},{"damage":4,"enemies":"downfall:CharBossMerchant","floor":52,"turns":8},{"damage":0,"enemies":"downfall:NeowBoss","floor":55,"turns":12},{"damage":47,"enemies":"downfall:NeowBossFinal","floor":56,"turns":8}],"seed_played":"7662366640008996702","potions_obtained":[{"floor":3.0,"key":"hexamod:SoulburnPotion"},{"floor":5.0,"key":"FearPotion"},{"floor":6.0,"key":"downfall:CursedFountainPotion"},{"floor":14.0,"key":"sneckomod:OffclassReductionPotion"},{"floor":19.0,"key":"sneckomod:CheatPotion"},{"floor":21.0,"key":"sneckomod:MuddlingPotion"},{"floor":23.0,"key":"GamblersBrew"},{"floor":30.0,"key":"SkillPotion"},{"floor":32.0,"key":"sneckomod:MuddlingPotion"},{"floor":37.0,"key":"SmokeBomb"},{"floor":39.0,"key":"Explosive Potion"},{"floor":40.0,"key":"AttackPotion"}],"is_trial":false,"path_per_floor":["R","M","M","?","M","?","T","$","R","M","M","E","R","E","M","B",null,"R","M","M","M","?","E","T","M","R","M","$","R","E","?","M","B",null,"R","M","M","?","M","E","T","M","R","E","M","$","?","$","M","B",null,"E","$","R","B","B",null],"character_chosen":"THE_SNECKO","items_purchased":["Happy Flower","sneckomod:UnknownStrength","OrangePellets","Mayhem","Lantern","Strength Potion","DistilledChaos"],"campfire_rested":0,"item_purchase_floors":[8,8,46,48,48,53,53],"current_hp_per_floor":[81,81,77,77,77,77,77,72,72,72,70,59,59,45,47,40,80,80,76,55,41,41,35,35,32,42,55,70,70,72,67,69,40,87,87,82,55,90,78,57,57,59,59,49,51,68,68,83,85,55,81,79,90,90,90,43],"gold":16,"neow_bonus":"UPGRADE_CARD","is_daily":false,"chose_seed":false,"campfire_upgraded":7,"win_rate":0.0,"timestamp":1612649505,"path_taken":["R","M","M","?","M","?","T","$","R","M","?","E","R","E","M","BOSS","R","M","M","M","?","E","T","?","R","M","$","R","E","?","M","BOSS","R","M","M","?","M","E","T","M","R","E","M","$","?","$","M","BOSS","E","$","R","BOSS","BOSS"],"items_purchased_type":["Relic","Card","Relic","Card","Relic","Potion","Potion"],"build_version":"2020-12-22","purchased_purges":4,"victory":true,"max_hp_per_floor":[90,90,93,93,93,93,93,93,93,93,93,93,93,93,93,93,93,93,93,93,93,93,93,93,93,103,103,103,103,103,103,103,103,103,103,103,103,90,90,90,90,90,90,90,90,90,90,90,90,90,90,90,90,90,90,90],"card_choices":[{"not_picked":["sneckomod:DefensiveFlair","sneckomod:TrashToTreasure"],"picked":"sneckomod:UnknownCommonAttack","floor":2.0},{"not_picked":["sneckomod:UnknownUncommonAttack","sneckomod:PureSnecko"],"picked":"sneckomod:Unknown0Cost","floor":3.0},{"not_picked":["sneckomod:RainOfDice","sneckomod:Nope"],"picked":"sneckomod:UnknownBlock","floor":5.0},{"not_picked":["sneckomod:Rotation","sneckomod:UnknownCommonSkill"],"picked":"sneckomod:UnknownStrength","floor":8.0},{"not_picked":["sneckomod:DiceCrush","sneckomod:SoulDraw"],"picked":"sneckomod:WideSting","floor":10.0},{"not_picked":["sneckomod:SnekBeam","sneckomod:UnknownCommonAttack"],"picked":"sneckomod:UnknownBlock","floor":11.0},{"not_picked":["sneckomod:WideSting","sneckomod:UnlimitedRolls"],"picked":"sneckomod:UnknownCommonSkill","floor":12.0},{"not_picked":["sneckomod:UnknownBlock","sneckomod:DiceBoulder"],"picked":"sneckomod:UnknownCommonAttack","floor":14.0},{"not_picked":["sneckomod:DiceCrush","sneckomod:RainOfDice","sneckomod:IronFang"],"picked":"SKIP","floor":15.0},{"not_picked":["sneckomod:DangerNoodle","sneckomod:UnlimitedRolls"],"picked":"sneckomod:MorePower","floor":16.0},{"not_picked":["sneckomod:QuickBite","sneckomod:ImprovisedGuard"],"picked":"sneckomod:Unknown1Cost+1","floor":19.0},{"not_picked":["sneckomod:UnknownCommonSkill+1","sneckomod:Unknown1Cost+1"],"picked":"sneckomod:UnknownStrength+1","floor":19.0},{"not_picked":["sneckomod:UnknownClassGUARDIAN+1","sneckomod:UnknownStrike+1"],"picked":"sneckomod:UnknownColorless+1","floor":20.0},{"not_picked":["sneckomod:UnknownClassSLIMEBOUND+1","sneckomod:Unknown1Cost+1"],"picked":"sneckomod:UnknownRareAttack+1","floor":20.0},{"not_picked":["sneckomod:ImprovisedAttack+1","sneckomod:SoulCleanse"],"picked":"sneckomod:SlitherStrike+1","floor":20.0},{"not_picked":["sneckomod:UnknownColorless+1","sneckomod:Unknown2Cost+1"],"picked":"sneckomod:UnknownUncommonSkill+1","floor":21.0},{"not_picked":["sneckomod:MixItUp","sneckomod:MasterEye"],"picked":"sneckomod:UnknownVulnerable","floor":21.0},{"not_picked":["sneckomod:WideSting","sneckomod:QuickMove"],"picked":"sneckomod:UnknownBlock+1","floor":23.0},{"not_picked":["sneckomod:UnknownRareAttack+1","sneckomod:UnknownCommonSkill+1"],"picked":"sneckomod:UnknownUncommonSkill+1","floor":23.0},{"not_picked":["sneckomod:UnknownBlock+1","sneckomod:Unknown0Cost+1"],"picked":"sneckomod:UnknownClassPURPLE+1","floor":25.0},{"not_picked":["sneckomod:UnknownDraw","sneckomod:WideSting"],"picked":"sneckomod:Unknown3Cost","floor":25.0},{"not_picked":["sneckomod:UnknownExhaust+1","sneckomod:UnknownUncommonPower+1"],"picked":"sneckomod:UnknownRareSkill+1","floor":27.0},{"not_picked":["sneckomod:UnknownClassGUARDIAN+1","sneckomod:SerpentIdol"],"picked":"sneckomod:Rotation","floor":27.0},{"not_picked":["sneckomod:Unknown3Cost+1","sneckomod:Unknown2Cost+1"],"picked":"sneckomod:UnknownRareAttack+1","floor":28.0},{"not_picked":["sneckomod:RainOfDice","sneckomod:Cheat"],"picked":"sneckomod:QuickBite","floor":28.0},{"not_picked":["sneckomod:UnknownClassSLIMEBOUND","sneckomod:RainOfDice"],"picked":"sneckomod:Memorize+1","floor":30.0},{"not_picked":["sneckomod:UnknownDraw+1","sneckomod:UnknownCommonAttack+1"],"picked":"sneckomod:UnknownDexterity+1","floor":30.0},{"not_picked":["sneckomod:UnknownBlock","sneckomod:QuickMove"],"picked":"sneckomod:UnknownDraw","floor":32.0},{"not_picked":["sneckomod:UnknownDraw+1","sneckomod:Unknown3Cost+1"],"picked":"sneckomod:UnknownRareSkill+1","floor":33.0},{"not_picked":["sneckomod:GlitteringGambit","sneckomod:UnknownRareAttack"],"picked":"sneckomod:UnknownRarePower","floor":33.0},{"not_picked":["sneckomod:UnknownUncommonSkill","sneckomod:UnknownBlock","sneckomod:SoulDraw"],"picked":"SKIP","floor":36.0},{"not_picked":["sneckomod:UnknownRareAttack+1","sneckomod:UnknownUncommonPower+1"],"picked":"sneckomod:UnknownDraw+1","floor":37.0},{"not_picked":["sneckomod:IronFang","sneckomod:UnknownExhaust"],"picked":"sneckomod:TrashToTreasure+1","floor":37.0},{"not_picked":["sneckomod:UnknownClassGUARDIAN+1","sneckomod:UnknownClassSLIMEBOUND+1"],"picked":"sneckomod:UnknownStrike+1","floor":39.0},{"not_picked":["sneckomod:RainOfDice","sneckomod:SoulRoll","sneckomod:DiceCrush+1"],"picked":"SKIP","floor":39.0},{"not_picked":["sneckomod:SnakeSap","sneckomod:UnknownStrength+1"],"picked":"sneckomod:SlitherStrike","floor":40.0},{"not_picked":["sneckomod:Unknown0Cost+1","sneckomod:UnknownClassPURPLE+1"],"picked":"sneckomod:UnknownRareSkill+1","floor":40.0},{"not_picked":["sneckomod:UnknownClassGUARDIAN","sneckomod:RainOfDice+1","sneckomod:UnknownDraw"],"picked":"SKIP","floor":42.0},{"not_picked":["sneckomod:UnknownDexterity+1","sneckomod:UnknownCommonAttack+1"],"picked":"sneckomod:UnknownRareSkill+1","floor":44.0},{"not_picked":["sneckomod:ImprovisedAttack","sneckomod:Nope+1","sneckomod:UnknownBlock+1"],"picked":"SKIP","floor":44.0},{"not_picked":["sneckomod:PureSnecko+1","sneckomod:UnknownClassSLIMEBOUND"],"picked":"sneckomod:UnknownWeak+1","floor":46.0},{"not_picked":["sneckomod:Unknown2Cost+1","sneckomod:UnknownClassPURPLE+1"],"picked":"sneckomod:UnknownRareAttack+1","floor":49.0},{"not_picked":["sneckomod:Unknown1Cost","sneckomod:IronFang+1"],"picked":"sneckomod:QuickMove+1","floor":49.0},{"not_picked":["sneckomod:DefensiveFlair","sneckomod:UnknownUncommonSkill+1"],"picked":"sneckomod:Unknown2Cost+1","floor":52},{"not_picked":["sneckomod:UnknownExhaust+1","sneckomod:UnknownWeak+1"],"picked":"sneckomod:UnknownRareSkill+1","floor":52}],"player_experience":566008,"relics_obtained":[{"floor":7.0,"key":"Potion Belt"},{"floor":12.0,"key":"Anchor"},{"floor":14.0,"key":"Blood Vial"},{"floor":23.0,"key":"MealTicket"},{"floor":30.0,"key":"Tiny Chest"},{"floor":31.0,"key":"Calipers"},{"floor":31.0,"key":"Pantograph"},{"floor":40.0,"key":"Matryoshka"},{"floor":41.0,"key":"Regal Pillow"},{"floor":41.0,"key":"Peace Pipe"},{"floor":44.0,"key":"Ornamental Fan"},{"floor":47.0,"key":"Mercury Hourglass"},{"floor":47.0,"key":"Boot"},{"floor":52,"key":"Vajra"}],"event_choices":[],"is_beta":false,"boss_relics":[{"not_picked":["Coffee Dripper","Philosopher\u0027s Stone"],"picked":"sneckomod:SuperSneckoSoul"},{"not_picked":["Snecko Eye","Sozu"],"picked":"Cursed Key"}],"items_purged_floors":[8,28,46,48],"is_endless":false,"potions_floor_spawned":[3,5,14,19,21,23,30,32,37,39,40],"ascension_level":6}}