{"host":"r91i8wii3z9p67t1","time":1612633453,"event":{"mods":["BaseMod","Minty Spire (QoL Compilation)","Relic Stats","StSLib"],"gold_per_floor":[15,65,65,15,29,29,60,60,60,86,86,96,111,136,136,234,234,247,276,276,276,86,119,146,146,146,166,166,201,26,59,59,163,163,179,198,248,248,248,248,281,298,324,358,377,412,22,37,37,37],"floor_reached":51,"language":"ENG","playtime":3182,"items_purged":[],"score":1546,"play_id":"27d5d180-4a65-4103-b775-866bc30b2acd","local_time":"20210207014413","is_ascension_mode":true,"campfire_choices":[{"data":"EmptyFist","floor":6.0,"key":"SMITH"},{"floor":8.0,"key":"REST"},{"data":"Swivel","floor":11.0,"key":"SMITH"},{"data":"Vigilance","floor":15.0,"key":"SMITH"},{"data":"Scrawl","floor":25.0,"key":"SMITH"},{"data":"EmptyBody","floor":28.0,"key":"SMITH"},{"data":"Evaluate","floor":32.0,"key":"SMITH"},{"data":"Study","floor":40,"key":"SMITH"},{"floor":49,"key":"REST"}],"circlet_count":0,"master_deck":["Strike_P+1","Strike_P+1","Defend_P+1","Defend_P+1","Defend_P","Defend_P+1","Eruption+1","Vigilance+1","Swivel+1","EmptyFist+1","EmptyBody+1","ReachHeaven","Evaluate+1","JustLucky","Scrawl+1","CrushJoints","FlyingSleeves","RitualDagger+1","DeceiveReality+1","FearNoEvil+1","WreathOfFlame+1","Evaluate+1","LessonLearned+1","Study+1","Omniscience+1","Halt+1","FlyingSleeves+1","EmptyBody+1","Dramatic Entrance+1"],"relics":["PureWater","Art of War","Mercury Hourglass","Whetstone","PreservedInsect","Damaru","Philosopher\u0027s Stone","Red Mask","TheAbacus","Letter Opener","Omamori","Toxic Egg 2","Tiny Chest","Orichalcum","SlaversCollar","Unceasing Top","Juzu Bracelet","Boot","Shuriken","Molten Egg 2","Frozen Eye","Happy Flower"],"acts_visited":["Exordium","TheCity","TheBeyond"],"potions_floor_usage":[39,45,50,50,50],"damage_taken":[{"damage":2.0,"enemies":"Cultist","floor":1.0,"turns":4.0},{"damage":0.0,"enemies":"Small Slimes","floor":5.0,"turns":4.0},{"damage":36.0,"enemies":"3 Sentries","floor":7.0,"turns":9.0},{"damage":0.0,"enemies":"2 Louse","floor":12.0,"turns":2.0},{"damage":0.0,"enemies":"Looter","floor":13.0,"turns":2.0},{"damage":0.0,"enemies":"Gremlin Nob","floor":14.0,"turns":2.0},{"damage":17.0,"enemies":"The Guardian","floor":16.0,"turns":10.0},{"damage":6.0,"enemies":"3 Byrds","floor":18.0,"turns":3.0},{"damage":21.0,"enemies":"Masked Bandits","floor":19.0,"turns":5.0},{"damage":0.0,"enemies":"Book of Stabbing","floor":23.0,"turns":3.0},{"damage":0.0,"enemies":"Chosen","floor":27.0,"turns":3.0},{"damage":0.0,"enemies":"Gremlin Leader","floor":29.0,"turns":5.0},{"damage":0.0,"enemies":"Slavers","floor":31.0,"turns":4.0},{"damage":48.0,"enemies":"Automaton","floor":33.0,"turns":12.0},{"damage":7.0,"enemies":"3 Darklings","floor":35.0,"turns":4.0},{"damage":0.0,"enemies":"Orb Walker","floor":36.0,"turns":2.0},{"damage":0.0,"enemies":"Mind Bloom Boss Battle","floor":37.0,"turns":4.0},{"damage":0,"enemies":"Maw","floor":39,"turns":1},{"damage":6,"enemies":"Giant Head","floor":41,"turns":5},{"damage":0,"enemies":"3 Darklings","floor":42,"turns":4},{"damage":8,"enemies":"Nemesis","floor":44,"turns":3},{"damage":19,"enemies":"Writhing Mass","floor":45,"turns":5},{"damage":2,"enemies":"Reptomancer","floor":46,"turns":6},{"damage":5,"enemies":"4 Shapes","floor":48,"turns":2},{"damage":34,"enemies":"Awakened One","floor":50,"turns":12}],"seed_played":"1229394877124959068","potions_obtained":[{"floor":7.0,"key":"GamblersBrew"},{"floor":13.0,"key":"FearPotion"},{"floor":14.0,"key":"SteroidPotion"},{"floor":16.0,"key":"LiquidBronze"},{"floor":23.0,"key":"Energy Potion"},{"floor":29.0,"key":"Regen Potion"},{"floor":36.0,"key":"SmokeBomb"},{"floor":41,"key":"AttackPotion"}],"is_trial":false,"path_per_floor":["M","T","?","?","M","R","E","R","T","T","R","M","M","E","R","B",null,"M","?","?","?","$","E","T","R","T","M","R","E","$","E","R","B",null,"M","M","?","?","M","R","E","M","T","E","M","E","$","M","R","B",null],"character_chosen":"WATCHER","items_purchased":["TheAbacus","DeceiveReality","Evaluate+1","LessonLearned","Regen Potion","Frozen Eye","Happy Flower"],"campfire_rested":2,"item_purchase_floors":[22,22,30,30,47,47,47],"current_hp_per_floor":[77,77,60,60,60,60,24,49,49,49,49,49,49,49,49,32,73,67,46,46,40,40,40,40,40,40,40,40,40,40,40,40,7,66,59,59,59,59,59,59,53,53,53,45,26,24,24,19,44,25],"gold":37,"neow_bonus":"TWENTY_PERCENT_HP_BONUS","is_daily":false,"chose_seed":false,"campfire_upgraded":7,"win_rate":0.0,"timestamp":1612633453,"path_taken":["M","?","?","?","M","R","E","R","T","?","R","M","M","E","R","BOSS","M","?","?","?","$","E","?","R","T","M","R","E","$","E","R","BOSS","M","M","?","?","M","R","E","M","T","E","M","E","$","M","R","BOSS"],"items_purchased_type":["Relic","Card","Card","Card","Potion","Relic","Relic"],"build_version":"2020-12-22","purchased_purges":0,"victory":true,"max_hp_per_floor":[86,86,86,86,86,86,86,86,86,86,86,86,86,86,86,86,86,86,86,86,86,86,86,86,86,86,86,86,86,86,86,86,86,86,86,86,86,86,86,86,86,86,86,86,86,86,86,86,86,86],"relic_stats":{"Happy Flower":[4],"counters":[25,115],"PreservedInsect":396,"Juzu Bracelet":0,"Whetstone":["Eruption","Strike_P"],"Letter Opener":[334],"Orichalcum":[24],"Boot":[15],"Mercury Hourglass":[425],"TheAbacus":[72],"Shuriken":[12],"Tiny Chest":0,"Art of War":[16],"obtain_stats":[{"Happy Flower":47,"Damaru":14,"PreservedInsect":10,"Omamori":24,"Juzu Bracelet":41,"Whetstone":9,"Letter Opener":23,"Orichalcum":31,"Boot":43,"Mercury Hourglass":7,"SlaversCollar":34,"Frozen Eye":47,"TheAbacus":22,"Shuriken":44,"Philosopher\u0027s Stone":17,"Tiny Chest":29,"Molten Egg 2":46,"Art of War":2,"Red Mask":19,"PureWater":0,"Toxic Egg 2":26,"Unceasing Top":37},{"Happy Flower":23,"Damaru":6,"PreservedInsect":3,"Omamori":10,"Juzu Bracelet":19,"Whetstone":3,"Letter Opener":10,"Orichalcum":13,"Boot":20,"Mercury Hourglass":3,"SlaversCollar":14,"Frozen Eye":23,"TheAbacus":9,"Shuriken":21,"Philosopher\u0027s Stone":7,"Tiny Chest":12,"Molten Egg 2":23,"Art of War":1,"Red Mask":9,"PureWater":0,"Toxic Egg 2":10,"Unceasing Top":17},{"Happy Flower":101,"Damaru":22,"PreservedInsect":17,"Omamori":43,"Juzu Bracelet":83,"Whetstone":17,"Letter Opener":43,"Orichalcum":55,"Boot":87,"Mercury Hourglass":17,"SlaversCollar":67,"Frozen Eye":101,"TheAbacus":40,"Shuriken":90,"Philosopher\u0027s Stone":32,"Tiny Chest":51,"Molten Egg 2":101,"Art of War":4,"Red Mask":40,"PureWater":0,"Toxic Egg 2":43,"Unceasing Top":77}],"Unceasing Top":[3]},"card_choices":[{"not_picked":["Evaluate","MentalFortress"],"picked":"Swivel","floor":1.0},{"not_picked":["Consecrate","FollowUp"],"picked":"EmptyFist","floor":5.0},{"not_picked":["Consecrate","BowlingBash"],"picked":"EmptyBody","floor":7.0},{"not_picked":["ForeignInfluence","FollowUp"],"picked":"ReachHeaven","floor":12.0},{"not_picked":["Wireheading","ThirdEye"],"picked":"Evaluate","floor":13.0},{"not_picked":["EmptyBody","Swivel"],"picked":"JustLucky","floor":14.0},{"not_picked":["Blasphemy","ConjureBlade"],"picked":"Scrawl","floor":16.0},{"not_picked":["FlurryOfBlows+1","PathToVictory+1"],"picked":"CrushJoints","floor":18.0},{"not_picked":["CrushJoints+1","EmptyFist"],"picked":"FlyingSleeves","floor":19.0},{"not_picked":["Worship+1","Protect"],"picked":"FearNoEvil+1","floor":23.0},{"not_picked":["Pray+1","FollowUp","Halt+1"],"picked":"SKIP","floor":27.0},{"not_picked":["FlurryOfBlows","Pray+1"],"picked":"WreathOfFlame+1","floor":29.0},{"not_picked":["Halt+1","SandsOfTime"],"picked":"Study","floor":31.0},{"not_picked":["DevaForm","Ragnarok"],"picked":"Omniscience+1","floor":33.0},{"not_picked":["Protect+1","JustLucky+1"],"picked":"Halt+1","floor":35.0},{"not_picked":["Crescendo+1","Halt+1"],"picked":"FlyingSleeves+1","floor":36.0},{"not_picked":["JustLucky","BowlingBash+1"],"picked":"EmptyBody+1","floor":37.0},{"not_picked":["Mind Blast","PanicButton+1"],"picked":"Dramatic Entrance","floor":38.0},{"not_picked":["DevaForm","Wireheading+1","Crescendo+1"],"picked":"SKIP","floor":41},{"not_picked":["Sanctity+1","PathToVictory+1","BowlingBash"],"picked":"SKIP","floor":42},{"not_picked":["ThirdEye+1","BowlingBash","Vengeance+1"],"picked":"SKIP","floor":44},{"not_picked":["Weave","ThirdEye+1","CarveReality"],"picked":"SKIP","floor":45},{"not_picked":["WindmillStrike+1","WreathOfFlame+1","Wireheading+1"],"picked":"SKIP","floor":46},{"not_picked":["Protect+1","Pray+1","CutThroughFate+1"],"picked":"SKIP","floor":48}],"player_experience":1019869,"relics_obtained":[{"floor":2.0,"key":"Art of War"},{"floor":7.0,"key":"Mercury Hourglass"},{"floor":9.0,"key":"Whetstone"},{"floor":10.0,"key":"PreservedInsect"},{"floor":14.0,"key":"Damaru"},{"floor":19.0,"key":"Red Mask"},{"floor":23.0,"key":"Letter Opener"},{"floor":24.0,"key":"Omamori"},{"floor":26.0,"key":"Toxic Egg 2"},{"floor":29.0,"key":"Tiny Chest"},{"floor":31.0,"key":"Orichalcum"},{"floor":37.0,"key":"Unceasing Top"},{"floor":41,"key":"Juzu Bracelet"},{"floor":43,"key":"Boot"},{"floor":44,"key":"Shuriken"},{"floor":46,"key":"Molten Egg 2"}],"event_choices":[{"damage_healed":0.0,"max_hp_gain":0.0,"max_hp_loss":0.0,"gold_gain":0.0,"event_name":"Shining Light","player_choice":"Entered Light","floor":3.0,"gold_loss":0.0,"damage_taken":17.0,"cards_upgraded":["Defend_P","Strike_P"]},{"cards_removed":["Strike_P"],"damage_healed":0.0,"max_hp_gain":0.0,"max_hp_loss":0.0,"gold_gain":0.0,"event_name":"The Cleric","player_choice":"Card Removal","floor":4.0,"gold_loss":50.0,"damage_taken":0.0},{"damage_healed":0.0,"max_hp_gain":0.0,"max_hp_loss":0.0,"gold_gain":0.0,"event_name":"Masked Bandits","player_choice":"Fought Bandits","floor":19.0,"gold_loss":0.0,"damage_taken":0.0},{"cards_removed":["Strike_P"],"damage_healed":0.0,"max_hp_gain":0.0,"max_hp_loss":0.0,"gold_gain":0.0,"event_name":"Back to Basics","player_choice":"Elegance","floor":20.0,"gold_loss":0.0,"damage_taken":0.0},{"damage_healed":0.0,"max_hp_gain":0.0,"max_hp_loss":0.0,"gold_gain":0.0,"event_name":"Nest","player_choice":"Joined the Cult","floor":21.0,"gold_loss":0.0,"damage_taken":6.0,"cards_obtained":["RitualDagger"]},{"damage_healed":0.0,"max_hp_gain":0.0,"max_hp_loss":0.0,"gold_gain":0.0,"event_name":"MindBloom","player_choice":"Fight","floor":37.0,"gold_loss":0.0,"damage_taken":0.0},{"damage_healed":0.0,"max_hp_gain":0.0,"max_hp_loss":0.0,"gold_gain":0.0,"event_name":"SensoryStone","player_choice":"Memory 1","floor":38.0,"gold_loss":0.0,"damage_taken":0.0}],"is_beta":false,"boss_relics":[{"not_picked":["HolyWater","Black Star"],"picked":"Philosopher\u0027s Stone"},{"not_picked":["Pandora\u0027s Box","SacredBark"],"picked":"SlaversCollar"}],"items_purged_floors":[],"is_endless":false,"potions_floor_spawned":[7,13,14,16,19,23,29,31,36,39,41],"ascension_level":9}}