{"host":"c5j8t0wyh2hvx9ju","time":1612605298,"event":{"mods":["Act Like it!","Astrologer","BaseMod","BetterRewards","Gensokyo","Minty Spire (QoL Compilation)","Prisma Mod","StSLib"],"gold_per_floor":[114,14,32,32,42,73,73,73,73],"floor_reached":8,"language":"JPN","playtime":774,"items_purged":[],"score":74,"play_id":"8398fa7e-47d2-491d-a9d5-9ff4d1b416fe","local_time":"20210206185458","is_ascension_mode":true,"campfire_choices":[{"data":"Apotheosis","floor":7,"key":"SMITH"}],"circlet_count":0,"master_deck":["astrologer:Strike","astrologer:Strike","astrologer:Strike+1","astrologer:Strike+1","astrologer:Defend","astrologer:Defend","astrologer:Defend","astrologer:Defend","astrologer:NorthStar","astrologer:TheFool","Apotheosis+1","astrologer:Justice","astrologer:Confirmation+1","Clumsy","astrologer:Conjunction","astrologer:Novile"],"relics":["astrologer:SkyMirror","Art of War","Medical Kit","Frozen Egg 2","Gensokyo:NagashiBinaDoll","Whetstone"],"acts_visited":["Gensokyo:Gensokyo"],"potions_floor_usage":[8,8],"damage_taken":[{"damage":13,"enemies":"Gensokyo:3_Fairies","floor":1,"turns":7},{"damage":10,"enemies":"Gensokyo:2_Kodama","floor":3,"turns":8},{"damage":3,"enemies":"Gensokyo:Python","floor":5,"turns":4},{"damage":1,"enemies":"Gensokyo:Mamizou","floor":6,"turns":10},{"damage":24,"enemies":"Gensokyo:Cirno","floor":8,"turns":4}],"seed_played":"6440201411516304513","potions_obtained":[{"floor":3,"key":"Explosive Potion"},{"floor":5,"key":"AttackPotion"}],"is_trial":false,"path_per_floor":["M","?","M","?","M","E","R","E"],"character_chosen":"ASTROLOGER","items_purchased":["Art of War","Medical Kit","Apotheosis"],"campfire_rested":0,"item_purchase_floors":[0,0,0],"current_hp_per_floor":[36,36,26,26,23,22,22,0,0],"gold":73,"neow_bonus":"","is_daily":false,"chose_seed":false,"campfire_upgraded":1,"win_rate":0.0,"timestamp":1612605298,"path_taken":["M","?","M","?","M","E","R","E"],"items_purchased_type":["Relic","Relic","Card"],"build_version":"2020-12-22","purchased_purges":0,"victory":false,"max_hp_per_floor":[70,70,70,70,70,70,70,70,70],"card_choices":[{"not_picked":["astrologer:TheEmpress","astrologer:Still"],"picked":"astrologer:Justice","floor":1},{"not_picked":["astrologer:Quincunx","astrologer:Stardust"],"picked":"astrologer:Confirmation+1","floor":3},{"not_picked":["astrologer:Fireball","astrologer:Radiance"],"picked":"astrologer:Conjunction","floor":5},{"not_picked":["astrologer:CometStrike","astrologer:TheDevil"],"picked":"astrologer:Novile","floor":6}],"player_experience":871792,"relics_obtained":[{"floor":6,"key":"Whetstone"}],"event_choices":[],"is_beta":false,"boss_relics":[],"items_purged_floors":[],"is_endless":false,"potions_floor_spawned":[3,5],"killed_by":"Gensokyo:Cirno","ascension_level":8}}