{"host":"a3oe3gstxz77c7qu","time":1612614895,"event":{"mods":["2.2 Compatiblity","Act Like it!","Astrologer","BaseMod","Bestiary","Better Altar","Better Match","Better Note","Better Skull","Better Third Choice","Block Reminder","Curses Come First","Custom Start","Dark Map","Downfall","Friendly Minions","GifTheSpireLib","Hallownest","Hermit","Jorbs\u0027s Wanderer Trilogy","Lobotomy","LobotomyExtend","Marisa????????","Minty Spire (QoL Compilation)","Permanent Neow","Quick Restart","Relic Filter Mod","Relic Stats","Reliquary","Replay The Spire","Smile Girya","Spire Arcade","StSLib","The Bug Knight","The Cursed","The Disciple","The Jungle","Uncapped","Unknown Chances","Wandering Minibosses"],"gold_per_floor":[116,36,56,69,82,82,95,95,95,121,121,156,156,156,156],"floor_reached":14,"language":"ENG","playtime":1037,"items_purged":[],"score":115,"play_id":"44b566f1-1149-426a-990c-6756498c10d8","local_time":"20210206123455","is_ascension_mode":true,"campfire_choices":[{"data":"Echoward","floor":6,"key":"SMITH"},{"data":"PatternShift","floor":11,"key":"SMITH"}],"circlet_count":0,"master_deck":["Strike_Br","Strike_Br","Strike_Br","Defend_Br","Defend_Br","Defend_Br","Defend_Br","SecondHand","PatternShift+1","Stagnate","LockedWarPaint","UniverseFragment","HandsUpB","Echoward+1","MeatLantern","WakeUpCall","OldTimer","LockedBlood"],"relics":["Chronometer","CogitoBucket","RabbitCall","LetterFromLob","Incense Burner","Counterbalance","Chameleon Ring"],"acts_visited":["Exordium"],"potions_floor_usage":[5,7,10,10],"damage_taken":[{"damage":2,"enemies":"Cultist","floor":1,"turns":6},{"damage":26,"enemies":"Small Slimes","floor":3,"turns":7},{"damage":4,"enemies":"Jaw Worm","floor":4,"turns":7},{"damage":0,"enemies":"Gremlin Gang","floor":5,"turns":10},{"damage":0,"enemies":"Exordium Wildlife","floor":7,"turns":6},{"damage":7,"enemies":"3 Sentries","floor":10,"turns":13},{"damage":9,"enemies":"HollowMod:MossKnight","floor":12,"turns":11},{"damage":17,"enemies":"3 Sentries","floor":14,"turns":10}],"seed_played":"-5928434507590266783","potions_obtained":[{"floor":3,"key":"Guardian:BlockOnCardUsePotion"},{"floor":4,"key":"EntropicBrew"},{"floor":12,"key":"Milkshake"}],"is_trial":false,"path_per_floor":["M","$","M","M","M","R","M","?","T","E","R","E","?","E"],"character_chosen":"CHRONO_CLASS","items_purchased":["Stagnate"],"campfire_rested":0,"item_purchase_floors":[2],"current_hp_per_floor":[63,63,37,33,33,33,33,33,33,26,26,17,17,0,0],"gold":156,"neow_bonus":"","is_daily":false,"chose_seed":false,"campfire_upgraded":2,"win_rate":0.0,"timestamp":1612614895,"path_taken":["M","?","?","M","M","R","M","?","T","E","R","E","?","E"],"items_purchased_type":["Card"],"build_version":"2020-12-22","purchased_purges":0,"victory":false,"max_hp_per_floor":[65,65,65,65,65,65,65,65,65,65,65,65,65,65,65],"relic_stats":{"counters":[8,69],"obtain_stats":[{"RabbitCall":0,"CogitoBucket":0,"Chameleon Ring":12,"Chronometer":0,"Counterbalance":10,"LetterFromLob":1,"Incense Burner":9},{"RabbitCall":0,"CogitoBucket":0,"Chameleon Ring":7,"Chronometer":0,"Counterbalance":6,"LetterFromLob":1,"Incense Burner":5},{"RabbitCall":0,"CogitoBucket":0,"Chameleon Ring":59,"Chronometer":0,"Counterbalance":48,"LetterFromLob":6,"Incense Burner":36}]},"card_choices":[{"not_picked":["FairyFestival","WallGazer","QueenBee"],"picked":"Singing Bowl","floor":1},{"not_picked":["WakeUpCall","ReapSow","VestedLegacy"],"picked":"SKIP","floor":1},{"not_picked":["HandsUpB","CrunchTime"],"picked":"LockedWarPaint","floor":3},{"not_picked":["BeautyBeast","CrumblingArmor"],"picked":"UniverseFragment","floor":3},{"not_picked":["HandsUpC","LockedMedicine"],"picked":"HandsUpB","floor":4},{"not_picked":["Scorched","Laetitia","CherryBlossoms"],"picked":"Singing Bowl","floor":4},{"not_picked":["Parity","CrunchTime"],"picked":"Echoward","floor":5},{"not_picked":["Wellcheers","RedShoes","LaLuna"],"picked":"Singing Bowl","floor":5},{"not_picked":["CherryBlossoms","Scarecrow"],"picked":"MeatLantern","floor":5},{"not_picked":["AlternateTimeline","LockedTurtyl"],"picked":"WakeUpCall","floor":7},{"not_picked":["QueenOfHatred","MHz","CrumblingArmor"],"picked":"Singing Bowl","floor":7},{"not_picked":["Accruing","LockedWarPaint"],"picked":"OldTimer","floor":10},{"not_picked":["OSAHOGD","Scorched","WallGazer"],"picked":"Singing Bowl","floor":10},{"not_picked":["Parity","OracleForm"],"picked":"LockedBlood","floor":12},{"not_picked":["Rudolta","PunishingBird","Scarecrow"],"picked":"Singing Bowl","floor":12}],"player_experience":1145055,"relics_obtained":[{"floor":1,"key":"LetterFromLob"},{"floor":9,"key":"Incense Burner"},{"floor":10,"key":"Counterbalance"},{"floor":12,"key":"Chameleon Ring"}],"event_choices":[{"damage_healed":0,"gold_gain":0,"player_choice":"Ignored","damage_taken":0,"max_hp_gain":0,"max_hp_loss":0,"event_name":"Liars Game","floor":8,"gold_loss":0},{"cards_removed":["Strike_Br"],"damage_healed":0,"gold_gain":0,"player_choice":"Offered Basic","damage_taken":0,"max_hp_gain":0,"max_hp_loss":0,"event_name":"Bonfire Elementals","floor":13,"gold_loss":0}],"is_beta":false,"boss_relics":[],"items_purged_floors":[],"is_endless":false,"potions_floor_spawned":[3,4,12],"killed_by":"3 Sentries","ascension_level":3}}