{"host":"hf83sijwe64ts2lm","time":1612649054,"event":{"mods":["2.2 Compatiblity","BaseMod","Better Altar","Better Match","Better Note","Better Sensory Stone","Better Skull","Better Third Choice","Colored Map","Colored Powertips","Highlight Path","Hubris","Infinite Spire","Minty Spire (QoL Compilation)","Quick Restart","Rare Cards Sparkle","Relic Stats","Reliquary","Replay The Spire","Shop Mod","Spicy Shops","Spire Arcade","StSLib","Thieving Mod"],"gold_per_floor":[110,35,35,0,18,51,51,83,137,169,183,183,201,216,216,318,318,338,338,258,277,277,277,309,309,309,309,326,326,9,20,20,117,117,141,141,165,188,188,188],"floor_reached":39,"language":"ENG","playtime":1040,"items_purged":[],"score":870,"play_id":"6068d4ea-ba03-4dd4-b205-4e8d086b89e3","local_time":"20210206170414","is_ascension_mode":true,"campfire_choices":[{"floor":7,"key":"RECALL"},{"floor":12,"key":"REST"},{"data":"Feed","floor":15,"key":"SMITH"},{"floor":23,"key":"REST"},{"data":"infinitespire:SevenWalls","floor":23,"key":"SMITH"},{"data":"ReplayTheSpireMod:Chaos Vortex","floor":25,"key":"SMITH"},{"data":"Hemogenesis","floor":27,"key":"SMITH"},{"data":"infinitespire:Fortify","floor":29,"key":"SMITH"},{"data":"Trip","floor":32,"key":"SMITH"}],"circlet_count":0,"master_deck":["Strike_R","Strike_R","Strike_R","Strike_R","Strike_R","Defend_R","Defend_R","Defend_R","Defend_R","Bash","Thunderclap","hubris:ReadiedAction+1","infinitespire:SevenWalls+1","Enlightenment","Rampage","Feed+1","Replay:Undeath\u0027s Touch","Twin Strike","Wild Strike","Pommel Strike","Pommel Strike","Impervious","CommonCold","Shame","Replay:Undeath\u0027s Touch","Feed+1","Hemogenesis+1","ReplayTheSpireMod:Strike From Hell","ReplayTheSpireMod:Chaos Vortex+1","infinitespire:Fortify+1","Pot Of Greed","Pot Of Greed","Pot Of Greed","Thunderclap","Flex","Thunderclap+1","Thunderclap+1","Replay:Undeath\u0027s Touch+1","Trip+1","Pot Of Greed","Reckless Charge+1","Double Tap","Uppercut+1","Sadistic Nature","Infernal Blade","ReplayTheSpireMod:Limb From Limb+1"],"relics":["Burning Blood","NeowsBlessing","reliquary:Knoch","infinitespire:PuzzleCube","Replay:Baseball","Blue Doll","Replay:Ancient Bell","Blood Vial","Replay:WaspNest","infinitespire:Magic Flask","hubris:ChampionShield","Grinning Jar","Molten Egg 2","infinitespire:EvilPickle"],"acts_visited":["Exordium","TheCity","TheBeyond"],"potions_floor_usage":[10,13,13,21,21,28,31,31,33,35],"damage_taken":[{"damage":0,"enemies":"Jaw Worm","floor":1,"turns":1},{"damage":0,"enemies":"Cultist","floor":5,"turns":1},{"damage":0,"enemies":"Lagavulin","floor":6,"turns":1},{"damage":20,"enemies":"Replay:BlueRogue","floor":8,"turns":5},{"damage":10,"enemies":"3 Sentries","floor":10,"turns":5},{"damage":0,"enemies":"2 Louse","floor":11,"turns":2},{"damage":0,"enemies":"Exordium Thugs","floor":13,"turns":2},{"damage":1,"enemies":"2 Fungi Beasts","floor":14,"turns":2},{"damage":11,"enemies":"Slime Boss","floor":16,"turns":9},{"damage":28,"enemies":"2 Thieves","floor":18,"turns":5},{"damage":30,"enemies":"Shell Parasite","floor":20,"turns":5},{"damage":19,"enemies":"Sentry and Sphere","floor":21,"turns":4},{"damage":18,"enemies":"Replay:Snechameleon","floor":24,"turns":3},{"damage":12,"enemies":"Chosen and Byrds","floor":28,"turns":8},{"damage":9,"enemies":"Centurion and Healer","floor":31,"turns":5},{"damage":61,"enemies":"Pondfish","floor":33,"turns":13},{"damage":17,"enemies":"3 Shapes","floor":35,"turns":2},{"damage":69,"enemies":"3 Darklings","floor":37,"turns":6},{"damage":32,"enemies":"Sphere and 2 Shapes","floor":38,"turns":5},{"damage":33,"enemies":"Writhing Mass","floor":39,"turns":1}],"seed_played":"6602878258530936133","potions_obtained":[{"floor":5,"key":"Swift Potion"},{"floor":8,"key":"ColorlessPotion"},{"floor":11,"key":"DistilledChaos"},{"floor":13,"key":"LiquidMemories"},{"floor":18,"key":"BloodPotion"},{"floor":24,"key":"ColorlessPotion"},{"floor":28,"key":"Swift Potion"},{"floor":33,"key":"BlessingOfTheForge"}],"is_trial":false,"path_per_floor":["M","?","?","?","M","E","R","E","T","E","M","R","M","M","R","B",null,"M","?","M","M","AVR","R","E","R","T","R","M","R","$","M","R","B",null,"M","?","M","M","M"],"character_chosen":"IRONCLAD","items_purchased":["Thunderclap+1","Replay:Undeath\u0027s Touch+1","Trip","Explosive Potion"],"campfire_rested":2,"item_purchase_floors":[30,30,30,30],"current_hp_per_floor":[80,80,59,65,71,77,77,63,63,62,71,92,95,95,95,90,94,73,73,51,63,63,92,91,91,91,91,100,100,100,103,103,50,103,94,94,33,13,0,0],"gold":188,"neow_bonus":"THREE_ENEMY_KILL","is_daily":false,"chose_seed":false,"campfire_upgraded":6,"win_rate":0.0,"timestamp":1612649054,"path_taken":["M","?","?","?","M","E","R","E","T","E","M","R","M","M","R","BOSS","M","?","M","M","AVR","R","E","R","T","R","M","R","?","?","R","BOSS","M","?","?","M","?"],"items_purchased_type":["Card","Card","Card","Potion"],"build_version":"2020-12-22","purchased_purges":0,"victory":false,"max_hp_per_floor":[80,80,80,86,86,86,86,86,86,89,92,92,95,95,95,95,95,95,95,95,99,99,99,103,103,103,103,116,116,116,120,120,120,120,120,120,120,124,124,124],"relic_stats":{"Blood Vial":21,"counters":[20,85],"obtain_stats":[{"NeowsBlessing":0,"Blue Doll":10,"Replay:WaspNest":17,"Replay:Ancient Bell":17,"infinitespire:Magic Flask":17,"Burning Blood":0,"Blood Vial":17,"infinitespire:EvilPickle":33,"Replay:Baseball":9,"Molten Egg 2":26,"reliquary:Knoch":6,"hubris:ChampionShield":22,"Grinning Jar":24,"infinitespire:PuzzleCube":8},{"NeowsBlessing":0,"Blue Doll":5,"Replay:WaspNest":9,"Replay:Ancient Bell":9,"infinitespire:Magic Flask":9,"Burning Blood":0,"Blood Vial":9,"infinitespire:EvilPickle":16,"Replay:Baseball":4,"Molten Egg 2":13,"reliquary:Knoch":3,"hubris:ChampionShield":12,"Grinning Jar":13,"infinitespire:PuzzleCube":4},{"NeowsBlessing":0,"Blue Doll":13,"Replay:WaspNest":28,"Replay:Ancient Bell":28,"infinitespire:Magic Flask":28,"Burning Blood":0,"Blood Vial":28,"infinitespire:EvilPickle":71,"Replay:Baseball":8,"Molten Egg 2":45,"reliquary:Knoch":3,"hubris:ChampionShield":42,"Grinning Jar":45,"infinitespire:PuzzleCube":8}],"Burning Blood":97},"card_choices":[{"not_picked":["Power Through","Pommel Strike"],"picked":"Thunderclap","floor":1},{"not_picked":["Clash+1","Havoc+1"],"picked":"hubris:ReadiedAction+1","floor":2},{"not_picked":["The Bomb+1","Crow Ritual+1"],"picked":"Violence+1","floor":2},{"not_picked":["infinitespire:TheBestDefense","hubris:Rewind"],"picked":"infinitespire:SevenWalls","floor":3},{"not_picked":["Dual Wield","Bloodletting"],"picked":"Rampage","floor":5},{"not_picked":["Heavy Blade","Entrench"],"picked":"Feed","floor":6},{"not_picked":["Clash","Run Through"],"picked":"Replay:Undeath\u0027s Touch","floor":8},{"not_picked":["Feel No Pain","Anger"],"picked":"Twin Strike","floor":10},{"not_picked":["Intimidate","Clash"],"picked":"Wild Strike","floor":11},{"not_picked":["Shrug It Off","Eclipse"],"picked":"Pommel Strike","floor":13},{"not_picked":["Body Slam","Bloodletting"],"picked":"Pommel Strike","floor":14},{"not_picked":["Replay:Many Hands","hubris:StunningStrike"],"picked":"Impervious","floor":16},{"not_picked":["Shame","Amnesia"],"picked":"CommonCold","floor":17},{"not_picked":["Languid","Voices"],"picked":"ReplayTheSpireMod:IOU","floor":17},{"not_picked":["Doubt","Delirium"],"picked":"Shame","floor":17},{"not_picked":["ReplayTheSpireMod:Strike From Hell","Wild Strike+1"],"picked":"Replay:Undeath\u0027s Touch","floor":18},{"not_picked":["Power Through","Shockwave"],"picked":"Hemogenesis","floor":20},{"not_picked":["Pommel Strike","Combust"],"picked":"ReplayTheSpireMod:Strike From Hell","floor":21},{"not_picked":["Heavy Blade","Anger"],"picked":"Thunderclap","floor":24},{"not_picked":["Heavy Blade+1","Iron Wave+1"],"picked":"Flex","floor":28},{"not_picked":["Headbutt+1","Pommel Strike+1"],"picked":"Reckless Charge+1","floor":31},{"not_picked":["Bludgeon+1","Offering"],"picked":"Double Tap","floor":33},{"not_picked":["Armaments+1","Flex+1"],"picked":"Uppercut+1","floor":35},{"not_picked":["ReplayTheSpireMod:Muscle Training","Intimidate+1"],"picked":"Infernal Blade","floor":37},{"not_picked":["Wild Strike+1","ReplayTheSpireMod:Corrosion Curse"],"picked":"ReplayTheSpireMod:Limb From Limb+1","floor":38}],"player_experience":149658,"relics_obtained":[{"floor":6,"key":"reliquary:Knoch"},{"floor":8,"key":"infinitespire:PuzzleCube"},{"floor":9,"key":"Replay:Baseball"},{"floor":10,"key":"Blue Doll"},{"floor":24,"key":"Grinning Jar"},{"floor":26,"key":"Molten Egg 2"}],"event_choices":[{"damage_healed":0,"gold_gain":0,"player_choice":"2","damage_taken":0,"max_hp_gain":0,"max_hp_loss":0,"event_name":"betterMatch:BetterMatch","floor":2,"gold_loss":0,"cards_obtained":["betterMatch:CommonCard","betterMatch:ColorlessRareCard"]},{"damage_healed":0,"gold_gain":0,"player_choice":"RENOUNCE","damage_taken":35,"max_hp_gain":0,"max_hp_loss":0,"event_name":"betterThird:BetterSerpent","floor":4,"gold_loss":35,"cards_obtained":["Enlightenment"]},{"damage_healed":0,"gold_gain":0,"player_choice":"Copied","damage_taken":0,"max_hp_gain":0,"max_hp_loss":0,"event_name":"Duplicator","floor":19,"gold_loss":0,"cards_obtained":["Feed"]},{"damage_healed":0,"gold_gain":0,"cards_transformed":["Violence"],"player_choice":"Transformed","damage_taken":0,"max_hp_gain":0,"max_hp_loss":0,"event_name":"Transmorgrifier","floor":36,"gold_loss":0,"cards_obtained":["Sadistic Nature"]}],"is_beta":false,"boss_relics":[{"not_picked":["Painkiller Herb","reliquary:WritOfMandamus"],"picked":"Replay:Ancient Bell"},{"not_picked":["reliquary:RoseTintedGlasses","infinitespire:Lucky Rock"],"picked":"Blood Vial"},{"not_picked":["reliquary:Sideboard","reliquary:Firecrackers"],"picked":"Replay:WaspNest"},{"not_picked":["Du-Vu Doll","Lizard Tail"],"picked":"infinitespire:Magic Flask"},{"not_picked":["infinitespire:Cupcake","Astrolabe","hubris:CrackedHourglass"]}],"items_purged_floors":[],"is_endless":false,"potions_floor_spawned":[5,8,11,13,18,24,28,33],"killed_by":"Writhing Mass","ascension_level":5}}