{"host":"g1qzxxy7a24sg3a3","time":1612598735,"event":{"mods":["ATMod(阿瑾Mod)","Act Like it!","Arknights","BaseMod","Custom Start","Gensokyo","GungeonMod","Hallownest","Lobotomy","LobotomyExtend","Minty Spire (QoL Compilation)","MostiFishMod","Pale of the Ancients","Replay The Spire","SOS（斯巴达之子）","Shop Mod","Spicy Shops","StSLib","TestMod","The Administrix","The Bug Knight","Waifu the Spire","WarShipGirlsR/战舰少女R mod","【遗物卡牌】REMEMod","残留之物"],"gold_per_floor":[118,132,132,149,149,249,249,249,249],"floor_reached":8,"language":"ZHS","playtime":289,"items_purged":[],"score":46,"play_id":"7e0cad34-eaec-43d5-aade-06d1eccf775b","local_time":"20210206160535","is_ascension_mode":false,"campfire_choices":[],"circlet_count":0,"master_deck":[],"relics":["ats:Sanity","AT_ATBox","DaveBox","testmod-TestBox","REME_ComplimentaryCards","CogitoBucket","SynthV:TestCard","LetterFromLob","ats:Lavender"],"acts_visited":["Gensokyo:Gensokyo"],"potions_floor_usage":[],"damage_taken":[{"damage":6,"enemies":"Gensokyo:2_Kodama","floor":1,"turns":7},{"damage":30,"enemies":"Gensokyo:3_Fairies","floor":2,"turns":5},{"damage":6,"enemies":"Gensokyo:Python","floor":4,"turns":4},{"damage":8,"enemies":"Gensokyo:Mamizou","floor":8,"turns":4}],"seed_played":"1669558630471672423","potions_obtained":[],"is_trial":false,"path_per_floor":["M","M","?","M","?","?","T","E"],"character_chosen":"DOCTOR_CLASS","items_purchased":[],"campfire_rested":0,"item_purchase_floors":[],"current_hp_per_floor":[66,36,58,52,72,72,72,65,65],"gold":249,"neow_bonus":"","is_daily":false,"chose_seed":false,"campfire_upgraded":0,"win_rate":0.0,"timestamp":1612598735,"path_taken":["M","M","?","?","?","?","?","E"],"items_purchased_type":[],"build_version":"2020-12-22","purchased_purges":0,"victory":false,"max_hp_per_floor":[72,72,72,72,72,72,72,72,72],"card_choices":[{"not_picked":["PunishingBird","WallGazer","VoidDream"],"picked":"Singing Bowl","floor":1},{"not_picked":["PunishingBird","OldLady"],"picked":"CrumblingArmor","floor":1},{"not_picked":["ats:Sword Rain","ats:Demon Strength","ats:Guard Mode"],"picked":"SKIP","floor":1},{"not_picked":["SpiderBud","ShyLook","Murderer"],"picked":"Singing Bowl","floor":2},{"not_picked":["PunishingBird","ShyLook"],"picked":"OldLady","floor":2},{"not_picked":["ats:Consecutive Shot Auto","ats:Explosion Area Strengthen","ats:Mental Burst","ats:Guardian Obelisk","ats:Curse Doll"],"picked":"SKIP","floor":2},{"not_picked":["Bloodbath","MeatLantern"],"picked":"BigBadWolf","floor":4},{"not_picked":["ats:Consecutive Shot Auto","ats:Assault Order","ats:Guard Mode","ats:Flexible Camouflage","ats:Spore Proliferation"],"picked":"SKIP","floor":4}],"player_experience":78429,"relics_obtained":[{"floor":1,"key":"SynthV:TestCard"},{"floor":4,"key":"LetterFromLob"},{"floor":7,"key":"ats:Lavender"}],"event_choices":[],"is_beta":false,"boss_relics":[],"items_purged_floors":[],"is_endless":false,"potions_floor_spawned":[],"killed_by":"Gensokyo:Mamizou","ascension_level":0}}