{"host":"bp73yv6vym73vckj","time":1612645226,"event":{"mods":["BaseMod","Colored Powertips","Conspire","Downfall","Highlight Path","Hubris","Infinite Spire","Ironclad Rager","Minty Spire (QoL Compilation)","Quick Restart","Replay The Spire","StSLib"],"gold_per_floor":[0,18,36,136,155,155,155,174,10,10,0,0,100,112,127,127,127,127],"floor_reached":16,"language":"ENG","playtime":1096,"items_purged":[],"score":217,"play_id":"8e9a4824-c810-47e1-8234-201cc173b3d3","local_time":"20210206160026","is_ascension_mode":false,"campfire_choices":[{"data":"sneckomod:Mudshield","floor":10,"key":"SMITH"},{"data":"sneckomod:Nope","floor":12,"key":"SMITH"}],"circlet_count":0,"master_deck":["sneckomod:Strike","sneckomod:Strike","sneckomod:Defend","sneckomod:Defend","sneckomod:Defend","sneckomod:SnekBite","sneckomod:Unknown","sneckomod:Unknown","sneckomod:MorePower","sneckomod:UnknownClassINFINITE_BLACK+1","sneckomod:DiceCrush","sneckomod:UnknownClassTHE_BRONZE_AUTOMATON","CurseOfTheBell","CurseOfTheBell","ReplayTheSpireMod:Doomed","sneckomod:MorePower","Doubt","Delirium","sneckomod:UnknownUncommonSkill+1","sneckomod:UnknownRareAttack+1","sneckomod:CheapStock","sneckomod:UnknownExhaust+1","sneckomod:UnknownUncommonPower+1","sneckomod:UnknownBlock+1","sneckomod:UnknownClassBLUE+1","sneckomod:ImprovisedAttack","sneckomod:Mudshield+1","sneckomod:UnknownClassBLUE+1","sneckomod:UnknownDraw+1","sneckomod:Nope+1","sneckomod:SerpentIdol","sneckomod:UnknownBoss+1","sneckomod:UnknownExhaust","sneckomod:UnknownClassRED+1","sneckomod:Unknown2Cost","sneckomod:ImprovisedGuard"],"relics":["sneckomod:SneckoSoul","downfall:ExtraCursedBell","Bag of Marbles","HornCleat","Replay:Towering Pillar of Hats","MealTicket","infinitespire:Golems Mask"],"acts_visited":["Exordium"],"potions_floor_usage":[16],"damage_taken":[{"damage":5,"enemies":"Cultist","floor":2,"turns":4},{"damage":6,"enemies":"Jaw Worm","floor":3,"turns":3},{"damage":8,"enemies":"Small Slimes","floor":5,"turns":4},{"damage":17,"enemies":"Blue Slaver","floor":8,"turns":4},{"damage":3,"enemies":"downfall:FleeingMerchant","floor":9,"turns":4},{"damage":2,"enemies":"downfall:FleeingMerchant","floor":11,"turns":4},{"damage":56,"enemies":"downfall:Heads","floor":13,"turns":7},{"damage":12,"enemies":"2 Fungi Beasts","floor":14,"turns":2},{"damage":13,"enemies":"3 Louse","floor":15,"turns":3},{"damage":3,"enemies":"IC_STATUS_ARCHETYPE","floor":16,"turns":4}],"seed_played":"6130860252967531940","potions_obtained":[{"floor":2,"key":"Reflective Coating"},{"floor":13,"key":"BlessingOfTheForge"},{"floor":15,"key":"Fire Potion"}],"is_trial":false,"path_per_floor":["R","M","M","?","M","?","T","M","$","R","$","R","?","M","M","B"],"character_chosen":"THE_SNECKO","items_purchased":["sneckomod:Mudshield"],"campfire_rested":0,"item_purchase_floors":[9],"current_hp_per_floor":[90,85,79,84,76,76,76,59,71,71,84,84,28,16,3,0,0,0],"gold":127,"neow_bonus":"THREE_RARE_CARDS","is_daily":false,"chose_seed":false,"campfire_upgraded":2,"win_rate":0.0,"timestamp":1612645226,"path_taken":["R","M","M","?","M","?","T","M","?","R","?","R","?","M","M","BOSS"],"items_purchased_type":["Card"],"build_version":"2020-12-22","purchased_purges":0,"victory":false,"max_hp_per_floor":[90,90,90,95,95,95,95,95,95,95,95,95,95,95,95,95,95,95],"card_choices":[{"not_picked":["sneckomod:UnknownBoss","sneckomod:Cheat"],"picked":"sneckomod:MorePower","floor":0},{"not_picked":["sneckomod:UnknownUncommonAttack+1","sneckomod:UnknownExhaust+1"],"picked":"sneckomod:UnknownClassINFINITE_BLACK+1","floor":2},{"not_picked":["sneckomod:UnknownClassPURPLE","sneckomod:RainOfDice"],"picked":"sneckomod:DiceCrush","floor":2},{"not_picked":["sneckomod:DiceBoulder","sneckomod:UnknownWeak"],"picked":"sneckomod:UnknownClassTHE_BRONZE_AUTOMATON","floor":3},{"not_picked":["sneckomod:UnknownClassSLIMEBOUND+1","sneckomod:UnknownUncommonAttack+1"],"picked":"sneckomod:UnknownUncommonSkill+1","floor":5},{"not_picked":["sneckomod:UnknownVulnerable+1","sneckomod:UnknownBlock+1"],"picked":"sneckomod:UnknownRareAttack+1","floor":5},{"not_picked":["sneckomod:TrashToTreasure","sneckomod:Unknown1Cost"],"picked":"sneckomod:CheapStock","floor":5},{"not_picked":["sneckomod:UnknownUncommonSkill+1","sneckomod:UnknownClassGREEN+1"],"picked":"sneckomod:UnknownExhaust+1","floor":8},{"not_picked":["sneckomod:UnendingSupply","sneckomod:WideSting"],"picked":"sneckomod:UnknownUncommonPower","floor":8},{"not_picked":["sneckomod:UnknownClassGREEN+1","sneckomod:UnknownUncommonAttack+1"],"picked":"sneckomod:UnknownBlock+1","floor":9},{"not_picked":["sneckomod:UnknownClassGUARDIAN+1","sneckomod:Unknown2Cost+1"],"picked":"sneckomod:UnknownClassBLUE+1","floor":9},{"not_picked":["sneckomod:IronFang","sneckomod:UnknownClassTHE_BRONZE_AUTOMATON"],"picked":"sneckomod:ImprovisedAttack","floor":9},{"not_picked":["sneckomod:Unknown2Cost+1","sneckomod:UnknownClassSLIMEBOUND+1"],"picked":"sneckomod:UnknownClassBLUE+1","floor":11},{"not_picked":["sneckomod:UnknownBlock+1","sneckomod:UnknownClassTHE_BRONZE_AUTOMATON+1"],"picked":"sneckomod:UnknownDraw+1","floor":11},{"not_picked":["sneckomod:RainOfDice","sneckomod:ImprovisedAttack"],"picked":"sneckomod:Nope","floor":11},{"not_picked":["sneckomod:UnknownClassTHE_CHAMP_GRAY+1","sneckomod:UnknownClassGREEN+1"],"picked":"sneckomod:UnknownBoss+1","floor":13},{"not_picked":["sneckomod:Unknown2Cost","sneckomod:SoulDraw"],"picked":"sneckomod:UnknownExhaust","floor":13},{"not_picked":["sneckomod:Unknown1Cost+1","sneckomod:UnknownWeak+1"],"picked":"sneckomod:UnknownClassRED+1","floor":14},{"not_picked":["sneckomod:UnknownVulnerable","sneckomod:DiceBoulder"],"picked":"sneckomod:Unknown2Cost","floor":14},{"not_picked":["sneckomod:UnknownCommonSkill","sneckomod:UnknownUncommonAttack"],"picked":"sneckomod:ImprovisedGuard","floor":15}],"player_experience":856747,"relics_obtained":[{"floor":4,"key":"Bag of Marbles"},{"floor":4,"key":"HornCleat"},{"floor":4,"key":"Replay:Towering Pillar of Hats"},{"floor":7,"key":"infinitespire:Golems Mask"}],"event_choices":[{"cards_removed":["sneckomod:TailWhip"],"damage_healed":0,"gold_gain":0,"player_choice":"Offered Basic","damage_taken":0,"max_hp_gain":0,"max_hp_loss":0,"event_name":"Bonfire Elementals","floor":1,"gold_loss":0},{"damage_healed":0,"gold_gain":0,"player_choice":"Box","damage_taken":0,"relics_obtained":["MealTicket"],"max_hp_gain":0,"max_hp_loss":0,"event_name":"Big Fish","floor":6,"gold_loss":0,"cards_obtained":["Regret"]}],"is_beta":false,"boss_relics":[],"items_purged_floors":[],"is_endless":false,"potions_floor_spawned":[2,13,15],"killed_by":"IC_STATUS_ARCHETYPE","ascension_level":0}}