{"host":"7bzprrpqr2usgpra","time":1612610891,"event":{"mods":["ATMod(°¢èªMod)","BaseMod","BetterRewards","Downfall","Energized Spire","HololiveMod","Lobotomy","Minty Spire (QoL Compilation)","MostiFishMod","Quick Restart","Spicy Shops","StSLib","TestMod","[IsaacMod]ÒÔÈö¼âËþ"],"gold_per_floor":[138,288,688,718,748,789,789,843,869,908,908,953,976,453,453,534,534,553,609,626,626,661,692,796,863,941,477,484,484],"floor_reached":28,"language":"ZHS","playtime":1003,"items_purged":["Doubt","Defend_R","Strike_R"],"score":754,"play_id":"ae0a6bf1-d894-4be1-898e-2d3a01a7f1b3","local_time":"20210206192811","is_ascension_mode":true,"campfire_choices":[{"floor":7,"key":"REST"},{"floor":11,"key":"REST"},{"floor":15,"key":"REST"}],"circlet_count":0,"master_deck":["AscendersBane","Strike_R","Strike_R","Strike_R","Strike_R","Defend_R","Defend_R","Defend_R","Bash","BettingIsNotGood","AT_FamilyPortrait","Shrug It Off","Warcry","AT_Dispersion","Perfected Strike","Berserk","MostiFishMod:DoubleSword","Infernal Blade","Sword Boomerang","AT_EmpoweredMortalDraw","MostiFishMod:PerfectStrikeMKII","Perfected Strike","Pummel+1","Inflame","Dark Embrace","AT_DiedThrough","AT_ManFootWork+1","AT_Dispersion","testmod-FightingIntention","AT_ManFootWork"],"relics":["AT_ATBox","HushsDoor","DaveBox","RhineCircuit","SalivaCoin","testmod-RealStoneCalender","testmod-Recursion","SynthV:TestCard","Vajra","BloodDonationMachine","AT_SunfireAegis","AT_GuinsooRageblade","Juzu Bracelet","NightmareShop","Pantograph","Pen Nib","CultistMask","Red Mask","AT_DeathDance","Omamori","Bottled Tornado","DollysMirror"],"acts_visited":["Exordium","TheCity"],"potions_floor_usage":[4],"damage_taken":[{"damage":3,"enemies":"Small Slimes","floor":1,"turns":2},{"damage":4,"enemies":"Cultist","floor":4,"turns":3},{"damage":0,"enemies":"2 Louse","floor":5,"turns":3},{"damage":10,"enemies":"Lagavulin","floor":6,"turns":5},{"damage":19,"enemies":"3 Sentries","floor":8,"turns":5},{"damage":16,"enemies":"Gremlin Nob","floor":10,"turns":3},{"damage":10,"enemies":"Gremlin Gang","floor":12,"turns":3},{"damage":12,"enemies":"Looter","floor":13,"turns":2},{"damage":3,"enemies":"Slime Boss","floor":16,"turns":4},{"damage":3,"enemies":"Shell Parasite","floor":18,"turns":2},{"damage":3,"enemies":"Hiden Room Battle","floor":19,"turns":3},{"damage":0,"enemies":"Spheric Guardian","floor":20,"turns":1},{"damage":0,"enemies":"Masked Bandits","floor":22,"turns":1},{"damage":0,"enemies":"Book of Stabbing","floor":23,"turns":2},{"damage":16,"enemies":"Slavers","floor":25,"turns":3},{"damage":2,"enemies":"Colosseum Slavers","floor":28,"turns":2}],"seed_played":"-3457688188230588260","potions_obtained":[{"floor":1,"key":"Energy Potion"},{"floor":5,"key":"Fire Potion"},{"floor":8,"key":"PowerPotion"}],"is_trial":false,"path_per_floor":["M","?","?","M","M","E","R","E","T","E","R","M","M","$","R","B",null,"M","?","M","?","?","E","?","E","T","$","?"],"character_chosen":"IRONCLAD","items_purchased":["AT_EmpoweredMortalDraw","Juzu Bracelet","DollysMirror","testmod-FightingIntention","AT_ManFootWork"],"campfire_rested":3,"item_purchase_floors":[14,14,27,27,27],"current_hp_per_floor":[65,65,65,61,61,51,73,54,54,38,60,50,38,38,60,61,72,69,51,56,56,56,56,41,25,25,25,28,28],"gold":484,"neow_bonus":"BOSS_RELIC","is_daily":false,"chose_seed":false,"campfire_upgraded":0,"win_rate":0.0,"timestamp":1612610891,"path_taken":["M","?","?","M","M","E","R","E","T","E","R","M","M","$","R","BOSS","M","?","M","?","?","E","?","E","T","$","?"],"items_purchased_type":["Card","Relic","Relic","Card","Card"],"build_version":"2020-12-22","purchased_purges":3,"victory":false,"max_hp_per_floor":[75,75,75,75,75,75,75,75,75,75,75,75,75,75,75,75,75,75,75,75,75,75,75,75,75,75,75,75,75],"card_choices":[{"not_picked":[],"picked":"BettingIsNotGood","floor":0},{"not_picked":["Cleave","Anger"],"picked":"Shrug It Off","floor":1},{"not_picked":["Searing Blow","Havoc","Wild Strike","Armaments"],"picked":"Warcry","floor":4},{"not_picked":["Clash","Shrug It Off","Bomb","Disarm"],"picked":"AT_Dispersion","floor":5},{"not_picked":["Warcry","Dropkick","Anger","Thunderclap"],"picked":"Perfected Strike","floor":6},{"not_picked":["Sword Boomerang","Clash","Cleave","Headbutt"],"picked":"Berserk","floor":8},{"not_picked":["Pommel Strike","AT_IchimonjiDouble","Dual Wield","True Grit"],"picked":"MostiFishMod:DoubleSword","floor":10},{"not_picked":["Havoc","True Grit","Evolve","Hemokinesis"],"picked":"Infernal Blade","floor":12},{"not_picked":["Wild Strike","Headbutt","Rage","Armaments"],"picked":"Sword Boomerang","floor":13},{"not_picked":["MostiFishMod:NewArrival","Berserk","Exhume","MostiFishMod:FlyOverUtopia"],"picked":"MostiFishMod:PerfectStrikeMKII","floor":16},{"not_picked":["Sentinel","Thunderclap","Twin Strike","Pommel Strike"],"picked":"Perfected Strike","floor":18},{"not_picked":["True Grit","Armaments","Perfected Strike","Shrug It Off"],"picked":"Pummel+1","floor":19},{"not_picked":["MostiFishMod:DoubleSword","Fire Breathing","Headbutt+1","AT_BodySlamDance"],"picked":"Inflame","floor":20},{"not_picked":["Second Wind","Warcry","Havoc","Disarm"],"picked":"Dark Embrace","floor":22},{"not_picked":["Hemokinesis","Impervious","Sentinel","Headbutt+1"],"picked":"AT_DiedThrough","floor":23},{"not_picked":["Intimidate","Sword Boomerang","Havoc","Infernal Blade"],"picked":"AT_ManFootWork+1","floor":25}],"player_experience":282724,"relics_obtained":[{"floor":1,"key":"SynthV:TestCard"},{"floor":6,"key":"Vajra"},{"floor":8,"key":"BloodDonationMachine"},{"floor":9,"key":"AT_SunfireAegis"},{"floor":10,"key":"AT_GuinsooRageblade"},{"floor":19,"key":"Pantograph"},{"floor":19,"key":"Pen Nib"},{"floor":22,"key":"Red Mask"},{"floor":23,"key":"AT_DeathDance"},{"floor":25,"key":"Omamori"},{"floor":26,"key":"Bottled Tornado"}],"event_choices":[{"damage_healed":0,"gold_gain":150,"player_choice":"AGREE","damage_taken":0,"max_hp_gain":0,"max_hp_loss":0,"event_name":"Liars Game","floor":2,"gold_loss":0,"cards_obtained":["Doubt"]},{"damage_healed":0,"gold_gain":400,"player_choice":"Sell","damage_taken":0,"max_hp_gain":0,"max_hp_loss":0,"event_name":"¶÷ÂåË¹µÄÅÌ×Ó","floor":3,"relics_lost":["testmod-TestBox"],"gold_loss":0},{"damage_healed":0,"gold_gain":0,"player_choice":"Fight","damage_taken":0,"max_hp_gain":0,"max_hp_loss":0,"event_name":"HidenRoomEvent","floor":19,"gold_loss":0},{"damage_healed":0,"gold_gain":0,"player_choice":"Trade","damage_taken":0,"relics_obtained":["CultistMask"],"max_hp_gain":0,"max_hp_loss":0,"event_name":"FaceTrader","floor":21,"gold_loss":0},{"damage_healed":0,"gold_gain":0,"player_choice":"Fought Bandits","damage_taken":0,"max_hp_gain":0,"max_hp_loss":0,"event_name":"Masked Bandits","floor":22,"gold_loss":0},{"damage_healed":0,"gold_gain":0,"player_choice":"Fight","damage_taken":0,"max_hp_gain":0,"max_hp_loss":0,"event_name":"Colosseum","floor":28,"gold_loss":0}],"is_beta":false,"boss_relics":[{"not_picked":["Fusion Hammer","Transparent"],"picked":"NightmareShop"},{"not_picked":[]}],"items_purged_floors":[14,14,27],"is_endless":false,"potions_floor_spawned":[1,5,8,13,19,25],"killed_by":"Colosseum Slavers","ascension_level":19}}