{"host":"dcj2yvrgcvh5dl2s","time":1612602022,"event":{"mods":["BaseMod","Bestiary","Better Note","Block Reminder","Colored Powertips","Curses Come First","DeckTracker","Minty Spire (QoL Compilation)","Quick Restart","Rare Cards Sparkle","Relic Stats","StSLib"],"gold_per_floor":[19,19,19,43,63,104,104,135,135,135,160,178,214,214,214,214,214],"floor_reached":16,"language":"ENG","playtime":402,"items_purged":[],"score":240,"play_id":"c84f1ced-4120-4251-ae90-f24a371f95e2","local_time":"20210206190022","is_ascension_mode":true,"campfire_choices":[{"floor":7,"key":"REST"},{"floor":10,"key":"REST"},{"floor":15,"key":"REST"}],"circlet_count":0,"master_deck":["AscendersBane","Strike_R","Strike_R","Strike_R","Strike_R","Strike_R","Defend_R","Defend_R","Defend_R","Defend_R","Bash","Demon Form","Carnage+1","Body Slam","Infernal Blade","Flex","Shrug It Off","Body Slam","Shrug It Off","Heavy Blade"],"relics":["Burning Blood","Golden Idol","Lantern","Ornamental Fan","MealTicket","Dead Branch"],"acts_visited":["Exordium"],"potions_floor_usage":[6],"damage_taken":[{"damage":10,"enemies":"2 Louse","floor":1,"turns":2},{"damage":10,"enemies":"Small Slimes","floor":4,"turns":4},{"damage":12,"enemies":"Jaw Worm","floor":5,"turns":2},{"damage":20,"enemies":"3 Sentries","floor":6,"turns":5},{"damage":8,"enemies":"Gremlin Nob","floor":8,"turns":3},{"damage":11,"enemies":"Large Slime","floor":11,"turns":5},{"damage":9,"enemies":"Looter","floor":12,"turns":3},{"damage":32,"enemies":"3 Sentries","floor":13,"turns":6},{"damage":33,"enemies":"Hexaghost","floor":16,"turns":7}],"seed_played":"8670472312440024346","potions_obtained":[{"floor":4,"key":"Explosive Potion"},{"floor":13,"key":"EssenceOfSteel"}],"is_trial":false,"path_per_floor":["M","?","?","M","M","E","R","E","T","R","M","M","E","?","R","B"],"character_chosen":"IRONCLAD","items_purchased":[],"campfire_rested":3,"item_purchase_floors":[],"current_hp_per_floor":[64,38,38,34,28,14,36,34,34,56,51,48,22,11,33,0,0],"gold":214,"neow_bonus":"THREE_RARE_CARDS","is_daily":false,"chose_seed":false,"campfire_upgraded":0,"win_rate":0.0,"timestamp":1612602022,"path_taken":["M","?","?","M","M","E","R","E","T","R","M","M","E","?","R","BOSS"],"items_purchased_type":[],"build_version":"2020-12-22","purchased_purges":0,"victory":false,"max_hp_per_floor":[75,75,75,75,75,75,75,75,75,75,75,75,75,75,75,75,75],"relic_stats":{"counters":[9,37],"Golden Idol":39,"Ornamental Fan":[0],"Dead Branch":[3],"MealTicket":0,"obtain_stats":[{"Lantern":6,"Golden Idol":2,"Ornamental Fan":8,"Dead Branch":13,"MealTicket":9,"Burning Blood":0},{"Lantern":4,"Golden Idol":1,"Ornamental Fan":5,"Dead Branch":8,"MealTicket":5,"Burning Blood":0},{"Lantern":13,"Golden Idol":2,"Ornamental Fan":16,"Dead Branch":30,"MealTicket":16,"Burning Blood":0}],"Burning Blood":48},"card_choices":[{"not_picked":["Corruption","Exhume"],"picked":"Demon Form","floor":0},{"not_picked":["Body Slam","Thunderclap"],"picked":"Carnage","floor":1},{"not_picked":["Warcry","Power Through"],"picked":"Body Slam","floor":4},{"not_picked":["Hemokinesis","Feel No Pain"],"picked":"Infernal Blade","floor":5},{"not_picked":["Evolve","Searing Blow"],"picked":"Flex","floor":6},{"not_picked":["Dropkick","Body Slam"],"picked":"Shrug It Off","floor":8},{"not_picked":["Wild Strike","Seeing Red"],"picked":"Body Slam","floor":11},{"not_picked":["Fire Breathing","Intimidate"],"picked":"Shrug It Off","floor":12},{"not_picked":["Cleave","Armaments"],"picked":"Heavy Blade","floor":13}],"player_experience":2325568,"relics_obtained":[{"floor":6,"key":"Lantern"},{"floor":8,"key":"Ornamental Fan"},{"floor":9,"key":"MealTicket"},{"floor":13,"key":"Dead Branch"}],"event_choices":[{"damage_healed":0,"gold_gain":0,"player_choice":"Take Damage","damage_taken":26,"relics_obtained":["Golden Idol"],"max_hp_gain":0,"max_hp_loss":0,"event_name":"Golden Idol","floor":2,"gold_loss":0},{"damage_healed":0,"gold_gain":0,"player_choice":"Grow","damage_taken":0,"max_hp_gain":0,"max_hp_loss":0,"event_name":"Living Wall","floor":3,"gold_loss":0,"cards_upgraded":["Carnage"]},{"damage_healed":0,"gold_gain":0,"player_choice":"Fled","damage_taken":11,"max_hp_gain":0,"max_hp_loss":0,"event_name":"Scrap Ooze","floor":14,"gold_loss":0}],"is_beta":false,"boss_relics":[],"items_purged_floors":[],"is_endless":false,"potions_floor_spawned":[4,13],"killed_by":"Hexaghost","ascension_level":20}}