{"host":"yuoancq4cku3x8wq","time":1612627197,"event":{"mods":["AchievementEnabler","BaseMod","Minty Spire (QoL Compilation)","Quick Restart","StSLib","SuperFastMode"],"gold_per_floor":[111,61,72,82,94,129,129,461,539,539,558,609,641,655,655,752,752,770,786,786,786,597,630,644,672,672,672,685,685,696,722,722,826,826,846,846,892,992,607,640,640,654,654,686,702,714,514,546,546,546,546,546,237,268,268],"floor_reached":56,"language":"ZHS","playtime":3389,"items_purged":["Strike_R","Bash","Defend_R","Armaments"],"score":1705,"play_id":"3378f93e-5b72-4362-b98c-6fe6280e327d","local_time":"20210206235957","is_ascension_mode":true,"campfire_choices":[{"data":"Immolate","floor":7.0,"key":"SMITH"},{"data":"Burning Pact","floor":10.0,"key":"SMITH"},{"data":"Battle Trance","floor":15.0,"key":"SMITH"},{"floor":27.0,"key":"RECALL"},{"floor":32.0,"key":"REST"},{"floor":41.0,"key":"REST"},{"floor":49,"key":"DIG"},{"floor":52,"key":"DIG"}],"circlet_count":0,"master_deck":["Defend_R","Defend_R","Defend_R","Shrug It Off+1","Burning Pact+1","Disarm+1","Barricade","Battle Trance+1","Sentinel","Offering","Body Slam","Exhume","Offering","Impervious","Armaments+1","Evolve","Impervious","Shrug It Off","Dark Embrace","Power Through","Offering"],"relics":["Burning Blood","Akabeko","Old Coin","Mummified Hand","Anchor","Fusion Hammer","Enchiridion","Membership Card","Boot","Pen Nib","Sundial","Kunai","Empty Cage","Charon\u0027s Ashes","MealTicket","Singing Bowl","DollysMirror","Bag of Marbles","Shovel","Strawberry","PreservedInsect","Dream Catcher","Lantern","Ornamental Fan","Toolbox","War Paint","Self Forming Clay"],"acts_visited":["Exordium","TheCity","TheBeyond","TheEnding"],"potions_floor_usage":[],"damage_taken":[{"damage":7.0,"enemies":"Jaw Worm","floor":1.0,"turns":4.0},{"damage":0.0,"enemies":"Small Slimes","floor":3.0,"turns":4.0},{"damage":0.0,"enemies":"Cultist","floor":4.0,"turns":2.0},{"damage":5.0,"enemies":"Looter","floor":5.0,"turns":3.0},{"damage":28.0,"enemies":"Gremlin Nob","floor":6.0,"turns":5.0},{"damage":27.0,"enemies":"Lagavulin","floor":8.0,"turns":6.0},{"damage":11.0,"enemies":"Red Slaver","floor":11.0,"turns":3.0},{"damage":1.0,"enemies":"3 Sentries","floor":13.0,"turns":3.0},{"damage":0.0,"enemies":"Large Slime","floor":14.0,"turns":5.0},{"damage":44.0,"enemies":"The Guardian","floor":16.0,"turns":13.0},{"damage":6.0,"enemies":"Shell Parasite","floor":18.0,"turns":3.0},{"damage":0.0,"enemies":"2 Thieves","floor":19.0,"turns":2.0},{"damage":6.0,"enemies":"Gremlin Leader","floor":23.0,"turns":5.0},{"damage":6.0,"enemies":"Shelled Parasite and Fungi","floor":24.0,"turns":1.0},{"damage":11.0,"enemies":"Slavers","floor":25.0,"turns":4.0},{"damage":1.0,"enemies":"Snake Plant","floor":28.0,"turns":3.0},{"damage":6.0,"enemies":"Centurion and Healer","floor":30.0,"turns":4.0},{"damage":12.0,"enemies":"Book of Stabbing","floor":31.0,"turns":5.0},{"damage":47.0,"enemies":"Automaton","floor":33.0,"turns":11.0},{"damage":6.0,"enemies":"3 Shapes","floor":35.0,"turns":2.0},{"damage":16.0,"enemies":"2 Orb Walkers","floor":37.0,"turns":6.0},{"damage":12.0,"enemies":"Reptomancer","floor":40.0,"turns":5.0},{"damage":6.0,"enemies":"Orb Walker","floor":42.0,"turns":1.0},{"damage":6.0,"enemies":"Giant Head","floor":44.0,"turns":6.0},{"damage":7.0,"enemies":"Transient","floor":45.0,"turns":5.0},{"damage":6,"enemies":"Maw","floor":46,"turns":5},{"damage":6,"enemies":"Nemesis","floor":48,"turns":1},{"damage":12,"enemies":"Time Eater","floor":50,"turns":6},{"damage":6,"enemies":"Shield and Spear","floor":54,"turns":4},{"damage":18,"enemies":"The Heart","floor":55,"turns":3}],"seed_played":"-3844850453733710917","potions_obtained":[{"floor":5.0,"key":"SpeedPotion"},{"floor":6.0,"key":"Swift Potion"},{"floor":11.0,"key":"Fire Potion"},{"floor":13.0,"key":"Regen Potion"},{"floor":16.0,"key":"Block Potion"},{"floor":25.0,"key":"Regen Potion"},{"floor":31.0,"key":"SkillPotion"},{"floor":37.0,"key":"EntropicBrew"}],"is_trial":false,"path_per_floor":["M","?","M","M","M","E","R","E","T","R","M","T","E","M","R","B",null,"M","M","?","?","$","E","M","E","T","R","M","?","M","E","R","B",null,"M","?","?","?","$","E","R","M","T","E","M","M","$","E","R","B",null,"R","$","E","B",null],"character_chosen":"IRONCLAD","items_purchased":["Membership Card","Evolve","MealTicket","Singing Bowl","DollysMirror","Shrug It Off","PreservedInsect","Swift Potion","LiquidMemories","Toolbox","War Paint","Offering"],"campfire_rested":2,"item_purchase_floors":[22,39,39,39,39,39,47,47,47,53,53,53],"current_hp_per_floor":[71,71,72,72,72,50,50,29,29,29,24,24,29,35,35,12,72,72,72,56,56,56,56,56,51,51,51,56,56,56,50,71,30,72,72,72,62,62,62,58,74,76,76,85,84,84,85,87,87,81,87,87,87,89,77],"gold":268,"neow_bonus":"THREE_RARE_CARDS","is_daily":false,"chose_seed":false,"campfire_upgraded":3,"win_rate":0.0,"timestamp":1612627197,"path_taken":["M","?","M","M","M","E","R","E","T","R","M","?","E","M","R","BOSS","M","M","?","?","$","E","M","E","T","R","?","?","M","E","R","BOSS","M","?","?","?","$","E","R","M","T","E","M","M","$","E","R","BOSS","R","$","E","BOSS"],"items_purchased_type":["Relic","Card","Relic","Relic","Relic","Card","Relic","Potion","Potion","Relic","Relic","Card"],"build_version":"2020-12-22","purchased_purges":4,"victory":true,"max_hp_per_floor":[72,72,72,72,72,72,72,72,72,72,72,72,72,72,72,72,72,72,72,72,72,72,72,72,72,72,72,72,72,72,72,72,72,72,72,72,72,72,72,74,74,76,76,85,85,85,85,87,87,87,87,87,87,89,89],"card_choices":[{"not_picked":["Exhume","Reaper"],"picked":"Immolate","floor":0.0},{"not_picked":["Anger","Fire Breathing"],"picked":"Shrug It Off","floor":1.0},{"not_picked":["Infernal Blade","Seeing Red"],"picked":"Burning Pact","floor":3.0},{"not_picked":["Warcry","Heavy Blade","Inflame"],"picked":"SKIP","floor":4.0},{"not_picked":["Iron Wave","Clash","Sword Boomerang"],"picked":"SKIP","floor":5.0},{"not_picked":["Sever Soul","Clash"],"picked":"Disarm","floor":6.0},{"not_picked":["Heavy Blade","Perfected Strike"],"picked":"Barricade","floor":8.0},{"not_picked":["Headbutt","Pommel Strike"],"picked":"Battle Trance","floor":11.0},{"not_picked":["Heavy Blade","Carnage","Cleave"],"picked":"SKIP","floor":13.0},{"not_picked":["Wild Strike","Disarm"],"picked":"Sentinel","floor":14.0},{"not_picked":["Limit Break","Fiend Fire"],"picked":"Offering","floor":16.0},{"not_picked":["Ghostly Armor","Clash","Heavy Blade"],"picked":"SKIP","floor":18.0},{"not_picked":["Pommel Strike+1","Havoc"],"picked":"Body Slam","floor":19.0},{"not_picked":["Thunderclap+1","Cleave+1","Headbutt"],"picked":"SKIP","floor":23.0},{"not_picked":["Infernal Blade","Cleave+1","Perfected Strike"],"picked":"SKIP","floor":24.0},{"not_picked":["Rupture","Thunderclap"],"picked":"Exhume","floor":25.0},{"not_picked":["Sword Boomerang","Perfected Strike","Carnage+1"],"picked":"SKIP","floor":28.0},{"not_picked":["Pommel Strike","Flame Barrier"],"picked":"Armaments","floor":30.0},{"not_picked":["Bludgeon","Twin Strike","Metallicize"],"picked":"SKIP","floor":31.0},{"not_picked":["Reaper","Brutality"],"picked":"Impervious","floor":33.0},{"not_picked":["Rage+1","Inflame+1"],"picked":"Armaments+1","floor":35.0},{"not_picked":["Brutality","Warcry+1","Uppercut+1"],"picked":"Singing Bowl","floor":40.0},{"not_picked":["Sever Soul","Evolve+1","Reckless Charge"],"picked":"Singing Bowl","floor":42.0},{"not_picked":["Sword Boomerang","Clash+1","Perfected Strike+1"],"picked":"Singing Bowl","floor":44.0},{"not_picked":["Headbutt","Shockwave"],"picked":"Dark Embrace","floor":45},{"not_picked":["True Grit","Anger+1"],"picked":"Power Through","floor":46},{"not_picked":["Flex","Hemokinesis+1","Headbutt+1"],"picked":"Singing Bowl","floor":48},{"not_picked":["Heavy Blade","Rupture+1","Limit Break"],"picked":"Singing Bowl","floor":54}],"player_experience":239112,"relics_obtained":[{"floor":6.0,"key":"Akabeko"},{"floor":8.0,"key":"Old Coin"},{"floor":9.0,"key":"Mummified Hand"},{"floor":13.0,"key":"Anchor"},{"floor":20.0,"key":"Enchiridion"},{"floor":23.0,"key":"Boot"},{"floor":25.0,"key":"Pen Nib"},{"floor":26.0,"key":"Sundial"},{"floor":31.0,"key":"Kunai"},{"floor":37.0,"key":"Charon\u0027s Ashes"},{"floor":40.0,"key":"Bag of Marbles"},{"floor":43.0,"key":"Shovel"},{"floor":44.0,"key":"Strawberry"},{"floor":48,"key":"Dream Catcher"},{"floor":49,"key":"Lantern"},{"floor":52,"key":"Ornamental Fan"},{"floor":54,"key":"Self Forming Clay"}],"event_choices":[{"cards_removed":["Strike_R"],"damage_healed":0.0,"max_hp_gain":0.0,"max_hp_loss":0.0,"gold_gain":0.0,"event_name":"The Cleric","player_choice":"Card Removal","floor":2.0,"gold_loss":50.0,"damage_taken":0.0},{"damage_healed":0.0,"max_hp_gain":0.0,"max_hp_loss":0.0,"gold_gain":0.0,"event_name":"Cursed Tome","player_choice":"Obtained Book","floor":20.0,"gold_loss":0.0,"damage_taken":16.0},{"cards_removed":["Strike_R"],"damage_healed":0.0,"max_hp_gain":0.0,"max_hp_loss":0.0,"gold_gain":0.0,"event_name":"Purifier","player_choice":"Purged","floor":21.0,"gold_loss":0.0,"damage_taken":0.0},{"damage_healed":0.0,"max_hp_gain":0.0,"max_hp_loss":0.0,"gold_gain":0.0,"event_name":"Duplicator","player_choice":"Copied","floor":29.0,"gold_loss":0.0,"damage_taken":0.0,"cards_obtained":["Offering"]},{"cards_removed":["Immolate"],"damage_healed":0.0,"max_hp_gain":0.0,"max_hp_loss":0.0,"gold_gain":0.0,"event_name":"Falling","player_choice":"Removed Attack","floor":36.0,"gold_loss":0.0,"damage_taken":0.0},{"damage_healed":0.0,"max_hp_gain":0.0,"max_hp_loss":0.0,"gold_gain":0.0,"event_name":"Mysterious Sphere","player_choice":"Fight","floor":37.0,"gold_loss":0.0,"damage_taken":0.0},{"damage_healed":0.0,"max_hp_gain":0.0,"max_hp_loss":0.0,"gold_gain":100.0,"event_name":"Golden Shrine","player_choice":"Pray","floor":38.0,"gold_loss":0.0,"damage_taken":0.0}],"is_beta":false,"boss_relics":[{"not_picked":["Tiny House","SacredBark"],"picked":"Fusion Hammer"},{"not_picked":["Coffee Dripper","Black Star"],"picked":"Empty Cage"}],"items_purged_floors":[22,39,47,53],"is_endless":false,"potions_floor_spawned":[5,6,11,13,16,19,24,25,28,31,37,40,45,46],"ascension_level":1}}