{"host":"ecuvtzmejf7hhjpv","time":1612636264,"event":{"mods":["AchievementEnabler","Act Like it!","Aspiration","BaseMod","Better Altar","Better Match","Better Note","Better Sensory Stone","Better Skull","Better Third Choice","BetterRewards","Conspire","Custom Start","Downfall","Gensokyo","GifTheSpireLib","Hallownest","Hermit","Hubris","Kratos Character Expansion","Luminous","Marisa????????","Minty Spire (QoL Compilation)","Prisma Mod","Remilia??????","Replay The Spire","Robot Space Explorer","Spicy Shops","StSLib","The Animator","The Blackbeard","The Bug Knight","The Construct","The Cursed","The Disciple","The Dragon Tamer","The Forsaken","The Hierophant","The Jungle","The Marked","The Necromancer","The Poker Player","The Wild Card","TheSwordswoman"],"gold_per_floor":[118,174,174,5,39,110,164,164,190,190,246,285,285,350,350,448,448,499,543,603,603,603,658,766,428,728,800,353,410,428,457,457,552,552,599,296,381,381,381,412,412,442,442,442,146,146,162,162,162,162,162,162,9,68,68],"floor_reached":56,"language":"ENG","playtime":2653,"items_purged":["Regret","Strike_G"],"score":1789,"play_id":"38ff5878-4d27-4f83-9817-192ec509e257","local_time":"20210206123104","is_ascension_mode":true,"campfire_choices":[{"data":"HandOfGreed","floor":8,"key":"SMITH"},{"data":"Cloak And Dagger","floor":10,"key":"SMITH"},{"floor":15,"key":"REST"},{"floor":32,"key":"REST"},{"floor":41,"key":"REST"},{"floor":44,"key":"RECALL"},{"floor":49,"key":"REST"},{"floor":52,"key":"REST"}],"circlet_count":0,"master_deck":["Strike_G+1","Strike_G","Strike_G","Strike_G","Defend_G","Defend_G+1","Defend_G+1","Defend_G","Defend_G","Survivor","Neutralize","Blade Dance","Footwork","HandOfGreed+1","Caltrops","PiercingWail+1","PiercingWail","Blur","Blade Dance","Cloak And Dagger+1","Malaise","Blade Dance","Storm of Steel","Backflip","Blade Dance+1","Skewer+1","Footwork","Hidden Blade","Footwork","Footwork","Cloak And Dagger+1","Blade Dance+1","Die Die Die","Caltrops+1","Infinite Blades","Hidden Blade","Hidden Blade+1","Infinite Blades+1","hubris:EnhanceAbility"],"relics":["Ring of the Snake","Torii","Gremlin Food","ReplayTheSpireMod:CursedCoin","Membership Card","Nunchaku","Onion Ring","Ring of Fury","ReplayTheSpireMod:Ring of Challenge","Fusion Hammer","Blue Doll","Tiny Chest","Chemical X","Mango","Old Coin","hubris:TinFlute","hubris:Zylophone","Replay:Rubber Ducky","hubris:EmptyBottle","ClockworkSouvenir","Unceasing Top","Black Star","Orichalcum","hubris:Potato","Potion Belt","Replay:Wax Seal","Replay:Mystery Machine","Oddly Smooth Stone","hubris:AncientText","Toy Ornithopter","Replay:Kaleidoscope","CaptainsWheel","hubris:Reverence","Art of War","conspire:TopHat"],"acts_visited":["Exordium","TheCity","TheBeyond","TheEnding"],"potions_floor_usage":[11,14,23,24,29,29,31,31,47,50,54,54,55,55],"damage_taken":[{"damage":0,"enemies":"2 Louse","floor":1,"turns":2},{"damage":0,"enemies":"Small Slimes","floor":2,"turns":6},{"damage":0,"enemies":"conspire:RoseBush","floor":5,"turns":6},{"damage":11,"enemies":"3 Sentries","floor":6,"turns":14},{"damage":1,"enemies":"conspire:2 RoseBushes","floor":7,"turns":8},{"damage":23,"enemies":"HollowMod:MossKnight","floor":11,"turns":5},{"damage":0,"enemies":"Blue Slaver","floor":12,"turns":7},{"damage":2,"enemies":"Looter","floor":14,"turns":3},{"damage":41,"enemies":"Fading Forest","floor":16,"turns":11},{"damage":1,"enemies":"conspire:FuzzyDice","floor":18,"turns":11},{"damage":1,"enemies":"Snake Plant","floor":19,"turns":5},{"damage":22,"enemies":"Shelled Parasite and Fungi","floor":20,"turns":7},{"damage":2,"enemies":"conspire:Head Lice","floor":23,"turns":11},{"damage":19,"enemies":"3 Cultists","floor":24,"turns":5},{"damage":27,"enemies":"Replay:Snechameleon","floor":27,"turns":9},{"damage":9,"enemies":"Snecko","floor":29,"turns":6},{"damage":0,"enemies":"Snake Plant","floor":30,"turns":5},{"damage":0,"enemies":"conspire:SneckoGhost","floor":31,"turns":2},{"damage":1,"enemies":"Champ","floor":33,"turns":12},{"damage":35,"enemies":"Orb Walker","floor":35,"turns":5},{"damage":1,"enemies":"3 Shapes","floor":37,"turns":2},{"damage":0,"enemies":"3 Shapes","floor":38,"turns":2},{"damage":0,"enemies":"Giant Head","floor":40,"turns":7},{"damage":19,"enemies":"Nemesis","floor":42,"turns":7},{"damage":9,"enemies":"Writhing Mass","floor":47,"turns":4},{"damage":9,"enemies":"conspire:OrnateMirror","floor":50,"turns":13},{"damage":5,"enemies":"Shield and Spear","floor":54,"turns":7},{"damage":88,"enemies":"The Heart","floor":55,"turns":10}],"seed_played":"7689947069793546215","potions_obtained":[{"floor":2,"key":"Slimebound:ThreeZeroPotion"},{"floor":11,"key":"hexamod:SoulburnPotion"},{"floor":14,"key":"SteroidPotion"},{"floor":23,"key":"AttackPotion"},{"floor":27,"key":"Venom Potion"},{"floor":30,"key":"SteroidPotion"},{"floor":35,"key":"FairyPotion"},{"floor":37,"key":"Explosive Potion"},{"floor":42,"key":"Weak Potion"},{"floor":54,"key":"sneckomod:MuddlingPotion"}],"is_trial":false,"path_per_floor":["M","M","?","$","M","E","M","R","T","R","E","M","?","M","R","B",null,"M","M","M","?","?","E","M","$","T","E","$","M","M","E","R","B",null,"M","$","M","?","?","E","R","E","T","R","$","T","M","$","R","B",null,"R","$","E","B",null],"character_chosen":"THE_SILENT","items_purchased":["Blade Dance","Torii","Gremlin Food","Footwork","ReplayTheSpireMod:CursedCoin","HandOfGreed","Caltrops","Membership Card","PiercingWail","Chemical X","Footwork","Mango","hubris:Zylophone","Replay:Rubber Ducky","hubris:EmptyBottle","Footwork","ClockworkSouvenir","Infinite Blades","Hidden Blade","Orichalcum","hubris:Potato","Replay:Kaleidoscope","CaptainsWheel","hubris:EnhanceAbility"],"campfire_rested":5,"item_purchase_floors":[0,0,0,0,0,0,0,4,4,25,25,25,28,28,28,28,28,36,36,36,36,45,45,53],"current_hp_per_floor":[47,47,47,47,47,36,35,35,35,35,12,12,12,10,31,10,70,69,68,46,46,46,44,25,39,39,12,12,3,3,3,28,27,84,49,49,48,48,48,48,73,54,54,54,54,54,50,50,75,71,84,84,84,79,1],"gold":68,"neow_bonus":"","is_daily":false,"chose_seed":false,"campfire_upgraded":2,"win_rate":0.0,"timestamp":1612636264,"path_taken":["M","M","?","$","M","E","M","R","T","R","E","M","?","M","R","BOSS","M","M","M","?","?","E","M","$","T","E","$","M","M","E","R","BOSS","M","$","M","?","?","E","R","E","T","R","?","?","?","$","R","BOSS","R","$","E","BOSS"],"items_purchased_type":["Card","Relic","Relic","Card","Relic","Card","Card","Relic","Card","Relic","Card","Relic","Relic","Relic","Relic","Card","Relic","Card","Card","Relic","Relic","Relic","Relic","Card"],"build_version":"2020-12-22","purchased_purges":2,"victory":true,"max_hp_per_floor":[70,70,70,70,70,70,70,70,70,70,70,70,70,70,70,70,70,70,70,70,70,70,70,70,84,84,84,84,84,84,84,84,84,84,84,84,84,84,84,84,84,84,84,84,84,84,84,84,84,84,84,84,84,84,84],"card_choices":[{"not_picked":["Sucker Punch","Dodge and Roll"],"picked":"PiercingWail","floor":1},{"not_picked":["hubris:SlightOfHand","Flying Knee","Slice"],"picked":"SKIP","floor":2},{"not_picked":["Dodge and Roll","Calculated Gamble"],"picked":"Blur","floor":5},{"not_picked":["Terror","Deadly Poison"],"picked":"Blade Dance","floor":6},{"not_picked":["Backflip","Dash"],"picked":"Cloak And Dagger","floor":7},{"not_picked":["Blur","Sucker Punch"],"picked":"Malaise","floor":11},{"not_picked":["Caltrops","Distraction","conspire:PoisonWeapons"],"picked":"SKIP","floor":12},{"not_picked":["hubris:SlightOfHand","Flying Knee"],"picked":"Blade Dance","floor":14},{"not_picked":["ReplayTheSpireMod:From All Sides","Bullet Time"],"picked":"Storm of Steel","floor":16},{"not_picked":["Slice+1","PiercingWail"],"picked":"Backflip","floor":18},{"not_picked":["Slice","Flying Knee"],"picked":"Blade Dance","floor":19},{"not_picked":["ReplayTheSpireMod:The Works","Bane+1","Dagger Spray"],"picked":"SKIP","floor":20},{"not_picked":["ReplayTheSpireMod:Necrosis","Poisoned Stab+1","Masterful Stab+1"],"picked":"SKIP","floor":23},{"not_picked":["Acrobatics","Toxin Wave"],"picked":"Skewer+1","floor":24},{"not_picked":["Backflip","Footwork"],"picked":"Hidden Blade","floor":27},{"not_picked":["Prepared","Outmaneuver"],"picked":"Cloak And Dagger+1","floor":29},{"not_picked":["Prepared","Flying Knee","hubris:SlightOfHand"],"picked":"SKIP","floor":30},{"not_picked":["Poisoned Stab+1","Acrobatics"],"picked":"Blade Dance+1","floor":31},{"not_picked":["Replay:Bag of Tricks","Tools of the Trade"],"picked":"Die Die Die","floor":33},{"not_picked":["Quick Slash","Expertise+1"],"picked":"Caltrops+1","floor":35},{"not_picked":["Deflect","Quick Slash+1"],"picked":"Hidden Blade+1","floor":37},{"not_picked":["Finisher+1","ReplayTheSpireMod:Scrap Shanks+1"],"picked":"Infinite Blades+1","floor":40},{"not_picked":["Riddle With Holes","Dagger Spray+1","Replay:Poison Smokescreen+1"],"picked":"SKIP","floor":42},{"not_picked":["Flying Knee+1","Prepared+1","Backflip"],"picked":"SKIP","floor":47},{"not_picked":["Riddle With Holes","Dodge and Roll+1","Dagger Throw+1"],"picked":"SKIP","floor":54}],"player_experience":1183408,"relics_obtained":[{"floor":6,"key":"Nunchaku"},{"floor":11,"key":"Onion Ring"},{"floor":13,"key":"Ring of Fury"},{"floor":13,"key":"ReplayTheSpireMod:Ring of Challenge"},{"floor":23,"key":"Blue Doll"},{"floor":24,"key":"Tiny Chest"},{"floor":26,"key":"Old Coin"},{"floor":27,"key":"hubris:TinFlute"},{"floor":31,"key":"Unceasing Top"},{"floor":37,"key":"Potion Belt"},{"floor":40,"key":"Replay:Wax Seal"},{"floor":40,"key":"Replay:Mystery Machine"},{"floor":42,"key":"Oddly Smooth Stone"},{"floor":42,"key":"hubris:AncientText"},{"floor":43,"key":"Toy Ornithopter"},{"floor":46,"key":"hubris:Reverence"},{"floor":54,"key":"Art of War"},{"floor":54,"key":"conspire:TopHat"}],"event_choices":[{"damage_healed":0,"gold_gain":1,"player_choice":"1","damage_taken":0,"max_hp_gain":0,"max_hp_loss":0,"event_name":"betterStone:BetterStone","floor":3,"gold_loss":0},{"damage_healed":0,"gold_gain":0,"player_choice":"Ignored","damage_taken":0,"max_hp_gain":0,"max_hp_loss":0,"event_name":"betterNote:BetterNote","floor":21,"gold_loss":0,"cards_obtained":["Strike_G"]},{"cards_removed":["animator:Curse_Nutcracker"],"damage_healed":0,"gold_gain":0,"player_choice":"Elegance","damage_taken":0,"max_hp_gain":0,"max_hp_loss":0,"event_name":"betterThird:BetterWriting","floor":22,"gold_loss":0}],"is_beta":false,"boss_relics":[{"not_picked":["Coffee Dripper","hubris:TerracottaHorce"],"picked":"Fusion Hammer"},{"not_picked":["Replay:Grab Bag","Tiny House"],"picked":"Black Star"}],"items_purged_floors":[0,28],"is_endless":false,"potions_floor_spawned":[2,11,14,23,27,30,35,37,42,54],"ascension_level":1}}