{"host":"x000krxjblg8jdg4","time":1612643838,"event":{"mods":["BaseMod","Downfall","Hermit","Minty Spire (QoL Compilation)","StSLib","The Cursed","The Runesmith","The Servant 0.9.4"],"gold_per_floor":[144,189,234,234,234,283,263,263,263],"floor_reached":8,"language":"ENG","playtime":1295,"items_purged":[],"score":48,"play_id":"d544359d-56d1-4093-9f99-883b9566e60d","local_time":"20210206183718","daily_mods":["Cursed Run","Uncertain Future","Midas"],"is_ascension_mode":false,"campfire_choices":[],"circlet_count":0,"master_deck":["Runesmith:Strike_RS","Runesmith:Strike_RS","Runesmith:Strike_RS","Runesmith:Strike_RS","Runesmith:Defend_RS","Runesmith:Defend_RS","Runesmith:Defend_RS","Runesmith:Defend_RS","Runesmith:CraftFirestone","Runesmith:Fortify","Runesmith:BackupBattery","Runesmith:CraftMagma","Runesmith:EarthShield","Runesmith:ChiselStab"],"relics":["Cursed Key","Darkstone Periapt","Du-Vu Doll","Golden Idol"],"acts_visited":["Exordium"],"potions_floor_usage":[8,8],"damage_taken":[{"damage":0,"enemies":"Small Slimes","floor":1,"turns":4},{"damage":0,"enemies":"2 Louse","floor":2,"turns":4},{"damage":0,"enemies":"Cultist","floor":3,"turns":4},{"damage":1,"enemies":"Red Slaver","floor":6,"turns":4},{"damage":55,"enemies":"Gremlin Nob","floor":8,"turns":4}],"seed_played":"5285009320175426936","potions_obtained":[{"floor":2,"key":"PowerPotion"},{"floor":6,"key":"Energy Potion"},{"floor":7,"key":"sneckomod:MuddlingPotion"}],"is_trial":false,"path_per_floor":["M","M","M","?","?","M","?","E"],"character_chosen":"RUNESMITH_CLASS","items_purchased":[],"campfire_rested":0,"item_purchase_floors":[],"current_hp_per_floor":[70,70,70,53,53,52,52,0,0],"gold":263,"neow_bonus":"","is_daily":true,"chose_seed":false,"campfire_upgraded":0,"win_rate":0.0,"timestamp":1612643838,"path_taken":["M","M","M","?","?","M","?","E"],"items_purchased_type":[],"build_version":"2020-12-22","purchased_purges":0,"victory":false,"max_hp_per_floor":[70,70,70,70,70,70,70,70,70],"card_choices":[{"not_picked":["Runesmith:ChaoticBlast","Runesmith:MakeshiftArmor"],"picked":"Runesmith:BackupBattery","floor":1},{"not_picked":["Runesmith:HammerTime","Runesmith:Accelerate"],"picked":"Runesmith:CraftMagma","floor":2},{"not_picked":["Runesmith:OneForEveryone","Runesmith:UnstableHammer"],"picked":"Runesmith:EarthShield","floor":3},{"not_picked":["Runesmith:HammerTime","Runesmith:EarthShield"],"picked":"Runesmith:ChiselStab","floor":6}],"player_experience":72842,"relics_obtained":[],"event_choices":[{"damage_healed":0,"gold_gain":0,"player_choice":"Take Damage","damage_taken":17,"relics_obtained":["Golden Idol"],"max_hp_gain":0,"max_hp_loss":0,"event_name":"Golden Idol","floor":4,"gold_loss":0},{"damage_healed":0,"gold_gain":0,"player_choice":"Ignored","damage_taken":0,"max_hp_gain":0,"max_hp_loss":0,"event_name":"Golden Wing","floor":5,"gold_loss":0},{"damage_healed":0,"gold_gain":0,"player_choice":"Bought 1 Potion","damage_taken":0,"max_hp_gain":0,"max_hp_loss":0,"event_name":"The Woman in Blue","floor":7,"gold_loss":0}],"is_beta":false,"boss_relics":[],"items_purged_floors":[],"is_endless":false,"potions_floor_spawned":[2,6],"killed_by":"Gremlin Nob","ascension_level":0}}