{"host":"8e3sp1tozjyrh64l","time":1612638499,"event":{"mods":["BaseMod","Better Altar","Better Match","Better Note","Better Sensory Stone","Better Silent Start","Better Skull","Better Third Choice","BetterRewards","Curses Come First","Defuse TimeMaze Blight","Infinite Spire","Minty Spire (QoL Compilation)","Permanent Neow","Rare Cards Sparkle","Relic Sorter","Reliquary","Replay The Spire","Shop Mod","Spicy Shops","StSLib","SuperFastMode","Wandering Minibosses"],"gold_per_floor":[109,119,139,154,165,165,12,12,12,25,469,469,480,27,27,123,123,139,158,158,118,42,69,69,39,39,73,88,116,183,197,197,299,299,312,327,339,359,378,406,418,445,445,479,499,524,552,564,576,683,695,721,741,759,775,798,820,832,860,917,942,954,966,978,997,1009,1096,1108,1118,1130,1067,1085,1099,1111,1113,1123,1160,1190,829,860,860,858,858,926,926,929,941,407,417,443,443,447,447,496,502,502,507,505,505,505,562,562,562],"floor_reached":102,"language":"ENG","playtime":3013,"items_purged":["Decay"],"score":3263,"play_id":"a7acbb33-9848-41b9-9261-a3cb93676933","local_time":"20210206120819","is_ascension_mode":true,"campfire_choices":[{"data":"A Thousand Cuts","floor":6,"key":"SMITH"},{"data":"Dramatic Entrance","floor":8,"key":"SMITH"},{"data":"Neutralize","floor":12,"key":"SMITH"},{"data":"Cloak And Dagger","floor":15,"key":"SMITH"},{"data":"Cloak And Dagger","floor":24,"key":"SMITH"},{"data":"Blade Dance","floor":32,"key":"SMITH"},{"data":"infinitespire:Gouge","floor":49,"key":"SMITH"},{"data":"Cloak And Dagger","floor":58,"key":"SMITH"},{"data":"Die Die Die","floor":62,"key":"SMITH"},{"data":"Backstab","floor":64,"key":"SMITH"},{"data":"Dagger Spray","floor":66,"key":"SMITH"},{"data":"Terror","floor":74,"key":"SMITH"},{"floor":83,"key":"DIG"},{"floor":91,"key":"DIG"},{"floor":93,"key":"DIG"},{"floor":100,"key":"DIG"}],"circlet_count":0,"master_deck":["Strike_G","Strike_G+1","Strike_G+1","Strike_G+1","Defend_G","Defend_G+1","Defend_G+1","Defend_G+1","Survivor+1","Neutralize+1","Dramatic Entrance+1","Dagger Spray+1","A Thousand Cuts+1","Cloak And Dagger+1","Backstab+1","Accuracy+1","After Image+1","Cloak And Dagger+1","Fluid Movement+1","Die Die Die+1","A Thousand Cuts+1","Blade Dance+1","A Thousand Cuts+1","Cloak And Dagger+1","Caltrops+1","Cloak And Dagger+1","Footwork+1","infinitespire:Gouge+1","Blade Dance+1","Fluid Movement+1","After Image+1","CommonCold","Infinite Blades+1","After Image+1","A Thousand Cuts+1","After Image+1","Accuracy+1","Envenom+1","Accuracy+1"],"relics":["Ring of the Serpent","reliquary:Stiletto","Meat on the Bone","MerchantsRug","Frozen Egg 2","ClockworkSouvenir","FossilizedHelix","Painkiller Herb","Lizard Tail","Letter Opener","Torii","War Paint","wanderingMiniBosses:ThiefScarf","Vampiric Spirits","Black Star","Replay:Ringing Soul","Bronze Scales","Garlic","reliquary:RoseTintedGlasses","Bird Faced Urn","ClockworkSouvenir","ReplayTheSpireMod:Ninjato","MawBank","Mirror","Coffee Dripper","infinitespire:FocusingShard","Replay:Bottled Steam","Chameleon Ring","Du-Vu Doll","Gremlin Food","Odd Mushroom","Gremlin Horn","reliquary:Aerogel","Replay:Ancient Bell","Bag of Marbles","reliquary:PrincelyHelmet","Calipers","Byrd Skull","Prayer Wheel","reliquary:FeatherDuster","CeramicFish","PreservedInsect","Oddly Smooth Stone","Vajra","reliquary:TridentHead","Omamori","Mummified Hand","reliquary:PartyBalloon","Ninja Scroll","Shovel","CaptainsWheel","Turnip","Bottled Flame","Whetstone","StoneCalendar","Happy Flower","Matryoshka","Nunchaku","reliquary:FerryPass","reliquary:RedCape"],"acts_visited":["Exordium","TheCity","TheBeyond","Exordium","TheCity","TheBeyond","Exordium"],"potions_floor_usage":[16,27,27,29,37,42],"damage_taken":[{"damage":4,"enemies":"Cultist","floor":1,"turns":5},{"damage":2,"enemies":"2 Louse","floor":2,"turns":3},{"damage":0,"enemies":"Small Slimes","floor":3,"turns":3},{"damage":9,"enemies":"2 Fungi Beasts","floor":4,"turns":3},{"damage":0,"enemies":"Gremlin Gang","floor":5,"turns":1},{"damage":0,"enemies":"3 Louse","floor":10,"turns":1},{"damage":0,"enemies":"2 Fungi Beasts","floor":13,"turns":1},{"damage":10,"enemies":"Hexaghost","floor":16,"turns":9},{"damage":0,"enemies":"3 Byrds","floor":18,"turns":3},{"damage":1,"enemies":"2 Thieves","floor":19,"turns":4},{"damage":0,"enemies":"Nightmare","floor":23,"turns":9},{"damage":0,"enemies":"3 Cultists","floor":25,"turns":6},{"damage":0,"enemies":"Slavers","floor":27,"turns":4},{"damage":0,"enemies":"Chosen and Byrds","floor":28,"turns":5},{"damage":0,"enemies":"Gremlin Leader","floor":29,"turns":5},{"damage":0,"enemies":"Sentry and Sphere","floor":30,"turns":5},{"damage":0,"enemies":"Snake Plant","floor":31,"turns":3},{"damage":42,"enemies":"Automaton","floor":33,"turns":7},{"damage":2,"enemies":"3 Shapes","floor":35,"turns":3},{"damage":12,"enemies":"3 Darklings","floor":36,"turns":3},{"damage":0,"enemies":"Jaw Worm Horde","floor":37,"turns":2},{"damage":0,"enemies":"Maw","floor":38,"turns":7},{"damage":0,"enemies":"3 Darklings","floor":39,"turns":3},{"damage":1,"enemies":"R_Hoarder","floor":40,"turns":7},{"damage":8,"enemies":"Transient","floor":41,"turns":5},{"damage":66,"enemies":"Nemesis","floor":42,"turns":7},{"damage":0,"enemies":"Reptomancer","floor":44,"turns":5},{"damage":0,"enemies":"4 Shapes","floor":45,"turns":2},{"damage":28,"enemies":"Nightmare","floor":46,"turns":6},{"damage":1,"enemies":"3 Darklings","floor":47,"turns":4},{"damage":21,"enemies":"Awakened One","floor":50,"turns":8},{"damage":0,"enemies":"Small Slimes","floor":52,"turns":1},{"damage":0,"enemies":"Jaw Worm","floor":53,"turns":2},{"damage":0,"enemies":"Cultist","floor":54,"turns":3},{"damage":0,"enemies":"Exordium Thugs","floor":55,"turns":2},{"damage":0,"enemies":"3 Louse","floor":56,"turns":2},{"damage":0,"enemies":"Gremlin Nob","floor":57,"turns":3},{"damage":0,"enemies":"3 Sentries","floor":59,"turns":2},{"damage":0,"enemies":"The Mushroom Lair","floor":61,"turns":2},{"damage":19,"enemies":"Lagavulin","floor":65,"turns":3},{"damage":0,"enemies":"Slime Boss","floor":67,"turns":4},{"damage":0,"enemies":"2 Thieves","floor":69,"turns":2},{"damage":0,"enemies":"Spheric Guardian","floor":72,"turns":3},{"damage":0,"enemies":"Shelled Parasite and Fungi","floor":73,"turns":2},{"damage":24,"enemies":"Nightmare","floor":75,"turns":5},{"damage":0,"enemies":"Snake Plant","floor":76,"turns":1},{"damage":0,"enemies":"Book of Stabbing","floor":78,"turns":2},{"damage":0,"enemies":"Gremlin Leader","floor":80,"turns":1},{"damage":0,"enemies":"3 Cultists","floor":82,"turns":1},{"damage":0,"enemies":"Collector","floor":84,"turns":4},{"damage":0,"enemies":"Orb Walker","floor":86,"turns":2},{"damage":0,"enemies":"3 Shapes","floor":87,"turns":1},{"damage":0,"enemies":"Jaw Worm Horde","floor":89,"turns":1},{"damage":0,"enemies":"2 Orb Walkers","floor":90,"turns":1},{"damage":0,"enemies":"Reptomancer","floor":92,"turns":2},{"damage":0,"enemies":"R_Hoarder","floor":95,"turns":3},{"damage":0,"enemies":"Reptomancer","floor":97,"turns":1},{"damage":0,"enemies":"Writhing Mass","floor":98,"turns":1},{"damage":0,"enemies":"Time Eater","floor":101,"turns":5}],"seed_played":"-3706580401717076028","potions_obtained":[{"floor":2,"key":"PowerPotion"},{"floor":3,"key":"SpeedPotion"},{"floor":13,"key":"Reflective Coating"},{"floor":16,"key":"SpeedPotion"},{"floor":18,"key":"Explosive Potion"},{"floor":27,"key":"Explosive Potion"},{"floor":29,"key":"ColorlessPotion"},{"floor":33,"key":"GhostInAJar"},{"floor":36,"key":"Explosive Potion"},{"floor":39,"key":"Energy Potion"},{"floor":42,"key":"Regen Potion"},{"floor":47,"key":"GhostInAJar"},{"floor":52,"key":"CultistPotion"},{"floor":86,"key":"FairyPotion"}],"is_trial":false,"path_per_floor":["M","M","M","M","M","R","$","R","T","M","?","R","M","$","R","B",null,"?","?","?","?","T","NM","T","?","T","E","?","E","?","?","T","B",null,"?","?","?","?","?","E","?","E","T","E","?","NM","?","?","T","B",null,"?","?","?","?","?","E","T","E","T","?","T","?","T","E","T","B",null,"?","?","?","?","?","T","NM","?","T","E","T","E","?","?","T","B",null,"?","?","T","?","?","T","E","T","T","E","?","E","?","?","T","B",null],"character_chosen":"THE_SILENT","items_purchased":["reliquary:Stiletto","Meat on the Bone","MerchantsRug","Dramatic Entrance","Frozen Egg 2","ClockworkSouvenir","FossilizedHelix","Fluid Movement+1","PreservedInsect","Oddly Smooth Stone","Mummified Hand","reliquary:PartyBalloon","Ninja Scroll"],"campfire_rested":0,"item_purchase_floors":[0,0,0,0,7,14,14,22,79,79,88,88,88],"current_hp_per_floor":[46,44,44,47,47,47,47,47,47,56,21,21,46,46,46,42,70,70,69,69,69,69,70,70,70,70,70,70,70,70,70,70,40,70,68,58,70,70,70,69,65,19,19,45,76,60,84,84,84,68,85,85,85,88,88,88,88,88,88,88,88,88,88,88,69,69,91,94,97,97,97,97,100,100,78,100,100,103,103,106,106,106,106,109,109,109,112,112,115,115,115,115,115,115,115,109,109,112,112,112,112,112,112],"gold":562,"neow_bonus":"","is_daily":false,"chose_seed":false,"campfire_upgraded":12,"win_rate":0.0,"timestamp":1612638499,"path_taken":["M","?","M","M","M","R","$","R","T","M","?","R","M","$","R","BOSS","?","?","?","?","T","NM","T","?","T","E","?","E","?","?","T","BOSS","?","?","?","?","?","E","?","E","T","E","?","NM","?","?","T","BOSS","?","?","?","?","?","E","T","E","T","?","T","?","T","E","T","BOSS","?","?","?","?","?","T","NM","?","T","E","T","E","?","?","T","BOSS","?","?","T","?","?","T","E","T","T","E","?","E","?","?","T","BOSS"],"items_purchased_type":["Relic","Relic","Relic","Card","Relic","Relic","Relic","Card","Relic","Relic","Relic","Relic","Relic"],"build_version":"2020-12-22","purchased_purges":1,"victory":false,"max_hp_per_floor":[70,70,70,70,70,70,70,70,70,70,70,70,70,70,70,70,70,70,70,70,70,70,70,70,70,70,70,70,70,70,70,70,70,70,70,70,70,70,70,70,73,73,73,76,79,82,85,85,85,85,85,85,85,88,88,88,88,88,88,88,88,88,88,88,88,88,91,94,97,97,97,97,100,100,100,100,100,103,103,106,106,106,106,109,109,109,112,112,115,115,115,115,115,115,115,109,109,112,112,112,112,112,112],"card_choices":[{"not_picked":["Backflip","ReplayTheSpireMod:Tripwire","Acrobatics"],"picked":"SKIP","floor":1},{"not_picked":["Accuracy","Cloak And Dagger"],"picked":"Dagger Spray","floor":2},{"not_picked":["Quick Slash","Acrobatics"],"picked":"A Thousand Cuts","floor":3},{"not_picked":["ReplayTheSpireMod:The Works","Flying Knee"],"picked":"Cloak And Dagger","floor":4},{"not_picked":["Slice","Prepared","Underhanded Strike"],"picked":"SKIP","floor":5},{"not_picked":["Tactician","Replay:Poison Smokescreen"],"picked":"Backstab","floor":10},{"not_picked":["Adrenaline","Quick Slash"],"picked":"Accuracy+1","floor":13},{"not_picked":["Wraith Form v2+1","Adrenaline"],"picked":"After Image+1","floor":16},{"not_picked":["Deflect","Underhanded Strike","Dagger Spray"],"picked":"SKIP","floor":18},{"not_picked":["Prepared","Eviscerate"],"picked":"Cloak And Dagger","floor":19},{"not_picked":["Distraction","Sneak Up","Dagger Spray"],"picked":"SKIP","floor":23},{"not_picked":["Distraction","Sneak Up","Dagger Spray"],"picked":"SKIP","floor":23},{"not_picked":["Acrobatics","Prepared"],"picked":"Die Die Die","floor":25},{"not_picked":["Toxin Wave","Leg Sweep"],"picked":"A Thousand Cuts+1","floor":27},{"not_picked":["Quick Slash+1","Underhanded Strike+1","Escape Plan"],"picked":"SKIP","floor":28},{"not_picked":["Predator","Masterful Stab","Hidden Blade"],"picked":"SKIP","floor":29},{"not_picked":["Predator","Masterful Stab","Hidden Blade"],"picked":"SKIP","floor":29},{"not_picked":["Underhanded Strike","Dagger Spray"],"picked":"Blade Dance","floor":30},{"not_picked":["Backstab","Doppelganger","Poisoned Stab"],"picked":"SKIP","floor":31},{"not_picked":["Doppelganger","Replay:Bag of Tricks"],"picked":"A Thousand Cuts+1","floor":33},{"not_picked":["Flying Knee+1","Backflip+1"],"picked":"Cloak And Dagger+1","floor":35},{"not_picked":["Underhanded Strike+1","Prepared","Toxin Wave"],"picked":"SKIP","floor":36},{"not_picked":["Calculated Gamble+1","Draining Mist+1","Dagger Throw"],"picked":"SKIP","floor":37},{"not_picked":["Flying Knee+1","Hidden Blade","Poisoned Stab"],"picked":"SKIP","floor":38},{"not_picked":["Finisher","Toxin Wave","Outmaneuver"],"picked":"SKIP","floor":39},{"not_picked":["ReplayTheSpireMod:Tripwire","Blur","Sneak Up"],"picked":"SKIP","floor":40},{"not_picked":["Backflip","Poisoned Stab"],"picked":"Caltrops+1","floor":41},{"not_picked":["PiercingWail+1","ReplayTheSpireMod:Shiv Toss","Riddle With Holes+1"],"picked":"SKIP","floor":42},{"not_picked":["Dagger Spray+1","Dagger Throw"],"picked":"Cloak And Dagger","floor":44},{"not_picked":["Deflect","Prepared+1"],"picked":"Footwork+1","floor":45},{"not_picked":["infinitespire:Punishment","infinitespire:SevenWalls"],"picked":"infinitespire:Gouge","floor":46},{"not_picked":["Underhanded Strike","Choke+1","Tactician+1"],"picked":"SKIP","floor":46},{"not_picked":["Flechettes+1","Sucker Punch+1"],"picked":"Blade Dance+1","floor":47},{"not_picked":["Flying Knee","All Out Attack","Finisher"],"picked":"SKIP","floor":52},{"not_picked":["ReplayTheSpireMod:Tripwire","Deadly Poison","Finisher"],"picked":"SKIP","floor":53},{"not_picked":["Poisoned Stab","Expertise"],"picked":"Fluid Movement+1","floor":54},{"not_picked":["Expertise","Hidden Blade","Poisoned Stab"],"picked":"SKIP","floor":55},{"not_picked":["Heel Hook","Toxin Wave","Hidden Blade"],"picked":"SKIP","floor":56},{"not_picked":["Poisoned Stab","All Out Attack","Heel Hook"],"picked":"SKIP","floor":57},{"not_picked":["Slice","Masterful Stab","Toxin Wave"],"picked":"SKIP","floor":59},{"not_picked":["Distraction","Riddle With Holes","Atom Bomb"],"picked":"SKIP","floor":65},{"not_picked":["Bullet Time","Grand Finale"],"picked":"After Image+1","floor":67},{"not_picked":["Decay","Regret"],"picked":"CommonCold","floor":68},{"not_picked":["Hallucinations","Parasite"],"picked":"Decay","floor":68},{"not_picked":["Sickly","Parasite"],"picked":"betterMatch:CurseCard","floor":68},{"not_picked":["Endless Agony","PiercingWail"],"picked":"Terror","floor":69},{"not_picked":["Slice","Hidden Blade","Dagger Spray"],"picked":"SKIP","floor":72},{"not_picked":["Footwork+1","Backflip"],"picked":"Infinite Blades+1","floor":73},{"not_picked":["PiercingWail","Deflect","Quick Slash"],"picked":"SKIP","floor":75},{"not_picked":["Sucker Punch","ReplayTheSpireMod:Scrap Shanks+1","Endless Agony"],"picked":"SKIP","floor":76},{"not_picked":["Reflex","Quick Slash","Well Laid Plans+1"],"picked":"SKIP","floor":76},{"not_picked":["Sneak Up","Dagger Throw"],"picked":"After Image+1","floor":78},{"not_picked":["Bane","Sucker Punch"],"picked":"A Thousand Cuts+1","floor":80},{"not_picked":["Flying Knee","Quick Slash+1","ReplayTheSpireMod:Tripwire"],"picked":"SKIP","floor":82},{"not_picked":["Choke","Dagger Spray+1","Underhanded Strike"],"picked":"SKIP","floor":82},{"not_picked":["Bullet Time","Replay:Bag of Tricks"],"picked":"After Image+1","floor":84},{"not_picked":["Underhanded Strike","Deflect","Blur"],"picked":"SKIP","floor":86},{"not_picked":["Deadly Poison+1","Prepared","Backflip"],"picked":"SKIP","floor":86},{"not_picked":["Blade Dance","Dodge and Roll+1"],"picked":"Accuracy+1","floor":87},{"not_picked":["PiercingWail+1","Backflip","Slice"],"picked":"SKIP","floor":87},{"not_picked":["Dagger Throw","Infinite Blades+1"],"picked":"Envenom+1","floor":89},{"not_picked":["Backflip","Finisher+1","Dodge and Roll"],"picked":"SKIP","floor":89},{"not_picked":["Die Die Die","Acrobatics","Masterful Stab+1"],"picked":"SKIP","floor":92},{"not_picked":["Dagger Throw+1","Distraction+1","Bane+1"],"picked":"SKIP","floor":95},{"not_picked":["Dodge and Roll+1","Replay:Poison Smokescreen","Quick Slash+1"],"picked":"SKIP","floor":97},{"not_picked":["Dagger Spray+1","Night Terror"],"picked":"Accuracy+1","floor":98},{"not_picked":["ReplayTheSpireMod:The Works+1","Dagger Throw","Masterful Stab+1"],"picked":"SKIP","floor":98}],"player_experience":913304,"relics_obtained":[{"floor":9,"key":"Vampiric Spirits"},{"floor":23,"key":"Lizard Tail"},{"floor":26,"key":"Letter Opener"},{"floor":27,"key":"Torii"},{"floor":29,"key":"War Paint"},{"floor":30,"key":"wanderingMiniBosses:ThiefScarf"},{"floor":30,"key":"Vampiric Spirits"},{"floor":40,"key":"Replay:Ringing Soul"},{"floor":40,"key":"Bronze Scales"},{"floor":42,"key":"Garlic"},{"floor":42,"key":"reliquary:RoseTintedGlasses"},{"floor":43,"key":"Bird Faced Urn"},{"floor":44,"key":"reliquary:SculptingSteel"},{"floor":44,"key":"ReplayTheSpireMod:Ninjato"},{"floor":46,"key":"MawBank"},{"floor":46,"key":"Mirror"},{"floor":57,"key":"infinitespire:FocusingShard"},{"floor":57,"key":"Replay:Bottled Steam"},{"floor":59,"key":"Chameleon Ring"},{"floor":59,"key":"Du-Vu Doll"},{"floor":60,"key":"Gremlin Food"},{"floor":61,"key":"Odd Mushroom"},{"floor":65,"key":"Gremlin Horn"},{"floor":65,"key":"reliquary:Aerogel"},{"floor":75,"key":"Byrd Skull"},{"floor":75,"key":"Prayer Wheel"},{"floor":78,"key":"reliquary:FeatherDuster"},{"floor":78,"key":"CeramicFish"},{"floor":80,"key":"Vajra"},{"floor":80,"key":"reliquary:TridentHead"},{"floor":83,"key":"Omamori"},{"floor":90,"key":"Shovel"},{"floor":91,"key":"CaptainsWheel"},{"floor":92,"key":"Turnip"},{"floor":93,"key":"Bottled Flame"},{"floor":94,"key":"Whetstone"},{"floor":95,"key":"StoneCalendar"},{"floor":95,"key":"Happy Flower"},{"floor":97,"key":"Matryoshka"},{"floor":97,"key":"Nunchaku"},{"floor":100,"key":"reliquary:FerryPass"}],"event_choices":[{"damage_healed":0,"gold_gain":444,"player_choice":"GO GO GO GO ","damage_taken":39,"relics_obtained":[],"max_hp_gain":0,"max_hp_loss":0,"event_name":"betterSkull:BetterSkull","floor":11,"gold_loss":0,"cards_upgraded":[]},{"damage_healed":0,"gold_gain":0,"player_choice":"Bought 0 Potions","damage_taken":0,"max_hp_gain":0,"max_hp_loss":0,"event_name":"The Woman in Blue","floor":20,"gold_loss":0},{"damage_healed":0,"gold_gain":0,"player_choice":"Upgraded Two","damage_taken":0,"max_hp_gain":0,"max_hp_loss":0,"event_name":"Designer","floor":21,"gold_loss":40,"cards_upgraded":["Defend_G","Defend_G"]},{"damage_healed":0,"gold_gain":0,"player_choice":"Fought Mushrooms","damage_taken":0,"max_hp_gain":0,"max_hp_loss":0,"event_name":"Mushrooms","floor":61,"gold_loss":0},{"damage_healed":0,"gold_gain":0,"player_choice":"Ignored","damage_taken":0,"max_hp_gain":0,"max_hp_loss":0,"event_name":"Vampires","floor":70,"gold_loss":0},{"damage_healed":0,"gold_gain":0,"player_choice":"2","damage_taken":0,"max_hp_gain":0,"max_hp_loss":0,"event_name":"betterMatch:BetterMatch","floor":71,"gold_loss":0,"cards_obtained":["betterMatch:ColorlessUncommonCard"]},{"damage_healed":0,"gold_gain":0,"player_choice":"Fight","damage_taken":0,"max_hp_gain":0,"max_hp_loss":0,"event_name":"Mysterious Sphere","floor":90,"gold_loss":0},{"damage_healed":0,"gold_gain":0,"player_choice":"Max HP","damage_taken":0,"max_hp_gain":0,"max_hp_loss":6,"event_name":"Winding Halls","floor":96,"gold_loss":0},{"cards_removed":["betterMatch:CurseCard"],"damage_healed":0,"gold_gain":0,"player_choice":"Purged","damage_taken":0,"max_hp_gain":0,"max_hp_loss":0,"event_name":"Purifier","floor":99,"gold_loss":0}],"is_beta":false,"boss_relics":[{"not_picked":["Ring of Chaos","Pandora\u0027s Box"],"picked":"Painkiller Herb"},{"not_picked":["Replay:Bronze Core","Ring of the Serpent"],"picked":"Black Star"},{"not_picked":["Cursed Key","Velvet Choker"],"picked":"Coffee Dripper"},{"not_picked":["Empty Cage","Velvet Choker"],"picked":"Replay:Ancient Bell"},{"not_picked":["reliquary:PorcupineQuills","reliquary:TatteredRug"],"picked":"Bag of Marbles"},{"not_picked":["Iron Hammer","Sundial"],"picked":"reliquary:PrincelyHelmet"},{"not_picked":["Replay:Multitool","Pocketwatch"],"picked":"Calipers"},{"not_picked":["Replay:Wanted Poster","Abe\u0027s Treasure"],"picked":"Ring of the Serpent"},{"not_picked":["Replay:Drink Me","ReplayTheSpireMod:DimensionalGlitch"],"picked":"reliquary:RedCape"}],"items_purged_floors":[79],"is_endless":true,"potions_floor_spawned":[2,3,13,16,18,27,29,33,36,39,40,41,42,44,47,52,57,59,67,72,78,80,82,86,89,97],"ascension_level":4}}