{"host":"imy0w7zcgpxryx7c","time":1612651077,"event":{"mods":["AchievementEnabler","BaseMod","Colored Map","Colored Powertips","Minty Spire (QoL Compilation)","Relic Sorter","StSLib"],"gold_per_floor":[119,119,132,132,132,132,158,176,247,280,299,333,345,392,404,526,619,653,674,686,720,732,778,790,845,881,893,628,658,685,436,436,550,609,631,655,673,698,725,725,738,738,738,354,354,395,136,161,161,161],"floor_reached":51,"language":"ENG","playtime":5318,"items_purged":["Havoc","Iron Wave","Sever Soul","Thunderclap"],"score":1339,"play_id":"e01c11fe-5d44-4128-a0d1-b80563f7fc75","local_time":"20210206173757","is_ascension_mode":true,"campfire_choices":[{"data":"Bludgeon","floor":6,"key":"SMITH"},{"data":"Bash","floor":15,"key":"SMITH"},{"data":"Offering","floor":24,"key":"SMITH"},{"data":"Immolate","floor":32,"key":"SMITH"},{"data":"Intimidate","floor":40,"key":"SMITH"},{"data":"Madness","floor":42,"key":"SMITH"},{"data":"Madness","floor":45,"key":"SMITH"},{"data":"Headbutt","floor":49,"key":"SMITH"}],"circlet_count":0,"master_deck":["AscendersBane","Bash+1","Bludgeon+1","Headbutt+1","Flash of Steel","Shrug It Off+1","True Grit+1","Headbutt+1","Brutality+1","Dark Embrace+1","Berserk+1","Immolate+1","Exhume+1","Intimidate+1","Corruption+1","Ghostly Armor","Offering+1","Ghostly Armor","Shrug It Off","Second Wind","Reaper","Shrug It Off+1","Feel No Pain+1","Flame Barrier+1","Berserk+1","Rupture+1","Sentinel","Inflame+1","Madness+1","Madness+1","Inflame+1","Fire Breathing+1","Metallicize+1","Seeing Red+1"],"relics":["Burning Blood","Frozen Egg 2","Mummified Hand","White Beast Statue","Calipers","MawBank","CeramicFish","Pandora\u0027s Box","Torii","Blood Vial","Akabeko","Dream Catcher","War Paint","Orichalcum","Lee\u0027s Waffle","Tiny House","Art of War","Self Forming Clay","Bottled Tornado","Unceasing Top"],"acts_visited":["Exordium","TheCity","TheBeyond"],"potions_floor_usage":[10,12,12,14,16,23,25,30,33,35,36,39,39,48,50,50,50],"damage_taken":[{"damage":9,"enemies":"Jaw Worm","floor":1,"turns":3},{"damage":1,"enemies":"Cultist","floor":3,"turns":3},{"damage":16,"enemies":"Gremlin Nob","floor":7,"turns":3},{"damage":0,"enemies":"Small Slimes","floor":8,"turns":3},{"damage":10,"enemies":"3 Sentries","floor":10,"turns":4},{"damage":27,"enemies":"Exordium Wildlife","floor":11,"turns":3},{"damage":16,"enemies":"Gremlin Nob","floor":12,"turns":3},{"damage":25,"enemies":"3 Sentries","floor":14,"turns":6},{"damage":29,"enemies":"The Guardian","floor":16,"turns":12},{"damage":12,"enemies":"Spheric Guardian","floor":18,"turns":1},{"damage":13,"enemies":"2 Thieves","floor":21,"turns":2},{"damage":14,"enemies":"Book of Stabbing","floor":23,"turns":2},{"damage":13,"enemies":"Gremlin Leader","floor":25,"turns":2},{"damage":13,"enemies":"Book of Stabbing","floor":29,"turns":2},{"damage":1,"enemies":"Snecko","floor":30,"turns":2},{"damage":15,"enemies":"Collector","floor":33,"turns":4},{"damage":2,"enemies":"Orb Walker","floor":35,"turns":2},{"damage":8,"enemies":"3 Darklings","floor":36,"turns":3},{"damage":66,"enemies":"4 Shapes","floor":39,"turns":4},{"damage":9,"enemies":"Maw","floor":41,"turns":4},{"damage":10,"enemies":"Nemesis","floor":46,"turns":5},{"damage":17,"enemies":"3 Darklings","floor":48,"turns":3},{"damage":44,"enemies":"Awakened One","floor":50,"turns":5}],"seed_played":"3289865191193840875","potions_obtained":[{"floor":7,"key":"Regen Potion"},{"floor":8,"key":"PowerPotion"},{"floor":10,"key":"GamblersBrew"},{"floor":11,"key":"DistilledChaos"},{"floor":12,"key":"BloodPotion"},{"floor":14,"key":"Block Potion"},{"floor":16,"key":"DistilledChaos"},{"floor":18,"key":"Ancient Potion"},{"floor":21,"key":"CultistPotion"},{"floor":23,"key":"LiquidMemories"},{"floor":25,"key":"SteroidPotion"},{"floor":29,"key":"DuplicationPotion"},{"floor":30,"key":"SpeedPotion"},{"floor":33,"key":"SpeedPotion"},{"floor":35,"key":"Weak Potion"},{"floor":36,"key":"DistilledChaos"},{"floor":39,"key":"Weak Potion"},{"floor":41,"key":"Ancient Potion"},{"floor":46,"key":"GamblersBrew"},{"floor":48,"key":"ElixirPotion"}],"is_trial":false,"path_per_floor":["M","?","M","?","T","R","E","M","T","E","M","E","?","E","R","B",null,"M","?","?","M","?","E","R","E","T","?","$","E","M","$","R","B",null,"M","M","?","T","M","R","M","R","T","$","R","E","$","M","R","B",null],"character_chosen":"IRONCLAD","items_purchased":["Feel No Pain+1","War Paint","Lee\u0027s Waffle","Bottled Tornado","Metallicize+1","Dexterity Potion"],"campfire_rested":0,"item_purchase_floors":[28,28,31,44,47,47],"current_hp_per_floor":[69,69,72,77,77,77,67,73,73,69,48,38,38,34,34,23,64,58,58,58,51,51,43,43,38,38,38,38,33,44,84,84,75,87,89,87,76,76,53,53,63,63,63,63,63,76,76,79,79,56],"gold":161,"neow_bonus":"THREE_RARE_CARDS","is_daily":false,"chose_seed":false,"campfire_upgraded":8,"win_rate":0.0,"timestamp":1612651077,"path_taken":["M","?","?","?","?","R","E","?","T","E","M","E","?","E","R","BOSS","M","?","?","?","?","E","R","E","T","?","$","E","M","$","R","BOSS","M","?","?","?","?","R","M","R","T","$","R","E","$","M","R","BOSS"],"items_purchased_type":["Card","Relic","Relic","Relic","Card","Potion"],"build_version":"2020-12-22","purchased_purges":4,"victory":true,"max_hp_per_floor":[72,72,72,77,77,77,77,77,77,77,77,77,77,77,77,77,77,77,77,77,77,77,77,77,77,77,77,77,77,77,84,84,84,89,89,89,89,89,89,89,89,89,89,89,89,89,89,89,89,89],"card_choices":[{"not_picked":["Barricade","Offering"],"picked":"Bludgeon","floor":0},{"not_picked":["Feel No Pain","Heavy Blade"],"picked":"Headbutt","floor":1},{"not_picked":["Twin Strike","Iron Wave"],"picked":"Thunderclap","floor":3},{"not_picked":["Spot Weakness","Thunderclap"],"picked":"Shrug It Off","floor":7},{"not_picked":["Shrug It Off","Havoc"],"picked":"True Grit","floor":8},{"not_picked":["Heavy Blade","Thunderclap"],"picked":"Headbutt","floor":10},{"not_picked":["Headbutt","Perfected Strike","Shrug It Off"],"picked":"SKIP","floor":11},{"not_picked":["Ghostly Armor","Shockwave"],"picked":"Brutality+1","floor":12},{"not_picked":["Infernal Blade","Metallicize+1"],"picked":"Dark Embrace+1","floor":14},{"not_picked":["Bludgeon","Impervious"],"picked":"Berserk+1","floor":16},{"not_picked":["Iron Wave","Power Through"],"picked":"Shrug It Off","floor":18},{"not_picked":["True Grit","Infernal Blade"],"picked":"Sever Soul","floor":21},{"not_picked":["Sword Boomerang","Heavy Blade"],"picked":"Reaper","floor":23},{"not_picked":["Ghostly Armor","Power Through+1"],"picked":"Shrug It Off","floor":25},{"not_picked":["Second Wind","Pommel Strike","Heavy Blade+1"],"picked":"SKIP","floor":29},{"not_picked":["Sword Boomerang","Cleave+1"],"picked":"Flame Barrier+1","floor":30},{"not_picked":["Bludgeon","Feed"],"picked":"Berserk+1","floor":33},{"not_picked":["Searing Blow+1","Cleave"],"picked":"Rupture+1","floor":34},{"not_picked":["Heavy Blade+1","Pommel Strike+1"],"picked":"Sentinel","floor":35},{"not_picked":["Sword Boomerang","Iron Wave+1"],"picked":"Inflame+1","floor":36},{"not_picked":["Cleave+1","True Grit"],"picked":"Inflame+1","floor":39},{"not_picked":["Armaments+1","Thunderclap+1","Rage"],"picked":"SKIP","floor":41},{"not_picked":["Havoc+1","Fiend Fire"],"picked":"Fire Breathing+1","floor":46},{"not_picked":["Thunderclap+1","Headbutt+1"],"picked":"Seeing Red+1","floor":48}],"player_experience":360561,"relics_obtained":[{"floor":5,"key":"Frozen Egg 2"},{"floor":7,"key":"Mummified Hand"},{"floor":9,"key":"White Beast Statue"},{"floor":10,"key":"Calipers"},{"floor":12,"key":"MawBank"},{"floor":14,"key":"CeramicFish"},{"floor":23,"key":"Blood Vial"},{"floor":25,"key":"Akabeko"},{"floor":26,"key":"Dream Catcher"},{"floor":29,"key":"Orichalcum"},{"floor":38,"key":"Art of War"},{"floor":43,"key":"Self Forming Clay"},{"floor":46,"key":"Unceasing Top"}],"event_choices":[{"damage_healed":0,"gold_gain":0,"player_choice":"1 cards matched","damage_taken":0,"max_hp_gain":0,"max_hp_loss":0,"event_name":"Match and Keep!","floor":2,"gold_loss":0,"cards_obtained":["Flash of Steel"]},{"damage_healed":0,"gold_gain":0,"player_choice":"Donut","damage_taken":0,"max_hp_gain":5,"max_hp_loss":0,"event_name":"Big Fish","floor":4,"gold_loss":0},{"damage_healed":0,"gold_gain":0,"player_choice":"Upgraded","damage_taken":0,"max_hp_gain":0,"max_hp_loss":0,"event_name":"Upgrade Shrine","floor":13,"gold_loss":0,"cards_upgraded":["True Grit"]},{"damage_healed":0,"gold_gain":0,"player_choice":"Read","damage_taken":0,"max_hp_gain":0,"max_hp_loss":0,"event_name":"The Library","floor":19,"gold_loss":0,"cards_obtained":["Second Wind"]},{"damage_healed":0,"gold_gain":0,"player_choice":"Forge","damage_taken":0,"max_hp_gain":0,"max_hp_loss":0,"event_name":"Accursed Blacksmith","floor":20,"gold_loss":0,"cards_upgraded":["Exhume"]},{"damage_healed":0,"gold_gain":0,"player_choice":"Opened","damage_taken":0,"relics_obtained":["Torii"],"max_hp_gain":0,"max_hp_loss":0,"event_name":"The Mausoleum","floor":22,"gold_loss":0},{"damage_healed":0,"gold_gain":0,"player_choice":"Bought 0 Potions","damage_taken":0,"max_hp_gain":0,"max_hp_loss":0,"event_name":"The Woman in Blue","floor":27,"gold_loss":0},{"damage_healed":0,"gold_gain":0,"player_choice":"Embrace Madness","damage_taken":11,"max_hp_gain":0,"max_hp_loss":0,"event_name":"Winding Halls","floor":37,"gold_loss":0,"cards_obtained":["Madness","Madness"]}],"is_beta":false,"boss_relics":[{"not_picked":["Black Star","Calling Bell"],"picked":"Pandora\u0027s Box"},{"not_picked":["Snecko Eye","Fusion Hammer"],"picked":"Tiny House"}],"items_purged_floors":[28,31,44,47],"is_endless":false,"potions_floor_spawned":[7,8,10,11,12,14,16,18,21,23,25,29,30,33,35,36,39,41,46,48],"ascension_level":10}}