{"host":"amvb77pwe2wp6zyc","time":1612576943,"event":{"mods":["2.2 Compatiblity","AchievementEnabler","AlwaysNeverKeys","BaseMod","BetterRewards","Downfall","Duelist Mod","GifTheSpireLib","Minty Spire (QoL Compilation)","Permanent Neow","Quick Restart","Relic Filter","Shop Mod","StSLib","SuperFastMode","Trackpad"],"gold_per_floor":[140,159,175,68,80,106,106,131,131,143,172,237,260,289,289,360,360,379,393,413,432,445,480,490,490,490,501,531,531,580,610,610,685,685,701,717,734,734,753,753,753,753,753,778,788,804,816,832,832,832,832,832,875,909,909],"floor_reached":56,"language":"DEU","playtime":1370,"items_purged":["theDuelist:NaturiaBeast","theDuelist:Sparks","theDuelist:Sparks","theDuelist:Sparks","theDuelist:CastleWalls"],"score":3553,"play_id":"815ac050-c60a-4e2c-b626-d59f970cc5c1","local_time":"20210206030223","is_ascension_mode":true,"campfire_choices":[{"data":"theDuelist:CastleWalls","floor":7,"key":"PURGE"},{"data":"theDuelist:NaturiaRock","floor":15,"key":"PURGE"},{"data":"theDuelist:NaturiaPineapple","floor":29,"key":"PURGE"},{"floor":32,"key":"DIG"},{"floor":40,"key":"DIG"},{"floor":42,"key":"DIG"},{"floor":49,"key":"DIG"},{"floor":52,"key":"DIG"}],"circlet_count":0,"master_deck":["AscendersBane","theDuelist:NaturiaPineapple"],"relics":["theDuelist:MillenniumPuzzle","theDuelist:CardPoolRelic","theDuelist:CardPoolBasicRelic","theDuelist:BoosterPackPoolRelic","theDuelist:CardPoolAddRelic","theDuelist:CardPoolMinusRelic","theDuelist:CardPoolSaveRelic","theDuelist:CardPoolOptionsRelic","trackpad:FieryHotPepper","theDuelist:MerchantPendant","Medical Kit","Peace Pipe","Shovel","Blue Candle","Unceasing Top","Calipers","MerchantsRug","theDuelist:DuelistTeaSet","theDuelist:SummonAnchor","theDuelist:TributeEggRelic","theDuelist:MillenniumRing","Sundial","Odd Mushroom","Letter Opener","Runic Cube","Happy Flower","trackpad:DisasterInABottle","PreservedInsect","Black Star","theDuelist:BoosterBetterBoostersRelic","trackpad:SappingStone","trackpad:ByrdBGone","Boot","theDuelist:NaturiaRelic","Thread and Needle","Anchor","trackpad:SneckoScepter","Toy Ornithopter","theDuelist:ElectricToken"],"acts_visited":["Exordium","TheCity","TheBeyond","TheEnding"],"potions_floor_usage":[],"damage_taken":[{"damage":0,"enemies":"2 Louse","floor":1,"turns":1},{"damage":0,"enemies":"Jaw Worm","floor":2,"turns":3},{"damage":1,"enemies":"Small Slimes","floor":3,"turns":1},{"damage":1,"enemies":"Exordium Wildlife","floor":5,"turns":2},{"damage":0,"enemies":"Gremlin Nob","floor":6,"turns":3},{"damage":0,"enemies":"Lagavulin","floor":8,"turns":3},{"damage":0,"enemies":"Looter","floor":10,"turns":2},{"damage":0,"enemies":"3 Sentries","floor":11,"turns":2},{"damage":0,"enemies":"Gremlin Nob","floor":12,"turns":2},{"damage":0,"enemies":"The Mushroom Lair","floor":13,"turns":2},{"damage":0,"enemies":"Lagavulin","floor":14,"turns":2},{"damage":0,"enemies":"Hexaghost","floor":16,"turns":2},{"damage":1,"enemies":"Shell Parasite","floor":18,"turns":1},{"damage":1,"enemies":"3 Byrds","floor":19,"turns":1},{"damage":1,"enemies":"Snake Plant","floor":20,"turns":1},{"damage":1,"enemies":"Cultist and Chosen","floor":21,"turns":1},{"damage":1,"enemies":"Shelled Parasite and Fungi","floor":22,"turns":1},{"damage":1,"enemies":"Gremlin Leader","floor":23,"turns":2},{"damage":1,"enemies":"Centurion and Healer","floor":24,"turns":1},{"damage":1,"enemies":"Snake Plant","floor":27,"turns":1},{"damage":1,"enemies":"Slavers","floor":28,"turns":1},{"damage":1,"enemies":"Book of Stabbing","floor":31,"turns":1},{"damage":1,"enemies":"Automaton","floor":33,"turns":1},{"damage":1,"enemies":"3 Darklings","floor":35,"turns":1},{"damage":1,"enemies":"Orb Walker","floor":36,"turns":1},{"damage":1,"enemies":"Sphere and 2 Shapes","floor":37,"turns":1},{"damage":1,"enemies":"4 Shapes","floor":39,"turns":1},{"damage":1,"enemies":"Giant Head","floor":44,"turns":1},{"damage":1,"enemies":"3 Darklings","floor":45,"turns":1},{"damage":1,"enemies":"Maw","floor":46,"turns":1},{"damage":1,"enemies":"Writhing Mass","floor":47,"turns":1},{"damage":1,"enemies":"4 Shapes","floor":48,"turns":1},{"damage":1,"enemies":"Awakened One","floor":50,"turns":2},{"damage":1,"enemies":"Shield and Spear","floor":54,"turns":1},{"damage":25,"enemies":"The Heart","floor":55,"turns":3}],"seed_played":"-4184081048997336537","potions_obtained":[{"floor":1,"key":"hexamod:SoulburnPotion"},{"floor":2,"key":"theDuelist:ExtraOrbsBottle"},{"floor":8,"key":"SneckoOil"},{"floor":12,"key":"sneckomod:MuddlingPotion"},{"floor":35,"key":"theDuelist:BurningPotionB"},{"floor":44,"key":"hexamod:SoulburnPotion"},{"floor":54,"key":"theDuelist:IcePotion"}],"is_trial":false,"path_per_floor":["M","M","M","$","M","E","R","E","T","M","E","?","?","E","R","B",null,"M","M","M","M","M","E","M","?","T","M","E","R","$","E","R","B",null,"M","M","M","?","M","R","?","R","T","E","M","M","M","M","R","B",null,"R","$","E","B",null],"character_chosen":"THE_DUELIST","items_purchased":["trackpad:FieryHotPepper","theDuelist:MerchantPendant","Medical Kit","Peace Pipe","Shovel","Blue Candle","Unceasing Top","Calipers","Bandage Up","Empty Cage","MerchantsRug"],"campfire_rested":0,"item_purchase_floors":[0,0,0,0,0,0,0,0,0,0,4],"current_hp_per_floor":[25,29,32,32,35,39,39,43,43,47,51,55,59,63,63,67,69,69,69,70,70,70,70,70,70,70,70,70,70,70,70,70,70,70,70,70,70,70,70,70,70,70,70,69,68,67,66,65,65,64,69,69,69,68,43],"gold":909,"neow_bonus":"","is_daily":false,"chose_seed":false,"campfire_upgraded":0,"win_rate":0.0,"timestamp":1612576943,"path_taken":["M","M","M","$","M","E","R","E","T","M","E","?","?","E","R","BOSS","M","M","M","M","M","E","M","?","T","M","E","R","$","E","R","BOSS","M","M","M","?","M","R","?","R","T","E","M","M","M","M","R","BOSS","R","$","E","BOSS"],"items_purchased_type":["Relic","Relic","Relic","Relic","Relic","Relic","Relic","Relic","Card","Relic","Relic"],"build_version":"2020-12-22","purchased_purges":5,"victory":true,"max_hp_per_floor":[70,70,70,70,70,70,70,70,70,70,70,70,70,70,70,70,70,70,70,70,70,70,70,70,70,70,70,70,70,70,70,70,70,70,70,70,70,70,70,70,70,70,70,70,70,70,70,70,70,70,70,70,70,70,70],"card_choices":[{"not_picked":["theDuelist:Wildfire","theDuelist:WildNatureRelease","theDuelist:SeedSacredTree","theDuelist:WormBait","theDuelist:NaturiaForest"],"picked":"SKIP","floor":1},{"not_picked":["theDuelist:Alpacaribou","theDuelist:NaturiaWhiteOak","theDuelist:Wiretap","theDuelist:SeedSacredTree"],"picked":"theDuelist:NaturiaPineapple","floor":2},{"not_picked":["theDuelist:WildNatureRelease","theDuelist:WormBait","theDuelist:NaturiaSacredTree","theDuelist:ConvulsionNature","theDuelist:SeedSacredTree"],"picked":"SKIP","floor":3},{"not_picked":["theDuelist:NaturiaPumpkin","theDuelist:NaturiaHorneedle","theDuelist:CopyPlant","theDuelist:Wiretap","theDuelist:Wildfire"],"picked":"SKIP","floor":5},{"not_picked":["theDuelist:NaturiaDragonfly","theDuelist:NaturiaMarron","theDuelist:NaturiaRagweed","theDuelist:NaturiaTulip","theDuelist:AcidTrapHole"],"picked":"SKIP","floor":6},{"not_picked":["theDuelist:NaturiaDragonfly","theDuelist:NaturiaMarron","theDuelist:NaturiaTulip","theDuelist:NaturiaRagweed","theDuelist:AcidTrapHole"],"picked":"SKIP","floor":8},{"not_picked":["theDuelist:NaturiaDragonfly","theDuelist:SummoningSwarm","theDuelist:NaturiaMarron","theDuelist:LonefireBlossom"],"picked":"theDuelist:NaturiaPineapple","floor":10},{"not_picked":["theDuelist:NaturiaTulip","theDuelist:NaturiaWhiteOak","theDuelist:SeedSacredTree","theDuelist:CopyPlant","theDuelist:Wiretap"],"picked":"SKIP","floor":11},{"not_picked":["theDuelist:NaturiaDragonfly","theDuelist:SummoningSwarm","theDuelist:NaturiaRagweed","theDuelist:NaturiaMarron","theDuelist:NaturiaSacredTree"],"picked":"SKIP","floor":14},{"not_picked":["theDuelist:WildNatureRelease","theDuelist:SummoningSwarm","theDuelist:NaturiaSacredTree","theDuelist:ConvulsionNature+1","theDuelist:SeedSacredTree"],"picked":"SKIP","floor":18},{"not_picked":["theDuelist:NaturiaDragonfly","theDuelist:AcidTrapHole+1","theDuelist:Wiretap","theDuelist:SeedSacredTree","theDuelist:WormBait"],"picked":"SKIP","floor":19},{"not_picked":["theDuelist:NaturiaDragonfly","theDuelist:NaturiaMarron","theDuelist:NaturiaTulip","theDuelist:SummoningSwarm","theDuelist:NaturiaPineapple"],"picked":"SKIP","floor":20},{"not_picked":["Dark Shackles","Impatience","Metamorphosis+1","Swift Strike"],"picked":"SKIP","floor":21},{"not_picked":["theDuelist:NaturiaDragonfly","theDuelist:NaturiaTulip","theDuelist:NaturiaMarron","theDuelist:SummoningSwarm","theDuelist:NaturiaRagweed"],"picked":"SKIP","floor":22},{"not_picked":["theDuelist:NaturiaHorneedle","theDuelist:AcidTrapHole+1","theDuelist:Wildfire+1","theDuelist:Wiretap","theDuelist:SummoningSwarm"],"picked":"SKIP","floor":23},{"not_picked":["theDuelist:NaturiaDragonfly","theDuelist:LonefireBlossom","theDuelist:NaturiaRagweed","theDuelist:SummoningSwarm","theDuelist:NaturiaMarron"],"picked":"SKIP","floor":24},{"not_picked":["theDuelist:NaturiaDragonfly","theDuelist:NaturiaMarron","theDuelist:LonefireBlossom","theDuelist:SummoningSwarm","theDuelist:NaturiaTulip+1"],"picked":"SKIP","floor":27},{"not_picked":["theDuelist:NaturiaDragonfly+1","theDuelist:NaturiaMarron","theDuelist:NaturiaTulip","theDuelist:LonefireBlossom","theDuelist:Wiretap"],"picked":"SKIP","floor":28},{"not_picked":["theDuelist:NaturiaDragonfly","theDuelist:NaturiaMarron","theDuelist:NaturiaTulip","theDuelist:SummoningSwarm","theDuelist:NaturiaParadizo"],"picked":"SKIP","floor":31},{"not_picked":["theDuelist:NaturiaHorneedle","theDuelist:Wildfire","theDuelist:NaturiaForest+1"],"picked":"SKIP","floor":35},{"not_picked":["theDuelist:NaturiaPumpkin+1","theDuelist:SeedSacredTree+1","theDuelist:NaturiaHorneedle","theDuelist:ConvulsionNature","theDuelist:Wildfire+1"],"picked":"SKIP","floor":36},{"not_picked":["theDuelist:NaturiaParadizo+1","theDuelist:Wiretap","theDuelist:Alpacaribou","theDuelist:CopyPlant","theDuelist:Wildfire"],"picked":"SKIP","floor":37},{"not_picked":["theDuelist:Alpacaribou","theDuelist:NaturiaHorneedle","theDuelist:NaturiaWhiteOak+1","theDuelist:NaturiaPumpkin","theDuelist:NaturiaForest"],"picked":"SKIP","floor":39},{"not_picked":["theDuelist:NaturiaHorneedle+1","theDuelist:Wildfire","theDuelist:NaturiaForest+1"],"picked":"SKIP","floor":44},{"not_picked":["theDuelist:NaturiaHorneedle","theDuelist:Wildfire","theDuelist:NaturiaForest+1"],"picked":"SKIP","floor":45},{"not_picked":["theDuelist:NaturiaDragonfly","theDuelist:LonefireBlossom+1","theDuelist:NaturiaRagweed","theDuelist:SummoningSwarm","theDuelist:NaturiaPineapple"],"picked":"SKIP","floor":46},{"not_picked":["theDuelist:Wiretap","theDuelist:NaturiaRagweed","theDuelist:NaturiaTulip","theDuelist:WormBait+1","theDuelist:SeedSacredTree"],"picked":"SKIP","floor":47},{"not_picked":["theDuelist:NaturiaDragonfly","theDuelist:SummoningSwarm","theDuelist:NaturiaTulip","theDuelist:LonefireBlossom+1","theDuelist:CopyPlant"],"picked":"SKIP","floor":48},{"not_picked":["theDuelist:Wildfire+4"],"picked":"SKIP","floor":54}],"player_experience":412845,"relics_obtained":[{"floor":6,"key":"theDuelist:DuelistTeaSet"},{"floor":8,"key":"theDuelist:SummonAnchor"},{"floor":9,"key":"theDuelist:TributeEggRelic"},{"floor":11,"key":"theDuelist:MillenniumRing"},{"floor":13,"key":"Odd Mushroom"},{"floor":14,"key":"Letter Opener"},{"floor":23,"key":"Happy Flower"},{"floor":26,"key":"trackpad:DisasterInABottle"},{"floor":28,"key":"PreservedInsect"},{"floor":31,"key":"Black Star"},{"floor":32,"key":"theDuelist:BoosterBetterBoostersRelic"},{"floor":40,"key":"trackpad:SappingStone"},{"floor":42,"key":"trackpad:ByrdBGone"},{"floor":43,"key":"Boot"},{"floor":44,"key":"theDuelist:NaturiaRelic"},{"floor":44,"key":"Thread and Needle"},{"floor":49,"key":"Anchor"},{"floor":52,"key":"trackpad:SneckoScepter"},{"floor":54,"key":"Toy Ornithopter"},{"floor":54,"key":"theDuelist:ElectricToken"}],"event_choices":[{"damage_healed":0,"gold_gain":0,"player_choice":"Searched \u00273\u0027 times","damage_taken":0,"relics_obtained":["Sundial"],"max_hp_gain":0,"max_hp_loss":0,"event_name":"Dead Adventurer","floor":12,"gold_loss":0},{"damage_healed":0,"gold_gain":0,"player_choice":"Fought Mushrooms","damage_taken":0,"max_hp_gain":0,"max_hp_loss":0,"event_name":"Mushrooms","floor":13,"gold_loss":0},{"cards_removed":["theDuelist:NaturiaTulip"],"damage_healed":0,"gold_gain":0,"player_choice":"Elegance","damage_taken":0,"max_hp_gain":0,"max_hp_loss":0,"event_name":"Back to Basics","floor":25,"gold_loss":0},{"damage_healed":0,"gold_gain":0,"player_choice":"Leave","duelist":true,"damage_taken":0,"max_hp_gain":0,"max_hp_loss":0,"event_name":"Card Trader","floor":38,"gold_loss":0},{"cards_removed":["Bandage Up"],"damage_healed":0,"gold_gain":0,"player_choice":"Removed Skill","damage_taken":0,"max_hp_gain":0,"max_hp_loss":0,"event_name":"Falling","floor":41,"gold_loss":0}],"is_beta":false,"boss_relics":[{"not_picked":["Runic Pyramid","theDuelist:GamblerChip"],"picked":"Runic Cube"},{"not_picked":["Fusion Hammer","Cursed Key","Coffee Dripper"]}],"items_purged_floors":[0,0,0,0,0],"is_endless":false,"potions_floor_spawned":[1,2,3,8,12,18,19,20,22,24,35,44,46,47,54],"ascension_level":17}}