{"host":"Bilverbakes","time":1612651401,"event":{"mods":["2.2 Compatiblity","AchievementEnabler","BaseMod","Bestiary","Colored Map","Minty Spire (QoL Compilation)","Relic Stats","StSLib","ojb\u0027s Info Mod"],"gold_per_floor":[119,99,115,126,47,47,57,92,119,119,119,119,119,137,137,214,214,228,241,87,12,23,23,54,65,65,65,98,110,139,139,139,210,210,210,210],"floor_reached":35,"language":"ENG","playtime":3010,"items_purged":["Strike_P"],"score":930,"play_id":"b11e3ac6-5f01-484f-ad8c-84022da8a31a","local_time":"20210206164321","is_ascension_mode":true,"campfire_choices":[{"floor":6.0,"key":"DIG"},{"floor":10.0,"key":"DIG"},{"floor":12.0,"key":"DIG"},{"data":"Eruption","floor":15.0,"key":"SMITH"},{"floor":23,"key":"DIG"},{"floor":27,"key":"DIG"},{"floor":32,"key":"REST"}],"circlet_count":0,"master_deck":["AscendersBane","Strike_P+1","Strike_P+1","Defend_P","Defend_P","Defend_P","Defend_P+1","Eruption+1","Vigilance","InnerPeace","Consecrate","Protect","SandsOfTime+1","ClearTheMind","Scrawl+1","Adaptation","Establishment","Study+1","FlurryOfBlows","EmptyFist","Wallop","FlurryOfBlows+1","MentalFortress","LessonLearned","Vault"],"relics":["PureWater","Shovel","Ancient Tea Set","Art of War","Vajra","PreservedInsect","Whetstone","SlaversCollar","Smiling Mask","The Courier","Yang","Blue Candle","Potion Belt","GoldenEye","VioletLotus"],"acts_visited":["Exordium","TheCity","TheBeyond"],"potions_floor_usage":[25,28,29,33],"damage_taken":[{"damage":2.0,"enemies":"Jaw Worm","floor":1.0,"turns":5.0},{"damage":1.0,"enemies":"Cultist","floor":3.0,"turns":3.0},{"damage":4.0,"enemies":"2 Louse","floor":4.0,"turns":2.0},{"damage":2.0,"enemies":"2 Fungi Beasts","floor":7.0,"turns":2.0},{"damage":0.0,"enemies":"Lagavulin","floor":8.0,"turns":5.0},{"damage":5.0,"enemies":"3 Louse","floor":14.0,"turns":3.0},{"damage":9.0,"enemies":"Hexaghost","floor":16.0,"turns":6.0},{"damage":9.0,"enemies":"Shell Parasite","floor":18.0,"turns":3.0},{"damage":16,"enemies":"Spheric Guardian","floor":19,"turns":5},{"damage":14,"enemies":"Centurion and Healer","floor":22,"turns":4},{"damage":2,"enemies":"Book of Stabbing","floor":24,"turns":3},{"damage":0,"enemies":"Cultist and Chosen","floor":25,"turns":3},{"damage":0,"enemies":"Slavers","floor":28,"turns":3},{"damage":3,"enemies":"Snecko","floor":29,"turns":4},{"damage":1,"enemies":"Book of Stabbing","floor":30,"turns":4},{"damage":26,"enemies":"Automaton","floor":33,"turns":9},{"damage":11,"enemies":"3 Darklings","floor":35,"turns":2}],"seed_played":"5641723792606750422","potions_obtained":[{"floor":1.0,"key":"EntropicBrew"},{"floor":2.0,"key":"Explosive Potion"},{"floor":4.0,"key":"ColorlessPotion"},{"floor":7.0,"key":"PowerPotion"},{"floor":16.0,"key":"Energy Potion"},{"floor":19,"key":"Dexterity Potion"},{"floor":22,"key":"Swift Potion"},{"floor":28,"key":"BottledMiracle"},{"floor":29,"key":"CultistPotion"},{"floor":30,"key":"SteroidPotion"},{"floor":33,"key":"Strength Potion"}],"is_trial":false,"path_per_floor":["M","?","M","M","$","R","M","E","T","R","?","R","?","M","R","B",null,"M","M","$","?","M","R","E","M","T","R","E","M","E","?","R","B",null,"M"],"character_chosen":"WATCHER","items_purchased":["SandsOfTime","FlurryOfBlows","EmptyFist"],"campfire_rested":1,"item_purchase_floors":[5,20,20],"current_hp_per_floor":[41,41,40,36,36,36,34,34,34,34,14,14,36,31,31,22,57,48,32,32,32,18,18,16,16,16,16,16,13,12,12,32,6,53,42,42],"gold":210,"neow_bonus":"ONE_RARE_RELIC","is_daily":false,"chose_seed":false,"campfire_upgraded":1,"win_rate":0.0,"timestamp":1612651401,"path_taken":["M","?","M","M","$","R","?","E","T","R","?","R","?","M","R","BOSS","M","M","$","?","M","R","E","M","T","R","E","M","E","?","R","BOSS","M"],"items_purchased_type":["Card","Card","Card"],"build_version":"2020-12-18","purchased_purges":1,"victory":false,"max_hp_per_floor":[68,68,68,68,68,68,68,68,68,68,68,68,68,68,68,68,68,68,68,68,68,68,68,68,68,68,68,68,68,68,68,68,68,68,68,68],"relic_stats":{"Shovel":5,"counters":[17,66],"Blue Candle":[0],"Yang":[78],"PreservedInsect":127,"VioletLotus":[0],"Art of War":[8],"Whetstone":["Strike_P","Strike_P"],"Smiling Mask":0,"GoldenEye":[0],"obtain_stats":[{"Potion Belt":28,"Blue Candle":27,"Vajra":9,"Yang":26,"PreservedInsect":10,"The Courier":24,"Whetstone":12,"Ancient Tea Set":6,"Smiling Mask":23,"GoldenEye":30,"SlaversCollar":17,"Shovel":0,"VioletLotus":34,"Art of War":8,"PureWater":0},{"Potion Belt":13,"Blue Candle":12,"Vajra":5,"Yang":12,"PreservedInsect":5,"The Courier":11,"Whetstone":5,"Ancient Tea Set":3,"Smiling Mask":10,"GoldenEye":15,"SlaversCollar":7,"Shovel":0,"VioletLotus":16,"Art of War":5,"PureWater":0},{"Potion Belt":47,"Blue Candle":44,"Vajra":17,"Yang":44,"PreservedInsect":17,"The Courier":41,"Whetstone":17,"Ancient Tea Set":10,"Smiling Mask":38,"GoldenEye":55,"SlaversCollar":26,"Shovel":0,"VioletLotus":64,"Art of War":17,"PureWater":0}]},"card_choices":[{"not_picked":["Evaluate","Wireheading"],"picked":"InnerPeace","floor":1.0},{"not_picked":["Worship","PathToVictory"],"picked":"Consecrate","floor":3.0},{"not_picked":["Study","FlyingSleeves"],"picked":"Protect","floor":4.0},{"not_picked":["Protect","WaveOfTheHand"],"picked":"ClearTheMind","floor":7.0},{"not_picked":["DeceiveReality","Protect"],"picked":"Scrawl","floor":8.0},{"not_picked":["JustLucky","BowlingBash"],"picked":"Adaptation","floor":14.0},{"not_picked":["Devotion","SpiritShield"],"picked":"Establishment","floor":16.0},{"not_picked":["PathToVictory+1","Protect"],"picked":"Study+1","floor":18.0},{"not_picked":["SignatureMove","Prostrate","SashWhip"],"picked":"SKIP","floor":19},{"not_picked":["Wish","Meditate"],"picked":"Wallop","floor":22},{"not_picked":["LikeWater","FearNoEvil"],"picked":"FlurryOfBlows+1","floor":24},{"not_picked":["Collect+1","Prostrate+1","Fasting2"],"picked":"SKIP","floor":25},{"not_picked":["ForeignInfluence","FlurryOfBlows","Protect"],"picked":"SKIP","floor":28},{"not_picked":["Worship","Evaluate"],"picked":"MentalFortress","floor":29},{"not_picked":["Nirvana","CrushJoints"],"picked":"LessonLearned","floor":30},{"not_picked":["ConjureBlade","Judgement"],"picked":"Vault","floor":33}],"player_experience":913935,"relics_obtained":[{"floor":6.0,"key":"Ancient Tea Set"},{"floor":8.0,"key":"Art of War"},{"floor":9.0,"key":"Vajra"},{"floor":10.0,"key":"PreservedInsect"},{"floor":12.0,"key":"Whetstone"},{"floor":23,"key":"Smiling Mask"},{"floor":24,"key":"The Courier"},{"floor":26,"key":"Yang"},{"floor":27,"key":"Blue Candle"},{"floor":28,"key":"Potion Belt"},{"floor":30,"key":"GoldenEye"}],"event_choices":[{"damage_healed":0.0,"max_hp_gain":0.0,"max_hp_loss":0.0,"gold_gain":0.0,"event_name":"The Woman in Blue","player_choice":"Bought 1 Potion","floor":2.0,"gold_loss":0.0,"damage_taken":0.0},{"damage_healed":0.0,"max_hp_gain":0.0,"max_hp_loss":0.0,"gold_gain":0.0,"event_name":"Shining Light","player_choice":"Entered Light","floor":11.0,"gold_loss":0.0,"damage_taken":20.0,"cards_upgraded":["SandsOfTime","Scrawl"]},{"damage_healed":22.0,"max_hp_gain":0.0,"max_hp_loss":0.0,"gold_gain":0.0,"event_name":"Big Fish","player_choice":"Banana","floor":13.0,"gold_loss":0.0,"damage_taken":0.0},{"cards_removed":["Strike_P"],"damage_healed":0,"gold_gain":0,"player_choice":"Gave Gold","damage_taken":0,"max_hp_gain":0,"max_hp_loss":0,"event_name":"Beggar","floor":21,"gold_loss":75},{"damage_healed":0,"gold_gain":0,"player_choice":"Ignored","damage_taken":0,"max_hp_gain":0,"max_hp_loss":0,"event_name":"Vampires","floor":31,"gold_loss":0}],"is_beta":true,"boss_relics":[{"not_picked":["Velvet Choker","SacredBark"],"picked":"SlaversCollar"},{"not_picked":["Tiny House","Runic Pyramid"],"picked":"VioletLotus"}],"items_purged_floors":[20],"is_endless":false,"potions_floor_spawned":[1,4,7,16,19,22,28,29,30,33],"killed_by":"3 Darklings","ascension_level":20}}