{"host":"opg65mucj6ra7dr1","time":1612624003,"event":{"mods":["BaseMod","DeckTracker","Keyboard Shortcuts","Minty Spire (QoL Compilation)","Permanent Neow","Quick Restart","everything is the same but u backflip on backflip"],"gold_per_floor":[117,127,1,12,12,47,47,72,97,110,120,120,60,84,84,191,191,210,234,51,76,117,117,14,14,40,383,383,409,430,430,430,544,544,572,593,593,493,508,536,553,523,549,549,576,604,604,648,648,648,648],"floor_reached":50,"language":"KOR","playtime":2004,"items_purged":["Strike_R","Strike_R"],"score":908,"play_id":"4731e15a-7109-46a4-93a2-f596f93bc39e","local_time":"20210207000643","is_ascension_mode":true,"campfire_choices":[{"data":"Evolve","floor":7,"key":"SMITH"},{"data":"Second Wind","floor":12,"key":"SMITH"},{"data":"Flame Barrier","floor":15,"key":"SMITH"},{"data":"Dark Embrace","floor":23,"key":"SMITH"},{"data":"Juggernaut","floor":25,"key":"SMITH"},{"data":"Armaments","floor":32,"key":"SMITH"},{"floor":44,"key":"REST"},{"floor":47,"key":"REST"},{"data":"Entrench","floor":49,"key":"SMITH"}],"circlet_count":0,"master_deck":["Strike_R","Strike_R","Defend_R","Defend_R","Defend_R","Defend_R","Bash","Second Wind+1","Combust","Power Through","Power Through","Evolve+1","Flame Barrier+1","Burning Pact","Wild Strike","Ghostly Armor","Juggernaut+1","Sentinel","Dark Embrace+1","Feel No Pain","Pommel Strike+1","Armaments+1","Evolve","Power Through","Impervious","Body Slam","Brutality","Shrug It Off","True Grit","Parasite","Entrench+1","Shrug It Off"],"relics":["Burning Blood","Art of War","Toy Ornithopter","Nunchaku","CeramicFish","Runic Dome","Medical Kit","Red Mask","Tiny Chest","Old Coin","Philosopher\u0027s Stone","Pear","Potion Belt","Bronze Scales"],"acts_visited":["Exordium","TheCity","TheBeyond"],"potions_floor_usage":[6,16,16,22,28,40,46,48],"damage_taken":[{"damage":15,"enemies":"Cultist","floor":1,"turns":5},{"damage":2,"enemies":"Small Slimes","floor":2,"turns":3},{"damage":12,"enemies":"Jaw Worm","floor":4,"turns":5},{"damage":11,"enemies":"3 Sentries","floor":6,"turns":7},{"damage":33,"enemies":"Lagavulin","floor":8,"turns":11},{"damage":3,"enemies":"Looter","floor":10,"turns":4},{"damage":7,"enemies":"Red Slaver","floor":11,"turns":5},{"damage":13,"enemies":"3 Louse","floor":14,"turns":3},{"damage":45,"enemies":"The Guardian","floor":16,"turns":19},{"damage":2,"enemies":"Shell Parasite","floor":18,"turns":5},{"damage":6,"enemies":"Chosen","floor":19,"turns":5},{"damage":28,"enemies":"Sentry and Sphere","floor":21,"turns":5},{"damage":20,"enemies":"Masked Bandits","floor":22,"turns":5},{"damage":16,"enemies":"Book of Stabbing","floor":27,"turns":4},{"damage":9,"enemies":"Snake Plant","floor":29,"turns":4},{"damage":19,"enemies":"Centurion and Healer","floor":30,"turns":7},{"damage":13,"enemies":"Automaton","floor":33,"turns":6},{"damage":1,"enemies":"3 Shapes","floor":35,"turns":4},{"damage":31,"enemies":"3 Darklings","floor":36,"turns":6},{"damage":46,"enemies":"Transient","floor":39,"turns":5},{"damage":7,"enemies":"Giant Head","floor":40,"turns":7},{"damage":17,"enemies":"Spire Growth","floor":41,"turns":5},{"damage":19,"enemies":"Writhing Mass","floor":45,"turns":6},{"damage":4,"enemies":"Maw","floor":46,"turns":6},{"damage":6,"enemies":"Reptomancer","floor":48,"turns":4},{"damage":74,"enemies":"Awakened One","floor":50,"turns":2}],"seed_played":"6816818265254209125","potions_obtained":[{"floor":1,"key":"AttackPotion"},{"floor":2,"key":"Weak Potion"},{"floor":8,"key":"Ancient Potion"},{"floor":10,"key":"Explosive Potion"},{"floor":16,"key":"Swift Potion"},{"floor":18,"key":"SpeedPotion"},{"floor":22,"key":"BloodPotion"},{"floor":28,"key":"BloodPotion"},{"floor":28,"key":"Swift Potion"},{"floor":36,"key":"Dexterity Potion"},{"floor":40,"key":"DistilledChaos"},{"floor":42,"key":"Strength Potion"},{"floor":42,"key":"Ancient Potion"},{"floor":45,"key":"LiquidBronze"},{"floor":48,"key":"PowerPotion"}],"is_trial":false,"path_per_floor":["M","M","$","M","$","E","R","E","T","M","M","R","?","M","R","B",null,"M","M","$","M","?","R","$","R","T","E","?","M","M","?","R","B",null,"M","M","T","$","M","E","M","?","T","R","M","M","R","E","R","B"],"character_chosen":"IRONCLAD","items_purchased":["BloodPotion","Feel No Pain","Medical Kit","Evolve","Regen Potion"],"campfire_rested":2,"item_purchase_floors":[3,20,20,24,24],"current_hp_per_floor":[63,67,67,61,61,56,56,29,29,32,31,31,31,24,24,11,63,67,67,67,45,52,52,52,52,52,42,63,60,47,47,47,40,70,75,50,60,60,20,24,13,13,13,40,27,34,61,66,66,0,0],"gold":648,"neow_bonus":"TRANSFORM_CARD","is_daily":false,"chose_seed":false,"campfire_upgraded":7,"win_rate":0.0,"timestamp":1612624003,"path_taken":["M","?","$","M","$","E","R","E","T","M","M","R","?","M","R","BOSS","M","M","$","M","?","R","$","R","T","E","?","?","M","?","R","BOSS","M","M","?","$","M","E","M","?","T","R","M","?","R","E","R","BOSS"],"items_purchased_type":["Potion","Card","Relic","Card","Potion"],"build_version":"2020-12-22","purchased_purges":2,"victory":false,"max_hp_per_floor":[80,80,80,80,80,80,80,80,80,80,80,80,80,80,80,80,80,80,80,80,80,80,80,80,80,80,80,80,80,80,80,80,80,80,80,80,90,90,90,90,90,90,90,90,90,90,90,90,90,90,90],"card_choices":[{"not_picked":["True Grit","Rupture"],"picked":"Combust","floor":1},{"not_picked":["Metallicize","Body Slam"],"picked":"Power Through","floor":2},{"not_picked":["Disarm","Flex"],"picked":"Power Through","floor":4},{"not_picked":["Infernal Blade","Pummel"],"picked":"Evolve","floor":6},{"not_picked":["Spot Weakness","Pummel"],"picked":"Flame Barrier","floor":8},{"not_picked":["Clash","Perfected Strike"],"picked":"Burning Pact","floor":10},{"not_picked":["Anger","Clothesline"],"picked":"Wild Strike","floor":11},{"not_picked":["Second Wind","Double Tap"],"picked":"Ghostly Armor","floor":14},{"not_picked":["Impervious","Double Tap"],"picked":"Juggernaut","floor":16},{"not_picked":["Shrug It Off+1","Power Through"],"picked":"Sentinel","floor":18},{"not_picked":["Clothesline","Pommel Strike"],"picked":"Dark Embrace","floor":19},{"not_picked":["Sword Boomerang","Flex"],"picked":"Pommel Strike+1","floor":21},{"not_picked":["Infernal Blade","Reckless Charge"],"picked":"Armaments","floor":22},{"not_picked":["Clash","Headbutt"],"picked":"Power Through","floor":27},{"not_picked":["Pummel","Havoc+1"],"picked":"Impervious","floor":29},{"not_picked":["Pummel","Fire Breathing"],"picked":"Body Slam","floor":30},{"not_picked":["Impervious","Feed"],"picked":"Brutality","floor":33},{"not_picked":["Thunderclap","Flex+1"],"picked":"Shrug It Off","floor":35},{"not_picked":["Sentinel+1","Headbutt"],"picked":"True Grit","floor":36},{"not_picked":["Headbutt","Carnage+1","Ghostly Armor"],"picked":"SKIP","floor":39},{"not_picked":["Cleave+1","Perfected Strike","Inflame+1"],"picked":"SKIP","floor":40},{"not_picked":["Headbutt+1","Pommel Strike","Clothesline"],"picked":"SKIP","floor":41},{"not_picked":["Whirlwind","Dropkick+1","Wild Strike"],"picked":"SKIP","floor":45},{"not_picked":["Dual Wield+1","Shrug It Off"],"picked":"Entrench","floor":46},{"not_picked":["Uppercut+1","Anger+1"],"picked":"Shrug It Off","floor":48}],"player_experience":172211,"relics_obtained":[{"floor":6,"key":"Art of War"},{"floor":8,"key":"Toy Ornithopter"},{"floor":9,"key":"Nunchaku"},{"floor":22,"key":"Red Mask"},{"floor":26,"key":"Tiny Chest"},{"floor":27,"key":"Old Coin"},{"floor":37,"key":"Pear"},{"floor":40,"key":"Potion Belt"},{"floor":48,"key":"Bronze Scales"}],"event_choices":[{"damage_healed":0,"gold_gain":0,"player_choice":"Paid Gold","damage_taken":0,"relics_obtained":["CeramicFish"],"max_hp_gain":0,"max_hp_loss":0,"event_name":"WeMeetAgain","floor":13,"gold_loss":60},{"damage_healed":0,"gold_gain":0,"player_choice":"Fought Bandits","damage_taken":0,"max_hp_gain":0,"max_hp_loss":0,"event_name":"Masked Bandits","floor":22,"gold_loss":0},{"damage_healed":0,"gold_gain":0,"player_choice":"Got Potions","damage_taken":0,"max_hp_gain":0,"max_hp_loss":0,"event_name":"Lab","floor":28,"gold_loss":0},{"damage_healed":0,"gold_gain":0,"player_choice":"Ignored","damage_taken":0,"max_hp_gain":0,"max_hp_loss":0,"event_name":"Ghosts","floor":31,"gold_loss":0},{"damage_healed":0,"gold_gain":0,"player_choice":"Bought 2 Potions","damage_taken":0,"max_hp_gain":0,"max_hp_loss":0,"event_name":"The Woman in Blue","floor":42,"gold_loss":0}],"is_beta":false,"boss_relics":[{"not_picked":["Empty Cage","Coffee Dripper"],"picked":"Runic Dome"},{"not_picked":["Tiny House","Astrolabe"],"picked":"Philosopher\u0027s Stone"}],"items_purged_floors":[3,38],"is_endless":false,"potions_floor_spawned":[1,2,8,10,14,16,18,21,22,29,36,40,45,48],"killed_by":"Awakened One","ascension_level":9}}