{"host":"ao4lxi9bhtts409i","time":1612637844,"event":{"mods":["AchievementEnabler","BaseMod","Colored Map","Colored Powertips","Minty Spire (QoL Compilation)","SuperFastMode"],"gold_per_floor":[110,110,120,11,11,44,44,70,96,96,96,112,123,153,153,256,256,275,235,235,235,254,254,283,237,237,255,266,266,266,285,285,390,390,407,407,225,242,259,259,259,277,331,331,331],"floor_reached":44,"language":"ENG","playtime":1622,"items_purged":["Strike_B"],"score":592,"play_id":"98662970-abe1-45ca-a2ad-c6bfc7fd79e3","local_time":"20210206195724","is_ascension_mode":true,"campfire_choices":[{"data":"Electrodynamics","floor":7,"key":"SMITH"},{"data":"Sweeping Beam","floor":10,"key":"SMITH"},{"data":"Zap","floor":15,"key":"SMITH"},{"data":"Echo Form","floor":23,"key":"SMITH"},{"floor":29,"key":"REST"},{"data":"Hologram","floor":32,"key":"SMITH"},{"floor":40,"key":"REST"}],"circlet_count":0,"master_deck":["Defend_B","Defend_B","Zap+1","Dualcast","Sweeping Beam+1","Electrodynamics+1","Beam Cell+1","Coolheaded","Self Repair","Lockon+1","Leap","Reboot","Leap","Cold Snap","Turbo","Echo Form+1","Static Discharge+1","Chill+1","Thunder Strike+1","Compile Driver+1","Capacitor","Compile Driver+1","Defragment+1","Hologram","Redo","Hologram+1","Ghostly","Ghostly","Ghostly","Ghostly","Ghostly","Coolheaded","Buffer+1","Conserve Battery+1","Loop"],"relics":["Cracked Core","NeowsBlessing","Orichalcum","Boot","Centennial Puzzle","Regal Pillow","Molten Egg 2","Astrolabe","Whetstone","MealTicket","SacredBark","Toolbox"],"acts_visited":["Exordium","TheCity","TheBeyond"],"potions_floor_usage":[8,14,24,33],"damage_taken":[{"damage":0,"enemies":"Cultist","floor":1,"turns":1},{"damage":0,"enemies":"Jaw Worm","floor":3,"turns":1},{"damage":0,"enemies":"Lagavulin","floor":6,"turns":1},{"damage":15,"enemies":"Gremlin Nob","floor":8,"turns":4},{"damage":6,"enemies":"Small Slimes","floor":12,"turns":2},{"damage":7,"enemies":"2 Fungi Beasts","floor":13,"turns":2},{"damage":15,"enemies":"3 Sentries","floor":14,"turns":4},{"damage":25,"enemies":"Hexaghost","floor":16,"turns":12},{"damage":15,"enemies":"Spheric Guardian","floor":18,"turns":5},{"damage":7,"enemies":"2 Thieves","floor":22,"turns":3},{"damage":45,"enemies":"Gremlin Leader","floor":24,"turns":7},{"damage":0,"enemies":"Snecko","floor":27,"turns":3},{"damage":16,"enemies":"Cultist and Chosen","floor":28,"turns":5},{"damage":19,"enemies":"Sentry and Sphere","floor":31,"turns":6},{"damage":19,"enemies":"Champ","floor":33,"turns":11},{"damage":1,"enemies":"3 Darklings","floor":35,"turns":4},{"damage":0,"enemies":"3 Shapes","floor":38,"turns":4},{"damage":24,"enemies":"Transient","floor":39,"turns":5},{"damage":16,"enemies":"4 Shapes","floor":42,"turns":5},{"damage":78,"enemies":"Reptomancer","floor":44,"turns":4}],"seed_played":"-1628797211183015205","potions_obtained":[{"floor":3,"key":"ColorlessPotion"},{"floor":8,"key":"Regen Potion"},{"floor":12,"key":"Swift Potion"},{"floor":18,"key":"BlessingOfTheForge"},{"floor":27,"key":"FairyPotion"},{"floor":33,"key":"Weak Potion"},{"floor":38,"key":"Ancient Potion"}],"is_trial":false,"path_per_floor":["M","?","M","$","?","E","R","E","T","R","?","M","M","E","R","B",null,"M","$","?","?","M","R","E","$","T","M","M","R","?","M","R","B",null,"M","?","$","M","M","R","$","M","T","E"],"character_chosen":"DEFECT","items_purchased":["Self Repair","Capacitor","Hologram","Loop","Toolbox"],"campfire_rested":2,"item_purchase_floors":[4,19,25,37,37],"current_hp_per_floor":[75,75,75,75,57,57,57,49,49,49,49,43,43,44,44,26,75,67,67,67,67,67,67,42,42,42,42,33,70,37,25,25,13,37,36,36,37,37,13,37,37,28,28,0,0],"gold":331,"neow_bonus":"THREE_ENEMY_KILL","is_daily":false,"chose_seed":false,"campfire_upgraded":5,"win_rate":0.0,"timestamp":1612637844,"path_taken":["M","?","?","$","?","E","R","E","T","R","?","M","?","E","R","BOSS","M","$","?","?","M","R","E","$","T","M","M","R","?","M","R","BOSS","M","?","$","M","M","R","$","M","T","E"],"items_purchased_type":["Card","Card","Card","Card","Relic"],"build_version":"2020-12-22","purchased_purges":1,"victory":false,"max_hp_per_floor":[75,75,75,75,75,75,75,75,75,75,75,75,75,75,75,75,75,75,75,75,75,75,75,75,75,75,75,75,75,37,37,37,37,37,37,37,37,37,37,37,37,37,37,37,37],"card_choices":[{"not_picked":["Stack","Doom and Gloom"],"picked":"Sweeping Beam","floor":1},{"not_picked":["Sweeping Beam","Hologram"],"picked":"Coolheaded","floor":3},{"not_picked":["Force Field","Steam"],"picked":"Lockon","floor":6},{"not_picked":["Undo","Double Energy"],"picked":"Leap","floor":8},{"not_picked":["Streamline","Ball Lightning"],"picked":"Leap","floor":12},{"not_picked":["Streamline","Stack"],"picked":"Cold Snap","floor":13},{"not_picked":["Rainbow","Thunder Strike+1"],"picked":"Turbo","floor":14},{"not_picked":["All For One+1","Seek"],"picked":"Echo Form","floor":16},{"not_picked":["Fusion","Ball Lightning+1"],"picked":"Compile Driver+1","floor":18},{"not_picked":["Beam Cell+1","Stack"],"picked":"Compile Driver+1","floor":22},{"not_picked":["Static Discharge","White Noise"],"picked":"Defragment+1","floor":24},{"not_picked":["Stack","Streamline+1"],"picked":"Redo","floor":27},{"not_picked":["Gash+1","Thunder Strike+1"],"picked":"Hologram","floor":28},{"not_picked":["Sweeping Beam+1","Barrage+1"],"picked":"Coolheaded","floor":31},{"not_picked":["Core Surge+1","Machine Learning"],"picked":"Buffer","floor":33},{"not_picked":["Cold Snap+1","Redo+1"],"picked":"Conserve Battery+1","floor":35},{"not_picked":["Coolheaded","Redo+1","Rebound+1"],"picked":"SKIP","floor":38},{"not_picked":["Turbo","Beam Cell+1","Leap"],"picked":"SKIP","floor":39},{"not_picked":["Ball Lightning+1","Hologram","Rip and Tear+1"],"picked":"SKIP","floor":42}],"player_experience":264739,"relics_obtained":[{"floor":6,"key":"Boot"},{"floor":8,"key":"Centennial Puzzle"},{"floor":9,"key":"Regal Pillow"},{"floor":14,"key":"Molten Egg 2"},{"floor":24,"key":"Whetstone"},{"floor":26,"key":"MealTicket"}],"event_choices":[{"damage_healed":0,"gold_gain":0,"player_choice":"2 cards matched","damage_taken":0,"max_hp_gain":0,"max_hp_loss":0,"event_name":"Match and Keep!","floor":2,"gold_loss":0,"cards_obtained":["Electrodynamics","Beam Cell"]},{"damage_healed":0,"gold_gain":0,"player_choice":"Success","damage_taken":18,"relics_obtained":["Orichalcum"],"max_hp_gain":0,"max_hp_loss":0,"event_name":"Scrap Ooze","floor":5,"gold_loss":0},{"damage_healed":0,"gold_gain":0,"cards_transformed":["Strike_B"],"player_choice":"Transformed","damage_taken":0,"max_hp_gain":0,"max_hp_loss":0,"event_name":"Transmorgrifier","floor":11,"gold_loss":0,"cards_obtained":["Reboot"]},{"cards_removed":["Defend_B"],"damage_healed":0,"gold_gain":0,"player_choice":"Elegance","damage_taken":0,"max_hp_gain":0,"max_hp_loss":0,"event_name":"Back to Basics","floor":20,"gold_loss":0},{"damage_healed":0,"gold_gain":0,"player_choice":"Ignored","damage_taken":0,"max_hp_gain":0,"max_hp_loss":0,"event_name":"Beggar","floor":21,"gold_loss":0},{"damage_healed":0,"gold_gain":0,"player_choice":"Became a Ghost","damage_taken":0,"max_hp_gain":0,"max_hp_loss":38,"event_name":"Ghosts","floor":30,"gold_loss":0,"cards_obtained":["Ghostly","Ghostly","Ghostly","Ghostly","Ghostly"]},{"damage_healed":0,"gold_gain":0,"player_choice":"Upgraded","damage_taken":0,"max_hp_gain":0,"max_hp_loss":0,"event_name":"Upgrade Shrine","floor":36,"gold_loss":0,"cards_upgraded":["Buffer"]}],"is_beta":false,"boss_relics":[{"not_picked":["Tiny House","FrozenCore"],"picked":"Astrolabe"},{"not_picked":["Runic Dome","Cursed Key"],"picked":"SacredBark"}],"items_purged_floors":[4],"is_endless":false,"potions_floor_spawned":[3,8,12,18,27,33,38],"killed_by":"Reptomancer","ascension_level":3}}