{"host":"j5shy70asow5koz5","time":1612654576,"event":{"mods":["2.2 Compatiblity","Arknights","BaseMod","Colored Map","Marisa£¨Ùöéë¡¡Øª×âÞÞ£©","Minty Spire (QoL Compilation)","Prisma Mod","StSLib","SuperFastMode","Td1madao Mod","The Disciple","The Gatherer","The Servant 0.9.4","Waifu the Spire"],"gold_per_floor":[20,20,34,34,34,34,70,85,132,132,157,181,202,202,202,323,323,343,793,22,46,64,97,97,135,135,178,192,40,40,40,40,40,40],"floor_reached":33,"language":"KOR","playtime":998,"items_purged":["Strike_R"],"score":405,"play_id":"6b9eeae2-275a-41cf-96c5-44c693e2f545","local_time":"20210207083616","is_ascension_mode":false,"campfire_choices":[{"data":"Feed","floor":6,"key":"SMITH"},{"data":"Fire Breathing","floor":10,"key":"SMITH"},{"data":"Pommel Strike","floor":15,"key":"SMITH"},{"data":"Feed","floor":24,"key":"SMITH"},{"floor":32,"key":"REST"}],"circlet_count":0,"master_deck":["Strike_R","Strike_R+1","Strike_R","Strike_R","Defend_R","Defend_R+1","Defend_R","Defend_R","Bash","Feed+1","Cleave","Thunderclap","Fire Breathing+1","Pommel Strike+1","Offering","Feed+1","Shrug It Off","True Grit+1","Fire Breathing+1","Armaments"],"relics":["Burning Blood","Golden Idol","Gremlin Horn","HornCleat","Vajra","SlaversCollar","Bottled Lightning","Lee\u0027s Waffle","Bottled Flame","White Beast Statue","Potion Belt","Happy Flower","Pantograph","Strange Spoon","Matryoshka"],"acts_visited":["TheCity"],"potions_floor_usage":[22,23,23,27,28],"damage_taken":[{"damage":13,"enemies":"2 Louse","floor":1,"turns":2},{"damage":10,"enemies":"Small Slimes","floor":3,"turns":2},{"damage":15,"enemies":"Gremlin Nob","floor":7,"turns":4},{"damage":3,"enemies":"Jaw Worm","floor":8,"turns":3},{"damage":24,"enemies":"Exordium Thugs","floor":11,"turns":4},{"damage":4,"enemies":"Gremlin Gang","floor":12,"turns":3},{"damage":0,"enemies":"Large Slime","floor":13,"turns":3},{"damage":6,"enemies":"Slime Boss","floor":16,"turns":5},{"damage":11,"enemies":"3 Byrds","floor":18,"turns":5},{"damage":24,"enemies":"Shell Parasite","floor":21,"turns":5},{"damage":27,"enemies":"Snake Plant","floor":22,"turns":4},{"damage":45,"enemies":"Book of Stabbing","floor":23,"turns":7},{"damage":8,"enemies":"Gremlin Leader","floor":25,"turns":8},{"damage":21,"enemies":"Slavers","floor":27,"turns":3},{"damage":6,"enemies":"3 Cultists","floor":28,"turns":5},{"damage":109,"enemies":"Automaton","floor":33,"turns":12}],"seed_played":"7695563806840827227","potions_obtained":[{"floor":3,"key":"LiquidMemories"},{"floor":11,"key":"Ancient Potion"},{"floor":23,"key":"BloodPotion"},{"floor":25,"key":"Strength Potion"},{"floor":27,"key":"EssenceOfSteel"},{"floor":28,"key":"ElixirPotion"}],"is_trial":false,"path_per_floor":["M","?","M","?","T","R","E","M","T","R","M","M","M","?","R","B",null,"M","?","$","M","M","E","R","E","T","E","M","$","?","?","R","B"],"character_chosen":"IRONCLAD","items_purchased":["Bottled Lightning","Lee\u0027s Waffle","Bottled Flame","PowerPotion","Strange Spoon"],"campfire_rested":1,"item_purchase_floors":[20,20,20,20,29],"current_hp_per_floor":[76,76,75,59,59,59,50,53,53,53,35,41,47,47,47,47,84,83,37,95,77,60,40,40,42,42,27,35,35,35,35,68,0,0],"gold":40,"neow_bonus":"THREE_RARE_CARDS","is_daily":false,"chose_seed":false,"campfire_upgraded":4,"win_rate":0.0,"timestamp":1612654576,"path_taken":["M","?","M","?","?","R","E","M","T","R","?","M","?","?","R","BOSS","M","?","$","?","M","E","R","E","T","E","M","?","?","?","R","BOSS"],"items_purchased_type":["Relic","Relic","Relic","Potion","Relic"],"build_version":"2020-12-22","purchased_purges":1,"victory":false,"max_hp_per_floor":[83,77,80,80,80,80,80,80,80,80,80,84,84,84,84,84,84,88,88,95,95,99,99,99,103,103,103,111,111,111,111,111,111,111],"card_choices":[{"not_picked":["Fiend Fire","Limit Break"],"picked":"Feed","floor":0},{"not_picked":["Heavy Blade","True Grit"],"picked":"Cleave","floor":1},{"not_picked":["Twin Strike","Warcry","Clothesline"],"picked":"SKIP","floor":3},{"not_picked":["Bloodletting","Flex"],"picked":"Thunderclap","floor":7},{"not_picked":["Headbutt","Juggernaut"],"picked":"Fire Breathing","floor":8},{"not_picked":["Anger","Clash","Flex"],"picked":"SKIP","floor":11},{"not_picked":["Burning Pact","Headbutt"],"picked":"Pommel Strike","floor":12},{"not_picked":["Bloodletting","Hemokinesis"],"picked":"Offering","floor":13},{"not_picked":["Reaper","Berserk"],"picked":"Feed","floor":16},{"not_picked":["Twin Strike+1","Second Wind"],"picked":"Shrug It Off","floor":18},{"not_picked":["Seeing Red","Flex"],"picked":"True Grit+1","floor":21},{"not_picked":["Pommel Strike","Flame Barrier","Rampage"],"picked":"SKIP","floor":22},{"not_picked":["True Grit+1","Flame Barrier","Burning Pact+1"],"picked":"SKIP","floor":23},{"not_picked":["Juggernaut","Uppercut"],"picked":"Fire Breathing+1","floor":25},{"not_picked":["Battle Trance+1","Metallicize","Shrug It Off"],"picked":"SKIP","floor":27},{"not_picked":["Heavy Blade+1","Anger+1"],"picked":"Armaments","floor":28}],"player_experience":77071,"relics_obtained":[{"floor":5,"key":"Gremlin Horn"},{"floor":7,"key":"HornCleat"},{"floor":9,"key":"Vajra"},{"floor":23,"key":"White Beast Statue"},{"floor":25,"key":"Potion Belt"},{"floor":26,"key":"Happy Flower"},{"floor":27,"key":"Pantograph"}],"event_choices":[{"damage_healed":0,"gold_gain":0,"player_choice":"Lose Max HP","damage_taken":0,"relics_obtained":["Golden Idol"],"max_hp_gain":0,"max_hp_loss":6,"event_name":"Golden Idol","floor":2,"gold_loss":0},{"damage_healed":0,"gold_gain":0,"player_choice":"Entered Light","damage_taken":16,"max_hp_gain":0,"max_hp_loss":0,"event_name":"Shining Light","floor":4,"gold_loss":0,"cards_upgraded":["Strike_R","Defend_R"]},{"damage_healed":0,"gold_gain":0,"player_choice":"Ignored","damage_taken":0,"max_hp_gain":0,"max_hp_loss":0,"event_name":"Liars Game","floor":14,"gold_loss":0},{"damage_healed":0,"gold_gain":450,"player_choice":"GOLD GOLD GOLD GOLD GOLD ","damage_taken":46,"max_hp_gain":0,"max_hp_loss":0,"event_name":"Knowing Skull","floor":19,"potions_obtained":[],"gold_loss":0,"cards_obtained":[]},{"damage_healed":0,"gold_gain":0,"player_choice":"Opened","damage_taken":0,"relics_obtained":["Matryoshka"],"max_hp_gain":0,"max_hp_loss":0,"event_name":"The Mausoleum","floor":30,"gold_loss":0,"cards_obtained":["Writhe"]},{"cards_removed":["Writhe"],"damage_healed":0,"gold_gain":0,"player_choice":"Removed Curses","damage_taken":0,"max_hp_gain":0,"max_hp_loss":0,"event_name":"Fountain of Cleansing","floor":31,"gold_loss":0}],"is_beta":false,"boss_relics":[{"not_picked":["Black Blood","Philosopher\u0027s Stone"],"picked":"SlaversCollar"}],"items_purged_floors":[20],"is_endless":false,"potions_floor_spawned":[3,11,23,25,27,28],"killed_by":"Automaton","ascension_level":0}}