{"host":"0srjqcvl8k9r4fi9","time":1612635429,"event":{"mods":["AchievementEnabler","BaseMod","Minty Spire (QoL Compilation)","Uncapped"],"gold_per_floor":[18,37,49,49,60,94,94,124,124,124,135,75,75,136,136,136,136],"floor_reached":16,"language":"ENG","playtime":1123,"items_purged":["Defend_R"],"score":174,"play_id":"b263bdc6-225b-4e7c-8ec8-36f3fb2aeaff","local_time":"20210206121709","is_ascension_mode":true,"campfire_choices":[{"data":"Feed","floor":7,"key":"SMITH"},{"data":"Entrench","floor":10,"key":"SMITH"},{"data":"Armaments","floor":13,"key":"SMITH"},{"data":"Blood for Blood","floor":15,"key":"SMITH"}],"circlet_count":0,"master_deck":["Strike_R","Strike_R","Strike_R","Strike_R","Strike_R","Defend_R","Defend_R","Defend_R","Bash","Feed+1","Blood for Blood+1","Shrug It Off","Shrug It Off","Shrug It Off","Entrench+1","Warcry","Armaments+1","Metallicize"],"relics":["Burning Blood","The Courier","White Beast Statue","Turnip","Unceasing Top"],"acts_visited":["Exordium"],"potions_floor_usage":[5,6,8,8,14,16],"damage_taken":[{"damage":0,"enemies":"Small Slimes","floor":1,"turns":3},{"damage":7,"enemies":"Jaw Worm","floor":2,"turns":3},{"damage":7,"enemies":"2 Louse","floor":3,"turns":3},{"damage":3,"enemies":"Looter","floor":5,"turns":3},{"damage":60,"enemies":"Lagavulin","floor":6,"turns":8},{"damage":32,"enemies":"Gremlin Nob","floor":8,"turns":4},{"damage":2,"enemies":"2 Fungi Beasts","floor":11,"turns":6},{"damage":17,"enemies":"3 Sentries","floor":14,"turns":11},{"damage":35,"enemies":"Hexaghost","floor":16,"turns":14}],"seed_played":"-655291143935205266","potions_obtained":[{"floor":1,"key":"AttackPotion"},{"floor":2,"key":"Swift Potion"},{"floor":5,"key":"Fire Potion"},{"floor":6,"key":"DuplicationPotion"},{"floor":11,"key":"Regen Potion"},{"floor":14,"key":"LiquidMemories"}],"is_trial":false,"path_per_floor":["M","M","M","$","M","E","R","E","T","R","M","$","R","?","R","B"],"character_chosen":"IRONCLAD","items_purchased":[],"campfire_rested":0,"item_purchase_floors":[],"current_hp_per_floor":[81,83,85,85,91,40,40,18,18,18,26,26,26,34,34,0,0],"gold":136,"neow_bonus":"THREE_RARE_CARDS","is_daily":false,"chose_seed":false,"campfire_upgraded":4,"win_rate":0.0,"timestamp":1612635429,"path_taken":["M","M","M","$","M","E","R","E","T","R","M","$","R","?","R","BOSS"],"items_purchased_type":[],"build_version":"2020-12-22","purchased_purges":1,"victory":false,"max_hp_per_floor":[83,86,89,89,92,95,95,99,99,99,103,103,103,107,107,107,107],"card_choices":[{"not_picked":["Immolate","Double Tap"],"picked":"Feed","floor":0},{"not_picked":["Body Slam","Infernal Blade"],"picked":"Blood for Blood","floor":1},{"not_picked":["Spot Weakness","Anger"],"picked":"Shrug It Off","floor":2},{"not_picked":["Whirlwind","Body Slam"],"picked":"Shrug It Off","floor":3},{"not_picked":["Anger","Perfected Strike"],"picked":"Shrug It Off","floor":5},{"not_picked":["Wild Strike","Heavy Blade"],"picked":"Entrench","floor":6},{"not_picked":["Sever Soul","Cleave"],"picked":"Warcry","floor":8},{"not_picked":["Wild Strike","Clothesline"],"picked":"Armaments","floor":11},{"not_picked":["Berserk","Intimidate"],"picked":"Metallicize","floor":14}],"player_experience":342785,"relics_obtained":[{"floor":6,"key":"The Courier"},{"floor":8,"key":"White Beast Statue"},{"floor":9,"key":"Turnip"},{"floor":14,"key":"Unceasing Top"}],"event_choices":[{"damage_healed":0,"gold_gain":0,"player_choice":"Searched \u00271\u0027 times","damage_taken":0,"max_hp_gain":0,"max_hp_loss":0,"event_name":"Dead Adventurer","floor":14,"gold_loss":0}],"is_beta":false,"boss_relics":[],"items_purged_floors":[12],"is_endless":false,"potions_floor_spawned":[1,2,5,6,11,14],"killed_by":"Hexaghost","ascension_level":7}}