{"host":"p0hktren06injwdf","time":1612610118,"event":{"mods":["AchievementEnabler","BaseMod","Colored Map","DeckTracker","Minty Spire (QoL Compilation)","Permanent Neow","StSLib","SuperFastMode"],"gold_per_floor":[119,132,132,150,166,166,54,54,54,54,88,108,128,162,162,239,239,259,284,184,184,203,234,248,248,248,10,23,38,38,58,58,129,129,147,197,216,49,67,94,113,141,141,141,174,199,199,213,213,213,213],"floor_reached":52,"language":"KOR","playtime":1572,"items_purged":["Defend_R","Barricade"],"score":2048,"play_id":"ffa0c8c3-a25a-4db6-874b-7fca60309fe8","local_time":"20210206201518","is_ascension_mode":true,"campfire_choices":[{"data":"Perfected Strike","floor":6.0,"key":"SMITH"},{"data":"Inflame","floor":8.0,"key":"SMITH"},{"data":"Limit Break","floor":10.0,"key":"SMITH"},{"data":"Pommel Strike","floor":15.0,"key":"SMITH"},{"data":"Uppercut","floor":30.0,"key":"SMITH"},{"data":"Sword Boomerang","floor":32.0,"key":"SMITH"},{"data":"Pummel","floor":44,"key":"SMITH"},{"floor":49,"key":"DIG"}],"circlet_count":0,"master_deck":["AscendersBane","Bash","Limit Break+1","Perfected Strike+1","Pommel Strike+1","Battle Trance","Thunderclap","Wild Strike","Warcry+1","Reaper","Anger","True Grit+1","Reaper","Pummel+1","Uppercut+1","Seeing Red+1","Disarm+1","Sword Boomerang+1","Second Wind+1","Rage+1","Exhume+1","Feel No Pain+1","Headbutt"],"relics":["Burning Blood","FossilizedHelix","Pantograph","Bottled Flame","Toxic Egg 2","Pandora\u0027s Box","Red Mask","Darkstone Periapt","Frozen Egg 2","Happy Flower","Runic Cube","Brimstone","Magic Flower","Juzu Bracelet","Eternal Feather","Self Forming Clay","Shovel","Oddly Smooth Stone"],"acts_visited":["Exordium","TheCity","TheBeyond"],"potions_floor_usage":[40,50,51],"damage_taken":[{"damage":0.0,"enemies":"Jaw Worm","floor":1.0,"turns":3.0},{"damage":7.0,"enemies":"2 Louse","floor":2.0,"turns":2.0},{"damage":12.0,"enemies":"Small Slimes","floor":4.0,"turns":4.0},{"damage":9.0,"enemies":"Gremlin Gang","floor":5.0,"turns":6.0},{"damage":0.0,"enemies":"Gremlin Nob","floor":11.0,"turns":3.0},{"damage":3.0,"enemies":"Blue Slaver","floor":12.0,"turns":3.0},{"damage":0.0,"enemies":"Lots of Slimes","floor":13.0,"turns":4.0},{"damage":0.0,"enemies":"Lagavulin","floor":14.0,"turns":5.0},{"damage":22.0,"enemies":"The Guardian","floor":16.0,"turns":8.0},{"damage":22.0,"enemies":"3 Byrds","floor":18.0,"turns":4.0},{"damage":19.0,"enemies":"Masked Bandits","floor":19.0,"turns":4.0},{"damage":0.0,"enemies":"Spheric Guardian","floor":22.0,"turns":3.0},{"damage":63.0,"enemies":"Slavers","floor":23.0,"turns":5.0},{"damage":13.0,"enemies":"Shelled Parasite and Fungi","floor":24.0,"turns":4.0},{"damage":9.0,"enemies":"Snake Plant","floor":28.0,"turns":5.0},{"damage":42.0,"enemies":"3 Cultists","floor":29.0,"turns":5.0},{"damage":0.0,"enemies":"Chosen and Byrds","floor":31.0,"turns":4.0},{"damage":60.0,"enemies":"Collector","floor":33.0,"turns":8.0},{"damage":0.0,"enemies":"Orb Walker","floor":35.0,"turns":4.0},{"damage":26.0,"enemies":"3 Shapes","floor":37.0,"turns":5.0},{"damage":48.0,"enemies":"Spire Growth","floor":39.0,"turns":4.0},{"damage":37,"enemies":"Reptomancer","floor":40,"turns":3},{"damage":0,"enemies":"Transient","floor":41,"turns":6},{"damage":26,"enemies":"Giant Head","floor":42,"turns":5},{"damage":74,"enemies":"Nemesis","floor":45,"turns":5},{"damage":0,"enemies":"Mind Bloom Boss Battle","floor":46,"turns":3},{"damage":0,"enemies":"Maw","floor":48,"turns":4},{"damage":87,"enemies":"Awakened One","floor":50,"turns":6},{"damage":69,"enemies":"Time Eater","floor":51,"turns":6}],"seed_played":"-3430726479251450180","potions_obtained":[{"floor":2.0,"key":"Energy Potion"},{"floor":11.0,"key":"SkillPotion"},{"floor":14.0,"key":"SneckoOil"},{"floor":16.0,"key":"SkillPotion"},{"floor":19.0,"key":"ColorlessPotion"},{"floor":25.0,"key":"SmokeBomb"},{"floor":25.0,"key":"HeartOfIron"},{"floor":33.0,"key":"Strength Potion"},{"floor":39.0,"key":"Fruit Juice"},{"floor":41,"key":"CultistPotion"},{"floor":42,"key":"Strength Potion"}],"is_trial":false,"path_per_floor":["M","M","?","M","M","R","$","R","T","R","E","M","M","E","R","B",null,"M","?","$","?","M","E","M","?","T","$","M","M","R","M","R","B",null,"M","?","M","$","M","E","M","E","T","R","E","?","?","M","R","B","B",null],"character_chosen":"IRONCLAD","items_purchased":["Inflame","Second Wind+1","Happy Flower","Brimstone"],"campfire_rested":0,"item_purchase_floors":[7,27,27,38],"current_hp_per_floor":[56,55,55,49,46,46,46,46,46,46,52,55,61,67,67,59,71,60,69,69,48,64,43,36,36,36,36,49,58,58,75,75,74,79,80,80,67,67,66,54,85,76,76,85,85,85,85,85,85,50,85],"gold":213,"neow_bonus":"ONE_RARE_RELIC","is_daily":false,"chose_seed":false,"campfire_upgraded":7,"win_rate":0.0,"timestamp":1612610118,"path_taken":["M","M","?","M","M","R","$","R","T","R","E","M","M","E","R","BOSS","M","?","$","?","M","E","M","?","T","$","?","?","R","M","R","BOSS","M","?","M","$","M","E","M","E","T","R","E","?","?","M","R","BOSS","BOSS"],"items_purchased_type":["Card","Card","Relic","Relic"],"build_version":"2020-12-22","purchased_purges":2,"victory":true,"max_hp_per_floor":[75,75,75,75,75,75,75,75,75,75,75,75,75,75,75,75,75,75,75,75,80,80,80,80,80,80,80,80,80,80,80,80,80,80,80,80,80,80,85,85,85,85,85,85,85,85,85,85,85,85,85],"card_choices":[{"not_picked":["Body Slam","Flex","Havoc"],"picked":"SKIP","floor":1.0},{"not_picked":["Rampage","Warcry"],"picked":"Limit Break","floor":2.0},{"not_picked":["Bloodletting","Intimidate"],"picked":"Pommel Strike","floor":4.0},{"not_picked":["Wild Strike","True Grit"],"picked":"Battle Trance","floor":5.0},{"not_picked":["Body Slam","Carnage","Seeing Red"],"picked":"SKIP","floor":11.0},{"not_picked":["Clothesline","Clash"],"picked":"Thunderclap","floor":12.0},{"not_picked":["Searing Blow","Metallicize"],"picked":"Wild Strike","floor":13.0},{"not_picked":["Sever Soul","Clash"],"picked":"Warcry+1","floor":14.0},{"not_picked":["Double Tap+1","Feed"],"picked":"Reaper","floor":16.0},{"not_picked":["Body Slam","Wild Strike","Cleave"],"picked":"SKIP","floor":18.0},{"not_picked":["Armaments+1","Fire Breathing"],"picked":"Disarm+1","floor":19.0},{"not_picked":["Clash+1","Dual Wield+1","Wild Strike"],"picked":"SKIP","floor":22.0},{"not_picked":["Infernal Blade+1","Wild Strike","Juggernaut"],"picked":"SKIP","floor":23.0},{"not_picked":["Clothesline","Thunderclap"],"picked":"Sword Boomerang","floor":24.0},{"not_picked":["Combust+1","Havoc+1","Cleave"],"picked":"SKIP","floor":28.0},{"not_picked":["Perfected Strike","Uppercut","Metallicize+1"],"picked":"SKIP","floor":29.0},{"not_picked":["Flame Barrier+1","Fire Breathing+1"],"picked":"Rage+1","floor":31.0},{"not_picked":["Berserk+1","Juggernaut+1"],"picked":"Exhume+1","floor":33.0},{"not_picked":["Rupture+1","Infernal Blade+1"],"picked":"Feel No Pain+1","floor":35.0},{"not_picked":["Body Slam","True Grit+1","Twin Strike"],"picked":"SKIP","floor":37.0},{"not_picked":["Warcry+1","Combust+1","Cleave+1"],"picked":"SKIP","floor":39.0},{"not_picked":["Rupture+1","Sword Boomerang","Armaments+1"],"picked":"SKIP","floor":40},{"not_picked":["Sword Boomerang+1","Havoc+1","Rupture+1"],"picked":"SKIP","floor":41},{"not_picked":["Thunderclap","Juggernaut+1"],"picked":"Headbutt","floor":42},{"not_picked":["Thunderclap","Body Slam","Clash"],"picked":"SKIP","floor":45},{"not_picked":["Wild Strike","Flame Barrier+1","Armaments+1"],"picked":"SKIP","floor":48}],"player_experience":1017684,"relics_obtained":[{"floor":9.0,"key":"Pantograph"},{"floor":11.0,"key":"Bottled Flame"},{"floor":14.0,"key":"Toxic Egg 2"},{"floor":19.0,"key":"Red Mask"},{"floor":23.0,"key":"Darkstone Periapt"},{"floor":26.0,"key":"Frozen Egg 2"},{"floor":40,"key":"Magic Flower"},{"floor":42,"key":"Juzu Bracelet"},{"floor":43,"key":"Eternal Feather"},{"floor":45,"key":"Self Forming Clay"},{"floor":46,"key":"Shovel"},{"floor":49,"key":"Oddly Smooth Stone"}],"event_choices":[{"damage_healed":0.0,"max_hp_gain":0.0,"max_hp_loss":0.0,"gold_gain":0.0,"cards_transformed":["Strike_R"],"event_name":"Living Wall","player_choice":"Change","floor":3.0,"gold_loss":0.0,"damage_taken":0.0,"cards_obtained":["Perfected Strike"]},{"damage_healed":0.0,"max_hp_gain":0.0,"max_hp_loss":0.0,"gold_gain":0.0,"event_name":"Masked Bandits","player_choice":"Fought Bandits","floor":19.0,"gold_loss":0.0,"damage_taken":0.0},{"damage_healed":0.0,"max_hp_gain":5.0,"max_hp_loss":0.0,"gold_gain":0.0,"event_name":"Forgotten Altar","player_choice":"Shed Blood","floor":21.0,"gold_loss":0.0,"damage_taken":26.0},{"damage_healed":0.0,"max_hp_gain":0.0,"max_hp_loss":0.0,"gold_gain":0.0,"event_name":"Lab","player_choice":"Got Potions","floor":25.0,"gold_loss":0.0,"damage_taken":0.0},{"damage_healed":0.0,"max_hp_gain":0.0,"max_hp_loss":0.0,"gold_gain":50.0,"event_name":"Golden Shrine","player_choice":"Pray","floor":36.0,"gold_loss":0.0,"damage_taken":0.0},{"damage_healed":0,"gold_gain":0,"player_choice":"Fight","damage_taken":0,"max_hp_gain":0,"max_hp_loss":0,"event_name":"MindBloom","floor":46,"gold_loss":0},{"cards_removed":["Inflame"],"damage_healed":0,"gold_gain":0,"player_choice":"Removed Power","damage_taken":0,"max_hp_gain":0,"max_hp_loss":0,"event_name":"Falling","floor":47,"gold_loss":0}],"is_beta":false,"boss_relics":[{"not_picked":["Runic Dome","SacredBark"],"picked":"Pandora\u0027s Box"},{"not_picked":["SlaversCollar","Snecko Eye"],"picked":"Runic Cube"}],"items_purged_floors":[7,20],"is_endless":false,"potions_floor_spawned":[2,11,14,16,19,28,33,39,41,42,46],"ascension_level":20}}