{"host":"o6577qjz5o18w0y8","time":1612617659,"event":{"mods":["AchievementEnabler","BaseMod","BetterRewards","Downfall","Minty Spire (QoL Compilation)","StSLib"],"gold_per_floor":[117,127,127,147,164,175,175,187,239,250,250,263,325,398,398,500,500,511,281,281,296,309,309,321,321,348,348,367,367,387,400,400,400,400],"floor_reached":33,"language":"ENG","playtime":1863,"items_purged":[],"score":345,"play_id":"9c8744dc-b8b3-4aa9-9bff-a386b4f02c93","local_time":"20210206142059","is_ascension_mode":false,"campfire_choices":[{"floor":7.0,"key":"REST"},{"data":"Flex","floor":11.0,"key":"SMITH"},{"floor":15.0,"key":"REST"},{"floor":23.0,"key":"REST"},{"data":"Apotheosis","floor":25.0,"key":"SMITH"},{"floor":29.0,"key":"REST"},{"floor":32.0,"key":"REST"}],"circlet_count":0,"master_deck":["Strike_R","Strike_R","Strike_R","Strike_R","Strike_R","Defend_R","Defend_R","Defend_R","Defend_R","Bash","Clash","Limit Break+1","Inflame","Flex+1","Cleave","Twin Strike","Inflame","Sword Boomerang","Thunderclap","Feed","Armaments+1","Apotheosis+1","Spot Weakness","Flex","Perfected Strike","Second Wind+1","Flex","Flex"],"relics":["Burning Blood","NeowsBlessing","Vajra","MealTicket","Runic Cube","Boot"],"acts_visited":["Exordium","TheCity"],"potions_floor_usage":[33,33],"damage_taken":[{"damage":0.0,"enemies":"Cultist","floor":1.0,"turns":1.0},{"damage":0.0,"enemies":"2 Louse","floor":2.0,"turns":1.0},{"damage":0.0,"enemies":"Jaw Worm","floor":4.0,"turns":1.0},{"damage":14.0,"enemies":"3 Louse","floor":5.0,"turns":4.0},{"damage":19.0,"enemies":"Gremlin Gang","floor":6.0,"turns":5.0},{"damage":0.0,"enemies":"Large Slime","floor":8.0,"turns":4.0},{"damage":0.0,"enemies":"2 Fungi Beasts","floor":10.0,"turns":3.0},{"damage":0.0,"enemies":"Looter","floor":12.0,"turns":2.0},{"damage":23.0,"enemies":"Gremlin Nob","floor":13.0,"turns":4.0},{"damage":0.0,"enemies":"Slime Boss","floor":16.0,"turns":6.0},{"damage":39.0,"enemies":"3 Byrds","floor":18.0,"turns":4.0},{"damage":24.0,"enemies":"Shell Parasite","floor":21.0,"turns":4.0},{"damage":36.0,"enemies":"Shelled Parasite and Fungi","floor":22.0,"turns":4.0},{"damage":27.0,"enemies":"3 Cultists","floor":24.0,"turns":4.0},{"damage":16.0,"enemies":"Snake Plant","floor":28.0,"turns":3.0},{"damage":24.0,"enemies":"Centurion and Healer","floor":30.0,"turns":4.0},{"damage":45.0,"enemies":"Shelled Parasite and Fungi","floor":31.0,"turns":3.0},{"damage":81,"enemies":"Automaton","floor":33,"turns":6}],"seed_played":"4286530779127351626","potions_obtained":[{"floor":4.0,"key":"EntropicBrew"},{"floor":5.0,"key":"Guardian:BlockOnCardUsePotion"},{"floor":27.0,"key":"BloodPotion"},{"floor":27.0,"key":"SmokeBomb"}],"is_trial":false,"path_per_floor":["M","M","?","M","M","M","R","M","T","M","R","M","?","?","R","B",null,"M","$","?","M","M","R","M","R","T","?","M","R","M","M","R","B"],"character_chosen":"IRONCLAD","items_purchased":["Apotheosis","Spot Weakness"],"campfire_rested":5,"item_purchase_floors":[19,19],"current_hp_per_floor":[80,80,80,80,72,59,80,80,80,80,80,80,63,63,80,80,80,47,62,62,47,38,64,47,47,47,65,55,82,64,29,57,0,0],"gold":400,"neow_bonus":"THREE_ENEMY_KILL","is_daily":false,"chose_seed":false,"campfire_upgraded":2,"win_rate":0.0,"timestamp":1612617659,"path_taken":["M","?","?","M","M","?","R","M","T","M","R","M","?","?","R","BOSS","M","$","?","M","M","R","M","R","T","?","M","R","M","?","R","BOSS"],"items_purchased_type":["Card","Card"],"build_version":"2020-12-22","purchased_purges":0,"victory":false,"max_hp_per_floor":[80,80,80,80,80,80,80,80,80,80,80,80,80,80,80,80,80,80,80,80,83,87,87,91,91,91,91,91,91,91,95,95,95,95],"card_choices":[{"not_picked":["Metallicize","Iron Wave"],"picked":"Clash","floor":1.0},{"not_picked":["Fire Breathing","Flex"],"picked":"Limit Break","floor":2.0},{"not_picked":["Armaments","Sever Soul"],"picked":"Inflame","floor":4.0},{"not_picked":["Clash","Heavy Blade"],"picked":"Flex","floor":5.0},{"not_picked":["Shrug It Off","Twin Strike"],"picked":"Cleave","floor":6.0},{"not_picked":["Clothesline","Bloodletting"],"picked":"Twin Strike","floor":8.0},{"not_picked":["Shockwave","Hemokinesis"],"picked":"Inflame","floor":10.0},{"not_picked":["Seeing Red","Armaments"],"picked":"Sword Boomerang","floor":12.0},{"not_picked":["Carnage","Fiend Fire"],"picked":"Thunderclap","floor":13.0},{"not_picked":["Barricade","Offering"],"picked":"Feed","floor":16.0},{"not_picked":["Hemokinesis+1","Feel No Pain+1"],"picked":"Armaments+1","floor":18.0},{"not_picked":["Rage","Whirlwind"],"picked":"Perfected Strike","floor":21.0},{"not_picked":["Cleave","Flex+1"],"picked":"Second Wind+1","floor":22.0},{"not_picked":["Heavy Blade","Warcry"],"picked":"Flex","floor":24.0},{"not_picked":["Dark Embrace","Battle Trance+1"],"picked":"Flex","floor":28.0},{"not_picked":["Iron Wave+1","Twin Strike","Rampage"],"picked":"SKIP","floor":30.0},{"not_picked":["Uppercut+1","Fire Breathing+1","Perfected Strike+1"],"picked":"SKIP","floor":31.0}],"player_experience":82285,"relics_obtained":[{"floor":9.0,"key":"Vajra"},{"floor":26.0,"key":"Boot"}],"event_choices":[{"damage_healed":0.0,"max_hp_gain":0.0,"max_hp_loss":0.0,"gold_gain":0.0,"event_name":"Accursed Blacksmith","player_choice":"Forge","floor":3.0,"gold_loss":0.0,"damage_taken":0.0,"cards_upgraded":["Limit Break"]},{"damage_healed":0.0,"max_hp_gain":0.0,"max_hp_loss":0.0,"gold_gain":0.0,"event_name":"Dead Adventurer","player_choice":"Searched \u00272\u0027 times","floor":13.0,"gold_loss":0.0,"damage_taken":0.0,"relics_obtained":["MealTicket"]},{"damage_healed":0.0,"max_hp_gain":0.0,"max_hp_loss":0.0,"gold_gain":73.0,"event_name":"Golden Wing","player_choice":"Gained Gold","floor":14.0,"gold_loss":0.0,"damage_taken":0.0},{"damage_healed":0.0,"max_hp_gain":0.0,"max_hp_loss":0.0,"gold_gain":0.0,"event_name":"The Library","player_choice":"Read","floor":20.0,"gold_loss":0.0,"damage_taken":0.0,"cards_obtained":["Flex"]},{"damage_healed":0.0,"max_hp_gain":0.0,"max_hp_loss":0.0,"gold_gain":0.0,"event_name":"Lab","player_choice":"Got Potions","floor":27.0,"gold_loss":0.0,"damage_taken":0.0}],"is_beta":false,"boss_relics":[{"not_picked":["Snecko Eye","Empty Cage"],"picked":"Runic Cube"}],"items_purged_floors":[],"is_endless":false,"potions_floor_spawned":[4,5,8,10,13,18,21,28],"killed_by":"Automaton","ascension_level":0}}