{"host":"knspyp6dy614fx6e","time":1612604700,"event":{"mods":["ATMod(°¢èªMod)","Aspiration","BaseMod","Better Altar","Better Skull","Better Third Choice","Card Filter","DeckTracker","Dota2Spire","Energized Spire","Jedi Mod","Minty Spire (QoL Compilation)","Quick Restart","Relic Filter Mod","Relic Stats","Reliquary","Shop Mod","Spicy Shops","StSLib","TestMod","Waifu the Spire"],"gold_per_floor":[112,112,112,37,52,52,82,82,105,117,129,149,149,161,161,235,235,255,255,255,354,364,379,379,391,466,501,521,855,9,9,9,82,82,100,100,118,518,140,172,185,211,211,227,246,246,280,294,294,294,294,294,38,73,73],"floor_reached":56,"language":"ZHS","playtime":2930,"items_purged":["Injury","Strike_G","Shame"],"score":2105,"play_id":"e06cd46f-9291-4852-84f5-8b231dc2350c","local_time":"20210206174500","is_ascension_mode":true,"campfire_choices":[{"data":"AT_WomanClash","floor":6.0,"key":"SMITH"},{"data":"Neutralize","floor":8.0,"key":"SMITH"},{"data":"Acrobatics","floor":15.0,"key":"SMITH"},{"data":"Bullet Time","floor":19.0,"key":"SMITH"},{"floor":24.0,"key":"REST"},{"floor":32.0,"key":"REST"},{"data":"Calculated Gamble","floor":46.0,"key":"SMITH"},{"floor":49.0,"key":"RECALL"},{"data":"Adrenaline","floor":52.0,"key":"SMITH"}],"circlet_count":0,"master_deck":["AscendersBane","Strike_G","Strike_G","Strike_G+1","Defend_G","Defend_G","Defend_G","Defend_G","Survivor","Neutralize+1","AT_WomanClash+1","Footwork+1","Terror","Acrobatics+1","Bullet Time+1","Backflip","Venomology+1","Noxious Fumes+1","testmod-PulseDistributor+1","Adrenaline+1","Backflip+1","Calculated Gamble+1","Noxious Fumes+1","Well Laid Plans+1","Catalyst"],"relics":["AT_ATBox","testmod-TestBox","aspiration:SecretTechniqueScroll","Frozen Egg 2","Anchor","reliquary:PartyBalloon","testmod-PortableAltar","Dota2Spire:BattleFury","Happy Flower","MerchantsRug","Dota2Spire:ArcaneBoots","AT_EbonyIvory","jedi:hotpepper","InkBottle","testmod-EqualTreatment","testmod-IndustrialRevolution","Dota2Spire:EyeOfSkadi","Mummified Hand","Sling","testmod-LifeArmor"],"acts_visited":["Exordium","TheCity","TheBeyond","TheEnding"],"potions_floor_usage":[54,55,55],"damage_taken":[{"damage":1.0,"enemies":"Small Slimes","floor":1.0,"turns":4.0},{"damage":0.0,"enemies":"2 Louse","floor":5.0,"turns":3.0},{"damage":34.0,"enemies":"Gremlin Nob","floor":7.0,"turns":5.0},{"damage":0.0,"enemies":"Jaw Worm","floor":10.0,"turns":3.0},{"damage":0.0,"enemies":"Red Slaver","floor":11.0,"turns":5.0},{"damage":0.0,"enemies":"Large Slime","floor":12.0,"turns":3.0},{"damage":8.0,"enemies":"Lots of Slimes","floor":14.0,"turns":6.0},{"damage":5.0,"enemies":"Hexaghost","floor":16.0,"turns":6.0},{"damage":14.0,"enemies":"Spheric Guardian","floor":18.0,"turns":6.0},{"damage":1.0,"enemies":"Chosen","floor":22.0,"turns":2.0},{"damage":17.0,"enemies":"Snecko","floor":23.0,"turns":4.0},{"damage":3.0,"enemies":"Chosen and Byrds","floor":25.0,"turns":3.0},{"damage":1.0,"enemies":"Gremlin Leader","floor":27.0,"turns":3.0},{"damage":2.0,"enemies":"Shelled Parasite and Fungi","floor":28.0,"turns":4.0},{"damage":4.0,"enemies":"Slavers","floor":29.0,"turns":5.0},{"damage":24.0,"enemies":"Collector","floor":33.0,"turns":6.0},{"damage":0.0,"enemies":"Orb Walker","floor":35.0,"turns":2.0},{"damage":0.0,"enemies":"3 Shapes","floor":37.0,"turns":3.0},{"damage":35.0,"enemies":"Reptomancer","floor":40.0,"turns":4.0},{"damage":0.0,"enemies":"Jaw Worm Horde","floor":41.0,"turns":1.0},{"damage":0.0,"enemies":"Giant Head","floor":42.0,"turns":4.0},{"damage":10.0,"enemies":"Maw","floor":44.0,"turns":4.0},{"damage":0.0,"enemies":"Transient","floor":45.0,"turns":5.0},{"damage":0.0,"enemies":"Nemesis","floor":47.0,"turns":5.0},{"damage":5.0,"enemies":"Spire Growth","floor":48.0,"turns":3.0},{"damage":28.0,"enemies":"Time Eater","floor":50.0,"turns":11.0},{"damage":0,"enemies":"Shield and Spear","floor":54,"turns":3},{"damage":2,"enemies":"The Heart","floor":55,"turns":5}],"seed_played":"-7100160006225180661","potions_obtained":[{"floor":7.0,"key":"Block Potion"},{"floor":10.0,"key":"Dota2Spire:HealingSalve"},{"floor":12.0,"key":"Dota2Spire:HealingSalve"},{"floor":16.0,"key":"Dota2Spire:Clarity"},{"floor":28.0,"key":"Block Potion"},{"floor":37.0,"key":"PowerPotion"},{"floor":40.0,"key":"LiquidMemories"},{"floor":54,"key":"AttackPotion"}],"is_trial":false,"path_per_floor":["M","?","?","$","M","R","E","R","T","M","M","M","?","M","R","B",null,"M","R","?","?","M","M","R","M","T","E","M","E","$","?","R","B",null,"M","?","M","?","$","E","M","E","T","M","M","R","E","M","R","B",null,"R","$","E","B",null],"character_chosen":"THE_SILENT","items_purchased":["MerchantsRug","Dota2Spire:ArcaneBoots","AT_EbonyIvory","reliquary:Buckler","Noxious Fumes+1","testmod-PulseDistributor+1","Calculated Gamble","Noxious Fumes+1","InkBottle","Mummified Hand","Sling"],"campfire_rested":2,"item_purchase_floors":[30,30,30,30,30,30,39,39,39,53,53],"current_hp_per_floor":[62,62,50,50,50,50,16,16,16,16,16,22,70,62,62,70,70,55,55,55,55,54,37,55,52,52,51,49,45,45,34,50,38,39,38,37,36,35,34,27,27,27,27,25,25,25,28,27,27,18,23,23,23,22,20],"gold":73,"neow_bonus":"BOSS_RELIC","is_daily":false,"chose_seed":false,"campfire_upgraded":6,"win_rate":0.0,"timestamp":1612604700,"path_taken":["M","?","?","$","M","R","E","R","T","?","?","M","?","M","R","BOSS","M","?","?","?","?","M","R","M","T","E","M","E","$","?","R","BOSS","M","?","?","?","$","E","M","E","T","?","M","R","E","?","R","BOSS","R","$","E","BOSS"],"items_purchased_type":["Relic","Relic","Relic","Relic","Card","Card","Card","Card","Relic","Relic","Relic"],"build_version":"2020-12-22","purchased_purges":3,"victory":true,"max_hp_per_floor":[70,70,70,70,70,70,70,70,70,70,70,70,70,70,70,70,70,69,68,67,66,65,64,63,62,61,60,59,58,57,56,55,54,39,38,37,36,35,34,33,32,31,30,29,28,27,29,28,27,26,25,24,23,22,21],"relic_stats":{"Happy Flower":[21],"counters":[28,118],"Mummified Hand":[16],"obtain_stats":[{"AT_ATBox":0,"reliquary:PartyBalloon":7,"testmod-EqualTreatment":40,"testmod-PortableAltar":17,"testmod-LifeArmor":54,"Sling":53,"aspiration:RitualStick":31,"Old Coin":29,"Dota2Spire:EyeOfSkadi":47,"Mummified Hand":53,"reliquary:Buckler":30,"Dota2Spire:ArcaneBoots":30,"InkBottle":39,"Ring of the Snake":0,"MerchantsRug":30,"testmod-TestBox":0,"Happy Flower":27,"Dota2Spire:BattleFury":26,"AT_EbonyIvory":30,"aspiration:SecretTechniqueScroll":0,"Frozen Egg 2":2,"testmod-IndustrialRevolution":42,"Anchor":3,"jedi:hotpepper":34,"jedi:arcanewood":9},{"AT_ATBox":0,"reliquary:PartyBalloon":3,"testmod-EqualTreatment":19,"testmod-PortableAltar":8,"testmod-LifeArmor":27,"Sling":26,"aspiration:RitualStick":15,"Old Coin":15,"Dota2Spire:EyeOfSkadi":24,"Mummified Hand":26,"reliquary:Buckler":15,"Dota2Spire:ArcaneBoots":15,"InkBottle":18,"Ring of the Snake":0,"MerchantsRug":15,"testmod-TestBox":0,"Happy Flower":13,"Dota2Spire:BattleFury":12,"AT_EbonyIvory":15,"aspiration:SecretTechniqueScroll":0,"Frozen Egg 2":1,"testmod-IndustrialRevolution":21,"Anchor":1,"jedi:hotpepper":16,"jedi:arcanewood":3},{"AT_ATBox":0,"reliquary:PartyBalloon":12,"testmod-EqualTreatment":77,"testmod-PortableAltar":35,"testmod-LifeArmor":113,"Sling":110,"aspiration:RitualStick":62,"Old Coin":62,"Dota2Spire:EyeOfSkadi":96,"Mummified Hand":110,"reliquary:Buckler":62,"Dota2Spire:ArcaneBoots":62,"InkBottle":73,"Ring of the Snake":0,"MerchantsRug":62,"testmod-TestBox":0,"Happy Flower":53,"Dota2Spire:BattleFury":50,"AT_EbonyIvory":62,"aspiration:SecretTechniqueScroll":0,"Frozen Egg 2":4,"testmod-IndustrialRevolution":82,"Anchor":4,"jedi:hotpepper":68,"jedi:arcanewood":12}],"InkBottle":[25]},"card_choices":[{"not_picked":["Bane","AT_ShadowStep"],"picked":"AT_WomanClash","floor":1.0},{"not_picked":["PiercingWail","Underhanded Strike"],"picked":"Footwork+1","floor":5.0},{"not_picked":["Concentrate","Finisher"],"picked":"Terror","floor":7.0},{"not_picked":["Outmaneuver","Dodge and Roll"],"picked":"Acrobatics","floor":10.0},{"not_picked":["Bane","Concentrate","Flechettes"],"picked":"SKIP","floor":11.0},{"not_picked":["Prepared","Underhanded Strike","AT_WindFlip"],"picked":"SKIP","floor":12.0},{"not_picked":["Cloak And Dagger","Sucker Punch","Finisher"],"picked":"SKIP","floor":14.0},{"not_picked":["Doppelganger","jedi:studyshivs"],"picked":"Bullet Time","floor":16.0},{"not_picked":["Flying Knee","Underhanded Strike","Acrobatics"],"picked":"SKIP","floor":18.0},{"not_picked":["Cloak And Dagger","Concentrate","Dodge and Roll"],"picked":"SKIP","floor":22.0},{"not_picked":["Blade Dance","Slice","Sucker Punch"],"picked":"SKIP","floor":23.0},{"not_picked":["Backstab","Deflect+1"],"picked":"Backflip","floor":25.0},{"not_picked":["AT_TinkerSharpsword","Backflip"],"picked":"Venomology","floor":27.0},{"not_picked":["Flying Knee+1","AT_WomanClash","Deadly Poison+1"],"picked":"SKIP","floor":28.0},{"not_picked":["Leg Sweep","PiercingWail","Quick Slash"],"picked":"SKIP","floor":29.0},{"not_picked":["aspiration:Lunge","Burst"],"picked":"Adrenaline","floor":33.0},{"not_picked":["Deflect","Sucker Punch","Concentrate"],"picked":"SKIP","floor":35.0},{"not_picked":["Poisoned Stab","Dodge and Roll"],"picked":"Backflip+1","floor":37.0},{"not_picked":["Deflect","Prepared"],"picked":"Well Laid Plans+1","floor":40.0},{"not_picked":["Deadly Poison","Noxious Fumes+1","Caltrops+1"],"picked":"SKIP","floor":41.0},{"not_picked":["AT_WindFlip+1","Quick Slash","Dodge and Roll"],"picked":"SKIP","floor":42.0},{"not_picked":["Poisoned Stab","Skewer+1","Dagger Spray"],"picked":"SKIP","floor":44.0},{"not_picked":["Underhanded Strike","Sucker Punch","Blade Dance"],"picked":"SKIP","floor":45.0},{"not_picked":["Masterful Stab","All Out Attack","Prepared"],"picked":"SKIP","floor":47.0},{"not_picked":["Dash","Dagger Throw","Backflip"],"picked":"SKIP","floor":48.0},{"not_picked":["Prepared","Accuracy+1"],"picked":"Catalyst","floor":54}],"player_experience":328639,"relics_obtained":[{"floor":7.0,"key":"reliquary:PartyBalloon"},{"floor":9.0,"key":"jedi:arcanewood"},{"floor":26.0,"key":"Dota2Spire:BattleFury"},{"floor":27.0,"key":"Happy Flower"},{"floor":29.0,"key":"Old Coin"},{"floor":40.0,"key":"testmod-EqualTreatment"},{"floor":42.0,"key":"testmod-IndustrialRevolution"},{"floor":47.0,"key":"Dota2Spire:EyeOfSkadi"},{"floor":54,"key":"testmod-LifeArmor"}],"event_choices":[{"damage_healed":0.0,"max_hp_gain":0.0,"max_hp_loss":0.0,"gold_gain":0.0,"event_name":"betterThird:BetterScrap","player_choice":"Relic ","floor":3.0,"gold_loss":0.0,"damage_taken":12.0,"cards_obtained":["Brutality"]},{"damage_healed":48.0,"max_hp_gain":0.0,"max_hp_loss":0.0,"gold_gain":0.0,"event_name":"Wheel of Change","player_choice":"Full Heal","floor":13.0,"gold_loss":0.0,"damage_taken":0.0},{"cards_removed":["Defend_G"],"damage_healed":0.0,"max_hp_gain":0.0,"max_hp_loss":0.0,"gold_gain":0.0,"event_name":"betterThird:BetterWriting","player_choice":"Elegance","floor":20.0,"gold_loss":0.0,"damage_taken":0.0},{"damage_healed":0.0,"max_hp_gain":0.0,"max_hp_loss":0.0,"gold_gain":99.0,"event_name":"Nest","player_choice":"Stole From Cult","floor":21.0,"gold_loss":0.0,"damage_taken":0.0},{"cards_removed":["Strike_G"],"damage_healed":0.0,"max_hp_gain":0.0,"max_hp_loss":0.0,"gold_gain":0.0,"event_name":"Falling","player_choice":"Removed Attack","floor":36.0,"gold_loss":0.0,"damage_taken":0.0},{"damage_healed":0.0,"max_hp_gain":0.0,"max_hp_loss":0.0,"gold_gain":400.0,"event_name":"¶÷ÂåË¹µÄÅÌ×Ó","player_choice":"Sell","floor":38.0,"relics_lost":["aspiration:RitualStick"],"gold_loss":0.0,"damage_taken":0.0}],"is_beta":false,"boss_relics":[{"not_picked":["aspiration:RunicSpoon","Empty Cage"],"picked":"testmod-PortableAltar"},{"not_picked":["Snecko Eye","Sozu"],"picked":"jedi:hotpepper"}],"items_purged_floors":[4,39,53],"is_endless":false,"potions_floor_spawned":[7,10,11,12,16,18,22,28,37,40,45,48,54],"ascension_level":13}}