{"host":"dscols65uipasqd2","time":1612585425,"event":{"mods":["2.2 Compatiblity","AchievementEnabler","Aspiration","BaseMod","Colored Powertips","Downfall","Energized Spire","GifTheSpireLib","Hermit","Hubris","Infinite Spire","JesterMod","Jorbs\u0027s Wanderer Trilogy","Marisa????????","Minty Spire (QoL Compilation)","Rare Cards Sparkle","Replay The Spire","StSLib","Stuff the Spire","The Cursed","The Disciple","The Hierophant","The Judge","The Jungle","The Runesmith","TheFirefly"],"gold_per_floor":[99,117,117,117,128,128,128,196,216,266,316,334,360,371,390,488,488,188,199,210,260,260,310,310,322,336,486,536,567,567,585,596,697,697,697,709,791,841,49,67,67,80,80,395,395,412,462,531,542,542,542,542,542,542],"floor_reached":52,"language":"ENG","playtime":3881,"items_purged":["downfall:Haunted"],"score":891,"play_id":"18f69711-d835-4849-b4ab-36dd4ee3f060","local_time":"20210205232345","is_ascension_mode":true,"campfire_choices":[{"floor":1,"key":"RECALL"},{"floor":18,"key":"DIG"},{"floor":30,"key":"REST"},{"data":"Runesmith:GrandSlam","floor":35,"key":"SMITH"},{"floor":43,"key":"REST"},{"data":"expansioncontent:Hexaburn","floor":45,"key":"SMITH"}],"circlet_count":0,"master_deck":["bronze:Strike","bronze:Strike","bronze:Strike","bronze:Defend","bronze:Defend","bronze:Replicate","bronze:Goto","bronze:Flail","bronze:FineTuning","bronze:Separator","bronze:Terminator","bronze:Boost","bronze:Branch","bronze:Shell","bronze:Allocate+1","infinitespire:Collect","StuffTheSpire:CuriosityCurse","hubris:DuctTapeCard","bronze:FunctionCard","Runesmith:Grindstone+1","Runesmith:ShiftingStrike","downfall:Haunted","Voices","hubris:Sloth","Runesmith:LastStand","Parasite","bronze:BronzeOrb+1","bronze:FollowUp","bronze:WhirlingStrike+1","Runesmith:GrandSlam+1","bronze:Shell+1","ReplayTheSpireMod:Splinters","bronze:BuggyMess+1","expansioncontent:Hexaburn+1","Replay:SS_hec_1","Replay:SS_forest_2","bronze:BronzeOrb","Specialist","The Bomb","bronze:CloningBeam","bronze:Flail+1","bronze:ForceShield","bronze:ShipIt","bronze:Overload+1","bronze:DelayedSlice+1","bronze:SpaghettiCode"],"relics":["bronze:BronzeCore","Strawberry","hubris:Towel","SsserpentHead","Blue Candle","hubris:Icosahedron","infinitespire:Beetle Shell","aspiration:RunesmithSkillbook","downfall:HeartBlessingRed","downfall:HeartBlessingGreen","downfall:HeartBlessingBlue","aspiration:Lifesprig","Question Card","Astrolabe","Kunai","hubris:DuctTape","Du-Vu Doll","Ornamental Fan","infinitespire:WardingShard","aspiration:RitualDagger","Turnip","bronze:BronzeIdol","aspiration:StickyExplosives_weak"],"acts_visited":["Exordium","TheCity","TheBeyond","TheEnding"],"potions_floor_usage":[8,9,9,13,16,16,26,31,33,39,39,42,42,42,49,50,50,50],"damage_taken":[{"damage":4,"enemies":"Jaw Worm","floor":2,"turns":4},{"damage":0,"enemies":"2 Louse","floor":5,"turns":1},{"damage":0,"enemies":"Cultist","floor":8,"turns":2},{"damage":0,"enemies":"3 Louse","floor":9,"turns":1},{"damage":4,"enemies":"Large Slime","floor":12,"turns":5},{"damage":41,"enemies":"Lagavulin","floor":13,"turns":6},{"damage":13,"enemies":"Blue Slaver","floor":14,"turns":3},{"damage":0,"enemies":"Exordium Wildlife","floor":15,"turns":4},{"damage":4,"enemies":"IC_STATUS_ARCHETYPE","floor":16,"turns":6},{"damage":4,"enemies":"Shell Parasite","floor":19,"turns":6},{"damage":0,"enemies":"Chosen","floor":20,"turns":6},{"damage":42,"enemies":"Shelled Parasite and Fungi","floor":25,"turns":6},{"damage":0,"enemies":"Cultist and Chosen","floor":26,"turns":4},{"damage":59,"enemies":"Nightmare","floor":29,"turns":6},{"damage":0,"enemies":"Snake Plant","floor":31,"turns":1},{"damage":1,"enemies":"3 Cultists","floor":32,"turns":2},{"damage":18,"enemies":"DF_ARCHETYPE_CLAW","floor":33,"turns":6},{"damage":7,"enemies":"Orb Walker","floor":36,"turns":2},{"damage":14,"enemies":"downfall:FleeingMerchant","floor":39,"turns":4},{"damage":3,"enemies":"3 Shapes","floor":40,"turns":1},{"damage":127,"enemies":"Transient","floor":42,"turns":5},{"damage":3,"enemies":"downfall:FleeingMerchant","floor":44,"turns":1},{"damage":3,"enemies":"3 Darklings","floor":46,"turns":1},{"damage":49,"enemies":"4 Shapes","floor":48,"turns":2},{"damage":43,"enemies":"Spire Growth","floor":49,"turns":4},{"damage":63,"enemies":"WA_ARCHETYPE_DIVINITY","floor":50,"turns":9},{"damage":148,"enemies":"downfall:CharBossMerchant","floor":52,"turns":8}],"seed_played":"-367384927605130083","potions_obtained":[{"floor":0,"key":"SkillPotion"},{"floor":0,"key":"Fruit Juice"},{"floor":0,"key":"Slimebound:ThreeZeroPotion"},{"floor":2,"key":"AttackPotion"},{"floor":8,"key":"bronze:FreeFunctionsPotion"},{"floor":12,"key":"SteroidPotion"},{"floor":14,"key":"SpeedPotion"},{"floor":25,"key":"Slimebound:ThreeZeroPotion"},{"floor":29,"key":"AttackPotion"},{"floor":31,"key":"LifebloodPotion"},{"floor":32,"key":"Energy Potion"},{"floor":37,"key":"ColorlessPotion"},{"floor":37,"key":"EssenceOfSteel"},{"floor":40,"key":"BlessingOfTheForge"},{"floor":42,"key":"Block Potion"},{"floor":46,"key":"Weak Potion"},{"floor":49,"key":"Death Potion"}],"is_trial":false,"path_per_floor":["R","M","?","?","M","?","T","M","M","?","?","M","E","M","M","B",null,"R","M","M","?","AVR","?","T","M","M","?","T","NM","R","M","M","B",null,"R","M","?","?","$","M","T","M","R","$","R","M","?","M","M","B",null,"E"],"character_chosen":"THE_AUTOMATON","items_purchased":["Turnip","BlessingOfTheForge","PowerPotion","Specialist","The Bomb","bronze:CloningBeam"],"campfire_rested":2,"item_purchase_floors":[39,39,39,39,39,39],"current_hp_per_floor":[70,66,73,73,73,73,73,78,78,75,75,71,30,17,17,13,82,92,88,88,88,88,88,88,46,46,51,51,38,67,67,66,48,97,97,90,90,80,66,63,63,44,73,80,80,91,91,61,33,18,97,0,0,0],"gold":542,"neow_bonus":"THREE_SMALL_POTIONS","is_daily":false,"chose_seed":false,"campfire_upgraded":2,"win_rate":0.0,"timestamp":1612585425,"path_taken":["R","M","?","?","M","?","T","?","M","?","?","M","E","M","M","BOSS","R","M","M","?","AVR","?","T","M","M","?","?","NM","R","M","M","BOSS","R","M","?","?","?","M","T","M","R","$","R","M","?","?","M","BOSS","E"],"items_purchased_type":["Relic","Potion","Potion","Card","Card","Card"],"build_version":"2020-12-22","purchased_purges":1,"victory":false,"max_hp_per_floor":[70,70,77,77,77,77,77,82,82,82,82,82,82,82,82,82,82,92,92,92,92,92,92,92,92,92,97,97,97,97,97,97,97,97,97,97,97,97,97,97,97,97,97,97,97,97,97,97,97,97,97,97,97,97],"card_choices":[{"not_picked":["bronze:InfiniteBeams","bronze:Repulsor"],"picked":"bronze:Flail","floor":2},{"not_picked":["bronze:Turbo","bronze:Invalidate"],"picked":"bronze:FineTuning","floor":5},{"not_picked":["bronze:Shield","bronze:Return"],"picked":"bronze:Separator","floor":8},{"not_picked":["bronze:Shield","bronze:Flail"],"picked":"bronze:Terminator","floor":9},{"not_picked":["bronze:DelayedSlice","bronze:Iterate"],"picked":"bronze:Boost","floor":12},{"not_picked":["bronze:MaxOutput","bronze:OilSpill"],"picked":"bronze:Constructor","floor":13},{"not_picked":["bronze:Shield","bronze:Turbo"],"picked":"bronze:Branch","floor":14},{"not_picked":["bronze:ItsAFeature","bronze:Separator"],"picked":"bronze:Shell","floor":15},{"not_picked":["bronze:CleanCode","bronze:Mutator"],"picked":"bronze:Hardcode","floor":16},{"not_picked":["Runesmith:HammerThrow","Runesmith:EnergizedChisel","bronze:Flail"],"picked":"bronze:Frontload","floor":19},{"not_picked":["Runesmith:ChiselStab","Runesmith:Terraform","Runesmith:Discharge"],"picked":"bronze:Flail","floor":20},{"not_picked":["bronze:Turbo","Runesmith:StaticCage","bronze:BugBarrage","Runesmith:BackupBattery"],"picked":"Runesmith:Grindstone+1","floor":25},{"not_picked":["Runesmith:PerfectChisel","Runesmith:HeatExchange","Runesmith:RuneHurl","bronze:Return"],"picked":"Runesmith:ShiftingStrike","floor":26},{"not_picked":["bronze:ShipIt","bronze:Backtrace","bronze:BuggyMess","bronze:Overheat"],"picked":"bronze:BronzeOrb+1","floor":29},{"not_picked":["Runesmith:Attraction","Runesmith:ElementalConversion","bronze:DelayedGuard","bronze:WildBeam"],"picked":"bronze:FollowUp","floor":31},{"not_picked":["bronze:Overheat","bronze:Turbo","Runesmith:BackupBattery","Runesmith:LithiumIon"],"picked":"bronze:WhirlingStrike+1","floor":32},{"not_picked":["Runesmith:Supernova","bronze:CleanCode","Runesmith:LightningRod","bronze:Virus"],"picked":"Runesmith:GrandSlam","floor":33},{"not_picked":["Runesmith:FrozenChisel","bronze:BugBarrage","bronze:WildBeam+1","bronze:RecursiveStrike"],"picked":"bronze:Shell+1","floor":36},{"not_picked":["bronze:BitShift+1","Runesmith:DoubleUp","bronze:Allocate+1","bronze:Branch+1"],"picked":"bronze:BuggyMess+1","floor":37},{"not_picked":["expansioncontent:Chronoboost","expansioncontent:GuardianWhirl"],"picked":"expansioncontent:Hexaburn","floor":38},{"not_picked":["expansioncontent:GuardianWhirl","expansioncontent:InvincibleStrength"],"picked":"Replay:SS_hec_1","floor":38},{"not_picked":["expansioncontent:Hexaburn","expansioncontent:LastStand"],"picked":"Replay:SS_forest_2","floor":38},{"not_picked":["bronze:Separator","Runesmith:CraftProtectio","Runesmith:RuneHurl+1","Runesmith:MakeshiftArmor+1"],"picked":"bronze:BronzeOrb","floor":39},{"not_picked":["Runesmith:Grindstone+1","Runesmith:DoubleUp","bronze:WhirlingStrike","bronze:ItsAFeature+1"],"picked":"bronze:Flail+1","floor":40},{"not_picked":["bronze:Flail","Runesmith:UnstableHammer+1","Runesmith:ChargedHammer","Runesmith:Grindstone"],"picked":"bronze:ForceShield","floor":42},{"not_picked":["Runesmith:HeatedChisel+1","bronze:WhirlingStrike","Runesmith:EarthShield+1","Runesmith:ShiftingStrike+1"],"picked":"bronze:ShipIt","floor":44},{"not_picked":["Runesmith:CraftProtectio","bronze:NullPointer+1","Runesmith:CraftMagma","bronze:Constructor"],"picked":"bronze:Overload+1","floor":46},{"not_picked":["bronze:Safeguard+1","bronze:Overheat","bronze:BugBarrage","Runesmith:ReplicatingBarrier"],"picked":"bronze:DelayedSlice+1","floor":48},{"not_picked":["bronze:BuggyMess","Runesmith:HeatedChisel","bronze:WhirlingStrike","bronze:DelayedSlice"],"picked":"bronze:SpaghettiCode","floor":49}],"player_experience":594863,"relics_obtained":[{"floor":3,"key":"Strawberry"},{"floor":13,"key":"infinitespire:Beetle Shell"},{"floor":18,"key":"aspiration:Lifesprig"},{"floor":24,"key":"hubris:DuctTape"},{"floor":28,"key":"Ornamental Fan"},{"floor":29,"key":"infinitespire:WardingShard"},{"floor":41,"key":"bronze:BronzeIdol"},{"floor":47,"key":"aspiration:StickyExplosives_weak"}],"event_choices":[{"damage_healed":0,"gold_gain":0,"player_choice":"Trade","damage_taken":0,"relics_obtained":["SsserpentHead"],"max_hp_gain":0,"max_hp_loss":0,"event_name":"FaceTrader","floor":6,"gold_loss":0},{"damage_healed":0,"gold_gain":0,"player_choice":"Success","damage_taken":3,"relics_obtained":["Blue Candle"],"max_hp_gain":0,"max_hp_loss":0,"event_name":"Scrap Ooze","floor":10,"gold_loss":0}],"is_beta":false,"boss_relics":[{"not_picked":["Snecko Eye","energizedSpire:EnergizedDie"],"picked":"aspiration:RunesmithSkillbook"},{"not_picked":["Runic Dome","energizedSpire:StickyHand"],"picked":"aspiration:RitualDagger"}],"items_purged_floors":[39],"is_endless":false,"potions_floor_spawned":[2,8,12,14,25,29,31,32,40,42,46,49],"killed_by":"downfall:CharBossMerchant","ascension_level":2}}