{"host":"9slw7l0ws16384qq","time":1612631499,"event":{"mods":["A Penny For Your Troubles","BaseMod","Colored Map","Downfall","Evolution","Hubris","Minty Spire (QoL Compilation)","Replay The Spire","StS++","StSLib"],"gold_per_floor":[99,99,99,158,158,83,83,83,109,120,155,155,168,196,206,309,309,309,326,337,337,337,357,357,242,242,253,281,298,298,31,50,154,154,154,173,223,242,242,260,260,280,311,311,311,311],"floor_reached":44,"language":"FRA","playtime":4802,"items_purged":["Guardian:TemporalShield","Guardian:TemporalShield"],"score":877,"play_id":"64e6a675-e8ba-4c62-aeac-6db64319c35f","local_time":"20210206181139","is_ascension_mode":true,"campfire_choices":[{"data":"Guardian:Defend_Guardian","floor":1.0,"key":"PURGE"},{"data":"Guardian:AncientConstruct","floor":8.0,"key":"SMITH"},{"data":"Guardian:PrimingBeam","floor":12.0,"key":"SMITH"},{"data":"Guardian:PrimingBeam","floor":18.0,"key":"SMITH"},{"data":"Guardian:PiercingHide","floor":26.0,"key":"SMITH"},{"data":"Guardian:PrimingBeam","floor":30.0,"key":"SMITH"},{"floor":35.0,"key":"DIG"}],"circlet_count":0,"master_deck":["AscendersBane","Guardian:PrimingBeam+1","Guardian:PrimingBeam+1","Guardian:PrimingBeam+1","Guardian:PrimingBeam","Guardian:CurlUp","Guardian:TwinSlam","Guardian:AncientConstruct+1","Guardian:GemFinder","Guardian:PrismaticBeam+1","Guardian:PiercingHide+1","Guardian:Orbwalk","Guardian:PrismaticBeam+1","Guardian:Gem_Cyan","Guardian:Gem_White"],"relics":["Guardian:ModeShifter","EVO:Axolotl","downfall:HeartsMalice","StSpp:WoodenPendulum","StSpp:SailingBoat","Orichalcum","Replay:Ringing Soul","ReplayFunnel","Bronze Scales","Mango","Singing Bowl","Juzu Bracelet","Blue Candle","Replay:WaspNest"],"acts_visited":["Exordium","TheCity","TheBeyond"],"potions_floor_usage":[42],"damage_taken":[{"damage":0.0,"enemies":"2 Louse","floor":2.0,"turns":1.0},{"damage":0.0,"enemies":"Jaw Worm","floor":3.0,"turns":1.0},{"damage":0.0,"enemies":"downfall:FleeingMerchant","floor":6.0,"turns":1.0},{"damage":0.0,"enemies":"Lagavulin","floor":9.0,"turns":7.0},{"damage":0.0,"enemies":"Small Slimes","floor":10.0,"turns":3.0},{"damage":8.0,"enemies":"Gremlin Nob","floor":11.0,"turns":4.0},{"damage":2.0,"enemies":"Exordium Thugs","floor":13.0,"turns":3.0},{"damage":9.0,"enemies":"3 Sentries","floor":14.0,"turns":8.0},{"damage":8.0,"enemies":"Gremlin Gang","floor":15.0,"turns":5.0},{"damage":15.0,"enemies":"DF_ARCHETYPE_STREAMLINE","floor":16.0,"turns":13.0},{"damage":1.0,"enemies":"Chosen","floor":19.0,"turns":5.0},{"damage":4.0,"enemies":"Spheric Guardian","floor":20.0,"turns":4.0},{"damage":14.0,"enemies":"Shelled Parasite and Fungi","floor":23.0,"turns":8.0},{"damage":0.0,"enemies":"downfall:FleeingMerchant","floor":25.0,"turns":4.0},{"damage":0.0,"enemies":"Centurion and Healer","floor":27.0,"turns":6.0},{"damage":24.0,"enemies":"Gremlin Leader","floor":28.0,"turns":7.0},{"damage":12.0,"enemies":"3 Cultists","floor":29.0,"turns":5.0},{"damage":1.0,"enemies":"downfall:FleeingMerchant","floor":31.0,"turns":4.0},{"damage":12.0,"enemies":"Snake Plant","floor":32.0,"turns":4.0},{"damage":30.0,"enemies":"SI_MIRROR_ARCHETYPE","floor":33.0,"turns":12.0},{"damage":26.0,"enemies":"3 Darklings","floor":36.0,"turns":7.0},{"damage":5.0,"enemies":"3 Darklings","floor":37.0,"turns":7.0},{"damage":7.0,"enemies":"3 Shapes","floor":38.0,"turns":5.0},{"damage":25.0,"enemies":"Jaw Worm Horde","floor":40.0,"turns":5.0},{"damage":5,"enemies":"4 Shapes","floor":42,"turns":10},{"damage":39,"enemies":"Nemesis","floor":43,"turns":9},{"damage":35,"enemies":"Transient","floor":44,"turns":5}],"seed_played":"8394807000639002035","potions_obtained":[{"floor":9.0,"key":"Toxic Potion"},{"floor":10.0,"key":"Languid Potion"},{"floor":11.0,"key":"SteroidPotion"},{"floor":13.0,"key":"Flashbang"},{"floor":15.0,"key":"Guardian:BlockOnCardUsePotion"},{"floor":42,"key":"BlessingOfTheForge"}],"is_trial":false,"path_per_floor":["R_BF","M","M","?","?","$","T","R","E","M","E","R","M","E","M","B",null,"R","M","M","?","?","M","T","$","R","M","E","M","R","$","M","B",null,"R_BF","M","?","M","?","M","T","M","E","M"],"character_chosen":"GUARDIAN","items_purchased":["Singing Bowl"],"campfire_rested":0,"item_purchase_floors":[31],"current_hp_per_floor":[72,72,72,52,57,57,57,57,57,57,52,52,53,47,42,30,79,79,81,80,80,101,90,90,93,93,93,86,77,77,76,66,39,109,109,88,87,84,84,64,64,63,28,0,0,0],"gold":311,"neow_bonus":"THREE_ENEMY_KILL","is_daily":false,"chose_seed":false,"campfire_upgraded":5,"win_rate":0.0,"timestamp":1612631499,"path_taken":["R_BF","M","M","?","?","$","T","R","E","?","E","R","M","E","M","BOSS","R","M","?","?","?","?","T","$","R","M","E","M","R","$","M","BOSS","R_BF","M","?","M","?","M","T","M","E","M"],"items_purchased_type":["Relic"],"build_version":"2020-12-22","purchased_purges":2,"victory":false,"max_hp_per_floor":[80,80,80,80,80,80,80,80,80,80,83,83,86,89,92,95,95,95,98,101,101,101,104,104,107,107,107,124,127,127,127,129,132,132,132,137,141,145,145,150,150,154,158,158,158,158],"card_choices":[{"not_picked":["Guardian:Gem_Green","Guardian:RollAttack","Guardian:Emergency"],"picked":"SKIP","floor":2.0},{"not_picked":["Guardian:TimeCapacitor","Guardian:Gem_Yellow","Guardian:Emergency"],"picked":"SKIP","floor":3.0},{"not_picked":["Guardian:BronzeArmor","Guardian:ChargeCore","Guardian:Recover","Guardian:FuturePlans"],"picked":"Guardian:AncientConstruct","floor":6.0},{"not_picked":["Guardian:DecasProtection","Guardian:PrimingBeam","Guardian:Recover","Guardian:VentSteam"],"picked":"Guardian:Gem_Orange","floor":9.0},{"not_picked":["Guardian:Gem_Yellow","Guardian:TemporalStrike","Guardian:Reroute","Guardian:BronzeOrb","Guardian:PolyBeam"],"picked":"SKIP","floor":10.0},{"not_picked":["Guardian:Incinerate","Guardian:BronzeArmor","Guardian:DecasProtection","Guardian:DonusPower"],"picked":"Guardian:Gem_Green","floor":11.0},{"not_picked":["Guardian:PiercingHide","Guardian:TemporalStrike","Guardian:Clone","Guardian:FastForward"],"picked":"Guardian:Gem_Green","floor":13.0},{"not_picked":["Guardian:TemporalShield","Guardian:PolyBeam","Guardian:PrimingBeam","Guardian:CrystalBeam"],"picked":"Guardian:Gem_Cyan","floor":14.0},{"not_picked":["Guardian:ShieldCharger","Guardian:WalkerClaw","Guardian:TemporalStrike","Guardian:Gem_Lightblue"],"picked":"Guardian:GemFinder","floor":15.0},{"not_picked":["Guardian:Gem_Cyan","Guardian:Gem_Green"],"picked":"Guardian:Gem_Red","floor":16.0},{"not_picked":["Guardian:Gem_Green","Guardian:Gem_Lightblue"],"picked":"Guardian:Gem_Red","floor":19.0},{"not_picked":["Guardian:Gem_Red","Guardian:ArmoredProtocol","Guardian:TemporalStrike","Guardian:Incinerate","Guardian:PrimingBeam"],"picked":"SKIP","floor":19.0},{"not_picked":["Guardian:Gem_Cyan","Guardian:GemFire","Guardian:ChargeCore","Guardian:RollAttack+1"],"picked":"Guardian:PrismaticBeam+1","floor":20.0},{"not_picked":["Guardian:Gem_Blue","Guardian:Reroute","Guardian:Recover","Guardian:BodySlam+1"],"picked":"Guardian:Gem_Cyan","floor":23.0},{"not_picked":["Guardian:Gem_Red","Guardian:Gem_Green"],"picked":"Guardian:Gem_Cyan","floor":23.0},{"not_picked":["Guardian:Planning+1","Guardian:Gem_Lightblue","Guardian:TemporalShield","Guardian:Gem_Synthetic"],"picked":"Guardian:PiercingHide","floor":25.0},{"not_picked":["Guardian:Gem_Red","Guardian:Gem_Lightblue"],"picked":"Guardian:Gem_Cyan","floor":25.0},{"not_picked":["Guardian:PrimingBeam","Guardian:ArmoredProtocol","Guardian:Gem_Lightblue","Guardian:ChargeCore","Guardian:PrismaticBarrier"],"picked":"SKIP","floor":27.0},{"not_picked":["Guardian:Preprogram","Guardian:TemporalStrike","Guardian:DonusPower","Guardian:WalkerClaw+1"],"picked":"Guardian:Orbwalk","floor":28.0},{"not_picked":["Guardian:ShieldCharger+1","Guardian:Gem_Yellow","Guardian:SentryBeam","Guardian:Incinerate"],"picked":"Guardian:PrismaticBeam+1","floor":29.0},{"not_picked":["Guardian:Gem_Lightblue","Guardian:Gem_Red"],"picked":"Guardian:Gem_Cyan","floor":29.0},{"not_picked":["Guardian:Gem_Red","Guardian:PrimingBeam","Guardian:ArmoredProtocol","Guardian:Incinerate","Guardian:WalkerClaw"],"picked":"SKIP","floor":31.0},{"not_picked":["Guardian:Suspension","Guardian:AncientConstruct","Guardian:BronzeOrb+1","Guardian:WalkerClaw+1","Guardian:FloatingOrbs"],"picked":"Singing Bowl","floor":32.0},{"not_picked":["Guardian:Gem_Red","Guardian:Gem_Lightblue"],"picked":"Guardian:Gem_Cyan","floor":33.0},{"not_picked":["Guardian:ConstructionForm","Guardian:AncientConstruct","Guardian:Gem_Orange","Guardian:GemFire"],"picked":"Guardian:Gem_Synthetic","floor":33.0},{"not_picked":["Guardian:Gem_Red","Guardian:Gem_Green"],"picked":"Guardian:Gem_Cyan","floor":36.0},{"not_picked":["Guardian:Gem_Yellow","Guardian:Gem_Cyan","Guardian:RollAttack","Guardian:WalkerClaw","Guardian:Incinerate"],"picked":"Singing Bowl","floor":36.0},{"not_picked":["Guardian:Gem_Lightblue","Guardian:Gem_Green","Guardian:Gem_Cyan"],"picked":"Singing Bowl","floor":37.0},{"not_picked":["Guardian:RollAttack","Guardian:PolyBeam","Guardian:ShieldCharger","Guardian:Gem_Green","Guardian:BronzeArmor"],"picked":"Singing Bowl","floor":37.0},{"not_picked":["Guardian:Gem_Lightblue","Guardian:Gem_Red","Guardian:Gem_Cyan"],"picked":"Singing Bowl","floor":38.0},{"not_picked":["Guardian:ConstructionForm","Guardian:PrimingBeam","Guardian:Gem_Crimson","Guardian:DonusPower","Guardian:SpikerProtocol"],"picked":"Singing Bowl","floor":38.0},{"not_picked":["Guardian:Gem_Lightblue","Guardian:Gem_Red","Guardian:Gem_Cyan"],"picked":"Singing Bowl","floor":40.0},{"not_picked":["Guardian:ChargeCore","Guardian:TemporalShield","Guardian:CrystalBeam+1","Guardian:PrimingBeam+1"],"picked":"Guardian:Gem_White","floor":40.0},{"not_picked":["Guardian:Gem_Cyan","Guardian:Gem_Green","Guardian:Gem_Red"],"picked":"Singing Bowl","floor":42},{"not_picked":["Guardian:Recover+1","Guardian:TemporalStrike","Guardian:Gem_Cyan","Guardian:CrystalBeam","Guardian:PrimingBeam+1"],"picked":"Singing Bowl","floor":42},{"not_picked":["Guardian:Gem_Green","Guardian:Gem_Red","Guardian:Gem_Cyan"],"picked":"Singing Bowl","floor":43},{"not_picked":["Guardian:Gem_Green","Guardian:Reroute","Guardian:CrystalBeam","Guardian:Planning","Guardian:PiercingHide"],"picked":"Singing Bowl","floor":43}],"player_experience":1633174,"relics_obtained":[{"floor":4.0,"key":"StSpp:WoodenPendulum"},{"floor":7.0,"key":"StSpp:SailingBoat"},{"floor":9.0,"key":"Orichalcum"},{"floor":11.0,"key":"Replay:Ringing Soul"},{"floor":14.0,"key":"ReplayFunnel"},{"floor":24.0,"key":"Bronze Scales"},{"floor":28.0,"key":"Mango"},{"floor":35.0,"key":"Juzu Bracelet"},{"floor":41.0,"key":"Blue Candle"},{"floor":43,"key":"Replay:WaspNest"}],"event_choices":[{"cards_removed":["Guardian:TemporalShield"],"damage_healed":5.0,"max_hp_gain":0.0,"max_hp_loss":0.0,"gold_gain":0.0,"event_name":"Bonfire Elementals","player_choice":"Offered Common","floor":5.0,"gold_loss":0.0,"damage_taken":0.0},{"cards_removed":["Guardian:TemporalShield"],"damage_healed":5.0,"max_hp_gain":0.0,"max_hp_loss":0.0,"gold_gain":0.0,"event_name":"Bonfire Elementals","player_choice":"Offered Special","floor":5.0,"gold_loss":0.0,"damage_taken":0.0},{"damage_healed":33.0,"max_hp_gain":0.0,"max_hp_loss":0.0,"gold_gain":0.0,"event_name":"The Library","player_choice":"Heal","floor":22.0,"gold_loss":0.0,"damage_taken":0.0}],"is_beta":false,"boss_relics":[{"not_picked":["Pandora\u0027s Box","hubris:Stopwatch","StSpp:CrystalBall"]},{"not_picked":["hubris:GrandSneckoEye","Kintsugi","ReplayTheSpireMod:DimensionalGlitch"]}],"items_purged_floors":[6,25],"is_endless":false,"potions_floor_spawned":[9,10,11,13,15,23,29,32,36,37,42],"killed_by":"Transient","ascension_level":12}}