{"host":"njo8qgvy2a57fcny","time":1612593022,"event":{"mods":["Aspiration","BaseMod","BetterRewards","CCEM2","Colored Map","Colored Powertips","Conspire","Custom Start","Downfall","Energized Spire","GifTheSpireLib","Halation","Hermit","Hubris","Infinite Spire","Jedi Mod","Jorbs\u0027s Wanderer Trilogy","Mimic Mod","Minty Spire (QoL Compilation)","Quick Restart","Random Character Button","Random Character Mod","Rare Cards Sparkle","Relic Sorter","Reliquary","Replay The Spire","Shop Mod","StSLib","Stuff the Spire","The Animator","The Jungle","The Runesmith","The Servant 0.9.4","Unceasing Turn Reminder","thorton"],"gold_per_floor":[99,99,99,99,99,199,236,249,49,49,49,49],"floor_reached":10,"language":"ENG","playtime":399,"items_purged":[],"score":55,"play_id":"d1ff367e-8264-4a36-a29a-3522241fae8b","local_time":"20210206173022","is_ascension_mode":true,"campfire_choices":[{"floor":1,"key":"RECALL"},{"data":"bronze:Philosophize","floor":9,"key":"SMITH"}],"circlet_count":0,"master_deck":["bronze:Strike","bronze:Strike","bronze:Strike","bronze:Defend","bronze:Defend","bronze:Defend","bronze:Defend","bronze:Replicate","bronze:Goto","bronze:FineTuning","bronze:Philosophize+1","bronze:Invalidate"],"relics":["bronze:BronzeCore","downfall:HeartsMalice","downfall:HeartBlessingRed","downfall:HeartBlessingBlue"],"acts_visited":["Exordium"],"potions_floor_usage":[10],"damage_taken":[{"damage":0,"enemies":"Small Slimes","floor":2,"turns":1},{"damage":0,"enemies":"Cultist","floor":4,"turns":1},{"damage":0,"enemies":"2 Louse","floor":5,"turns":1},{"damage":2,"enemies":"Gremlin Gang","floor":7,"turns":6},{"damage":63,"enemies":"Gremlin Gang","floor":8,"turns":4},{"damage":17,"enemies":"3 Sentries","floor":10,"turns":2}],"seed_played":"7013206750034081595","potions_obtained":[{"floor":8,"key":"GamblersBrew"}],"is_trial":false,"path_per_floor":["R","M","?","M","M","?","MIM","M","R","E"],"character_chosen":"THE_AUTOMATON","items_purchased":[],"campfire_rested":0,"item_purchase_floors":[],"current_hp_per_floor":[70,70,70,70,70,70,68,5,15,0,0,0],"gold":49,"neow_bonus":"THREE_ENEMY_KILL","is_daily":false,"chose_seed":false,"campfire_upgraded":1,"win_rate":0.0,"timestamp":1612593022,"path_taken":["R","M","?","M","?","?","MIM","M","R","E"],"items_purchased_type":[],"build_version":"2020-12-22","purchased_purges":0,"victory":false,"max_hp_per_floor":[70,70,70,70,70,70,70,70,80,80,80,80],"card_choices":[{"not_picked":["bronze:ItsAFeature","bronze:CutThrough","bronze:BugBarrage"],"picked":"SKIP","floor":2},{"not_picked":["bronze:Turbo","bronze:ForceShield"],"picked":"bronze:FineTuning","floor":4},{"not_picked":["bronze:DelayedGuard","bronze:Overheat"],"picked":"bronze:Philosophize","floor":5},{"not_picked":["bronze:BugBarrage","bronze:WhirlingStrike"],"picked":"bronze:Invalidate","floor":7},{"not_picked":["bronze:BitShift","bronze:BuggyMess","bronze:Branch"],"picked":"SKIP","floor":8}],"player_experience":787114,"relics_obtained":[],"event_choices":[{"cards_removed":["bronze:Strike"],"damage_healed":0,"gold_gain":0,"player_choice":"Offered Basic","damage_taken":0,"max_hp_gain":0,"max_hp_loss":0,"event_name":"Bonfire Elementals","floor":3,"gold_loss":0}],"is_beta":false,"boss_relics":[],"items_purged_floors":[],"is_endless":false,"potions_floor_spawned":[8],"killed_by":"3 Sentries","ascension_level":1}}