{"host":"Ringo","time":1612622007,"event":{"mods":["BaseMod","Colored Map","Conspire","Dota2Spire","Hubris","Minty Spire (QoL Compilation)","Replay The Spire","StSLib","The Construct","[IsaacMod]ÒÔÈö¼âËþ","¡¾ÒÅÎï¿¨ÅÆ¡¿REMEMod"],"gold_per_floor":[110,128,139,153,163,193,223,255,309,336,443,475,529,561,561,637,637,656,656,115,125,138,172,172,206,206,251,287,305,338,372,372,463,463,500,518,538,55,81,181,280,345,418,449,469,510,537,571,571,578,578],"floor_reached":52,"language":"ZHS","playtime":1614,"items_purged":[],"score":3945,"play_id":"78d70dd7-cee8-4572-95e2-4df183c5f80f","local_time":"20210206223327","daily_mods":["SealedDeck","Vintage","Heirloom","Time Dilation","Flight","DeadlyEvents","Elite Swarm","Lethality","Binary"],"is_ascension_mode":true,"campfire_choices":[{"data":"ReplayTheSpireMod:Muscle Training","floor":15,"key":"SMITH"},{"data":"Armaments","floor":32,"key":"SMITH"},{"floor":49,"key":"REST"}],"circlet_count":0,"master_deck":["AscendersBane","REME_Scribble+1","LessonLearned+1","Iron Wave+1","Headbutt+1","Thunderclap+1","Pummel+1","Shrug It Off+1","Clash+1","Spot Weakness+1","ReplayTheSpireMod:Muscle Training+1","Sword Boomerang+1","Flex+1","ReplayTheSpireMod:Stacked+1","Dramatic Entrance+1","Armaments+1","Inflame+1","Rage+1","Feel No Pain+1","ReplayTheSpireMod:Private Reserves+1"],"relics":["Burning Blood","Busted Crown","HushsDoor","REME_ComplimentaryCards","replay:Trail_Library","Leech","hubris:Metronome","Orichalcum","EdensBlessing","Happy Flower","Blood Vial","Red Skull","Dota2Spire:Butterfly","Dota2Spire:EchoSabre","ReplayFunnel","Dota2Spire:UrnOfShadows","SatanicBible","BloodBag","ReplayTheSpireMod:Lightbulb","Bag of Preparation","REME_ChargedStone","Whetstone","FaceOfCleric","Chaos","DeadEye","GuppysPaw","Tingsha","Akabeko","SalivaCoin","Habit","JudasShadow","Emotion Chip","MagicMushroom","Peace Pipe","REME_HourglassOfDeath","Matryoshka","FossilizedHelix","D4","hubris:HerbalPaste","Turnip","Lantern","MoneyPower","Regal Pillow","Tiny House","Another Sword","Lizard Tail","Replay:Bottled Eggs","Dota2Spire:OrchidMalevolence","Ooze Armor","conspire:Flyswatter","King of Hearts"],"acts_visited":["Exordium","TheCity","TheBeyond"],"potions_floor_usage":[8,10,10,16,16,18,25,33,33,42,50,51],"damage_taken":[{"damage":19,"enemies":"Jaw Worm","floor":1,"turns":2},{"damage":4,"enemies":"Small Slimes","floor":2,"turns":1},{"damage":4,"enemies":"2 Louse","floor":3,"turns":3},{"damage":4,"enemies":"Gremlin Gang","floor":4,"turns":2},{"damage":9,"enemies":"Exordium Wildlife","floor":5,"turns":2},{"damage":1,"enemies":"Replay:BlueRogue","floor":6,"turns":1},{"damage":0,"enemies":"Lagavulin","floor":7,"turns":1},{"damage":0,"enemies":"Replay:BlueRogue","floor":8,"turns":1},{"damage":4,"enemies":"3 Sentries","floor":10,"turns":2},{"damage":3,"enemies":"Blue Slaver","floor":11,"turns":1},{"damage":3,"enemies":"Lagavulin","floor":12,"turns":1},{"damage":0,"enemies":"Gremlin Nob","floor":13,"turns":1},{"damage":0,"enemies":"Replay:BlueRogue","floor":14,"turns":2},{"damage":4,"enemies":"Slime Boss","floor":16,"turns":2},{"damage":0,"enemies":"3 Byrds","floor":18,"turns":1},{"damage":0,"enemies":"conspire:FuzzyDice","floor":21,"turns":1},{"damage":0,"enemies":"Shelled Parasite and Fungi","floor":22,"turns":2},{"damage":0,"enemies":"Book of Stabbing","floor":23,"turns":2},{"damage":0,"enemies":"Slavers","floor":25,"turns":1},{"damage":0,"enemies":"Replay:Snechameleon","floor":27,"turns":2},{"damage":0,"enemies":"Book of Stabbing","floor":28,"turns":1},{"damage":0,"enemies":"Snake Plant","floor":29,"turns":1},{"damage":0,"enemies":"Slavers","floor":30,"turns":1},{"damage":0,"enemies":"conspire:SneckoGhost","floor":31,"turns":1},{"damage":0,"enemies":"Champ","floor":33,"turns":4},{"damage":0,"enemies":"3 Shapes","floor":35,"turns":1},{"damage":0,"enemies":"3 Darklings","floor":36,"turns":1},{"damage":0,"enemies":"Maw","floor":37,"turns":3},{"damage":0,"enemies":"Transient","floor":39,"turns":5},{"damage":0,"enemies":"Reptomancer","floor":40,"turns":1},{"damage":0,"enemies":"R_Hoarder","floor":42,"turns":2},{"damage":0,"enemies":"Reptomancer","floor":44,"turns":1},{"damage":0,"enemies":"3 Darklings","floor":45,"turns":1},{"damage":0,"enemies":"Giant Head","floor":46,"turns":2},{"damage":0,"enemies":"Nemesis","floor":47,"turns":1},{"damage":0,"enemies":"R_Hoarder","floor":48,"turns":2},{"damage":0,"enemies":"Donu and Deca","floor":50,"turns":3},{"damage":0,"enemies":"Time Eater","floor":51,"turns":2}],"seed_played":"6256464717492015559","potions_obtained":[{"floor":5,"key":"Languid Potion"},{"floor":6,"key":"Toxic Potion"},{"floor":8,"key":"SkillPotion"},{"floor":10,"key":"FearPotion"},{"floor":12,"key":"ColorlessPotion"},{"floor":16,"key":"BlessingOfTheForge"},{"floor":21,"key":"SteroidPotion"},{"floor":22,"key":"PowerPotion"},{"floor":27,"key":"FearPotion"},{"floor":39,"key":"Fire Potion"},{"floor":40,"key":"REME_GoldPotion"},{"floor":44,"key":"DistilledChaos"}],"is_trial":true,"path_per_floor":["M","M","M","M","M","E","E","E","T","E","M","E","E","E","R","B",null,"M","?","$","M","M","E","?","E","T","E","E","M","E","E","R","B",null,"M","M","M","$","M","E","?","E","T","E","M","E","E","E","R","B","B",null],"character_chosen":"IRONCLAD","items_purchased":["Dramatic Entrance","Chaos","DeadEye","Armaments","Inflame","Rage","Feel No Pain","ReplayTheSpireMod:Private Reserves","Turnip","Lantern"],"campfire_rested":1,"item_purchase_floors":[17,20,20,20,20,34,34,34,38,38],"current_hp_per_floor":[59,64,71,78,76,83,87,87,87,90,85,93,103,106,106,109,107,107,107,107,90,94,98,98,102,102,106,107,118,122,123,123,127,119,123,124,128,128,132,138,123,140,140,146,147,142,143,144,144,148,152],"gold":578,"neow_bonus":"","is_daily":false,"chose_seed":false,"campfire_upgraded":2,"win_rate":0.0,"timestamp":1612622007,"path_taken":["M","M","M","M","M","E","E","E","T","E","M","E","E","E","R","BOSS","M","?","$","M","M","E","?","E","T","E","E","M","E","E","R","BOSS","M","M","M","$","M","E","?","E","T","E","M","E","E","E","R","BOSS","BOSS"],"items_purchased_type":["Card","Card","Relic","Card","Card","Card","Card","Card","Relic","Relic"],"build_version":"2020-12-18","purchased_purges":0,"victory":true,"max_hp_per_floor":[78,81,84,87,87,87,87,87,87,90,93,96,103,106,106,109,107,107,107,107,90,94,98,98,102,102,106,107,118,122,123,123,127,119,123,124,128,128,132,138,138,142,142,146,147,142,143,144,144,148,152],"card_choices":[],"player_experience":643008,"relics_obtained":[{"floor":1,"key":"hubris:Metronome"},{"floor":2,"key":"Orichalcum"},{"floor":3,"key":"EdensBlessing"},{"floor":4,"key":"Happy Flower"},{"floor":5,"key":"Blood Vial"},{"floor":6,"key":"Red Skull"},{"floor":7,"key":"Dota2Spire:Butterfly"},{"floor":8,"key":"Dota2Spire:EchoSabre"},{"floor":9,"key":"ReplayFunnel"},{"floor":10,"key":"BloodDonationMachine"},{"floor":11,"key":"Dota2Spire:UrnOfShadows"},{"floor":12,"key":"SatanicBible"},{"floor":13,"key":"ReplayTheSpireMod:Lightbulb"},{"floor":14,"key":"Bag of Preparation"},{"floor":18,"key":"Whetstone"},{"floor":21,"key":"GuppysPaw"},{"floor":22,"key":"Tingsha"},{"floor":23,"key":"Akabeko"},{"floor":25,"key":"SalivaCoin"},{"floor":26,"key":"Habit"},{"floor":27,"key":"JudasShadow"},{"floor":28,"key":"Emotion Chip"},{"floor":29,"key":"MagicMushroom"},{"floor":30,"key":"Peace Pipe"},{"floor":31,"key":"REME_HourglassOfDeath"},{"floor":35,"key":"FossilizedHelix"},{"floor":36,"key":"D4"},{"floor":37,"key":"hubris:HerbalPaste"},{"floor":39,"key":"Regal Pillow"},{"floor":40,"key":"Tiny House"},{"floor":42,"key":"Another Sword"},{"floor":43,"key":"Lizard Tail"},{"floor":43,"key":"Replay:Bottled Eggs"},{"floor":44,"key":"Dota2Spire:OrchidMalevolence"},{"floor":45,"key":"Ooze Armor"},{"floor":46,"key":"conspire:Flyswatter"},{"floor":47,"key":"King of Hearts"}],"event_choices":[{"damage_healed":0,"gold_gain":0,"player_choice":"Trade","damage_taken":0,"relics_obtained":["FaceOfCleric"],"max_hp_gain":0,"max_hp_loss":0,"event_name":"FaceTrader","floor":19,"gold_loss":0},{"cards_removed":["Armaments"],"damage_healed":0,"gold_gain":0,"player_choice":"Elegance","damage_taken":0,"max_hp_gain":0,"max_hp_loss":0,"event_name":"Back to Basics","floor":24,"gold_loss":0}],"is_beta":true,"boss_relics":[{"not_picked":["Ectoplasm","Astrolabe"],"picked":"REME_ChargedStone"},{"not_picked":[]},{"not_picked":["hubris:SlimyHat","Orrery"],"picked":"Matryoshka"},{"not_picked":[]}],"items_purged_floors":[],"is_endless":false,"potions_floor_spawned":[5,6,8,10,12,14,16,21,22,27,28,29,39,40,44,45,46,47],"ascension_level":20}}