{"host":"sxnl403xm2xmiyj1","time":1612580221,"event":{"mods":["AchievementEnabler","BaseMod","Colored Map","Keyboard Shortcuts","Minty Spire (QoL Compilation)","Quick Restart","StSLib","SuperFastMode"],"gold_per_floor":[115,132,145,156,7,7,17,27,50,75,94,109,109,123,123,226,226,237,0,19,35,54,79,97,97,97],"floor_reached":25,"language":"KOR","playtime":572,"items_purged":["Strike_R"],"score":315,"play_id":"64ad6483-42a2-4a75-b9c0-8f2467987fb4","local_time":"20210206115700","is_ascension_mode":true,"campfire_choices":[{"data":"Uppercut","floor":6.0,"key":"SMITH"},{"data":"True Grit","floor":13.0,"key":"SMITH"},{"data":"Heavy Blade","floor":15.0,"key":"SMITH"}],"circlet_count":0,"master_deck":["Strike_R","Strike_R","Defend_R","Defend_R+1","Defend_R","Defend_R","Bash","Uppercut+1","Heavy Blade+1","Sword Boomerang","Twin Strike","Seeing Red","Disarm+1","Rampage","True Grit+1","Pommel Strike","Demon Form","Ghostly Armor","Feel No Pain","Heavy Blade","Inflame+1","Spot Weakness+1","Shockwave","Shrug It Off"],"relics":["Burning Blood","Vajra","Orichalcum","War Paint","SlaversCollar","Smiling Mask"],"acts_visited":["Exordium","TheCity"],"potions_floor_usage":[],"damage_taken":[{"damage":6.0,"enemies":"Cultist","floor":1.0,"turns":3.0},{"damage":0.0,"enemies":"Small Slimes","floor":2.0,"turns":3.0},{"damage":11.0,"enemies":"Jaw Worm","floor":3.0,"turns":3.0},{"damage":19.0,"enemies":"Red Slaver","floor":4.0,"turns":3.0},{"damage":13.0,"enemies":"Gremlin Gang","floor":7.0,"turns":4.0},{"damage":7.0,"enemies":"Exordium Thugs","floor":8.0,"turns":4.0},{"damage":22.0,"enemies":"3 Sentries","floor":10.0,"turns":6.0},{"damage":7.0,"enemies":"Blue Slaver","floor":11.0,"turns":2.0},{"damage":4.0,"enemies":"Lots of Slimes","floor":12.0,"turns":4.0},{"damage":6.0,"enemies":"2 Fungi Beasts","floor":14.0,"turns":3.0},{"damage":12.0,"enemies":"Slime Boss","floor":16.0,"turns":9.0},{"damage":2.0,"enemies":"3 Byrds","floor":18.0,"turns":5.0},{"damage":5.0,"enemies":"2 Thieves","floor":20.0,"turns":4.0},{"damage":27.0,"enemies":"Centurion and Healer","floor":21.0,"turns":6.0},{"damage":28.0,"enemies":"Sentry and Sphere","floor":22.0,"turns":6.0},{"damage":14.0,"enemies":"Book of Stabbing","floor":23.0,"turns":6.0},{"damage":10.0,"enemies":"3 Cultists","floor":24.0,"turns":5.0},{"damage":6,"enemies":"Gremlin Leader","floor":25,"turns":4}],"seed_played":"-2837317488729736354","potions_obtained":[{"floor":4.0,"key":"Energy Potion"},{"floor":7.0,"key":"SkillPotion"},{"floor":10.0,"key":"ElixirPotion"},{"floor":11.0,"key":"ElixirPotion"},{"floor":14.0,"key":"Dexterity Potion"},{"floor":16.0,"key":"EssenceOfSteel"},{"floor":18.0,"key":"SkillPotion"},{"floor":22.0,"key":"SpeedPotion"},{"floor":23.0,"key":"GamblersBrew"}],"is_trial":false,"path_per_floor":["M","M","M","M","$","R","M","M","T","E","M","M","R","M","R","B",null,"M","$","M","M","M","E","M","E"],"character_chosen":"IRONCLAD","items_purchased":["Vajra","Ghostly Armor","Feel No Pain","Strength Potion"],"campfire_rested":0,"item_purchase_floors":[5,19,19,19],"current_hp_per_floor":[72,72,67,54,54,54,47,46,46,30,29,31,31,31,31,25,60,64,64,65,44,22,14,10,4,4],"gold":97,"neow_bonus":"REMOVE_TWO","is_daily":false,"chose_seed":false,"campfire_upgraded":3,"win_rate":0.0,"timestamp":1612580220,"path_taken":["M","M","M","M","$","R","M","M","T","E","M","?","R","M","R","BOSS","M","$","M","M","M","E","M","E"],"items_purchased_type":["Relic","Card","Card","Potion"],"build_version":"2020-12-22","purchased_purges":1,"victory":false,"max_hp_per_floor":[72,72,72,72,72,72,72,72,72,72,72,72,72,72,72,72,72,72,72,72,72,72,72,72,72,72],"card_choices":[{"not_picked":["Body Slam","Shrug It Off"],"picked":"Uppercut","floor":1.0},{"not_picked":["Warcry","Clothesline"],"picked":"Heavy Blade","floor":2.0},{"not_picked":["Iron Wave","Sever Soul"],"picked":"Sword Boomerang","floor":3.0},{"not_picked":["Armaments","Pommel Strike"],"picked":"Twin Strike","floor":4.0},{"not_picked":["Perfected Strike","Bloodletting"],"picked":"Seeing Red","floor":7.0},{"not_picked":["Warcry","Iron Wave"],"picked":"Disarm","floor":8.0},{"not_picked":["Brutality","Whirlwind"],"picked":"Rampage","floor":10.0},{"not_picked":["Iron Wave","Havoc","Body Slam"],"picked":"SKIP","floor":11.0},{"not_picked":["Perfected Strike","Shrug It Off"],"picked":"True Grit","floor":12.0},{"not_picked":["Power Through","Entrench"],"picked":"Pommel Strike","floor":14.0},{"not_picked":["Fiend Fire","Exhume"],"picked":"Demon Form","floor":16.0},{"not_picked":["Havoc","Clothesline+1","Armaments"],"picked":"SKIP","floor":18.0},{"not_picked":["Wild Strike","Perfected Strike+1"],"picked":"Heavy Blade","floor":20.0},{"not_picked":["Sever Soul","Havoc"],"picked":"Inflame+1","floor":21.0},{"not_picked":["Twin Strike","Clash"],"picked":"Spot Weakness+1","floor":22.0},{"not_picked":["Sword Boomerang","Anger"],"picked":"Shockwave","floor":23.0},{"not_picked":["Anger","Heavy Blade"],"picked":"Shrug It Off","floor":24.0}],"player_experience":189146,"relics_obtained":[{"floor":9.0,"key":"Orichalcum"},{"floor":10.0,"key":"War Paint"},{"floor":23.0,"key":"Smiling Mask"}],"event_choices":[],"is_beta":false,"boss_relics":[{"not_picked":["Astrolabe","Philosopher\u0027s Stone"],"picked":"SlaversCollar"}],"items_purged_floors":[19],"is_endless":false,"potions_floor_spawned":[4,7,10,11,14,16,18,22,23],"killed_by":"Gremlin Leader","ascension_level":7}}