{"host":"z9rwthyxsf7d04ix","time":1612627194,"event":{"mods":["AchievementEnabler","BaseMod","Colored Map","Colored Powertips","Minty Spire (QoL Compilation)","Quick Restart"],"gold_per_floor":[114,114,129,129,144,174,174,174,199,229,229,4,4,4,4,104,104,119,119,218,233,233,233,263,263,263,278,293,393,408,438,438,538,538,553,553,553,568,568,568,598,613,613,643,658,673,673,673,673,673],"floor_reached":51,"language":"ENG","playtime":4314,"items_purged":["Regret"],"score":901,"play_id":"ab7ccf71-f8e5-4251-9948-c4902b134288","local_time":"20210206175954","daily_mods":["Chimera","ControlledChaos","Night Terrors"],"is_ascension_mode":false,"campfire_choices":[{"data":"1","floor":8.0,"key":"LIFT"},{"floor":11.0,"key":"DIG"},{"data":"2","floor":13.0,"key":"LIFT"},{"data":"3","floor":15.0,"key":"LIFT"},{"floor":23.0,"key":"DIG"},{"floor":25.0,"key":"DIG"},{"floor":32.0,"key":"REST"},{"floor":40,"key":"DIG"},{"floor":47,"key":"DIG"},{"floor":49,"key":"DIG"}],"circlet_count":0,"master_deck":["Bash","Survivor","Zap","Strike_R+1","Strike_G+1","Strike_B+1","Defend_R+1","Defend_G+1","Defend_P+1","Spot Weakness","Ghostly Armor+1","Berserk","Seeing Red+1","Corruption","Metallicize","Flame Barrier+1","Iron Wave+1","Barricade","Feel No Pain"],"relics":["Burning Blood","Frozen Eye","Shovel","Girya","Molten Egg 2","Orichalcum","Happy Flower","Lizard Tail","Lee\u0027s Waffle","Runic Cube","PreservedInsect","Oddly Smooth Stone","Gambling Chip","Unceasing Top","Anchor","Fusion Hammer","Letter Opener","Omamori","Mercury Hourglass","War Paint","InkBottle","Champion Belt"],"acts_visited":["Exordium","TheCity","TheBeyond"],"potions_floor_usage":[33,50,50],"damage_taken":[{"damage":2.0,"enemies":"Jaw Worm","floor":1.0,"turns":3.0},{"damage":14.0,"enemies":"Small Slimes","floor":3.0,"turns":4.0},{"damage":0.0,"enemies":"Cultist","floor":5.0,"turns":3.0},{"damage":5.0,"enemies":"3 Sentries","floor":6.0,"turns":5.0},{"damage":18.0,"enemies":"Lagavulin","floor":10.0,"turns":8.0},{"damage":0.0,"enemies":"Slime Boss","floor":16.0,"turns":3.0},{"damage":10.0,"enemies":"Chosen","floor":18.0,"turns":5.0},{"damage":39.0,"enemies":"3 Byrds","floor":21.0,"turns":5.0},{"damage":35.0,"enemies":"Book of Stabbing","floor":24.0,"turns":5.0},{"damage":0.0,"enemies":"Snecko","floor":27.0,"turns":5.0},{"damage":15.0,"enemies":"Snake Plant","floor":28.0,"turns":4.0},{"damage":11.0,"enemies":"3 Cultists","floor":30.0,"turns":6.0},{"damage":22.0,"enemies":"Gremlin Leader","floor":31.0,"turns":4.0},{"damage":59,"enemies":"Collector","floor":33,"turns":8},{"damage":6,"enemies":"Orb Walker","floor":35,"turns":5},{"damage":14,"enemies":"3 Shapes","floor":38,"turns":6},{"damage":0,"enemies":"Giant Head","floor":41,"turns":6},{"damage":9,"enemies":"3 Darklings","floor":42,"turns":4},{"damage":16,"enemies":"Reptomancer","floor":44,"turns":6},{"damage":2,"enemies":"Transient","floor":45,"turns":5},{"damage":0,"enemies":"Writhing Mass","floor":46,"turns":5},{"damage":14,"enemies":"Donu and Deca","floor":50,"turns":6}],"seed_played":"-6699970657251824518","potions_obtained":[{"floor":1.0,"key":"Fire Potion"},{"floor":3.0,"key":"HeartOfIron"},{"floor":10.0,"key":"DistilledChaos"},{"floor":21.0,"key":"FearPotion"},{"floor":24.0,"key":"FearPotion"},{"floor":27.0,"key":"AttackPotion"},{"floor":38,"key":"HeartOfIron"},{"floor":41,"key":"AttackPotion"},{"floor":46,"key":"FearPotion"}],"is_trial":false,"path_per_floor":["M","?","M","?","M","E","?","R","T","E","R","$","R","?","R","B",null,"M","?","?","M","?","R","E","R","T","M","M","?","M","E","R","B",null,"M","?","$","M","?","R","E","M","T","E","M","M","R","?","R","B",null],"character_chosen":"IRONCLAD","items_purchased":["Lee\u0027s Waffle"],"campfire_rested":1,"item_purchase_floors":[12],"current_hp_per_floor":[80,80,72,69,75,76,76,76,76,64,64,87,87,87,87,87,87,83,83,83,50,79,79,50,50,50,56,47,47,42,26,82,29,82,82,78,78,70,70,70,76,73,73,63,67,73,73,73,73,65],"gold":673,"neow_bonus":"","is_daily":true,"chose_seed":false,"campfire_upgraded":0,"win_rate":0.0,"timestamp":1612627194,"path_taken":["M","?","M","?","M","E","?","R","T","E","R","$","R","?","R","BOSS","M","?","?","M","?","R","E","R","T","M","M","?","M","E","R","BOSS","M","?","$","M","?","R","E","M","T","E","M","?","R","?","R","BOSS"],"items_purchased_type":["Relic"],"build_version":"2020-12-22","purchased_purges":1,"victory":true,"max_hp_per_floor":[80,80,80,80,80,80,80,80,80,80,80,87,87,87,87,87,87,87,87,87,87,87,87,87,87,87,87,87,87,87,87,82,82,82,82,78,78,78,78,78,78,78,78,78,78,78,78,78,78,78],"card_choices":[{"not_picked":["Searing Blow","Havoc","Intimidate"],"picked":"SKIP","floor":1.0},{"not_picked":["Flex","Clothesline"],"picked":"Spot Weakness","floor":3.0},{"not_picked":["Warcry","Heavy Blade","Havoc"],"picked":"SKIP","floor":5.0},{"not_picked":["True Grit","Havoc"],"picked":"Ghostly Armor","floor":6.0},{"not_picked":["Warcry","Flex"],"picked":"Berserk","floor":10.0},{"not_picked":["Barricade","Immolate+1"],"picked":"Corruption","floor":16.0},{"not_picked":["Cleave+1","Blood for Blood+1","Thunderclap+1"],"picked":"SKIP","floor":18.0},{"not_picked":["Uppercut+1","Burning Pact","Body Slam+1"],"picked":"SKIP","floor":21.0},{"not_picked":["Perfected Strike+1","Power Through"],"picked":"Metallicize","floor":24.0},{"not_picked":["Pommel Strike+1","True Grit"],"picked":"Flame Barrier+1","floor":27.0},{"not_picked":["Sword Boomerang+1","Warcry"],"picked":"Iron Wave+1","floor":28.0},{"not_picked":["True Grit","Havoc+1","Wild Strike+1"],"picked":"SKIP","floor":30.0},{"not_picked":["True Grit+1","Armaments","Body Slam+1"],"picked":"SKIP","floor":31.0},{"not_picked":["Berserk","Double Tap"],"picked":"Barricade","floor":33},{"not_picked":["Twin Strike+1","Havoc","Shrug It Off+1"],"picked":"SKIP","floor":35},{"not_picked":["Pommel Strike+1","Clothesline+1","Havoc+1"],"picked":"SKIP","floor":38},{"not_picked":["Headbutt+1","Inflame+1","Warcry"],"picked":"SKIP","floor":41},{"not_picked":["Body Slam+1","Thunderclap+1"],"picked":"Feel No Pain","floor":42},{"not_picked":["Warcry+1","Clash+1","Disarm+1"],"picked":"SKIP","floor":44},{"not_picked":["Thunderclap+1","Fiend Fire+1","Clash+1"],"picked":"SKIP","floor":45},{"not_picked":["Wild Strike+1","Dropkick+1","Second Wind"],"picked":"SKIP","floor":46}],"player_experience":738971,"relics_obtained":[{"floor":6.0,"key":"Molten Egg 2"},{"floor":9.0,"key":"Orichalcum"},{"floor":10.0,"key":"Happy Flower"},{"floor":11.0,"key":"Lizard Tail"},{"floor":23.0,"key":"PreservedInsect"},{"floor":24.0,"key":"Oddly Smooth Stone"},{"floor":25.0,"key":"Gambling Chip"},{"floor":26.0,"key":"Unceasing Top"},{"floor":31.0,"key":"Anchor"},{"floor":40,"key":"Letter Opener"},{"floor":41,"key":"Omamori"},{"floor":43,"key":"Mercury Hourglass"},{"floor":44,"key":"War Paint"},{"floor":47,"key":"InkBottle"},{"floor":49,"key":"Champion Belt"}],"event_choices":[{"damage_healed":0.0,"max_hp_gain":0.0,"max_hp_loss":0.0,"gold_gain":0.0,"event_name":"Big Fish","player_choice":"Box","floor":2.0,"gold_loss":0.0,"damage_taken":0.0,"relics_obtained":["Shovel"],"cards_obtained":["Regret"]},{"damage_healed":0.0,"max_hp_gain":0.0,"max_hp_loss":0.0,"gold_gain":0.0,"event_name":"Scrap Ooze","player_choice":"Success","floor":4.0,"gold_loss":0.0,"damage_taken":3.0,"relics_obtained":["Girya"]},{"damage_healed":0.0,"max_hp_gain":0.0,"max_hp_loss":0.0,"gold_gain":0.0,"event_name":"Shining Light","player_choice":"Ignored","floor":7.0,"gold_loss":0.0,"damage_taken":0.0},{"damage_healed":0.0,"max_hp_gain":0.0,"max_hp_loss":0.0,"gold_gain":0.0,"event_name":"Match and Keep!","player_choice":"1 cards matched","floor":14.0,"gold_loss":0.0,"damage_taken":0.0,"cards_obtained":["Seeing Red"]},{"damage_healed":0.0,"max_hp_gain":0.0,"max_hp_loss":0.0,"gold_gain":0.0,"event_name":"Back to Basics","player_choice":"Simplicity","floor":19.0,"gold_loss":0.0,"damage_taken":0.0,"cards_upgraded":["Strike_R","Strike_G","Strike_B","Defend_R","Defend_G","Defend_P"]},{"damage_healed":0.0,"max_hp_gain":0.0,"max_hp_loss":0.0,"gold_gain":99.0,"event_name":"Nest","player_choice":"Stole From Cult","floor":20.0,"gold_loss":0.0,"damage_taken":0.0},{"damage_healed":29.0,"max_hp_gain":0.0,"max_hp_loss":0.0,"gold_gain":0.0,"event_name":"The Library","player_choice":"Heal","floor":22.0,"gold_loss":0.0,"damage_taken":0.0},{"damage_healed":0.0,"max_hp_gain":0.0,"max_hp_loss":0.0,"gold_gain":100.0,"event_name":"Golden Shrine","player_choice":"Pray","floor":29.0,"gold_loss":0.0,"damage_taken":0.0},{"damage_healed":0,"gold_gain":0,"player_choice":"Max HP","damage_taken":0,"max_hp_gain":0,"max_hp_loss":4,"event_name":"Winding Halls","floor":36,"gold_loss":0},{"cards_removed":["Eruption"],"damage_healed":0,"gold_gain":0,"player_choice":"Offered Basic","damage_taken":0,"max_hp_gain":0,"max_hp_loss":0,"event_name":"Bonfire Elementals","floor":39,"gold_loss":0},{"damage_healed":0,"gold_gain":0,"player_choice":"Ignored","damage_taken":0,"max_hp_gain":0,"max_hp_loss":0,"event_name":"Tomb of Lord Red Mask","floor":48,"gold_loss":0}],"is_beta":false,"boss_relics":[{"not_picked":["Snecko Eye","Cursed Key"],"picked":"Runic Cube"},{"not_picked":["Velvet Choker","Calling Bell"],"picked":"Fusion Hammer"}],"items_purged_floors":[12],"is_endless":false,"potions_floor_spawned":[1,3,10,21,24,27,38,41,46],"ascension_level":0}}