{"host":"bx54wbx1b8s5cm4v","time":1612597916,"event":{"mods":["BaseMod","Beaked The Cultist","GifTheSpireLib","Hubris","Marisa????????","Minty Spire (QoL Compilation)","StSLib","The Blackbeard","The Bladedancer","The Cursed","The Disciple","The Druid","The Forsaken","The Necromancer","The Runesmith","The Servant 0.9.4","TheBandit"],"gold_per_floor":[17,33,48,58,36,36,63,75,163,187,374,445,483,515,527,642,654,654,666,692,715,826,873,885,897,897],"floor_reached":25,"language":"ENG","playtime":1345,"items_purged":[],"score":306,"play_id":"2a05c8c4-35ab-4e78-b231-e6db880f8859","local_time":"20210206045156","is_ascension_mode":true,"campfire_choices":[{"data":"Uppercut","floor":6,"key":"SMITH"},{"data":"Limit Break","floor":15,"key":"SMITH"},{"floor":24,"key":"REST"}],"circlet_count":0,"master_deck":["Defend_R","Defend_R","Defend_R","Defend_R","Bash","Thinking Ahead","Rage","Flex","Shrug It Off","Uppercut+1","Clash","Inflame","Limit Break+1","Doubt","Bloodletting","Sword Boomerang","Metallicize","Berserk","Twin Strike","Bite","Bite","Bite","Bite","Bite","Warcry","hubris:SharpeningStone","Rampage+1"],"relics":["Burning Blood","MawBank","Meat on the Bone","Pear","Orichalcum","Runic Cube","Oddly Smooth Stone"],"acts_visited":["Exordium","TheCity"],"potions_floor_usage":[12,16,16,23,23,23,25],"damage_taken":[{"damage":1,"enemies":"Cultist","floor":1,"turns":3},{"damage":0,"enemies":"Small Slimes","floor":2,"turns":3},{"damage":0,"enemies":"2 Louse","floor":3,"turns":3},{"damage":13,"enemies":"Large Slime","floor":4,"turns":7},{"damage":31,"enemies":"Gremlin Nob","floor":7,"turns":4},{"damage":11,"enemies":"Looter","floor":10,"turns":2},{"damage":43,"enemies":"Lagavulin Event","floor":12,"turns":7},{"damage":26,"enemies":"3 Sentries","floor":13,"turns":9},{"damage":7,"enemies":"Exordium Thugs","floor":14,"turns":5},{"damage":50,"enemies":"Slime Boss","floor":16,"turns":13},{"damage":24,"enemies":"2 Thieves","floor":18,"turns":4},{"damage":17,"enemies":"Chosen","floor":20,"turns":6},{"damage":39,"enemies":"Snake Plant","floor":21,"turns":5},{"damage":47,"enemies":"Gremlin Leader","floor":23,"turns":7},{"damage":59,"enemies":"Cultist and Chosen","floor":25,"turns":6}],"seed_played":"8519596931280013730","potions_obtained":[{"floor":1,"key":"BloodPotion"},{"floor":2,"key":"EssenceOfSteel"},{"floor":7,"key":"LiquidMemories"},{"floor":13,"key":"Explosive Potion"},{"floor":18,"key":"SpeedPotion"},{"floor":21,"key":"PowerPotion"},{"floor":23,"key":"Swift Potion"}],"is_trial":false,"path_per_floor":["M","M","M","M","$","R","E","?","T","M","?","?","E","M","R","B",null,"M","?","M","M","?","E","R","M"],"character_chosen":"IRONCLAD","items_purchased":["Clash"],"campfire_rested":1,"item_purchase_floors":[5],"current_hp_per_floor":[80,80,80,73,73,73,48,48,48,55,55,56,48,59,59,27,90,72,62,57,42,42,27,45,0,0],"gold":897,"neow_bonus":"RANDOM_COLORLESS_2","is_daily":false,"chose_seed":false,"campfire_upgraded":2,"win_rate":0.0,"timestamp":1612597916,"path_taken":["M","M","?","M","$","R","E","?","T","M","?","?","E","M","R","BOSS","M","?","M","M","?","E","R","M"],"items_purchased_type":["Card"],"build_version":"2020-12-22","purchased_purges":0,"victory":false,"max_hp_per_floor":[80,80,80,80,80,80,80,80,80,80,80,90,90,90,90,90,90,90,62,62,62,62,62,62,62,62],"card_choices":[{"not_picked":["Sadistic Nature","Transmutation"],"picked":"Thinking Ahead","floor":0},{"not_picked":["Ghostly Armor","Headbutt"],"picked":"Rage","floor":1},{"not_picked":["Feel No Pain","Rampage"],"picked":"Flex","floor":2},{"not_picked":["Clothesline","Uppercut"],"picked":"Shrug It Off","floor":3},{"not_picked":["Clothesline","Dual Wield"],"picked":"Uppercut","floor":4},{"not_picked":["Shrug It Off","Twin Strike"],"picked":"Inflame","floor":7},{"not_picked":["Armaments","Heavy Blade"],"picked":"Limit Break","floor":10},{"not_picked":["Sword Boomerang","True Grit"],"picked":"Bloodletting","floor":12},{"not_picked":["Bloodletting","Seeing Red"],"picked":"Sword Boomerang","floor":13},{"not_picked":["Blood for Blood","Heavy Blade"],"picked":"Metallicize","floor":14},{"not_picked":["Barricade","Bludgeon"],"picked":"Berserk","floor":16},{"not_picked":["Headbutt+1","Sword Boomerang"],"picked":"Twin Strike","floor":18},{"not_picked":["Perfected Strike","Dual Wield"],"picked":"Warcry","floor":20},{"not_picked":["Shrug It Off+1","Clash"],"picked":"hubris:SharpeningStone","floor":21},{"not_picked":["Fire Breathing","Rupture"],"picked":"Rampage+1","floor":23}],"player_experience":28267,"relics_obtained":[{"floor":7,"key":"MawBank"},{"floor":9,"key":"Meat on the Bone"},{"floor":12,"key":"Pear"},{"floor":13,"key":"Orichalcum"},{"floor":23,"key":"Oddly Smooth Stone"}],"event_choices":[{"damage_healed":0,"gold_gain":175,"player_choice":"AGREE","damage_taken":0,"max_hp_gain":0,"max_hp_loss":0,"event_name":"Liars Game","floor":11,"gold_loss":0,"cards_obtained":["Doubt"]},{"damage_healed":0,"gold_gain":30,"player_choice":"Searched \u00273\u0027 times","damage_taken":0,"max_hp_gain":0,"max_hp_loss":0,"event_name":"Dead Adventurer","floor":12,"gold_loss":0},{"damage_healed":0,"gold_gain":0,"player_choice":"Became a vampire","damage_taken":0,"max_hp_gain":0,"max_hp_loss":28,"event_name":"Vampires","floor":19,"gold_loss":0,"cards_obtained":["Bite","Bite","Bite","Bite","Bite"]},{"damage_healed":0,"gold_gain":99,"player_choice":"Stole From Cult","damage_taken":0,"max_hp_gain":0,"max_hp_loss":0,"event_name":"Nest","floor":22,"gold_loss":0}],"is_beta":false,"boss_relics":[{"not_picked":["hubris:BlackHole","Empty Cage"],"picked":"Runic Cube"}],"items_purged_floors":[],"is_endless":false,"potions_floor_spawned":[1,2,7,13,18,21,23],"killed_by":"Cultist and Chosen","ascension_level":2}}