{"host":"fv4u04bzswzfg5qa","time":1612648405,"event":{"mods":["BaseMod","Colored Map","Colored Powertips","Highlight Path","Minty Spire (QoL Compilation)","StSLib","Synergy Search"],"gold_per_floor":[113,113,63,83,15,15,28,46,46,79,79,112,112,128,128,231,231,248,267,280,15,58,109,121,113,149,174,211,236,248,23,23,155,155,196,196,212,0,80,458,500,555,580,642,684,684,730,791,791,791],"floor_reached":51,"language":"ENG","playtime":3298,"items_purged":[],"score":1112,"play_id":"422ae978-0218-4a16-8435-1e60de6e599c","local_time":"20210206165325","is_ascension_mode":false,"campfire_choices":[{"data":"BattleHymn","floor":6.0,"key":"SMITH"},{"data":"BattleHymn","floor":11.0,"key":"SMITH"},{"data":"Tantrum","floor":13.0,"key":"SMITH"},{"data":"SashWhip","floor":15.0,"key":"SMITH"},{"data":"Wish","floor":24.0,"key":"SMITH"},{"data":"Alpha","floor":30.0,"key":"SMITH"},{"data":"PathToVictory","floor":32.0,"key":"SMITH"},{"data":"Secret Weapon","floor":49,"key":"SMITH"}],"circlet_count":0,"master_deck":["Strike_P","Strike_P","Strike_P","Defend_P","Defend_P","Defend_P","Defend_P","Eruption+1","Vigilance","Tantrum+1","SashWhip+1","BattleHymn+1","BattleHymn+1","Study","Crescendo","WreathOfFlame","EmptyFist","Establishment","Tantrum","SandsOfTime","PathToVictory+1","Wish+1","Fasting2","Tantrum","Pray","FollowUp+1","Alpha+1","ForeignInfluence+1","Fasting2","PathToVictory+1","Barricade","Flame Barrier","Entrench+1","PathToVictory+1","Leap","Dramatic Entrance","Armaments+1","Tempest","The Bomb","Secret Weapon+1"],"relics":["Snecko Eye","InkBottle","Oddly Smooth Stone","Turnip","MawBank","Juzu Bracelet","Regal Pillow","PrismaticShard","Black Star","Red Mask","Peace Pipe","Old Coin","Blood Vial","Pear","Pen Nib","Strawberry","Bag of Marbles","Centennial Puzzle","Art of War"],"acts_visited":["Exordium","TheCity","TheBeyond"],"potions_floor_usage":[42,50,50],"damage_taken":[{"damage":0.0,"enemies":"Small Slimes","floor":1.0,"turns":4.0},{"damage":0.0,"enemies":"2 Louse","floor":4.0,"turns":3.0},{"damage":1.0,"enemies":"Jaw Worm","floor":7.0,"turns":4.0},{"damage":10.0,"enemies":"Exordium Thugs","floor":8.0,"turns":4.0},{"damage":13.0,"enemies":"3 Sentries","floor":10.0,"turns":5.0},{"damage":0.0,"enemies":"Gremlin Nob","floor":12.0,"turns":3.0},{"damage":4.0,"enemies":"Gremlin Gang","floor":14.0,"turns":4.0},{"damage":0.0,"enemies":"Slime Boss","floor":16.0,"turns":5.0},{"damage":0.0,"enemies":"Shell Parasite","floor":18.0,"turns":3.0},{"damage":5.0,"enemies":"2 Thieves","floor":19.0,"turns":4.0},{"damage":4.0,"enemies":"Cultist and Chosen","floor":20.0,"turns":3.0},{"damage":0.0,"enemies":"Sentry and Sphere","floor":22.0,"turns":4.0},{"damage":3.0,"enemies":"Book of Stabbing","floor":23.0,"turns":4.0},{"damage":8.0,"enemies":"Chosen and Byrds","floor":27.0,"turns":4.0},{"damage":26.0,"enemies":"Gremlin Leader","floor":28.0,"turns":4.0},{"damage":0.0,"enemies":"3 Cultists","floor":29.0,"turns":4.0},{"damage":6.0,"enemies":"Automaton","floor":33.0,"turns":6.0},{"damage":22.0,"enemies":"3 Darklings","floor":35.0,"turns":4.0},{"damage":30.0,"enemies":"3 Shapes","floor":37.0,"turns":4.0},{"damage":24.0,"enemies":"Mind Bloom Boss Battle","floor":39.0,"turns":5.0},{"damage":48.0,"enemies":"2 Orb Walkers","floor":40.0,"turns":5.0},{"damage":15.0,"enemies":"3 Darklings","floor":41.0,"turns":5.0},{"damage":14,"enemies":"Giant Head","floor":42,"turns":5},{"damage":6,"enemies":"Nemesis","floor":44,"turns":5},{"damage":10,"enemies":"Maw","floor":45,"turns":3},{"damage":23,"enemies":"Writhing Mass","floor":47,"turns":5},{"damage":113,"enemies":"Reptomancer","floor":48,"turns":6},{"damage":21,"enemies":"Donu and Deca","floor":50,"turns":5}],"seed_played":"622609772468994640","potions_obtained":[{"floor":4.0,"key":"Strength Potion"},{"floor":7.0,"key":"SpeedPotion"},{"floor":8.0,"key":"DistilledChaos"},{"floor":10.0,"key":"DuplicationPotion"},{"floor":18.0,"key":"Fruit Juice"},{"floor":20.0,"key":"Explosive Potion"},{"floor":22.0,"key":"SkillPotion"},{"floor":25.0,"key":"ColorlessPotion"},{"floor":39.0,"key":"BottledMiracle"},{"floor":42,"key":"FairyPotion"}],"is_trial":false,"path_per_floor":["M","?","?","M","$","R","M","M","T","E","R","E","R","M","R","B",null,"M","M","M","$","M","E","R","?","T","M","E","M","R","$","R","B",null,"M","$","M","?","?","?","M","E","T","E","M","?","M","E","R","B",null],"character_chosen":"WATCHER","items_purchased":["BattleHymn","Wish","Fasting2","Tantrum","PrismaticShard","Fasting2","PathToVictory"],"campfire_rested":0,"item_purchase_floors":[5,21,21,21,31,31,31],"current_hp_per_floor":[72,72,72,72,72,72,71,72,72,72,72,72,72,72,72,72,72,77,72,77,77,77,77,77,77,77,77,77,77,77,77,77,77,77,77,77,77,77,77,77,77,87,87,94,94,89,89,89,89,89],"gold":791,"neow_bonus":"BOSS_RELIC","is_daily":false,"chose_seed":false,"campfire_upgraded":8,"win_rate":0.0,"timestamp":1612648405,"path_taken":["M","?","?","M","?","R","?","?","T","E","R","E","R","M","R","BOSS","M","?","?","$","M","E","R","?","T","M","E","M","R","$","R","BOSS","M","$","M","?","?","?","M","E","T","E","M","?","M","E","R","BOSS"],"items_purchased_type":["Card","Card","Card","Card","Relic","Card","Card"],"build_version":"2020-12-22","purchased_purges":0,"victory":true,"max_hp_per_floor":[72,72,72,72,72,72,72,72,72,72,72,72,72,72,72,72,72,77,77,77,77,77,77,77,77,77,77,77,77,77,77,77,77,77,77,77,77,77,77,77,77,87,87,94,94,89,89,89,89,89],"card_choices":[{"not_picked":["CrushJoints","FlyingSleeves"],"picked":"Tantrum","floor":1.0},{"not_picked":["Wallop","Weave"],"picked":"SashWhip","floor":4.0},{"not_picked":["DeceiveReality","Halt"],"picked":"BattleHymn","floor":7.0},{"not_picked":["WheelKick","EmptyMind"],"picked":"Study","floor":8.0},{"not_picked":["DeusExMachina","EmptyBody"],"picked":"Crescendo","floor":10.0},{"not_picked":["Perseverance","Adaptation"],"picked":"WreathOfFlame","floor":12.0},{"not_picked":["Indignation","ThirdEye"],"picked":"EmptyFist","floor":14.0},{"not_picked":["Blasphemy","Scrawl"],"picked":"Establishment","floor":16.0},{"not_picked":["ThirdEye","Consecrate"],"picked":"Tantrum","floor":18.0},{"not_picked":["SashWhip","ThirdEye"],"picked":"SandsOfTime","floor":19.0},{"not_picked":["Worship","Halt"],"picked":"PathToVictory+1","floor":20.0},{"not_picked":["JustLucky","Crescendo+1"],"picked":"Pray","floor":22.0},{"not_picked":["Meditate","Protect+1"],"picked":"FollowUp+1","floor":23.0},{"not_picked":["Sanctity","JustLucky"],"picked":"Alpha","floor":27.0},{"not_picked":["FollowUp+1","ThirdEye+1","Halt"],"picked":"SKIP","floor":28.0},{"not_picked":["SignatureMove","CutThroughFate"],"picked":"ForeignInfluence+1","floor":29.0},{"not_picked":["Grand Finale","After Image"],"picked":"Barricade","floor":33.0},{"not_picked":["Steam+1","Seeing Red+1"],"picked":"Flame Barrier","floor":35.0},{"not_picked":["Prepared","Conclude"],"picked":"Entrench+1","floor":37.0},{"not_picked":["True Grit+1","EmptyMind+1"],"picked":"PathToVictory+1","floor":39.0},{"not_picked":["Rage","Body Slam+1"],"picked":"Leap","floor":40.0},{"not_picked":["Halt+1","Sucker Punch"],"picked":"Dramatic Entrance","floor":41.0},{"not_picked":["Blind+1","Tools of the Trade"],"picked":"Armaments+1","floor":42},{"not_picked":["Leap","Deadly Poison+1"],"picked":"Tempest","floor":44},{"not_picked":["Turbo+1","Hologram","Poisoned Stab"],"picked":"SKIP","floor":45},{"not_picked":["Quick Slash","Rage+1"],"picked":"The Bomb","floor":47},{"not_picked":["Quick Slash+1","Fiend Fire"],"picked":"Secret Weapon","floor":48}],"player_experience":237547,"relics_obtained":[{"floor":9.0,"key":"InkBottle"},{"floor":10.0,"key":"Oddly Smooth Stone"},{"floor":12.0,"key":"Turnip"},{"floor":23.0,"key":"MawBank"},{"floor":26.0,"key":"Juzu Bracelet"},{"floor":28.0,"key":"Regal Pillow"},{"floor":39.0,"key":"Peace Pipe"},{"floor":40.0,"key":"Old Coin"},{"floor":42,"key":"Blood Vial"},{"floor":42,"key":"Pear"},{"floor":43,"key":"Pen Nib"},{"floor":44,"key":"Strawberry"},{"floor":44,"key":"Bag of Marbles"},{"floor":48,"key":"Centennial Puzzle"},{"floor":48,"key":"Art of War"}],"event_choices":[{"damage_healed":0.0,"max_hp_gain":0.0,"max_hp_loss":0.0,"gold_gain":0.0,"event_name":"Living Wall","player_choice":"Grow","floor":2.0,"gold_loss":0.0,"damage_taken":0.0,"cards_upgraded":["Eruption"]},{"cards_removed":["Strike_P"],"damage_healed":0.0,"max_hp_gain":0.0,"max_hp_loss":0.0,"gold_gain":0.0,"event_name":"The Cleric","player_choice":"Card Removal","floor":3.0,"gold_loss":50.0,"damage_taken":0.0},{"damage_healed":0.0,"max_hp_gain":0.0,"max_hp_loss":0.0,"gold_gain":0.0,"event_name":"The Woman in Blue","player_choice":"Bought 1 Potion","floor":25.0,"gold_loss":0.0,"damage_taken":0.0},{"damage_healed":0.0,"max_hp_gain":0.0,"max_hp_loss":0.0,"gold_gain":0.0,"event_name":"Tomb of Lord Red Mask","player_choice":"Paid","floor":38.0,"gold_loss":212.0,"damage_taken":0.0,"relics_obtained":["Red Mask"]},{"damage_healed":0.0,"max_hp_gain":0.0,"max_hp_loss":0.0,"gold_gain":0.0,"event_name":"MindBloom","player_choice":"Fight","floor":39.0,"gold_loss":0.0,"damage_taken":0.0},{"damage_healed":0.0,"max_hp_gain":0.0,"max_hp_loss":0.0,"gold_gain":0.0,"event_name":"Mysterious Sphere","player_choice":"Fight","floor":40.0,"gold_loss":0.0,"damage_taken":0.0},{"damage_healed":0,"gold_gain":0,"player_choice":"Max HP","damage_taken":0,"max_hp_gain":0,"max_hp_loss":5,"event_name":"Winding Halls","floor":46,"gold_loss":0}],"is_beta":false,"boss_relics":[{"not_picked":[]},{"not_picked":["Busted Crown","Philosopher\u0027s Stone"],"picked":"Black Star"}],"items_purged_floors":[],"is_endless":false,"potions_floor_spawned":[4,7,8,10,18,20,22,29,39,42,45,47,48],"ascension_level":0}}