{"host":"8is2j71l4wmybkoi","time":1612589978,"event":{"mods":["AchievementEnabler","BaseMod","Colored Map","Minty Spire (QoL Compilation)","Rare Cards Sparkle","StSLib","SuperFastMode"],"gold_per_floor":[112,37,37,49,49,83,83,109,109,109,138,63,83,83,83,157,207,220,29,43,63,63,63,80,80,80,80,80,100,27,47,47,119,119,135,190,190,206,14,14,45,45,45,60,80,115,132,163,163,163,163,163,10,10,10],"floor_reached":54,"language":"KOR","playtime":2120,"items_purged":["Strike_R","Sword Boomerang+1"],"score":1388,"play_id":"869f74bf-e202-4dfb-88c5-13910c4e9627","local_time":"20210206143938","is_ascension_mode":true,"campfire_choices":[{"data":"Bash","floor":7.0,"key":"SMITH"},{"data":"Armaments","floor":10.0,"key":"SMITH"},{"data":"Double Tap","floor":15.0,"key":"SMITH"},{"data":"Corruption","floor":23.0,"key":"SMITH"},{"floor":32.0,"key":"REST"},{"data":"Barricade","floor":40.0,"key":"SMITH"},{"data":"Dark Embrace","floor":42.0,"key":"SMITH"},{"floor":49,"key":"RECALL"},{"data":"Second Wind","floor":52,"key":"SMITH"}],"circlet_count":0,"master_deck":["AscendersBane","Defend_R","Defend_R","Defend_R","Defend_R","Bash+1","Dropkick","Wild Strike+1","Armaments+1","Double Tap+1","Rampage+1","Iron Wave+1","Corruption+1","True Grit+1","Feel No Pain","Immolate+1","Shrug It Off","Metallicize","Dark Embrace+1","Anger+1","Double Tap","Flame Barrier","Sentinel","Barricade+1","Entrench","Dual Wield+1","Second Wind+1","Body Slam+1","Shrug It Off","Uppercut+1","Disarm+1","Shrug It Off"],"relics":["Burning Blood","NeowsBlessing","Darkstone Periapt","Vajra","Molten Egg 2","Paper Frog","Tiny House","Mercury Hourglass","Cursed Key","CaptainsWheel","Lee\u0027s Waffle","Gambling Chip","Bottled Lightning","Ornamental Fan"],"acts_visited":["Exordium","TheCity","TheBeyond","TheEnding"],"potions_floor_usage":[47],"damage_taken":[{"damage":0.0,"enemies":"Jaw Worm","floor":1.0,"turns":1.0},{"damage":0.0,"enemies":"Cultist","floor":4.0,"turns":1.0},{"damage":0.0,"enemies":"3 Sentries","floor":6.0,"turns":1.0},{"damage":32.0,"enemies":"Gremlin Nob","floor":8.0,"turns":4.0},{"damage":36.0,"enemies":"3 Sentries","floor":11.0,"turns":9.0},{"damage":0.0,"enemies":"Small Slimes","floor":13.0,"turns":2.0},{"damage":24.0,"enemies":"Hexaghost","floor":16.0,"turns":8.0},{"damage":0.0,"enemies":"Spheric Guardian","floor":18.0,"turns":3.0},{"damage":8.0,"enemies":"Shell Parasite","floor":20.0,"turns":4.0},{"damage":23.0,"enemies":"Shelled Parasite and Fungi","floor":21.0,"turns":6.0},{"damage":43.0,"enemies":"Snecko","floor":24.0,"turns":5.0},{"damage":11.0,"enemies":"Centurion and Healer","floor":29.0,"turns":5.0},{"damage":7.0,"enemies":"3 Cultists","floor":31.0,"turns":4.0},{"damage":25.0,"enemies":"Collector","floor":33.0,"turns":7.0},{"damage":20.0,"enemies":"3 Darklings","floor":35.0,"turns":3.0},{"damage":31.0,"enemies":"2 Orb Walkers","floor":36.0,"turns":5.0},{"damage":0.0,"enemies":"Orb Walker","floor":38.0,"turns":3.0},{"damage":4.0,"enemies":"Reptomancer","floor":41.0,"turns":6.0},{"damage":1,"enemies":"Sphere and 2 Shapes","floor":44,"turns":4},{"damage":24,"enemies":"3 Darklings","floor":45,"turns":4},{"damage":0,"enemies":"Nemesis","floor":46,"turns":3},{"damage":11,"enemies":"Transient","floor":47,"turns":5},{"damage":9,"enemies":"Reptomancer","floor":48,"turns":5},{"damage":32,"enemies":"Donu and Deca","floor":50,"turns":9},{"damage":85,"enemies":"Shield and Spear","floor":54,"turns":5}],"seed_played":"-4909932657427429494","potions_obtained":[{"floor":3.0,"key":"Dexterity Potion"},{"floor":3.0,"key":"LiquidBronze"},{"floor":11.0,"key":"Fire Potion"},{"floor":16.0,"key":"BloodPotion"},{"floor":17.0,"key":"AttackPotion"},{"floor":29.0,"key":"Weak Potion"},{"floor":31.0,"key":"SneckoOil"},{"floor":33.0,"key":"Regen Potion"},{"floor":35.0,"key":"Explosive Potion"},{"floor":36.0,"key":"Fire Potion"},{"floor":44,"key":"SpeedPotion"},{"floor":46,"key":"Block Potion"},{"floor":47,"key":"SteroidPotion"}],"is_trial":false,"path_per_floor":["M","$","?","M","$","E","R","E","T","R","E","?","M","?","R","B",null,"M","$","M","M","?","R","M","?","T","?","T","M","$","M","R","B",null,"M","?","?","M","$","R","E","R","T","M","M","E","M","E","R","B",null,"R","$","E"],"character_chosen":"IRONCLAD","items_purchased":["Feel No Pain","Immolate+1","Shrug It Off","Sentinel","Second Wind","Lee\u0027s Waffle","Shrug It Off"],"campfire_rested":1,"item_purchase_floors":[19,19,19,30,39,39,53],"current_hp_per_floor":[74,74,74,75,75,75,75,49,49,49,19,19,25,25,25,7,67,73,73,71,54,54,54,17,17,17,17,17,12,12,11,35,16,64,50,39,39,45,87,87,87,87,87,87,69,75,70,67,67,41,76,76,76,0,0],"gold":10,"neow_bonus":"THREE_ENEMY_KILL","is_daily":false,"chose_seed":false,"campfire_upgraded":7,"win_rate":0.0,"timestamp":1612589978,"path_taken":["M","$","?","M","?","E","R","E","T","R","E","?","M","?","R","BOSS","M","$","?","M","?","R","M","?","T","?","?","?","$","M","R","BOSS","M","?","?","?","$","R","E","R","T","M","M","E","M","E","R","BOSS","R","$","E"],"items_purchased_type":["Card","Card","Card","Card","Card","Relic","Card"],"build_version":"2020-12-22","purchased_purges":2,"victory":false,"max_hp_per_floor":[75,75,75,75,75,75,75,75,75,75,75,75,75,75,75,75,80,80,80,80,80,80,80,80,80,80,80,80,80,80,80,80,80,80,80,80,80,80,87,87,87,87,87,87,87,87,87,87,87,87,87,87,87,87,87],"card_choices":[{"not_picked":["Perfected Strike","Clothesline"],"picked":"Dropkick","floor":1.0},{"not_picked":["Anger","Infernal Blade"],"picked":"Wild Strike","floor":4.0},{"not_picked":["Warcry","Sword Boomerang"],"picked":"Armaments","floor":6.0},{"not_picked":["Intimidate","Headbutt"],"picked":"Double Tap","floor":8.0},{"not_picked":["Anger+1","Searing Blow+1"],"picked":"Rampage+1","floor":11.0},{"not_picked":["Heavy Blade+1","Dual Wield","Clash+1"],"picked":"SKIP","floor":13.0},{"not_picked":["Exhume","Demon Form"],"picked":"Corruption","floor":16.0},{"not_picked":["Armaments","Rampage+1"],"picked":"Sword Boomerang+1","floor":17.0},{"not_picked":["Wild Strike+1","Anger+1"],"picked":"True Grit+1","floor":18.0},{"not_picked":["Armaments+1","Anger+1","Wild Strike+1"],"picked":"SKIP","floor":20.0},{"not_picked":["Cleave+1","Body Slam+1"],"picked":"Metallicize","floor":21.0},{"not_picked":["Anger+1","Armaments"],"picked":"Dark Embrace","floor":24.0},{"not_picked":["Anger+1","Heavy Blade+1"],"picked":"Flame Barrier","floor":29.0},{"not_picked":["Rupture","Whirlwind+1","Perfected Strike+1"],"picked":"SKIP","floor":31.0},{"not_picked":["Limit Break","Fiend Fire+1"],"picked":"Barricade","floor":33.0},{"not_picked":["Armaments","Twin Strike+1","Infernal Blade"],"picked":"SKIP","floor":35.0},{"not_picked":["Armaments","Carnage+1"],"picked":"Dual Wield+1","floor":38.0},{"not_picked":["Cleave+1","Sword Boomerang+1"],"picked":"Body Slam+1","floor":41.0},{"not_picked":["Havoc","Dropkick+1"],"picked":"Shrug It Off","floor":44},{"not_picked":["Bludgeon+1","Clash+1","Anger+1"],"picked":"SKIP","floor":45},{"not_picked":["Infernal Blade","Iron Wave+1","Reaper+1"],"picked":"SKIP","floor":46},{"not_picked":["Infernal Blade","Iron Wave+1","Reaper+1"],"picked":"SKIP","floor":46},{"not_picked":["True Grit","Reckless Charge+1"],"picked":"Uppercut+1","floor":47},{"not_picked":["Body Slam+1","Fire Breathing"],"picked":"Disarm+1","floor":48}],"player_experience":1001604,"relics_obtained":[{"floor":6.0,"key":"Darkstone Periapt"},{"floor":8.0,"key":"Vajra"},{"floor":9.0,"key":"Molten Egg 2"},{"floor":11.0,"key":"Paper Frog"},{"floor":26.0,"key":"Mercury Hourglass"},{"floor":36.0,"key":"CaptainsWheel"},{"floor":41.0,"key":"Gambling Chip"},{"floor":46,"key":"Bottled Lightning"},{"floor":48,"key":"Ornamental Fan"}],"event_choices":[{"damage_healed":0.0,"max_hp_gain":0.0,"max_hp_loss":0.0,"gold_gain":0.0,"event_name":"Lab","player_choice":"Got Potions","floor":3.0,"gold_loss":0.0,"damage_taken":0.0},{"cards_removed":["Strike_R"],"damage_healed":0.0,"max_hp_gain":0.0,"max_hp_loss":0.0,"gold_gain":0.0,"event_name":"The Cleric","player_choice":"Card Removal","floor":12.0,"gold_loss":75.0,"damage_taken":0.0},{"damage_healed":0.0,"max_hp_gain":0.0,"max_hp_loss":0.0,"gold_gain":0.0,"cards_transformed":["Strike_R"],"event_name":"Transmorgrifier","player_choice":"Transformed","floor":14.0,"gold_loss":0.0,"damage_taken":0.0,"cards_obtained":["Iron Wave"]},{"damage_healed":0.0,"max_hp_gain":0.0,"max_hp_loss":0.0,"gold_gain":0.0,"event_name":"Vampires","player_choice":"Ignored","floor":22.0,"gold_loss":0.0,"damage_taken":0.0},{"damage_healed":0.0,"max_hp_gain":0.0,"max_hp_loss":0.0,"gold_gain":0.0,"event_name":"Cursed Tome","player_choice":"Ignored","floor":25.0,"gold_loss":0.0,"damage_taken":0.0},{"damage_healed":0.0,"max_hp_gain":0.0,"max_hp_loss":0.0,"gold_gain":0.0,"cards_transformed":["Strike_R","Strike_R"],"event_name":"Drug Dealer","player_choice":"Became Test Subject","floor":27.0,"gold_loss":0.0,"damage_taken":0.0,"cards_obtained":["Anger","Double Tap"]},{"damage_healed":0.0,"max_hp_gain":0.0,"max_hp_loss":0.0,"gold_gain":0.0,"event_name":"Mysterious Sphere","player_choice":"Fight","floor":36.0,"gold_loss":0.0,"damage_taken":0.0},{"damage_healed":0.0,"max_hp_gain":0.0,"max_hp_loss":0.0,"gold_gain":0.0,"event_name":"Match and Keep!","player_choice":"1 cards matched","floor":37.0,"gold_loss":0.0,"damage_taken":0.0,"cards_obtained":["Entrench"]}],"is_beta":false,"boss_relics":[{"not_picked":["SacredBark","Velvet Choker"],"picked":"Tiny House"},{"not_picked":["Coffee Dripper","Pandora\u0027s Box"],"picked":"Cursed Key"}],"items_purged_floors":[2,53],"is_endless":false,"potions_floor_spawned":[11,16,29,31,33,35,36,44,46,47],"killed_by":"Shield and Spear","ascension_level":15}}