{"host":"xm0tf1maiknh0fp9","time":1612627782,"event":{"mods":["BaseMod","Colored Map","Colored Powertips","Googly Eyes","Minty Spire (QoL Compilation)","Replay The Spire","StSLib"],"gold_per_floor":[113,125,425,440,440,440,440,470,470,239,239,239,239,259,259,355,355,369,729,745,760,771,771,790,801,826,826,826,838,287,305,305,410,410,420,295,315,18,18,18,18,53,53,53,63,63,63,76,76,76],"floor_reached":51,"language":"ENG","playtime":1108,"items_purged":["Cleave","Reckless Charge","Ghostly Armor"],"score":652,"play_id":"d51cc37b-7094-42af-b7be-b9042b9578c0","local_time":"20210206110942","daily_mods":["Draft"],"is_ascension_mode":false,"campfire_choices":[{"data":"Havoc","floor":6,"key":"SMITH"},{"data":"Anger","floor":13,"key":"SMITH"},{"data":"Flex","floor":15,"key":"SMITH"},{"floor":23,"key":"REST"},{"floor":32,"key":"REST"},{"data":"Flex","floor":40,"key":"SMITH"},{"data":"Anger","floor":41,"key":"SMITH"},{"data":"Clash","floor":44,"key":"SMITH"},{"data":"Clash","floor":49,"key":"SMITH"}],"circlet_count":0,"master_deck":["Clash+1","Clash+1","Rampage+1","Rampage+1","Flex+1","Clash+1","Anger+1","Havoc+1","Warcry","Inflame+1","Anger+1","Clash+1","Warcry","Flex+1","Anger","Bloodletting","Anger+1"],"relics":["Unceasing Top","Old Coin","NeowsBlessing","Mango","Matryoshka","Guide Book","NeowsBlessing","Orichalcum","Replay:Mystery Machine","Shuriken","TheAbacus","Empty Cage","WingedGreaves","Paper Frog","Replay:Accelerometer","Du-Vu Doll"],"acts_visited":["Exordium","TheCity","TheBeyond"],"potions_floor_usage":[24,25],"damage_taken":[{"damage":0,"enemies":"Cultist","floor":1,"turns":2},{"damage":0,"enemies":"Small Slimes","floor":2,"turns":2},{"damage":0,"enemies":"Jaw Worm","floor":4,"turns":2},{"damage":0,"enemies":"3 Sentries","floor":8,"turns":1},{"damage":0,"enemies":"3 Louse","floor":14,"turns":1},{"damage":0,"enemies":"The Guardian","floor":16,"turns":1},{"damage":0,"enemies":"Shell Parasite","floor":18,"turns":1},{"damage":0,"enemies":"Chosen","floor":20,"turns":1},{"damage":10,"enemies":"Centurion and Healer","floor":21,"turns":3},{"damage":10,"enemies":"Sentry and Sphere","floor":22,"turns":3},{"damage":6,"enemies":"Cultist and Chosen","floor":24,"turns":3},{"damage":15,"enemies":"Snecko","floor":25,"turns":4},{"damage":12,"enemies":"Shelled Parasite and Fungi","floor":29,"turns":3},{"damage":0,"enemies":"Snake Plant","floor":31,"turns":2},{"damage":33,"enemies":"Champ","floor":33,"turns":4},{"damage":0,"enemies":"Orb Walker","floor":35,"turns":1},{"damage":12,"enemies":"3 Shapes","floor":37,"turns":1},{"damage":11,"enemies":"R_Hoarder","floor":42,"turns":5},{"damage":6,"enemies":"Maw","floor":45,"turns":1},{"damage":9,"enemies":"4 Shapes","floor":48,"turns":1},{"damage":6,"enemies":"Replay:Hell Engine","floor":50,"turns":1}],"seed_played":"7701422269865825560","potions_obtained":[{"floor":14,"key":"Adrenaline Potion"},{"floor":16,"key":"Block Potion"},{"floor":21,"key":"BloodPotion"},{"floor":24,"key":"Adrenaline Potion"},{"floor":29,"key":"AttackPotion"},{"floor":33,"key":"Adrenaline Potion"}],"is_trial":true,"path_per_floor":["M","M","?","M","WH","R","?","E","T","$","?","WH","R","M","R","B",null,"M","?","M","M","M","R","M","M","T","WH","WH","M","$","M","R","B",null,"M","$","M","$","?","R","R","E","T","R","M","?","WH","M","R","B",null],"character_chosen":"IRONCLAD","items_purchased":["Guide Book","Shuriken","TheAbacus","Anger","WingedGreaves"],"campfire_rested":2,"item_purchase_floors":[10,30,30,30,38],"current_hp_per_floor":[80,80,73,73,73,73,57,71,71,71,71,71,71,71,71,71,94,94,58,58,48,38,66,60,45,45,54,64,52,52,52,85,52,113,113,113,101,101,101,101,101,104,104,104,98,98,109,100,100,94],"gold":76,"neow_bonus":"TEN_PERCENT_HP_BONUS","is_daily":false,"chose_seed":false,"campfire_upgraded":7,"win_rate":0.0,"timestamp":1612627782,"path_taken":["M","M","?","M","WH","R","?","E","T","$","?","WH","R","M","R","BOSS","M","?","M","?","M","R","M","M","T","WH","WH","M","$","M","R","BOSS","M","$","M","$","?","R","R","E","T","R","M","?","WH","?","R","BOSS"],"items_purchased_type":["Relic","Relic","Relic","Card","Relic"],"build_version":"2020-12-22","purchased_purges":3,"victory":true,"max_hp_per_floor":[80,80,80,80,80,80,80,94,94,94,94,94,94,94,94,94,94,94,94,94,94,94,94,94,94,94,103,113,113,113,113,113,113,113,113,113,113,113,113,113,113,113,113,113,113,113,124,124,124,124],"card_choices":[{"not_picked":["Cleave","Run Through"],"picked":"Iron Wave","floor":0},{"not_picked":["Havoc","Wild Strike"],"picked":"Iron Wave","floor":0},{"not_picked":["Sever Soul","Pommel Strike"],"picked":"Clash","floor":0},{"not_picked":["Warcry","Run Through"],"picked":"Clash","floor":0},{"not_picked":["Perfected Strike","Infernal Blade"],"picked":"Rampage","floor":0},{"not_picked":["Wild Strike","Replay:Undeath\u0027s Touch"],"picked":"Rampage","floor":0},{"not_picked":["Body Slam","Abandon"],"picked":"Ghostly Armor","floor":0},{"not_picked":["Perfected Strike","Twin Strike"],"picked":"Flex","floor":0},{"not_picked":["Uppercut","Pommel Strike"],"picked":"Clash","floor":0},{"not_picked":["ReplayTheSpireMod:LeadingStrike","Armaments"],"picked":"Anger","floor":0},{"not_picked":["Thunderclap","ReplayTheSpireMod:LeadingStrike"],"picked":"Havoc","floor":0},{"not_picked":["True Grit","Perfected Strike"],"picked":"Reckless Charge","floor":0},{"not_picked":["Armaments","Body Slam"],"picked":"Warcry","floor":0},{"not_picked":["ReplayTheSpireMod:Corrosion Curse","Armaments"],"picked":"Cleave","floor":0},{"not_picked":["Sword Boomerang","Massacre"],"picked":"Inflame","floor":0},{"not_picked":["Perfected Strike","Iron Wave"],"picked":"Inflame","floor":1},{"not_picked":["Dark Embrace","Perfected Strike","True Grit"],"picked":"SKIP","floor":2},{"not_picked":["Disarm","Second Wind","Pommel Strike"],"picked":"SKIP","floor":4},{"not_picked":["Shrug It Off","Cleave"],"picked":"Anger","floor":8},{"not_picked":["Second Wind","Headbutt","Wild Strike"],"picked":"SKIP","floor":14},{"not_picked":["Warcry","Cleave+1"],"picked":"Clash+1","floor":18},{"not_picked":["Rage","Life Link","Evolve"],"picked":"SKIP","floor":20},{"not_picked":["Burning Pact","Ghostly Armor"],"picked":"Warcry","floor":21},{"not_picked":["Havoc","Cleave","Headbutt+1"],"picked":"SKIP","floor":22},{"not_picked":["Second Wind","ReplayTheSpireMod:Limb From Limb","ReplayTheSpireMod:Stacked"],"picked":"SKIP","floor":24},{"not_picked":["Thunderclap","Armaments","Power Through"],"picked":"SKIP","floor":25},{"not_picked":["Shockwave+1","Spot Weakness"],"picked":"Flex","floor":29},{"not_picked":["Replay:Undeath\u0027s Touch","Twin Strike","ReplayTheSpireMod:Strike From Hell"],"picked":"SKIP","floor":31},{"not_picked":["Armaments","True Grit"],"picked":"Bloodletting","floor":35},{"not_picked":["Clothesline+1","Warcry","Run Through+1"],"picked":"SKIP","floor":37},{"not_picked":["Replay:Undeath\u0027s Touch","Limit Break","Heavy Blade+1"],"picked":"SKIP","floor":42},{"not_picked":["Headbutt+1","Ghostly Armor","Pommel Strike"],"picked":"SKIP","floor":45},{"not_picked":["True Grit","Iron Wave+1","Heavy Blade"],"picked":"SKIP","floor":48}],"player_experience":176432,"relics_obtained":[{"floor":8,"key":"Mango"},{"floor":9,"key":"Matryoshka"},{"floor":26,"key":"Orichalcum"},{"floor":26,"key":"Replay:Mystery Machine"},{"floor":42,"key":"Paper Frog"},{"floor":43,"key":"Replay:Accelerometer"},{"floor":43,"key":"Du-Vu Doll"}],"event_choices":[{"damage_healed":0,"gold_gain":0,"player_choice":"Success","damage_taken":7,"relics_obtained":["Old Coin"],"max_hp_gain":0,"max_hp_loss":0,"event_name":"Scrap Ooze","floor":3,"gold_loss":0},{"damage_healed":0,"gold_gain":0,"player_choice":"Entered Light","damage_taken":16,"max_hp_gain":0,"max_hp_loss":0,"event_name":"Shining Light","floor":7,"gold_loss":0,"cards_upgraded":["Inflame","Clash"]},{"damage_healed":0,"gold_gain":360,"player_choice":"GOLD GOLD GOLD GOLD ","damage_taken":36,"max_hp_gain":0,"max_hp_loss":0,"event_name":"Knowing Skull","floor":19,"potions_obtained":[],"gold_loss":0,"cards_obtained":[]},{"cards_removed":["Inflame"],"damage_healed":0,"gold_gain":0,"player_choice":"Removed Power","damage_taken":0,"max_hp_gain":0,"max_hp_loss":0,"event_name":"Falling","floor":39,"gold_loss":0},{"damage_healed":0,"gold_gain":0,"player_choice":"Copied","damage_taken":0,"max_hp_gain":0,"max_hp_loss":0,"event_name":"Duplicator","floor":46,"gold_loss":0,"cards_obtained":["Anger"]}],"is_beta":false,"boss_relics":[{"not_picked":["Ectoplasm","ReplayTheSpireMod:DimensionalGlitch","Velvet Choker"]},{"not_picked":["Runic Dome","Replay:Wanted Poster"],"picked":"Empty Cage"}],"items_purged_floors":[10,30,36],"is_endless":false,"potions_floor_spawned":[14,16,21,24,29,31,33,37,42,48],"ascension_level":0}}