{"host":"i2ir6b55gxkcwpt4","time":1612603390,"event":{"mods":["Act Like it!","BaseMod","Colored Map","Colored Powertips","Minty Spire (QoL Compilation)","StSLib","The Poker Player","¡¾ÒÅÎï¿¨ÅÆ¡¿REMEMod"],"gold_per_floor":[112,125,125,165,21,67,67,103,182,147,201,228,264,9,9,226,226,281,281,340,49,73,45,120,160,246,258,323,335,416,478,490,580,580,580],"floor_reached":33,"language":"ZHS","playtime":1713,"items_purged":[],"score":343,"play_id":"82bdea08-f7cd-477b-9830-7699dcf455a4","local_time":"20210206172310","is_ascension_mode":false,"metric_token":534,"campfire_choices":[{"data":"PokerPlayerMod:JackOfSpades","floor":7,"key":"SMITH"},{"data":"PokerPlayerMod:Mulligan","floor":15,"key":"SMITH"},{"data":"PokerPlayerMod:CardPrinter+1","floor":27,"key":"SMITH"},{"data":"PokerPlayerMod:CardPrinter+2","floor":32,"key":"SMITH"}],"circlet_count":0,"master_deck":["PokerPlayerMod:Diamond1","PokerPlayerMod:Diamond2","PokerPlayerMod:Diamond3","PokerPlayerMod:Diamond4","PokerPlayerMod:Diamond5","PokerPlayerMod:Spade2","PokerPlayerMod:Spade3","PokerPlayerMod:Spade4","PokerPlayerMod:Club2","PokerPlayerMod:Heart2","PokerPlayerMod:TrumpStrike","PokerPlayerMod:BadJoker+1","PokerPlayerMod:Mulligan+1","HandOfGreed","PokerPlayerMod:DartThrow","PokerPlayerMod:JackOfSpades+1","PokerPlayerMod:Spade4","PokerPlayerMod:Trickery","PokerPlayerMod:Heart2","PokerPlayerMod:Fold","PokerPlayerMod:Diamond3","PokerPlayerMod:Diamond1","PokerPlayerMod:TheDieIsCast+1","CurseOfTheBell","PokerPlayerMod:Diamond4","PokerPlayerMod:CardPrinter+3","PokerPlayerMod:CloakAndDiamond+1","PokerPlayerMod:RiskyBet","PokerPlayerMod:Club3","PokerPlayerMod:Raise+1","PokerPlayerMod:ClubStrike+1","PokerPlayerMod:Club8"],"relics":["PokerPlayerMod:DeckCase","REME_ComplimentaryCards","NeowsBlessing","Mango","PreservedInsect","PokerPlayerMod:FairLicense","Shuriken","Tiny Chest","Bronze Scales","REME_ArchaeologicalTools","Calling Bell","War Paint","Eternal Feather","Peace Pipe","Matryoshka","MawBank","Smiling Mask","Boot","Sundial","Anchor","Bag of Marbles","PokerPlayerMod:Splitter"],"acts_visited":["Exordium","TheCity"],"potions_floor_usage":[12,25,28,28,33],"damage_taken":[{"damage":0,"enemies":"Cultist","floor":1,"turns":1},{"damage":0,"enemies":"2 Louse","floor":2,"turns":1},{"damage":0,"enemies":"Jaw Worm","floor":4,"turns":1},{"damage":9,"enemies":"3 Sentries","floor":6,"turns":5},{"damage":6,"enemies":"Lots of Slimes","floor":8,"turns":3},{"damage":0,"enemies":"Gremlin Nob","floor":12,"turns":2},{"damage":0,"enemies":"Red Slaver","floor":13,"turns":2},{"damage":17,"enemies":"Hexaghost","floor":16,"turns":8},{"damage":0,"enemies":"3 Byrds","floor":18,"turns":2},{"damage":6,"enemies":"Spheric Guardian","floor":20,"turns":4},{"damage":14,"enemies":"Cultist and Chosen","floor":24,"turns":5},{"damage":14,"enemies":"Sentry and Sphere","floor":25,"turns":4},{"damage":5,"enemies":"Slavers","floor":28,"turns":3},{"damage":16,"enemies":"Gremlin Leader","floor":30,"turns":5},{"damage":66,"enemies":"Collector","floor":33,"turns":9}],"seed_played":"3467615639983414939","potions_obtained":[{"floor":2,"key":"Weak Potion"},{"floor":4,"key":"CultistPotion"},{"floor":8,"key":"DuplicationPotion"},{"floor":16,"key":"EssenceOfSteel"},{"floor":20,"key":"LiquidMemories"},{"floor":25,"key":"SpeedPotion"},{"floor":30,"key":"FearPotion"}],"is_trial":false,"path_per_floor":["M","M","?","M","$","E","R","M","T","?","T","E","M","$","R","B",null,"M","?","M","$","T","?","M","M","T","R","E","?","E","T","R","B"],"character_chosen":"THE_POKER_PLAYER","items_purchased":["PreservedInsect","REME_ArchaeologicalTools","PokerPlayerMod:Diamond1","Matryoshka","PokerPlayerMod:RiskyBet"],"campfire_rested":0,"item_purchase_floors":[5,14,14,21,21],"current_hp_per_floor":[52,52,63,63,63,57,57,53,53,66,66,66,66,66,66,53,66,66,66,62,62,62,62,48,36,36,54,51,51,39,39,57,0,0,0],"gold":580,"neow_bonus":"THREE_ENEMY_KILL","is_daily":false,"chose_seed":false,"campfire_upgraded":4,"win_rate":0.0,"timestamp":1612603390,"path_taken":["M","M","?","M","$","E","R","M","T","?","?","E","?","?","R","BOSS","M","?","M","$","?","?","M","?","T","R","E","?","E","?","R","BOSS"],"items_purchased_type":["Relic","Relic","Card","Relic","Card"],"build_version":"2020-12-22","purchased_purges":0,"victory":false,"max_hp_per_floor":[52,52,66,66,66,66,66,66,66,66,66,66,66,66,66,66,66,66,66,66,66,66,66,66,66,66,66,66,66,66,66,66,66,66,66],"card_choices":[{"not_picked":["PokerPlayerMod:Raise","PokerPlayerMod:RiskyBet"],"picked":"PokerPlayerMod:DartThrow","floor":1},{"not_picked":["PokerPlayerMod:Spade3","PokerPlayerMod:Extraction"],"picked":"PokerPlayerMod:JackOfSpades","floor":2},{"not_picked":["PokerPlayerMod:Spade2","PokerPlayerMod:Spade1"],"picked":"PokerPlayerMod:Spade4","floor":4},{"not_picked":["PokerPlayerMod:Diamond5","PokerPlayerMod:RiskyBet"],"picked":"PokerPlayerMod:Trickery","floor":6},{"not_picked":["PokerPlayerMod:Spade2","PokerPlayerMod:Spade4"],"picked":"PokerPlayerMod:Heart2","floor":8},{"not_picked":["PokerPlayerMod:ClubShade","PokerPlayerMod:Spade4"],"picked":"PokerPlayerMod:Fold","floor":12},{"not_picked":["PokerPlayerMod:PoorCopy","PokerPlayerMod:Spade3"],"picked":"PokerPlayerMod:Diamond3","floor":13},{"not_picked":["PokerPlayerMod:Club10+","PokerPlayerMod:Diamond9"],"picked":"PokerPlayerMod:TheDieIsCast","floor":16},{"not_picked":["PokerPlayerMod:SpadeStrike+1","PokerPlayerMod:ClubsClub"],"picked":"PokerPlayerMod:Diamond4","floor":18},{"not_picked":["PokerPlayerMod:Trickery+1","PokerPlayerMod:Diamond1"],"picked":"PokerPlayerMod:CloakAndDiamond+1","floor":20},{"not_picked":["PokerPlayerMod:Spade2","PokerPlayerMod:Diamond1"],"picked":"PokerPlayerMod:Club3","floor":24},{"not_picked":["PokerPlayerMod:Spade1","PokerPlayerMod:DiamondStrike"],"picked":"PokerPlayerMod:Raise+1","floor":25},{"not_picked":["PokerPlayerMod:CardPrinter","PokerPlayerMod:Raise"],"picked":"PokerPlayerMod:ClubStrike+1","floor":28},{"not_picked":["PokerPlayerMod:Spade1","PokerPlayerMod:Spade5"],"picked":"PokerPlayerMod:Club8","floor":30}],"player_experience":69050,"relics_obtained":[{"floor":6,"key":"PokerPlayerMod:FairLicense"},{"floor":9,"key":"Shuriken"},{"floor":11,"key":"Tiny Chest"},{"floor":12,"key":"Bronze Scales"},{"floor":17,"key":"War Paint"},{"floor":17,"key":"Eternal Feather"},{"floor":17,"key":"Peace Pipe"},{"floor":22,"key":"MawBank"},{"floor":22,"key":"Smiling Mask"},{"floor":26,"key":"Boot"},{"floor":26,"key":"Sundial"},{"floor":28,"key":"Anchor"},{"floor":30,"key":"Bag of Marbles"},{"floor":31,"key":"PokerPlayerMod:Splitter"}],"event_choices":[{"damage_healed":0,"gold_gain":0,"player_choice":"Success","damage_taken":3,"relics_obtained":["Mango"],"max_hp_gain":0,"max_hp_loss":0,"event_name":"Scrap Ooze","floor":3,"gold_loss":0},{"damage_healed":16,"gold_gain":0,"player_choice":"Healed","damage_taken":0,"max_hp_gain":0,"max_hp_loss":0,"event_name":"The Cleric","floor":10,"gold_loss":35},{"damage_healed":0,"gold_gain":0,"cards_transformed":["PokerPlayerMod:Spade1"],"player_choice":"Transformed","damage_taken":0,"max_hp_gain":0,"max_hp_loss":0,"event_name":"Transmorgrifier","floor":19,"gold_loss":0,"cards_obtained":["PokerPlayerMod:CardPrinter"]},{"damage_healed":0,"gold_gain":0,"player_choice":"Upgrade","damage_taken":0,"max_hp_gain":0,"max_hp_loss":0,"event_name":"Designer","floor":23,"gold_loss":40,"cards_upgraded":["PokerPlayerMod:CardPrinter"]},{"cards_removed":["PokerPlayerMod:Club1"],"damage_healed":0,"gold_gain":0,"player_choice":"Elegance","damage_taken":0,"max_hp_gain":0,"max_hp_loss":0,"event_name":"PokerPlayerMod:BackToBasicsPoker","floor":29,"gold_loss":0}],"is_beta":false,"boss_relics":[{"not_picked":["Fusion Hammer","REME_DuelDisc"],"picked":"Calling Bell"}],"items_purged_floors":[],"is_endless":false,"potions_floor_spawned":[2,4,8,16,20,25,30],"killed_by":"Collector","ascension_level":0}}