{"host":"vr0ln69cwigs4oeb","time":1612628630,"event":{"mods":["AchievementEnabler","Act Like it!","Aspiration","BaseMod","Colored Map","Conspire","Downfall","Duelist Mod","Hermit","Hubris","Infinite Spire","Jorbs\u0027s Wanderer Trilogy","Marisa????????","Minty Spire (QoL Compilation)","Replay The Spire","StSLib","The Construct","The Cursed","The Disciple","The Servant 0.9.4"],"gold_per_floor":[144,158,178,194,212,212,239,249,249,326,357,357,381,416,416,525,525,554,582,179,179,179,179,226,250,250,268,315,315,315,344,344,454,454,478,478,38,58,58,58,85,118,165,190,190,228,258,289,289,309,309],"floor_reached":50,"language":"ENG","playtime":4328,"items_purged":["theDuelist:GravekeeperCurse"],"score":627,"play_id":"4c5c6ea6-bc19-4fd5-a957-db59727252b2","local_time":"20210206112350","is_ascension_mode":false,"campfire_choices":[{"floor":12,"key":"REST"},{"data":"Mind Blast","floor":15,"key":"SMITH"},{"data":"theDuelist:BigFire","floor":23,"key":"SMITH"},{"floor":30,"key":"REST"},{"data":"theDuelist:DarkstormDragon","floor":32,"key":"SMITH"},{"data":"theDuelist:ChimeratechOverdragon","floor":40,"key":"SMITH"},{"floor":45,"key":"REST"},{"floor":49,"key":"REST"}],"circlet_count":0,"master_deck":["theDuelist:BabyDragon","theDuelist:CastleWalls","theDuelist:CastleWalls","theDuelist:CaveDragon","theDuelist:CaveDragon","theDuelist:LesserDragon","theDuelist:LesserDragon","theDuelist:Sparks","theDuelist:Sparks","theDuelist:YamataDragon","theDuelist:ChimeratechOverdragon+1","Mind Blast+1","theDuelist:BigFire+1","theDuelist:TyrantWing","theDuelist:LightningDarts","theDuelist:GravityLash","theDuelist:CyberDinosaur","theDuelist:Duoterion","theDuelist:ExploderDragon","theDuelist:PotGreed","theDuelist:Freezadon","theDuelist:FiveHeaded","theDuelist:WaterDragon","theDuelist:EvolutionBurst","downfall:Bewildered","theDuelist:CyberDragonSieger","theDuelist:DarkstormDragon+1","theDuelist:BigEye","theDuelist:SpiralSpearStrike","Doubt","theDuelist:Lancephorhynchus","theDuelist:BlasterDragonInfernos+1","theDuelist:PurplePainOni+1","theDuelist:CyberDragonCore","theDuelist:SpiralSpearStrike+2","theDuelist:BurstBreath+1","theDuelist:Earthquake+1","theDuelist:SeismicShockwave","theDuelist:RedEyes+1","theDuelist:TwinBarrelDragon","theDuelist:StarlightRoad+1"],"relics":["theDuelist:MillenniumPuzzle","theDuelist:CardPoolRelic","theDuelist:CardPoolBasicRelic","theDuelist:BoosterPackPoolRelic","theDuelist:CardPoolAddRelic","theDuelist:CardPoolMinusRelic","theDuelist:CardPoolSaveRelic","theDuelist:CardPoolOptionsRelic","Snack Pack","infinitespire:PuzzleCube","Replay:Bandana","Lizard Tail","Painkiller Herb","theDuelist:DragonBurnRelic","MutagenicStrength","sneckomod:BabySnecko","Red Skull","Snake Skull","Ring of Fury","ReplayTheSpireMod:Ring of Collecting","hubris:Backtick","Carrot","theDuelist:MillenniumPrayerbook","Incense Burner","aspiration:TomeofQuesting"],"acts_visited":["Exordium","TheCity","TheBeyond"],"potions_floor_usage":[24,24,33,33,48,50],"damage_taken":[{"damage":0,"enemies":"Cultist","floor":1,"turns":2},{"damage":2,"enemies":"Small Slimes","floor":2,"turns":2},{"damage":1,"enemies":"2 Louse","floor":3,"turns":2},{"damage":4,"enemies":"Looter","floor":4,"turns":2},{"damage":0,"enemies":"Large Slime","floor":5,"turns":3},{"damage":23,"enemies":"3 Sentries","floor":7,"turns":7},{"damage":6,"enemies":"Blue Slaver","floor":8,"turns":2},{"damage":21,"enemies":"3 Sentries","floor":10,"turns":3},{"damage":7,"enemies":"3 Louse","floor":11,"turns":4},{"damage":7,"enemies":"2 Fungi Beasts","floor":13,"turns":2},{"damage":0,"enemies":"Gremlin Nob","floor":14,"turns":2},{"damage":35,"enemies":"Slime Boss","floor":16,"turns":7},{"damage":0,"enemies":"Chosen","floor":18,"turns":3},{"damage":0,"enemies":"conspire:FuzzyDice","floor":19,"turns":5},{"damage":14,"enemies":"conspire:Head Lice","floor":24,"turns":3},{"damage":19,"enemies":"conspire:HollyBat","floor":25,"turns":9},{"damage":0,"enemies":"Snake Plant","floor":27,"turns":1},{"damage":23,"enemies":"Slavers","floor":28,"turns":2},{"damage":10,"enemies":"3 Cultists","floor":31,"turns":3},{"damage":89,"enemies":"Champ","floor":33,"turns":8},{"damage":19,"enemies":"3 Shapes","floor":35,"turns":2},{"damage":0,"enemies":"Orb Walker","floor":38,"turns":1},{"damage":25,"enemies":"Sphere and 2 Shapes","floor":41,"turns":5},{"damage":7,"enemies":"Jaw Worm Horde","floor":42,"turns":4},{"damage":28,"enemies":"Writhing Mass","floor":44,"turns":2},{"damage":6,"enemies":"3 Darklings","floor":46,"turns":2},{"damage":3,"enemies":"4 Shapes","floor":47,"turns":2},{"damage":36,"enemies":"Transient","floor":48,"turns":5},{"damage":42,"enemies":"infinitespire:MassOfShapes","floor":50,"turns":4}],"seed_played":"3474092267750422970","potions_obtained":[{"floor":1,"key":"theDuelist:ExtraOrbsBottle"},{"floor":2,"key":"champ:CounterPotion"},{"floor":4,"key":"SpeedPotion"},{"floor":25,"key":"theDuelist:MayhemPotion"},{"floor":27,"key":"Explosive Potion"},{"floor":33,"key":"Swift Potion"},{"floor":35,"key":"Reflective Coating"},{"floor":46,"key":"theDuelist:SealedPackC"}],"is_trial":false,"path_per_floor":["M","M","M","M","M","?","E","M","T","?","M","R","M","E","R","B",null,"?","?","T","?","?","T","E","?","T","?","E","?","T","?","T","B",null,"?","?","T","?","?","T","?","?","T","?","T","?","?","?","T","B"],"character_chosen":"THE_DUELIST","items_purchased":["theDuelist:DragonBurnRelic","Fruit Juice","Incense Burner","theDuelist:CyberDragonCore"],"campfire_rested":4,"item_purchase_floors":[20,20,37,37],"current_hp_per_floor":[88,86,85,81,81,88,65,59,59,40,35,61,54,56,56,23,88,88,88,88,88,88,88,79,60,60,60,39,39,66,58,58,34,93,76,76,76,78,78,78,57,52,52,24,51,47,46,12,39,0,0],"gold":309,"neow_bonus":"TEN_PERCENT_HP_BONUS","is_daily":false,"chose_seed":false,"campfire_upgraded":4,"win_rate":0.0,"timestamp":1612628630,"path_taken":["M","M","M","M","?","?","E","?","T","?","M","R","M","E","R","BOSS","?","?","T","?","?","T","E","?","T","?","E","?","T","?","T","BOSS","?","?","T","?","?","T","?","?","T","?","T","?","?","?","T","BOSS"],"items_purchased_type":["Relic","Potion","Relic","Card"],"build_version":"2020-12-22","purchased_purges":1,"victory":false,"max_hp_per_floor":[88,88,88,88,88,88,88,88,88,88,88,88,88,88,88,88,88,88,88,88,88,88,88,93,93,93,93,93,93,93,93,93,93,93,93,93,93,93,93,93,93,93,93,93,93,93,93,93,93,93,93],"card_choices":[{"not_picked":["theDuelist:CaveDragon","theDuelist:BlizzardDragon","theDuelist:AncientPixieDragon","theDuelist:AncientDragon"],"picked":"theDuelist:ChimeratechOverdragon","floor":1},{"not_picked":["Deep Breath","Mayhem","Panacea"],"picked":"Mind Blast","floor":2},{"not_picked":["theDuelist:FeatherPho","theDuelist:GreenGraveOni","theDuelist:DianKeto","theDuelist:Wiseman"],"picked":"theDuelist:BigFire","floor":3},{"not_picked":["theDuelist:SilverWing","theDuelist:JurassicImpact","theDuelist:ArtifactSanctum"],"picked":"theDuelist:TyrantWing","floor":4},{"not_picked":["theDuelist:BattleguardKing","theDuelist:BigFire","theDuelist:Hinotama","theDuelist:SmashingGround"],"picked":"theDuelist:LightningDarts","floor":5},{"not_picked":["theDuelist:VoidOgreDragon","theDuelist:SeismicShockwave","theDuelist:BlasterDragonInfernos","theDuelist:BerserkScales"],"picked":"theDuelist:GravityLash","floor":7},{"not_picked":["theDuelist:Pyrorex","theDuelist:LesserDragon","theDuelist:BusterBlader","theDuelist:TwinHeadedBehemoth"],"picked":"theDuelist:CyberDinosaur","floor":8},{"not_picked":["theDuelist:Hydrogeddon","theDuelist:GiantRex","theDuelist:GalaxyTyranno","theDuelist:BlackBrachios"],"picked":"theDuelist:Duoterion","floor":10},{"not_picked":["theDuelist:Pyrorex","theDuelist:LesserDragon","theDuelist:BackupSoldier","theDuelist:BlueEyesUltimate"],"picked":"theDuelist:ExploderDragon","floor":11},{"not_picked":["theDuelist:BattleguardKing","theDuelist:BlockGolem","theDuelist:StrayLambs","theDuelist:Reload"],"picked":"theDuelist:PotGreed","floor":13},{"not_picked":["theDuelist:Sabersaurus","theDuelist:Hydrogeddon","theDuelist:BlackVeloci","theDuelist:Anthrosaurus"],"picked":"theDuelist:Freezadon","floor":14},{"not_picked":["theDuelist:OceanDragonLord","theDuelist:GaiaDragonChamp","theDuelist:DefensiveTactics","theDuelist:BSkullDragon"],"picked":"theDuelist:FiveHeaded","floor":16},{"not_picked":["theDuelist:DoomkaiserDragon","theDuelist:BSkullDragon"],"picked":"theDuelist:WaterDragon","floor":18},{"not_picked":["theDuelist:BusterBlader","theDuelist:DefenseDraw","theDuelist:CurseDragon","theDuelist:BlackPtera"],"picked":"theDuelist:EvolutionBurst","floor":19},{"not_picked":["theDuelist:CastleDragonSouls","theDuelist:BoosterDragon","theDuelist:Berserking"],"picked":"theDuelist:CyberDragonSieger","floor":24},{"not_picked":["theDuelist:DefenseZone","theDuelist:CyberEltanin","theDuelist:ArtifactIgnition+1","theDuelist:ExploderDragon"],"picked":"theDuelist:DarkstormDragon","floor":25},{"not_picked":["theDuelist:Hinotama","theDuelist:ScrapFactory","theDuelist:BigFire","theDuelist:StrayLambs"],"picked":"theDuelist:BigEye","floor":27},{"not_picked":["theDuelist:ArtifactIgnition","theDuelist:SystemDown","theDuelist:DragonTreasure","theDuelist:SilverWing"],"picked":"theDuelist:SpiralSpearStrike","floor":28},{"not_picked":["theDuelist:SauropodBrachion","theDuelist:Sabersaurus+1","theDuelist:Pyrorex+1","theDuelist:DarkDriceratops"],"picked":"theDuelist:Lancephorhynchus","floor":31},{"not_picked":["theDuelist:SliferSky","theDuelist:FiveHeaded","theDuelist:CyberDragonInfinity+1","theDuelist:BlueDuston"],"picked":"theDuelist:BlasterDragonInfernos+1","floor":33},{"not_picked":["theDuelist:BattleguardKing","theDuelist:PreventRat+1","theDuelist:BigKoala+1","theDuelist:Wiseman+1"],"picked":"theDuelist:PurplePainOni+1","floor":35},{"not_picked":["theDuelist:TyrantWing","theDuelist:SafeZone+1","theDuelist:DragonShield+2","theDuelist:DefenseDraw+1"],"picked":"theDuelist:SpiralSpearStrike+2","floor":38},{"not_picked":["theDuelist:SafeZone+3","theDuelist:JurassicImpact+1","theDuelist:DefenseDraw+1","theDuelist:ArtifactSanctum+1"],"picked":"theDuelist:BurstBreath+1","floor":41},{"not_picked":["theDuelist:CyberValley","theDuelist:CurseDragon","theDuelist:CyberDragon","theDuelist:AtomicScrapDragon"],"picked":"theDuelist:Earthquake+1","floor":42},{"not_picked":["theDuelist:StampingDestruction","theDuelist:Lancephorhynchus"],"picked":"theDuelist:SeismicShockwave","floor":44},{"not_picked":["theDuelist:BackgroundDragon","theDuelist:LavaDragon+1","theDuelist:TrihornedDragon+1","theDuelist:CyberneticRevolution+1"],"picked":"theDuelist:RedEyes+1","floor":46},{"not_picked":["theDuelist:CyberDragonVier+1","theDuelist:CoralDragon+1","theDuelist:BusterDrake+1","theDuelist:MiraculousDescent+1"],"picked":"theDuelist:TwinBarrelDragon","floor":47},{"not_picked":["theDuelist:WhiteHowling+1","theDuelist:DragonCaptureJar+1","theDuelist:DefenseDraw+1","theDuelist:ArtifactSanctum"],"picked":"theDuelist:StarlightRoad+1","floor":48}],"player_experience":144263,"relics_obtained":[{"floor":7,"key":"Snack Pack"},{"floor":9,"key":"infinitespire:PuzzleCube"},{"floor":14,"key":"Lizard Tail"},{"floor":24,"key":"Red Skull"},{"floor":28,"key":"Snake Skull"},{"floor":29,"key":"Ring of Fury"},{"floor":29,"key":"ReplayTheSpireMod:Ring of Collecting"},{"floor":43,"key":"aspiration:TomeofQuesting"}],"event_choices":[{"damage_healed":0,"gold_gain":0,"player_choice":"Searched \u00272\u0027 times","damage_taken":0,"relics_obtained":["Replay:Bandana"],"max_hp_gain":0,"max_hp_loss":0,"event_name":"Dead Adventurer","floor":10,"gold_loss":0},{"damage_healed":0,"gold_gain":0,"player_choice":"Inject Mutagens","damage_taken":0,"relics_obtained":["MutagenicStrength"],"max_hp_gain":0,"max_hp_loss":0,"event_name":"Drug Dealer","floor":21,"gold_loss":0},{"damage_healed":0,"gold_gain":0,"player_choice":"Took item - Received: Millennium Prayerbook","duelist":true,"damage_taken":0,"max_hp_gain":0,"max_hp_loss":0,"event_name":"Millennium Items","floor":36,"gold_loss":0},{"damage_healed":0,"gold_gain":0,"player_choice":"Leave","duelist":true,"damage_taken":0,"max_hp_gain":0,"max_hp_loss":0,"event_name":"Relic Duplicator","floor":39,"gold_loss":0}],"is_beta":false,"boss_relics":[{"not_picked":["hubris:BlackHole","Replay:Ancient Bell"],"picked":"Painkiller Herb"},{"not_picked":["infinitespire:Burning Sword","SlaversCollar"],"picked":"hubris:Backtick"}],"items_purged_floors":[37],"is_endless":false,"potions_floor_spawned":[1,2,4,10,11,18,25,27,28,33,35,41,46],"killed_by":"infinitespire:MassOfShapes","ascension_level":0}}