{"host":"johnydays","time":1612617644,"event":{"mods":["BaseMod","Bestiary","Block Reminder","Colored Map","Colored Powertips","DeckTracker","Highlight Path","Minty Spire (QoL Compilation)","Relic Stats","Slay-I","StSLib","SuperFastMode"],"gold_per_floor":[117,130,130,130,142,169,169,169,169,195,209,238,255,274,274,348,348,359,377,397,397,170,170,170,170],"floor_reached":24,"language":"ENG","playtime":868,"items_purged":[],"score":425,"play_id":"83241fb2-d797-4dd9-9d9e-d35bce51539a","local_time":"20210206132044","is_ascension_mode":true,"campfire_choices":[{"data":"Dash","floor":8.0,"key":"SMITH"},{"floor":15.0,"key":"REST"},{"data":"Catalyst","floor":23,"key":"SMITH"}],"circlet_count":0,"master_deck":["AscendersBane","Strike_G","Strike_G","Strike_G","Strike_G","Strike_G","Defend_G","Defend_G","Defend_G","Defend_G","Defend_G","Survivor","Neutralize","Deadly Poison+1","Calculated Gamble","Dash+1","Caltrops","Corpse Explosion","Dodge and Roll","Noxious Fumes+1","Catalyst","Tools of the Trade+1","Catalyst+1","Backflip","Footwork+1","Ghostly","Ghostly","Ghostly","Reflex"],"relics":["Ring of the Snake","NeowsBlessing","Mummified Hand","Regal Pillow","Ancient Tea Set","Frozen Egg 2","Cursed Key","Medical Kit"],"acts_visited":["Exordium","TheCity"],"potions_floor_usage":[16,16,18],"damage_taken":[{"damage":0.0,"enemies":"2 Louse","floor":1.0,"turns":1.0},{"damage":0.0,"enemies":"Small Slimes","floor":2.0,"turns":1.0},{"damage":0.0,"enemies":"Cultist","floor":5.0,"turns":1.0},{"damage":17.0,"enemies":"3 Sentries","floor":6.0,"turns":9.0},{"damage":5.0,"enemies":"Gremlin Nob","floor":10.0,"turns":4.0},{"damage":5.0,"enemies":"3 Louse","floor":11.0,"turns":2.0},{"damage":17.0,"enemies":"3 Sentries","floor":12.0,"turns":4.0},{"damage":0.0,"enemies":"Large Slime","floor":13.0,"turns":6.0},{"damage":6.0,"enemies":"Gremlin Gang","floor":14.0,"turns":5.0},{"damage":21,"enemies":"Slime Boss","floor":16,"turns":7},{"damage":18,"enemies":"Chosen","floor":18,"turns":5},{"damage":16,"enemies":"Spheric Guardian","floor":19,"turns":6},{"damage":0,"enemies":"Centurion and Healer","floor":20,"turns":4},{"damage":0,"enemies":"Gremlin Leader","floor":24,"turns":2}],"seed_played":"2324376252502011345","potions_obtained":[{"floor":6.0,"key":"AttackPotion"},{"floor":7.0,"key":"DuplicationPotion"},{"floor":10.0,"key":"Strength Potion"},{"floor":12.0,"key":"SteroidPotion"},{"floor":14.0,"key":"CunningPotion"},{"floor":16,"key":"SpeedPotion"},{"floor":19,"key":"EssenceOfSteel"},{"floor":20,"key":"DuplicationPotion"}],"is_trial":false,"path_per_floor":["M","M","?","$","M","E","?","R","T","E","M","E","M","M","R","B",null,"M","M","M","?","$","R","E"],"character_chosen":"THE_SILENT","items_purchased":["Reflex","Medical Kit"],"campfire_rested":1,"item_purchase_floors":[22,22],"current_hp_per_floor":[59,59,59,59,59,42,42,42,42,37,32,15,15,9,43,22,55,37,21,21,21,21,21,21,21],"gold":170,"neow_bonus":"THREE_ENEMY_KILL","is_daily":false,"chose_seed":false,"campfire_upgraded":2,"win_rate":0.0,"timestamp":1612617644,"path_taken":["M","M","?","$","M","E","?","R","T","E","M","E","?","M","R","BOSS","M","M","M","?","$","R","E"],"items_purchased_type":["Card","Relic"],"build_version":"2020-12-18","purchased_purges":0,"victory":false,"max_hp_per_floor":[66,66,66,66,66,66,66,66,66,66,66,66,66,66,66,66,66,66,66,66,33,33,33,33,33],"relic_stats":{"Regal Pillow":15,"counters":[14,57],"Mummified Hand":[15],"Cursed Key":0,"Medical Kit":[0],"obtain_stats":[{"Regal Pillow":9,"NeowsBlessing":0,"Mummified Hand":6,"Frozen Egg 2":12,"Ancient Tea Set":10,"Cursed Key":17,"Medical Kit":22,"Ring of the Snake":0},{"Regal Pillow":4,"NeowsBlessing":0,"Mummified Hand":4,"Frozen Egg 2":7,"Ancient Tea Set":5,"Cursed Key":10,"Medical Kit":13,"Ring of the Snake":0},{"Regal Pillow":12,"NeowsBlessing":0,"Mummified Hand":12,"Frozen Egg 2":22,"Ancient Tea Set":16,"Cursed Key":40,"Medical Kit":55,"Ring of the Snake":0}],"Ring of the Snake":[28]},"card_choices":[{"not_picked":["Bane","Endless Agony"],"picked":"Deadly Poison","floor":1.0},{"not_picked":["Cloak And Dagger","Distraction"],"picked":"Calculated Gamble","floor":2.0},{"not_picked":["Endless Agony","Dagger Throw"],"picked":"Dash","floor":5.0},{"not_picked":["Dodge and Roll","Dagger Spray"],"picked":"Caltrops","floor":6.0},{"not_picked":["Deflect","Backflip"],"picked":"Corpse Explosion","floor":10.0},{"not_picked":["Accuracy","Cloak And Dagger"],"picked":"Dodge and Roll","floor":11.0},{"not_picked":["Dash","Distraction"],"picked":"Noxious Fumes+1","floor":12.0},{"not_picked":["Underhanded Strike","Outmaneuver","Blade Dance"],"picked":"SKIP","floor":13.0},{"not_picked":["Predator","Cloak And Dagger"],"picked":"Catalyst","floor":14.0},{"not_picked":["Unload","Adrenaline"],"picked":"Tools of the Trade+1","floor":16},{"not_picked":["Riddle With Holes","Underhanded Strike"],"picked":"Catalyst","floor":18},{"not_picked":["Slice","Masterful Stab"],"picked":"Backflip","floor":19},{"not_picked":["Outmaneuver","Dodge and Roll"],"picked":"Footwork+1","floor":20}],"player_experience":496593,"relics_obtained":[{"floor":6.0,"key":"Mummified Hand"},{"floor":9.0,"key":"Regal Pillow"},{"floor":10.0,"key":"Ancient Tea Set"},{"floor":12.0,"key":"Frozen Egg 2"}],"event_choices":[{"damage_healed":0.0,"max_hp_gain":0.0,"max_hp_loss":0.0,"gold_gain":0.0,"event_name":"Living Wall","player_choice":"Grow","floor":3.0,"gold_loss":0.0,"damage_taken":0.0,"cards_upgraded":["Deadly Poison"]},{"damage_healed":0.0,"max_hp_gain":0.0,"max_hp_loss":0.0,"gold_gain":0.0,"event_name":"Lab","player_choice":"Got Potions","floor":7.0,"gold_loss":0.0,"damage_taken":0.0},{"damage_healed":0,"gold_gain":0,"player_choice":"Became a Ghost","damage_taken":0,"max_hp_gain":0,"max_hp_loss":33,"event_name":"Ghosts","floor":21,"gold_loss":0,"cards_obtained":["Ghostly","Ghostly","Ghostly"]}],"is_beta":true,"boss_relics":[{"not_picked":["Philosopher\u0027s Stone","Pandora\u0027s Box"],"picked":"Cursed Key"}],"items_purged_floors":[],"is_endless":false,"potions_floor_spawned":[6,10,12,14,16,19,20],"killed_by":"Gremlin Leader","ascension_level":15}}