{"host":"djoj10dqzzvtkauc","time":1612650065,"event":{"mods":["2.2 Compatiblity","BaseMod","Colored Map","DeckTracker","Highlight Path","Keyboard Shortcuts","Marisa£¨Ùöéë¡¡Øª×âÞÞ£©","Minty Spire (QoL Compilation)","Permanent Neow","Quick Restart","Random Character Button","StSLib","SuperFastMode","everything is the same but u backflip on backflip"],"gold_per_floor":[115,115,115,127,77,77,106,116,116,127,127,139,151,8,8,110,110,124,124,134,134,145,145,172,172,198,108,119,135,145,145,145,248,248,267,267,63,78,94,94,125,125,151,170,181,230,257,479,479,479],"floor_reached":51,"language":"KOR","playtime":2315,"items_purged":["Strike_G","Strike_G"],"score":1086,"play_id":"c6688441-abb1-4738-9c67-0ba2310fe5c5","local_time":"20210207072105","is_ascension_mode":true,"campfire_choices":[{"data":"Calculated Gamble","floor":6,"key":"SMITH"},{"floor":11,"key":"REST"},{"floor":15,"key":"REST"},{"data":"Underhanded Strike","floor":23,"key":"SMITH"},{"data":"Underhanded Strike","floor":25,"key":"SMITH"},{"floor":32,"key":"REST"},{"data":"Tactician","floor":40,"key":"SMITH"},{"floor":42,"key":"REST"},{"data":"Prepared","floor":49,"key":"SMITH"}],"circlet_count":0,"master_deck":["Strike_G","Defend_G","Defend_G","Defend_G+1","Defend_G","Survivor","Neutralize","Calculated Gamble+1","Dagger Throw+1","Acrobatics+1","Underhanded Strike+1","Prepared+1","Backflip","Reflex+1","Acrobatics","Dagger Throw","Terror","Die Die Die","Acrobatics","Reflex+1","Underhanded Strike+1","Backstab","Backflip+1","Footwork+1","Tools of the Trade","CurseOfTheBell","Reflex+1","Skewer","Leg Sweep","Escape Plan","Tactician+1","Backflip+1","Tactician+1","Concentrate","Calculated Gamble+1"],"relics":["Ring of the Snake","Lantern","Ninja Scroll","Sozu","Red Mask","War Paint","Lizard Tail","Calling Bell","Snake Skull","Shuriken","Gambling Chip","Regal Pillow","PreservedInsect","Mango","Juzu Bracelet"],"acts_visited":["Exordium","TheCity","TheBeyond"],"potions_floor_usage":[16,20,24],"damage_taken":[{"damage":2,"enemies":"2 Louse","floor":1,"turns":3},{"damage":4,"enemies":"Small Slimes","floor":4,"turns":4},{"damage":29,"enemies":"3 Sentries","floor":7,"turns":10},{"damage":0,"enemies":"Cultist","floor":8,"turns":2},{"damage":0,"enemies":"Blue Slaver","floor":10,"turns":2},{"damage":0,"enemies":"2 Fungi Beasts","floor":12,"turns":1},{"damage":0,"enemies":"Gremlin Gang","floor":13,"turns":3},{"damage":28,"enemies":"The Guardian","floor":16,"turns":10},{"damage":8,"enemies":"Shell Parasite","floor":18,"turns":4},{"damage":3,"enemies":"Spheric Guardian","floor":20,"turns":3},{"damage":2,"enemies":"Centurion and Healer","floor":22,"turns":6},{"damage":0,"enemies":"Masked Bandits","floor":24,"turns":3},{"damage":10,"enemies":"Snake Plant","floor":28,"turns":2},{"damage":0,"enemies":"Snecko","floor":29,"turns":2},{"damage":2,"enemies":"Centurion and Healer","floor":30,"turns":3},{"damage":29,"enemies":"Automaton","floor":33,"turns":9},{"damage":15,"enemies":"3 Shapes","floor":35,"turns":4},{"damage":7,"enemies":"Orb Walker","floor":38,"turns":2},{"damage":10,"enemies":"3 Darklings","floor":39,"turns":5},{"damage":0,"enemies":"Nemesis","floor":41,"turns":5},{"damage":0,"enemies":"Sphere and 2 Shapes","floor":44,"turns":3},{"damage":4,"enemies":"4 Shapes","floor":45,"turns":1},{"damage":0,"enemies":"2 Orb Walkers","floor":46,"turns":2},{"damage":0,"enemies":"Giant Head","floor":47,"turns":1},{"damage":0,"enemies":"Donu and Deca","floor":50,"turns":1}],"seed_played":"-6118118749027251242","potions_obtained":[{"floor":1,"key":"Poison Potion"},{"floor":10,"key":"Explosive Potion"},{"floor":12,"key":"Dexterity Potion"}],"is_trial":false,"path_per_floor":["M","?","?","M","$","R","E","M","T","M","R","M","M","$","R","B",null,"M","?","M","?","M","R","?","R","T","?","M","M","M","T","R","B",null,"M","?","$","M","M","R","E","R","T","M","M","?","E","?","R","B",null],"character_chosen":"THE_SILENT","items_purchased":["Underhanded Strike","Terror","Leg Sweep","Escape Plan"],"campfire_rested":4,"item_purchase_floors":[5,14,37,37],"current_hp_per_floor":[68,54,47,43,43,43,14,14,14,14,35,35,35,35,56,28,60,52,52,49,49,47,47,47,47,47,47,37,37,35,35,56,27,59,44,44,44,37,27,27,27,63,63,63,59,73,73,73,73,73],"gold":479,"neow_bonus":"THREE_CARDS","is_daily":false,"chose_seed":false,"campfire_upgraded":5,"win_rate":0.0,"timestamp":1612650065,"path_taken":["M","?","?","M","$","R","E","M","T","M","R","M","M","$","R","BOSS","M","?","M","?","M","R","?","R","T","?","M","M","?","?","R","BOSS","M","?","$","?","M","R","E","R","T","M","M","?","E","?","R","BOSS"],"items_purchased_type":["Card","Card","Card","Card"],"build_version":"2020-12-22","purchased_purges":2,"victory":true,"max_hp_per_floor":[70,70,70,70,70,70,70,70,70,70,70,70,70,70,70,70,70,70,70,70,70,70,70,70,70,70,70,70,70,70,70,70,70,70,70,70,70,70,70,70,70,70,70,70,70,84,84,84,84,84],"card_choices":[{"not_picked":["Bane","Dagger Throw"],"picked":"Calculated Gamble","floor":0},{"not_picked":["All Out Attack","Catalyst"],"picked":"Dagger Throw","floor":1},{"not_picked":["Bane","Deadly Poison"],"picked":"Acrobatics","floor":4},{"not_picked":["Blur","Deadly Poison"],"picked":"Prepared","floor":7},{"not_picked":["Acrobatics","Deflect"],"picked":"Backflip","floor":8},{"not_picked":["Crippling Poison","Eviscerate"],"picked":"Reflex","floor":10},{"not_picked":["Cloak And Dagger","Crippling Poison"],"picked":"Acrobatics","floor":12},{"not_picked":["Prepared","Bullet Time"],"picked":"Dagger Throw","floor":13},{"not_picked":["Glass Knife","Malaise"],"picked":"Die Die Die","floor":16},{"not_picked":["Dodge and Roll+1","Cloak And Dagger"],"picked":"Acrobatics","floor":18},{"not_picked":["Deflect","Deadly Poison+1","Setup"],"picked":"SKIP","floor":20},{"not_picked":["Deflect","Slice"],"picked":"Underhanded Strike","floor":22},{"not_picked":["Bane","Dagger Spray"],"picked":"Backstab","floor":24},{"not_picked":["Cloak And Dagger","Slice"],"picked":"Backflip+1","floor":28},{"not_picked":["Backstab","Dodge and Roll","Flechettes"],"picked":"SKIP","floor":29},{"not_picked":["Dagger Throw+1","Escape Plan+1"],"picked":"Footwork+1","floor":30},{"not_picked":["Corpse Explosion","Glass Knife"],"picked":"Tools of the Trade","floor":33},{"not_picked":["All Out Attack","Blade Dance+1"],"picked":"Reflex+1","floor":35},{"not_picked":["Catalyst","Quick Slash"],"picked":"Tactician","floor":38},{"not_picked":["Accuracy+1","Deflect"],"picked":"Backflip+1","floor":39},{"not_picked":["Expertise+1","Slice"],"picked":"Tactician+1","floor":41},{"not_picked":["Dagger Throw","Blade Dance+1"],"picked":"Concentrate","floor":44},{"not_picked":["Deadly Poison+1","Bane","Dagger Spray+1"],"picked":"SKIP","floor":45},{"not_picked":["Masterful Stab+1","Underhanded Strike+1"],"picked":"Calculated Gamble+1","floor":47}],"player_experience":179042,"relics_obtained":[{"floor":7,"key":"Lantern"},{"floor":9,"key":"Ninja Scroll"},{"floor":24,"key":"Red Mask"},{"floor":26,"key":"War Paint"},{"floor":31,"key":"Lizard Tail"},{"floor":34,"key":"Snake Skull"},{"floor":34,"key":"Shuriken"},{"floor":34,"key":"Gambling Chip"},{"floor":41,"key":"Regal Pillow"},{"floor":43,"key":"PreservedInsect"},{"floor":46,"key":"Mango"},{"floor":47,"key":"Juzu Bracelet"}],"event_choices":[{"damage_healed":0,"gold_gain":0,"player_choice":"Entered Light","damage_taken":14,"max_hp_gain":0,"max_hp_loss":0,"event_name":"Shining Light","floor":2,"gold_loss":0,"cards_upgraded":["Defend_G","Dagger Throw"]},{"cards_removed":["Strike_G"],"damage_healed":0,"gold_gain":0,"player_choice":"Card Removal","damage_taken":7,"max_hp_gain":0,"max_hp_loss":0,"event_name":"Golden Wing","floor":3,"gold_loss":0},{"damage_healed":0,"gold_gain":0,"player_choice":"Read","damage_taken":0,"max_hp_gain":0,"max_hp_loss":0,"event_name":"The Library","floor":19,"gold_loss":0,"cards_obtained":["Reflex"]},{"damage_healed":0,"gold_gain":0,"player_choice":"Ignored","damage_taken":0,"max_hp_gain":0,"max_hp_loss":0,"event_name":"Vampires","floor":21,"gold_loss":0},{"damage_healed":0,"gold_gain":0,"player_choice":"Fought Bandits","damage_taken":0,"max_hp_gain":0,"max_hp_loss":0,"event_name":"Masked Bandits","floor":24,"gold_loss":0},{"cards_removed":["Strike_G"],"damage_healed":0,"gold_gain":0,"player_choice":"Upgrade and Remove","damage_taken":0,"max_hp_gain":0,"max_hp_loss":0,"event_name":"Designer","floor":27,"gold_loss":90,"cards_upgraded":["Reflex"]},{"damage_healed":0,"gold_gain":0,"cards_transformed":["Defend_G"],"player_choice":"Transformed","damage_taken":0,"max_hp_gain":0,"max_hp_loss":0,"event_name":"Transmorgrifier","floor":36,"gold_loss":0,"cards_obtained":["Skewer"]},{"damage_healed":0,"gold_gain":0,"player_choice":"Fight","damage_taken":0,"max_hp_gain":0,"max_hp_loss":0,"event_name":"Mysterious Sphere","floor":46,"gold_loss":0},{"damage_healed":0,"gold_gain":222,"player_choice":"Wore Mask","damage_taken":0,"max_hp_gain":0,"max_hp_loss":0,"event_name":"Tomb of Lord Red Mask","floor":48,"gold_loss":0}],"is_beta":false,"boss_relics":[{"not_picked":["Coffee Dripper","Tiny House"],"picked":"Sozu"},{"not_picked":["Runic Pyramid","Snecko Eye"],"picked":"Calling Bell"}],"items_purged_floors":[14,37],"is_endless":false,"potions_floor_spawned":[1,10,12,20,24,29,33,38,41,44,46],"ascension_level":5}}