{"host":"jqkewjmybebgw3gd","time":1612615645,"event":{"mods":["AchievementEnabler","BaseMod","Colored Map","DeckTracker","Minty Spire (QoL Compilation)","StSLib","SuperFastMode"],"gold_per_floor":[442,476,501,524,567,616,631,678,702,735,775,900,937,973,973,1112,1112,1167,1192,1294,1344,1235,1287,1287,1317,1365,1383,1513,1513,1365,1414,1414,1530,1530,1540,1590,1640,1640,1674,1674,1723,1723,1723,1756,1832,1762,1812,1830,1830,1830,1830,1830,1591,1644,1644],"floor_reached":56,"language":"KOR","playtime":2860,"items_purged":["Defend_B","Strike_B","Defend_B","Blizzard+1","Zap"],"score":1794,"play_id":"d6b58d80-6105-4d04-911a-21c1c8a9126e","local_time":"20210206214725","is_ascension_mode":false,"campfire_choices":[{"floor":15,"key":"RECALL"},{"data":"1","floor":24,"key":"LIFT"},{"data":"2","floor":29,"key":"LIFT"},{"data":"3","floor":32,"key":"LIFT"},{"data":"Defend_B","floor":40,"key":"PURGE"},{"data":"Strike_B","floor":42,"key":"PURGE"},{"floor":49,"key":"DIG"},{"data":"Defend_B+1","floor":52,"key":"PURGE"}],"circlet_count":0,"master_deck":["Strike_B+1","Dualcast+1","Genetic Algorithm","Sweeping Beam+1","Ball Lightning+1","Ball Lightning+1","Tempest+1","BootSequence+1","Consume+1","Storm+1","Hologram+1","Reinforced Body+1","Double Energy+1","Conserve Battery+1","Capacitor+1","Defragment+1","Meteor Strike+1","Capacitor+1","Double Energy+1","Cold Snap+1","Melter+1","Chill+1","Panache+1","Cold Snap+1","Echo Form+1","Seek+1","Chaos+1","Buffer+1","Consume+1","Seek+1","Defragment+1","Thunder Strike+1","Defragment+1"],"relics":["Cracked Core","Ancient Tea Set","PreservedInsect","Bag of Marbles","Vajra","Anchor","DataDisk","Dream Catcher","Oddly Smooth Stone","CeramicFish","Smiling Mask","Centennial Puzzle","Art of War","Omamori","MealTicket","Nunchaku","Orichalcum","Tiny Chest","Toy Ornithopter","Boot","Lantern","Bag of Preparation","Bronze Scales","Pen Nib","Potion Belt","Blood Vial","Happy Flower","Regal Pillow","Meat on the Bone","Gremlin Horn","Singing Bowl","Molten Egg 2","Matryoshka","Question Card","Mummified Hand","The Courier","HornCleat","Kunai","Frozen Egg 2","Eternal Feather","Toxic Egg 2","InkBottle","Ornamental Fan","StrikeDummy","Pantograph","Letter Opener","Shuriken","Blue Candle","Cables","Sundial","Darkstone Periapt","Emotion Chip","Old Coin","Lizard Tail","Magic Flower","Unceasing Top","Shovel","Bird Faced Urn","Ginger","StoneCalendar","CaptainsWheel","Turnip","Thread and Needle","Ice Cream","Du-Vu Doll","Prayer Wheel","FossilizedHelix","Tough Bandages","Champion Belt","Charon\u0027s Ashes","Calipers","Girya","TungstenRod","Torii","Peace Pipe","Incense Burner","Pocketwatch","Black Star","SlaversCollar","SacredBark","WristBlade","Nuclear Battery","Bloody Idol","FaceOfCleric","SsserpentHead","War Paint","Runic Capacitor","Membership Card","OrangePellets","Sling","TheAbacus","Chemical X","ClockworkSouvenir","HandDrill","Prayer Wheel","Anchor","Matryoshka","Toy Ornithopter","MealTicket","Dream Catcher","Blue Candle","CeramicFish","Fusion Hammer","Omamori","PreservedInsect","StrikeDummy","Darkstone Periapt","DataDisk","Regal Pillow","Centennial Puzzle","Chemical X","Inserter","Mango","HornCleat","Molten Egg 2","Boot","Happy Flower","Whetstone","Medical Kit","Turnip","Bottled Lightning","Runic Capacitor","Bird Faced Urn","Art of War"],"acts_visited":["Exordium","TheCity","TheBeyond","TheEnding"],"potions_floor_usage":[16,50,55,55,55,55],"damage_taken":[{"damage":0,"enemies":"Cultist","floor":1,"turns":2},{"damage":0,"enemies":"Jaw Worm","floor":2,"turns":1},{"damage":0,"enemies":"2 Louse","floor":3,"turns":1},{"damage":0,"enemies":"Exordium Wildlife","floor":4,"turns":1},{"damage":0,"enemies":"Blue Slaver","floor":5,"turns":1},{"damage":0,"enemies":"Gremlin Nob","floor":6,"turns":1},{"damage":0,"enemies":"Looter","floor":7,"turns":1},{"damage":0,"enemies":"3 Sentries","floor":8,"turns":2},{"damage":0,"enemies":"Large Slime","floor":10,"turns":1},{"damage":0,"enemies":"Lagavulin","floor":11,"turns":1},{"damage":0,"enemies":"Exordium Thugs","floor":13,"turns":1},{"damage":0,"enemies":"3 Louse","floor":14,"turns":1},{"damage":0,"enemies":"Hexaghost","floor":16,"turns":2},{"damage":0,"enemies":"Shell Parasite","floor":18,"turns":1},{"damage":0,"enemies":"3 Byrds","floor":19,"turns":2},{"damage":0,"enemies":"Cultist and Chosen","floor":20,"turns":2},{"damage":0,"enemies":"Book of Stabbing","floor":23,"turns":1},{"damage":0,"enemies":"Gremlin Leader","floor":25,"turns":1},{"damage":0,"enemies":"Snake Plant","floor":27,"turns":1},{"damage":0,"enemies":"3 Cultists","floor":31,"turns":1},{"damage":0,"enemies":"Automaton","floor":33,"turns":2},{"damage":0,"enemies":"3 Shapes","floor":35,"turns":1},{"damage":0,"enemies":"3 Darklings","floor":39,"turns":1},{"damage":0,"enemies":"Nemesis","floor":41,"turns":1},{"damage":0,"enemies":"Reptomancer","floor":44,"turns":1},{"damage":0,"enemies":"Maw","floor":48,"turns":2},{"damage":0,"enemies":"Time Eater","floor":50,"turns":2},{"damage":0,"enemies":"Shield and Spear","floor":54,"turns":1},{"damage":0,"enemies":"The Heart","floor":55,"turns":3}],"seed_played":"-6887367154702067100","potions_obtained":[{"floor":2,"key":"SteroidPotion"},{"floor":3,"key":"AttackPotion"},{"floor":5,"key":"Dexterity Potion"},{"floor":10,"key":"FairyPotion"},{"floor":13,"key":"SpeedPotion"},{"floor":19,"key":"FearPotion"}],"is_trial":false,"path_per_floor":["M","M","M","M","M","E","M","E","T","M","E","?","M","M","R","B",null,"M","M","M","?","$","E","R","E","T","M","T","R","$","M","R","B",null,"M","?","?","$","M","R","E","R","T","E","T","$","?","M","R","B",null,"R","$","E","B",null],"character_chosen":"DEFECT","items_purchased":["Melter+1","Chill+1","Panache+1","Chemical X","Echo Form+1","Blizzard+1","Defragment+1","Medical Kit","Thunder Strike+1","Bottled Lightning","Runic Capacitor","Strength Potion"],"campfire_rested":0,"item_purchase_floors":[22,22,22,30,30,30,46,46,53,53,53,53],"current_hp_per_floor":[76,77,80,83,84,85,90,91,91,94,97,89,99,103,103,104,104,105,110,111,111,111,112,112,115,115,120,120,120,120,121,121,122,122,127,127,127,127,130,130,145,145,145,148,148,148,148,153,153,154,154,154,154,155,156],"gold":1644,"neow_bonus":"TRANSFORM_CARD","is_daily":false,"chose_seed":false,"campfire_upgraded":0,"win_rate":0.0,"timestamp":1612615645,"path_taken":["M","M","M","M","M","E","M","E","T","M","E","?","M","M","R","BOSS","M","M","?","?","$","E","R","E","T","M","?","R","$","M","R","BOSS","M","?","?","?","M","R","E","R","T","E","?","?","?","M","R","BOSS","R","$","E","BOSS"],"items_purchased_type":["Card","Card","Card","Relic","Card","Card","Card","Relic","Card","Relic","Relic","Potion"],"build_version":"2020-12-22","purchased_purges":5,"victory":true,"max_hp_per_floor":[76,77,80,83,84,85,90,91,91,94,97,97,100,103,103,104,104,105,110,111,111,111,112,112,115,115,120,120,120,120,121,121,122,122,127,127,127,127,130,130,145,145,145,148,148,148,148,153,153,154,154,154,154,155,156],"card_choices":[{"not_picked":["Darkness+1","Barrage+1","Undo+1"],"picked":"Sweeping Beam+1","floor":1},{"not_picked":["Steam Power+1","Turbo+1","Sweeping Beam+1"],"picked":"Ball Lightning+1","floor":1},{"not_picked":["Streamline+1","Chaos+1","Force Field+1"],"picked":"Ball Lightning+1","floor":2},{"not_picked":["Rebound+1","Darkness+1","Capacitor+1"],"picked":"Tempest+1","floor":2},{"not_picked":["Sweeping Beam+1","Auto Shields+1","Beam Cell+1"],"picked":"BootSequence+1","floor":3},{"not_picked":["Redo+1","Compile Driver+1","Ball Lightning+1","Go for the Eyes+1"],"picked":"Singing Bowl","floor":3},{"not_picked":["Creative AI+1","Reprogram+1","Genetic Algorithm+1","Auto Shields+1"],"picked":"Singing Bowl","floor":4},{"not_picked":["Cold Snap+1","Turbo+1","Stack+1"],"picked":"Consume+1","floor":4},{"not_picked":["Self Repair+1","Beam Cell+1","Conserve Battery+1"],"picked":"Storm+1","floor":5},{"not_picked":["Auto Shields+1","Redo+1","Undo+1"],"picked":"Hologram+1","floor":5},{"not_picked":["Rebound+1","Steam Power+1","Go for the Eyes+1"],"picked":"Reinforced Body+1","floor":6},{"not_picked":["Reprogram+1","Redo+1","Gash+1","Turbo+1"],"picked":"Singing Bowl","floor":7},{"not_picked":["Steam+1","Undo+1","Rip and Tear+1","Thunder Strike+1"],"picked":"Singing Bowl","floor":7},{"not_picked":["Lockon+1","Stack+1","Scrape+1"],"picked":"Double Energy+1","floor":8},{"not_picked":["Sweeping Beam+1","Ball Lightning+1","Stack+1"],"picked":"Conserve Battery+1","floor":10},{"not_picked":["Force Field+1","Skim+1","Self Repair+1","Redo+1"],"picked":"Singing Bowl","floor":10},{"not_picked":["Steam+1","Auto Shields+1","Blizzard+1","Fusion+1"],"picked":"Singing Bowl","floor":11},{"not_picked":["Cold Snap+1","Stack+1","Hologram+1"],"picked":"Capacitor+1","floor":13},{"not_picked":["Sunder+1","Rebound+1","Scrape+1","Lockon+1"],"picked":"Singing Bowl","floor":13},{"not_picked":["Steam+1","Ball Lightning+1","Melter+1"],"picked":"Defragment+1","floor":14},{"not_picked":["Double Energy+1","Rebound+1","Compile Driver+1","Stack+1"],"picked":"Singing Bowl","floor":14},{"not_picked":["Multi-Cast+1","Biased Cognition+1","Creative AI+1"],"picked":"Meteor Strike+1","floor":16},{"not_picked":["Recycle+1","Beam Cell+1","Hologram+1"],"picked":"Capacitor+1","floor":18},{"not_picked":["Chaos+1","Streamline+1","Coolheaded+1"],"picked":"Cold Snap+1","floor":18},{"not_picked":["Capacitor+1","Streamline+1","Rebound+1","Compile Driver+1"],"picked":"Singing Bowl","floor":19},{"not_picked":["Heatsinks+1","Conserve Battery+1","Capacitor+1","Aggregate+1"],"picked":"Singing Bowl","floor":19},{"not_picked":["Steam+1","Hologram+1","Meteor Strike+1"],"picked":"Double Energy+1","floor":20},{"not_picked":["Conserve Battery+1","Lockon+1","Auto Shields+1"],"picked":"Cold Snap+1","floor":20},{"not_picked":["Redo+1","Darkness+1","Barrage+1"],"picked":"Cold Snap+1","floor":23},{"not_picked":["Gash+1","Heatsinks+1","Hologram+1","Loop+1"],"picked":"Singing Bowl","floor":25},{"not_picked":["Compile Driver+1","Auto Shields+1","Loop+1","Darkness+1"],"picked":"Singing Bowl","floor":27},{"not_picked":["Steam+1","Coolheaded+1","Sweeping Beam+1","Storm+1"],"picked":"Singing Bowl","floor":27},{"not_picked":["Steam+1","Gash+1","Leap+1"],"picked":"Seek+1","floor":31},{"not_picked":["Ball Lightning+1","Rebound+1","Streamline+1"],"picked":"Chaos+1","floor":31},{"not_picked":["Biased Cognition+1","Creative AI+1","Rainbow+1"],"picked":"Buffer+1","floor":33},{"not_picked":["Streamline+1","Chill+1","Storm+1","Leap+1"],"picked":"Singing Bowl","floor":35},{"not_picked":["Streamline+1","Capacitor+1","Undo+1","Hologram+1"],"picked":"Singing Bowl","floor":35},{"not_picked":["Barrage+1","Rebound+1","Steam+1","Rip and Tear+1"],"picked":"Singing Bowl","floor":39},{"not_picked":["Steam+1","Hologram+1","Ball Lightning+1"],"picked":"Consume+1","floor":39},{"not_picked":["Rainbow+1","Amplify+1","Static Discharge+1"],"picked":"Seek+1","floor":41},{"not_picked":["Hyperbeam+1","Sunder+1","Hologram+1","Compile Driver+1"],"picked":"Singing Bowl","floor":44},{"not_picked":["Stack+1","Rip and Tear+1","Sweeping Beam+1","Darkness+1"],"picked":"Singing Bowl","floor":48},{"not_picked":["Barrage+1","Redo+1","Genetic Algorithm+1","Compile Driver+1"],"picked":"Singing Bowl","floor":48},{"not_picked":["Recycle+1","Skim+1","Steam Power+1"],"picked":"Defragment+1","floor":54}],"player_experience":475218,"relics_obtained":[{"floor":6,"key":"Prayer Wheel"},{"floor":6,"key":"Anchor"},{"floor":8,"key":"Matryoshka"},{"floor":8,"key":"Toy Ornithopter"},{"floor":9,"key":"MealTicket"},{"floor":9,"key":"Dream Catcher"},{"floor":11,"key":"Blue Candle"},{"floor":11,"key":"CeramicFish"},{"floor":23,"key":"Omamori"},{"floor":23,"key":"PreservedInsect"},{"floor":25,"key":"StrikeDummy"},{"floor":25,"key":"Darkstone Periapt"},{"floor":26,"key":"DataDisk"},{"floor":26,"key":"Regal Pillow"},{"floor":26,"key":"Centennial Puzzle"},{"floor":41,"key":"Mango"},{"floor":41,"key":"HornCleat"},{"floor":43,"key":"Molten Egg 2"},{"floor":44,"key":"Boot"},{"floor":44,"key":"Happy Flower"},{"floor":45,"key":"Whetstone"},{"floor":49,"key":"Turnip"},{"floor":54,"key":"Bird Faced Urn"},{"floor":54,"key":"Art of War"}],"event_choices":[{"damage_healed":0,"gold_gain":75,"player_choice":"Touch","damage_taken":9,"max_hp_gain":0,"max_hp_loss":0,"event_name":"FaceTrader","floor":12,"gold_loss":0},{"damage_healed":0,"gold_gain":0,"player_choice":"Gave Idol","damage_taken":0,"relics_obtained":["Bloody Idol"],"max_hp_gain":0,"max_hp_loss":0,"event_name":"Forgotten Altar","floor":21,"relics_lost":["Golden Idol"],"gold_loss":0},{"cards_removed":["Cold Snap"],"damage_healed":0,"gold_gain":0,"player_choice":"Removed Attack","damage_taken":0,"max_hp_gain":0,"max_hp_loss":0,"event_name":"Falling","floor":36,"gold_loss":0},{"damage_healed":0,"gold_gain":0,"player_choice":"Ignored","damage_taken":0,"max_hp_gain":0,"max_hp_loss":0,"event_name":"Tomb of Lord Red Mask","floor":37,"gold_loss":0},{"damage_healed":0,"gold_gain":0,"player_choice":"Got Potions","damage_taken":0,"max_hp_gain":0,"max_hp_loss":0,"event_name":"Lab","floor":47,"gold_loss":0}],"is_beta":false,"boss_relics":[{"not_picked":["Ectoplasm","Cursed Key"],"picked":"Fusion Hammer"},{"not_picked":["Sozu","Snecko Eye"],"picked":"Inserter"}],"items_purged_floors":[22,30,38,46,53],"is_endless":false,"potions_floor_spawned":[2,3,5,10,13,19,31,33,35,41],"ascension_level":0}}