{"host":"9slw7l0ws16384qq","time":1612649940,"event":{"mods":["A Penny For Your Troubles","BaseMod","Colored Map","Downfall","Evolution","Hubris","Minty Spire (QoL Compilation)","Replay The Spire","StS++","StSLib"],"gold_per_floor":[99,119,119,119,119,119,119,19,19,35,35,61,61,95,106,206,206,106,117,182,92,92,92,140,140,140,140,140,140,166,151,170,269,269,269,279,429,440,527,554,554,554,573,573,228,257,273,273,292,292,292,292],"floor_reached":50,"language":"FRA","playtime":1915,"items_purged":["Sickly","hexamod:Strike"],"score":788,"play_id":"745fb613-ac01-40d5-8b94-dfbc72be06f3","local_time":"20210206231900","is_ascension_mode":true,"campfire_choices":[{"floor":6.0,"key":"RECALL"},{"data":"hexamod:Sear","floor":8.0,"key":"SMITH"},{"data":"hexamod:SuperheatedStrike","floor":13.0,"key":"SMITH"},{"floor":18.0,"key":"DIG"},{"floor":25,"key":"REST"},{"data":"hexamod:Strike","floor":27,"key":"SMITH"},{"data":"hexamod:SuperheatedStrike","floor":35,"key":"SMITH"},{"floor":44,"key":"REST"}],"circlet_count":0,"master_deck":["hexamod:Strike+1","hexamod:Strike","hexamod:Defend+1","hexamod:Defend+1","hexamod:Defend+1","hexamod:Defend+1","hexamod:Sear+1","hexamod:Float","Apotheosis+1","hexamod:SuperheatedStrike+1","hexamod:SuperheatedStrike+1","hexamod:SuperheatedStrike+1","expansioncontent:InvincibleStrength","hexamod:EmpoweredFlame+1"],"relics":["hexamod:SpiritBrand","EVO:Axolotl","hubris:Towel","Juzu Bracelet","downfall:HeartBlessingRed","ReplayTheSpireMod:Ring of Exchange","Ring of Peace","Durian","hexamod:MatchstickCase","hubris:RunicObelisk","downfall:HeartBlessingGreen","Replay:Bottled Eggs","PreservedInsect","Pen Nib","Question Card","Philosopher\u0027s Stone","Orichalcum","CaptainsWheel","Snack Pack","Kunai","Vajra"],"acts_visited":["Exordium","TheCity","TheBeyond"],"potions_floor_usage":[50,50,50],"damage_taken":[{"damage":0.0,"enemies":"Cultist","floor":2.0,"turns":3.0},{"damage":0.0,"enemies":"Jaw Worm","floor":10.0,"turns":3.0},{"damage":4.0,"enemies":"Gremlin Nob","floor":12.0,"turns":4.0},{"damage":15.0,"enemies":"3 Sentries","floor":14.0,"turns":6.0},{"damage":0.0,"enemies":"Small Slimes","floor":15.0,"turns":3.0},{"damage":7.0,"enemies":"IC_STATUS_ARCHETYPE","floor":16.0,"turns":6.0},{"damage":0.0,"enemies":"Chosen","floor":19.0,"turns":3.0},{"damage":0.0,"enemies":"downfall:FleeingMerchant","floor":21.0,"turns":4.0},{"damage":0,"enemies":"Gremlin Leader","floor":30,"turns":4},{"damage":0,"enemies":"downfall:FleeingMerchant","floor":31,"turns":4},{"damage":0,"enemies":"3 Cultists","floor":32,"turns":5},{"damage":41,"enemies":"SI_MIRROR_ARCHETYPE","floor":33,"turns":9},{"damage":0,"enemies":"3 Shapes","floor":36,"turns":4},{"damage":0,"enemies":"Orb Walker","floor":38,"turns":3},{"damage":0,"enemies":"downfall:FleeingMerchant","floor":39,"turns":3},{"damage":0,"enemies":"Giant Head","floor":40,"turns":6},{"damage":36,"enemies":"Writhing Mass","floor":43,"turns":5},{"damage":26,"enemies":"R_Hoarder","floor":46,"turns":6},{"damage":24,"enemies":"3 Darklings","floor":47,"turns":5},{"damage":0,"enemies":"Transient","floor":49,"turns":5},{"damage":36,"enemies":"DF_ARCHETYPE_ORBS","floor":50,"turns":8}],"seed_played":"-1463761183836818876","potions_obtained":[{"floor":2.0,"key":"Swift Potion"},{"floor":12.0,"key":"StSpp:SecondWindPotion"},{"floor":14.0,"key":"Dexterity Potion"},{"floor":15.0,"key":"Dexterity Potion"},{"floor":26,"key":"CultistPotion"}],"is_trial":false,"path_per_floor":["R_BF","M","?","?","?","R","T","R","?","M","?","E","R","E","M","B",null,"R_BF","M","?","$","?","?","T","R","?","R","?","?","E","$","M","B",null,"R","M","?","M","$","E","T","?","M","R","$","E","M","?","M","B"],"character_chosen":"THE_SPIRIT","items_purchased":["Orichalcum","Kunai","expansioncontent:InvincibleStrength"],"campfire_rested":2,"item_purchase_floors":[39,45,45],"current_hp_per_floor":[70,70,70,70,70,70,70,70,70,70,70,71,71,56,56,49,69,69,69,51,51,51,51,58,82,82,82,82,66,66,66,66,25,72,72,72,72,72,72,72,72,72,40,66,66,44,26,26,30,0,0,0],"gold":292,"neow_bonus":"RANDOM_COLORLESS_2","is_daily":false,"chose_seed":false,"campfire_upgraded":4,"win_rate":0.0,"timestamp":1612649940,"path_taken":["R_BF","M","?","?","?","R","T","R","?","M","?","E","R","E","M","BOSS","R_BF","M","?","?","?","?","T","R","?","R","?","?","E","$","M","BOSS","R","M","?","M","$","E","T","?","M","R","$","E","M","?","M","BOSS"],"items_purchased_type":["Relic","Relic","Card"],"build_version":"2020-12-22","purchased_purges":2,"victory":false,"max_hp_per_floor":[70,70,70,70,70,70,70,70,70,70,70,75,75,75,75,75,75,75,75,75,75,75,75,82,82,82,82,82,87,87,87,87,87,87,87,87,87,87,87,87,87,87,87,87,87,87,87,87,87,87,87,87],"card_choices":[{"not_picked":["Thinking Ahead","HandOfGreed"],"picked":"Apotheosis","floor":0.0},{"not_picked":["hexamod:ThermalTransfer","hexamod:CatchUp","hexamod:GhostOfSpirePast"],"picked":"SKIP","floor":2.0},{"not_picked":["hexamod:FastForward","hexamod:PhantomFireball"],"picked":"hexamod:SuperheatedStrike","floor":10.0},{"not_picked":["hexamod:BacktrackSmack","hexamod:UnleashSpirits","hexamod:SwordOfDarkness"],"picked":"SKIP","floor":12.0},{"not_picked":["hexamod:HeatMetal","hexamod:HauntingEcho","hexamod:NightmareStrike"],"picked":"SKIP","floor":14.0},{"not_picked":["hexamod:InspiringFlames","hexamod:Firestarter","hexamod:FlamesFromBeyond"],"picked":"SKIP","floor":15.0},{"not_picked":["hexamod:GhostShield","hexamod:InspiringFlames+1"],"picked":"hexamod:SuperheatedStrike+1","floor":19.0},{"not_picked":["hexamod:Incineration","hexamod:Haunt+1","hexamod:ForkedFlame"],"picked":"SKIP","floor":21.0},{"not_picked":["hexamod:CatchUp+1","hexamod:EtherealExpedition+1","hexamod:FourthSeal"],"picked":"SKIP","floor":30},{"not_picked":["hexamod:BacktrackSmack","hexamod:Again","hexamod:GhostflameInferno","hexamod:PowerFromBeyond+1"],"picked":"SKIP","floor":31},{"not_picked":["hexamod:NightmareStrike","hexamod:FastForward","hexamod:FlamesFromBeyond"],"picked":"hexamod:SuperheatedStrike","floor":32},{"not_picked":["hexamod:NecessarySacrifice+1","hexamod:HeatMetal+1","hexamod:Hexaguard","hexamod:ThermalTransfer+1"],"picked":"SKIP","floor":36},{"not_picked":["hexamod:SpectersWail+1","hexamod:BurningTouch+1","hexamod:HeatShield","hexamod:ExtraCrispy+1"],"picked":"SKIP","floor":38},{"not_picked":["hexamod:GhostOfSpirePast+1","hexamod:Haunt+1","hexamod:ApocalypticArmor","hexamod:SecondSeal"],"picked":"SKIP","floor":39},{"not_picked":["hexamod:SoulSteal","hexamod:InspiringFlames","hexamod:Incineration+1","hexamod:ThermalTransfer"],"picked":"SKIP","floor":40},{"not_picked":["hexamod:GhostOfSpirePresent","hexamod:FastForward","hexamod:InspiringFlames+1","hexamod:ThermalTransfer"],"picked":"SKIP","floor":43},{"not_picked":["hexamod:DynamicBlow","hexamod:HeatCrush+1","hexamod:Hexaguard"],"picked":"hexamod:EmpoweredFlame+1","floor":46},{"not_picked":["hexamod:HeatMetal","hexamod:FlamesFromBeyond+1","hexamod:GhostflameBarrier","hexamod:HeatShield+1"],"picked":"SKIP","floor":47},{"not_picked":["hexamod:ThermalTransfer","hexamod:InspiringFlames","hexamod:ShieldOfDarkness","hexamod:FlamesFromBeyond"],"picked":"SKIP","floor":49}],"player_experience":1652374,"relics_obtained":[{"floor":7.0,"key":"Juzu Bracelet"},{"floor":9.0,"key":"ReplayTheSpireMod:Ring of Exchange"},{"floor":9.0,"key":"Ring of Peace"},{"floor":12.0,"key":"Durian"},{"floor":14.0,"key":"hexamod:MatchstickCase"},{"floor":18.0,"key":"Replay:Bottled Eggs"},{"floor":20.0,"key":"PreservedInsect"},{"floor":24,"key":"Strawberry"},{"floor":30,"key":"Question Card"},{"floor":40,"key":"CaptainsWheel"},{"floor":41,"key":"Snack Pack"},{"floor":46,"key":"Vajra"}],"event_choices":[{"damage_healed":0,"gold_gain":0,"player_choice":"Got Potions","damage_taken":0,"max_hp_gain":0,"max_hp_loss":0,"event_name":"Lab","floor":48,"gold_loss":0}],"is_beta":false,"boss_relics":[{"not_picked":["ReplayTheSpireMod:ShopPack","hexamod:UnbrokenSoul"],"picked":"hubris:RunicObelisk"},{"not_picked":["Honey Jar","Calling Bell"],"picked":"Philosopher\u0027s Stone"}],"items_purged_floors":[21,39],"is_endless":false,"potions_floor_spawned":[2,12,14,15,32,33,43,47],"killed_by":"DF_ARCHETYPE_ORBS","ascension_level":5}}