{"host":"2qv44oxt58ptq59r","time":1612618924,"event":{"mods":["AchievementEnabler","BaseMod","Colored Powertips","Highlight Path","Minty Spire (QoL Compilation)","Permanent Neow","StSLib"],"gold_per_floor":[119,119,219,235,254,289,289,306,331,331,331,358,358,378,378,474,524,539,237,247,24,42,42,80,80,106,106,106,133,143,160,160,261,288,313,331,331,344,344,344],"floor_reached":39,"language":"ENG","playtime":6406,"items_purged":["Strike_R"],"score":559,"play_id":"90909011-cf8d-4266-9b69-af1262c075aa","local_time":"20210206134204","is_ascension_mode":true,"campfire_choices":[{"data":"Shockwave","floor":7.0,"key":"SMITH"},{"floor":11.0,"key":"RECALL"},{"floor":13.0,"key":"REST"},{"data":"Inflame","floor":15.0,"key":"SMITH"},{"data":"Bash","floor":23.0,"key":"SMITH"},{"data":"Exhume","floor":25.0,"key":"SMITH"},{"floor":32.0,"key":"REST"}],"circlet_count":0,"master_deck":["Strike_R+1","Strike_R+1","Strike_R+1","Defend_R+1","Defend_R","Bash+1","Shockwave+1","Inflame+1","Shrug It Off+1","Rage","Heavy Blade+1","Feed","Rage","Shrug It Off+1","Headbutt","Exhume+1","Inflame+1","Cleave","Body Slam+1","True Grit+1","Impervious","Thunderclap","Iron Wave+1","Wild Strike+1","Cleave+1","Feel No Pain+1","Madness","Madness"],"relics":["Burning Blood","Happy Flower","Juzu Bracelet","Omamori","Tiny House","Whetstone","Orrery","Ancient Tea Set","CeramicFish","Bronze Scales","Astrolabe"],"acts_visited":["Exordium","TheCity","TheBeyond"],"potions_floor_usage":[39],"damage_taken":[{"damage":1.0,"enemies":"Cultist","floor":1.0,"turns":3.0},{"damage":0.0,"enemies":"Jaw Worm","floor":4.0,"turns":3.0},{"damage":0.0,"enemies":"2 Louse","floor":5.0,"turns":4.0},{"damage":19.0,"enemies":"Lagavulin","floor":6.0,"turns":9.0},{"damage":3.0,"enemies":"Looter","floor":8.0,"turns":4.0},{"damage":36.0,"enemies":"3 Sentries","floor":12.0,"turns":9.0},{"damage":7.0,"enemies":"3 Louse","floor":14.0,"turns":4.0},{"damage":11.0,"enemies":"The Guardian","floor":16.0,"turns":13.0},{"damage":23.0,"enemies":"3 Byrds","floor":18.0,"turns":6.0},{"damage":0.0,"enemies":"Spheric Guardian","floor":20.0,"turns":3.0},{"damage":12.0,"enemies":"Centurion and Healer","floor":22.0,"turns":6.0},{"damage":3.0,"enemies":"Gremlin Leader","floor":24.0,"turns":6.0},{"damage":11.0,"enemies":"3 Cultists","floor":29.0,"turns":6.0},{"damage":25.0,"enemies":"Snake Plant","floor":30.0,"turns":3.0},{"damage":20.0,"enemies":"Shelled Parasite and Fungi","floor":31.0,"turns":5.0},{"damage":80.0,"enemies":"Automaton","floor":33.0,"turns":10.0},{"damage":9.0,"enemies":"Orb Walker","floor":35.0,"turns":4.0},{"damage":21.0,"enemies":"3 Shapes","floor":38.0,"turns":3.0},{"damage":63,"enemies":"2 Orb Walkers","floor":39,"turns":4}],"seed_played":"-7667371740555238496","potions_obtained":[{"floor":1.0,"key":"Weak Potion"},{"floor":5.0,"key":"SteroidPotion"},{"floor":12.0,"key":"PowerPotion"},{"floor":14.0,"key":"Fire Potion"},{"floor":16.0,"key":"Energy Potion"},{"floor":17.0,"key":"SneckoOil"},{"floor":18.0,"key":"Weak Potion"},{"floor":20.0,"key":"FairyPotion"},{"floor":29.0,"key":"CultistPotion"},{"floor":33.0,"key":"Ancient Potion"},{"floor":35.0,"key":"ColorlessPotion"}],"is_trial":false,"path_per_floor":["M","?","?","M","M","E","R","M","T","?","R","E","R","M","R","B",null,"M","$","M","$","M","R","E","R","T","?","?","M","M","M","R","B",null,"M","?","?","M","?"],"character_chosen":"IRONCLAD","items_purchased":["Whetstone","Orrery","Ancient Tea Set"],"campfire_rested":2,"item_purchase_floors":[19,19,21],"current_hp_per_floor":[85,67,67,73,79,66,66,69,69,74,74,44,71,70,70,65,91,77,77,83,83,80,80,83,83,83,83,83,78,59,48,80,38,90,87,74,74,59,0,0],"gold":344,"neow_bonus":"TEN_PERCENT_HP_BONUS","is_daily":false,"chose_seed":false,"campfire_upgraded":4,"win_rate":0.0,"timestamp":1612618924,"path_taken":["M","?","?","M","?","E","R","M","T","?","R","E","R","M","R","BOSS","M","$","M","$","M","R","E","R","T","?","?","M","M","M","R","BOSS","M","?","?","M","?"],"items_purchased_type":["Relic","Relic","Relic"],"build_version":"2020-12-22","purchased_purges":1,"victory":false,"max_hp_per_floor":[88,88,88,88,88,88,88,88,88,93,93,93,93,93,93,93,98,101,101,101,101,104,104,104,104,104,104,104,104,104,107,107,107,107,107,107,107,107,107,107],"card_choices":[{"not_picked":["Dropkick","Cleave","Anger"],"picked":"SKIP","floor":1.0},{"not_picked":["Twin Strike","Reckless Charge"],"picked":"Shockwave","floor":4.0},{"not_picked":["Seeing Red","Pommel Strike"],"picked":"Inflame","floor":5.0},{"not_picked":["Fire Breathing","Dropkick"],"picked":"Shrug It Off","floor":6.0},{"not_picked":["Body Slam","Thunderclap"],"picked":"Rage","floor":8.0},{"not_picked":["Combust","Burning Pact"],"picked":"Heavy Blade","floor":12.0},{"not_picked":["Ghostly Armor","True Grit","Hemokinesis"],"picked":"SKIP","floor":14.0},{"not_picked":["Immolate","Reaper"],"picked":"Feed","floor":16.0},{"not_picked":["Evolve","Clash"],"picked":"Rage","floor":17.0},{"not_picked":["Metallicize","Perfected Strike"],"picked":"Shrug It Off+1","floor":18.0},{"not_picked":["Dropkick","Shrug It Off"],"picked":"Headbutt","floor":19.0},{"not_picked":["Seeing Red","Havoc"],"picked":"Exhume","floor":19.0},{"not_picked":["Dropkick","Havoc"],"picked":"Inflame+1","floor":19.0},{"not_picked":["Reckless Charge","Perfected Strike"],"picked":"Cleave","floor":19.0},{"not_picked":["Flex","Clash"],"picked":"Body Slam+1","floor":19.0},{"not_picked":["Pommel Strike","Twin Strike","Headbutt"],"picked":"SKIP","floor":20.0},{"not_picked":["Flex","Clash"],"picked":"True Grit+1","floor":22.0},{"not_picked":["Battle Trance","Thunderclap"],"picked":"Impervious","floor":24.0},{"not_picked":["Perfected Strike","Headbutt"],"picked":"Thunderclap","floor":29.0},{"not_picked":["Pummel","Pommel Strike","Shrug It Off"],"picked":"SKIP","floor":30.0},{"not_picked":["Warcry","Wild Strike+1","Armaments"],"picked":"SKIP","floor":31.0},{"not_picked":["Pommel Strike+1","Combust+1"],"picked":"Feel No Pain+1","floor":35.0},{"not_picked":["True Grit","Flex","Havoc+1"],"picked":"SKIP","floor":38.0}],"player_experience":5603682,"relics_obtained":[{"floor":6.0,"key":"Happy Flower"},{"floor":9.0,"key":"Juzu Bracelet"},{"floor":12.0,"key":"Omamori"},{"floor":24.0,"key":"CeramicFish"},{"floor":26.0,"key":"Bronze Scales"}],"event_choices":[{"damage_healed":0.0,"max_hp_gain":0.0,"max_hp_loss":0.0,"gold_gain":0.0,"event_name":"Shining Light","player_choice":"Entered Light","floor":2.0,"gold_loss":0.0,"damage_taken":18.0,"cards_upgraded":["Defend_R","Strike_R"]},{"damage_healed":0.0,"max_hp_gain":0.0,"max_hp_loss":0.0,"gold_gain":100.0,"event_name":"Golden Shrine","player_choice":"Pray","floor":3.0,"gold_loss":0.0,"damage_taken":0.0},{"damage_healed":0.0,"max_hp_gain":5.0,"max_hp_loss":0.0,"gold_gain":0.0,"event_name":"Big Fish","player_choice":"Donut","floor":10.0,"gold_loss":0.0,"damage_taken":0.0},{"damage_healed":0.0,"max_hp_gain":0.0,"max_hp_loss":0.0,"gold_gain":0.0,"event_name":"Ghosts","player_choice":"Ignored","floor":27.0,"gold_loss":0.0,"damage_taken":0.0},{"damage_healed":0.0,"max_hp_gain":0.0,"max_hp_loss":0.0,"gold_gain":0.0,"event_name":"Upgrade Shrine","player_choice":"Upgraded","floor":28.0,"gold_loss":0.0,"damage_taken":0.0,"cards_upgraded":["Heavy Blade"]},{"damage_healed":0.0,"max_hp_gain":0.0,"max_hp_loss":0.0,"gold_gain":0.0,"event_name":"Winding Halls","player_choice":"Embrace Madness","floor":36.0,"gold_loss":0.0,"damage_taken":13.0,"cards_obtained":["Madness","Madness"]},{"damage_healed":0.0,"max_hp_gain":0.0,"max_hp_loss":0.0,"gold_gain":0.0,"event_name":"Lab","player_choice":"Got Potions","floor":37.0,"gold_loss":0.0,"damage_taken":0.0},{"damage_healed":0,"gold_gain":0,"player_choice":"Fight","damage_taken":0,"max_hp_gain":0,"max_hp_loss":0,"event_name":"Mysterious Sphere","floor":39,"gold_loss":0}],"is_beta":false,"boss_relics":[{"not_picked":["Black Star","Coffee Dripper"],"picked":"Tiny House"},{"not_picked":["Runic Cube","Runic Pyramid"],"picked":"Astrolabe"}],"items_purged_floors":[21],"is_endless":false,"potions_floor_spawned":[1,5,12,14,16,18,20,29,33,35],"killed_by":"2 Orb Walkers","ascension_level":6}}