{"host":"y2byudkmh851b61a","time":1612598702,"event":{"mods":["AchievementEnabler","BaseMod","Colored Powertips","Hermit","Hero for Fun","Hubris","Infinite Spire","Minty Spire (QoL Compilation)","Permanent Neow","Quick Restart","StSLib","UnlockEverythingMod"],"gold_per_floor":[13,13,28,40,55,90,103,63,140,168,168,168,168,178,178,281,281,300,300,319,319,336,336,363,390,402,448,471,501,526,538,550,667,679,704,716,738,769,781,793,832,856,868,880,987,999,999],"floor_reached":51,"language":"ENG","playtime":846,"items_purged":[],"score":1129,"play_id":"b25e0e79-e49e-479e-a90a-25161a30a2a5","local_time":"20210206020502","is_ascension_mode":false,"campfire_choices":[{"floor":12,"key":"RECALL"},{"data":"Serious_Side_Hops","floor":15,"key":"SMITH"},{"floor":23,"key":"REST"},{"data":"RitualDagger","floor":32,"key":"SMITH"},{"floor":40,"key":"REST"},{"floor":42,"key":"REST"},{"data":"hubris:Fate","floor":49,"key":"SMITH"}],"circlet_count":0,"master_deck":["Strike_Y","Strike_Y","Strike_Y","Strike_Y","Strike_Y","Defend_Y","Defend_Y+1","Defend_Y","Defend_Y+1","Defend_Y","Ignore+1","Consecutive_Normal_Punch+1","Do_Nothing","Wear_Disguise","Toss_Stone","Yawn+1","Ignore","Oh","Consecutive_Normal_Punch","Slap","infinitespire:SevenWalls","hubris:Fate+1","Toss_Stone+1","Terrifying_Presence","Ignore","Normal_Punch+1","Side_Hop","Yawn+1","Oh","RitualDagger+1","Serious_Side_Hops","Ignore+1","Consecutive_Normal_Punch+1","Ignore+1","Ignore","Side_Hop+1","Serious_Punch"],"relics":["Tiny House","Ice Cream","Bag of Marbles","Sozu","MawBank","hubris:Teleporter","hubris:64BitClover","hubris:Backtick","Ninja Scroll","hubris:BottledRain","Omamori","hubris:CrackedHourglass"],"acts_visited":["Exordium","TheCity","TheBeyond","Exordium"],"potions_floor_usage":[],"damage_taken":[{"damage":0,"enemies":"Jaw Worm","floor":1,"turns":1},{"damage":0,"enemies":"infinitespire:Voidling","floor":3,"turns":1},{"damage":0,"enemies":"Small Slimes","floor":4,"turns":1},{"damage":0,"enemies":"Looter","floor":5,"turns":1},{"damage":0,"enemies":"3 Sentries","floor":6,"turns":1},{"damage":0,"enemies":"2 Fungi Beasts","floor":7,"turns":1},{"damage":0,"enemies":"Lagavulin","floor":10,"turns":1},{"damage":0,"enemies":"Red Slaver","floor":14,"turns":1},{"damage":0,"enemies":"Hexaghost","floor":16,"turns":2},{"damage":0,"enemies":"3 Byrds","floor":18,"turns":2},{"damage":0,"enemies":"Chosen","floor":20,"turns":2},{"damage":0,"enemies":"Shelled Parasite and Fungi","floor":22,"turns":1},{"damage":0,"enemies":"Slavers","floor":24,"turns":2},{"damage":0,"enemies":"Snake Plant","floor":25,"turns":1},{"damage":0,"enemies":"Nightmare","floor":27,"turns":1},{"damage":0,"enemies":"Snecko","floor":28,"turns":1},{"damage":0,"enemies":"Sentry and Sphere","floor":29,"turns":1},{"damage":0,"enemies":"Snake Plant","floor":30,"turns":1},{"damage":0,"enemies":"Automaton","floor":33,"turns":1},{"damage":0,"enemies":"3 Shapes","floor":35,"turns":1},{"damage":0,"enemies":"Orb Walker","floor":37,"turns":1},{"damage":0,"enemies":"Maw","floor":38,"turns":1},{"damage":0,"enemies":"Nightmare","floor":44,"turns":1},{"damage":0,"enemies":"3 Darklings","floor":46,"turns":1},{"damage":0,"enemies":"Awakened One","floor":50,"turns":2}],"seed_played":"5327864179461304608","potions_obtained":[{"floor":3,"key":"ColorlessPotion"},{"floor":7,"key":"Regen Potion"},{"floor":16,"key":"Regen Potion"}],"is_trial":false,"path_per_floor":["M","?","M","M","M","E","M","?","T","E","?","R","?","M","R","B",null,"M","?","M","AVR","M","R","E","M","T","NM","M","M","M","?","R","B",null,"M","$","M","M","R","R","NM","M","AVR","R","B",null],"character_chosen":"OPM","items_purchased":[],"campfire_rested":3,"item_purchase_floors":[],"current_hp_per_floor":[1004,1004,1004,1004,1004,1004,1004,1004,1004,1004,1004,1004,1004,1004,1004,1004,1004,1004,1014,1014,1014,1014,1014,1014,1014,1014,1014,1014,1014,1014,1014,1014,1014,1014,1014,1014,1014,1014,1014,1014,1014,1014,1014,1014,1014,1014,1014],"gold":999,"neow_bonus":"BOSS_RELIC","is_daily":false,"chose_seed":false,"campfire_upgraded":3,"win_rate":0.0,"timestamp":1612598702,"path_taken":["M","?","M","?","M","E","M","?","T","E","?","R","?","M","R","BOSS","M","?","M","AVR","?","R","E","M","T","NM","M","M","M","?","R","BOSS","M","$","M","M","R","R","NM","M","AVR","R","BOSS"],"items_purchased_type":[],"build_version":"2020-12-22","purchased_purges":0,"victory":false,"max_hp_per_floor":[1004,1004,1004,1004,1004,1004,1004,1004,1004,1004,1004,1004,1004,1004,1004,1004,1004,1004,1014,1014,1014,1014,1014,1014,1014,1014,1014,1014,1014,1014,1014,1014,1014,1014,1014,1014,1014,1014,1014,1014,1014,1014,1014,1014,1014,1014,1014],"card_choices":[{"not_picked":["Slap","Normal_Punch"],"picked":"Ignore","floor":1},{"not_picked":["Yawn","Normal_Punch"],"picked":"Consecutive_Normal_Punch","floor":3},{"not_picked":["Ignore","Toss_Stone"],"picked":"Do_Nothing","floor":4},{"not_picked":["Consecutive_Normal_Punch","Yawn"],"picked":"Wear_Disguise","floor":5},{"not_picked":["Ignore","Side_Hop"],"picked":"Serious_Side_Hops","floor":6},{"not_picked":["Do_Nothing","Normal_Punch"],"picked":"Toss_Stone","floor":7},{"not_picked":["Serious_Side_Hops","Side_Hop"],"picked":"Yawn","floor":10},{"not_picked":["Side_Hop","Yawn"],"picked":"Ignore","floor":14},{"not_picked":["Serious_Punch","Hip_Strike"],"picked":"Oh","floor":16},{"not_picked":["Hop","Side_Hop+1"],"picked":"Consecutive_Normal_Punch","floor":18},{"not_picked":["Consecutive_Normal_Punch+1","Hop"],"picked":"Slap","floor":20},{"not_picked":["Normal_Punch","Consecutive_Normal_Punch"],"picked":"Toss_Stone+1","floor":22},{"not_picked":["Ignore+1","Yawn"],"picked":"Terrifying_Presence","floor":24},{"not_picked":["Slap","Wear_Disguise"],"picked":"Ignore","floor":25},{"not_picked":["Slap","Consecutive_Normal_Punch"],"picked":"Normal_Punch+1","floor":27},{"not_picked":["Ignore","Consecutive_Normal_Punch"],"picked":"Side_Hop","floor":28},{"not_picked":["Side_Hop","Hop"],"picked":"Yawn+1","floor":29},{"not_picked":["Hop","Toss_Stone+1"],"picked":"Oh","floor":30},{"not_picked":["Get_Hopes_Up","Hip_Strike"],"picked":"Serious_Side_Hops","floor":33},{"not_picked":["Hop+1","Do_Nothing"],"picked":"Ignore+1","floor":35},{"not_picked":["Wear_Disguise","Ignore"],"picked":"Consecutive_Normal_Punch+1","floor":37},{"not_picked":["Wear_Disguise+1","Hop+1"],"picked":"Ignore+1","floor":38},{"not_picked":["Hop+1","Side_Hop"],"picked":"Ignore","floor":44},{"not_picked":["Do_Nothing+1","Hop+1"],"picked":"Side_Hop+1","floor":46},{"not_picked":["Get_Hopes_Up","Terrifying_Presence"],"picked":"Serious_Punch","floor":50}],"player_experience":23722,"relics_obtained":[{"floor":6,"key":"Ice Cream"},{"floor":10,"key":"Bag of Marbles"},{"floor":24,"key":"MawBank"},{"floor":26,"key":"hubris:Teleporter"},{"floor":27,"key":"hubris:64BitClover"},{"floor":38,"key":"hubris:BottledRain"},{"floor":44,"key":"Omamori"}],"event_choices":[{"damage_healed":0,"gold_gain":0,"player_choice":"Upgraded","damage_taken":0,"max_hp_gain":0,"max_hp_loss":0,"event_name":"Upgrade Shrine","floor":2,"gold_loss":0,"cards_upgraded":["Ignore"]},{"damage_healed":0,"gold_gain":0,"player_choice":"Left Gold","damage_taken":0,"max_hp_gain":0,"max_hp_loss":0,"event_name":"World of Goop","floor":8,"gold_loss":40},{"damage_healed":0,"gold_gain":0,"player_choice":"Entered Light","damage_taken":201,"max_hp_gain":0,"max_hp_loss":0,"event_name":"Shining Light","floor":11,"gold_loss":0,"cards_upgraded":["Defend_Y","Consecutive_Normal_Punch"]},{"damage_healed":0,"gold_gain":0,"player_choice":"Forge","damage_taken":0,"max_hp_gain":0,"max_hp_loss":0,"event_name":"Accursed Blacksmith","floor":13,"gold_loss":0,"cards_upgraded":["Yawn"]},{"cards_removed":["Serious_Side_Hops"],"damage_healed":0,"gold_gain":0,"player_choice":"Offered Rare","damage_taken":0,"max_hp_gain":10,"max_hp_loss":0,"event_name":"Bonfire Elementals","floor":19,"gold_loss":0},{"damage_healed":0,"gold_gain":0,"player_choice":"Joined the Cult","damage_taken":6,"max_hp_gain":0,"max_hp_loss":0,"event_name":"Nest","floor":31,"gold_loss":0,"cards_obtained":["RitualDagger"]}],"is_beta":false,"boss_relics":[{"not_picked":["Fusion Hammer","hubris:Stopwatch"],"picked":"Sozu"},{"not_picked":["Cursed Key","hubris:RunicObelisk"],"picked":"hubris:Backtick"},{"not_picked":["Calling Bell","Coffee Dripper"],"picked":"hubris:CrackedHourglass"}],"items_purged_floors":[],"is_endless":true,"potions_floor_spawned":[3,7,16,18,24,28,29,30,33,38,44,46,50],"ascension_level":0}}