{"host":"dn2xyj3kd3d9cfyb","time":1612583309,"event":{"mods":["BaseMod","Colored Powertips","Downfall","Hubris","Marisa£®ÏF”Í°°ƒß¿Ì…≥£©","Minty Spire (QoL Compilation)","Remilia£®¿Ÿ√◊¿Ú—«£©","Replay The Spire","Shop Mod","StSLib","The Animator","The Construct","The Cursed","The Mystic","Youmu£®ªÍ∆«—˝√Œ£©","Yuri Mod","Yuyuko"],"gold_per_floor":[270,282,282,357,262,302,322,358,358,123,152,52,81,31,31,148,148,172,47,67,91,114,147,172,207,282,282,282],"floor_reached":27,"language":"ZHS","playtime":1440,"items_purged":["Shame","animator:Defend_MadokaMagica","animator:Strike_TenSura"],"score":305,"play_id":"813521bf-a26f-4807-b781-3a514ce05273","local_time":"20210206114829","is_ascension_mode":true,"campfire_choices":[{"floor":15,"key":"REST"}],"circlet_count":0,"master_deck":["animator:Strike_Kancolle","animator:Defend_Kancolle","animator:Shimakaze","animator:Tyuule","animator:Strike_MadokaMagica","animator:Defend_AccelWorld","animator:Defend_OwariNoSeraph","animator:Souei","animator:Millim+2","animator:Shigure","animator:EmiyaShirou","animator:AcuraShin","animator:AcuraShin","animator:Tyuule"],"relics":["animator:LivingPicture","animator:TheMissingPiece","animator:PurgingStone","NeowsBlessing","hubris:Icosahedron","TungstenRod","Regal Pillow","ReplayTheSpireMod:CursedCoin","Incense Burner","hubris:RunicObelisk","ScarletDevilRocket","Letter Opener","Frozen Egg 2"],"acts_visited":["Exordium","TheCity"],"potions_floor_usage":[8,25,25,25,27],"damage_taken":[{"damage":0,"enemies":"2 Louse","floor":1,"turns":1},{"damage":0,"enemies":"Jaw Worm","floor":2,"turns":1},{"damage":0,"enemies":"3 Sentries","floor":6,"turns":2},{"damage":10,"enemies":"Cultist","floor":7,"turns":5},{"damage":23,"enemies":"Lagavulin","floor":8,"turns":5},{"damage":2,"enemies":"Exordium Wildlife","floor":11,"turns":4},{"damage":5,"enemies":"3 Louse","floor":13,"turns":3},{"damage":24,"enemies":"The Guardian","floor":16,"turns":9},{"damage":0,"enemies":"3 Byrds","floor":18,"turns":4},{"damage":1,"enemies":"Spheric Guardian","floor":20,"turns":3},{"damage":10,"enemies":"Cultist and Chosen","floor":21,"turns":4},{"damage":7,"enemies":"Snecko","floor":22,"turns":4},{"damage":22,"enemies":"Book of Stabbing","floor":23,"turns":4},{"damage":11,"enemies":"3 Cultists","floor":24,"turns":4},{"damage":14,"enemies":"Slavers","floor":25,"turns":4},{"damage":2,"enemies":"animator:HornedBat","floor":27,"turns":3}],"seed_played":"-8534651456037807895","potions_obtained":[{"floor":6,"key":"GamblersBrew"},{"floor":11,"key":"animator:GrowthPotion"},{"floor":13,"key":"Strength Potion"},{"floor":20,"key":"FearPotion"},{"floor":21,"key":"Fire Potion"},{"floor":25,"key":"Energy Potion"}],"is_trial":false,"path_per_floor":["M","M","?","?","?","E","M","E","T","$","M","$","M","?","R","B",null,"M","$","M","M","M","E","M","E","T","E"],"character_chosen":"THE_ANIMATOR","items_purchased":["ReplayTheSpireMod:CursedCoin","Incense Burner"],"campfire_rested":1,"item_purchase_floors":[10,10],"current_hp_per_floor":[66,66,66,55,55,55,45,22,22,22,20,20,15,15,49,25,66,66,66,65,55,48,26,15,1,1,0,0],"gold":282,"neow_bonus":"THREE_ENEMY_KILL","is_daily":false,"chose_seed":false,"campfire_upgraded":0,"win_rate":0.0,"timestamp":1612583309,"path_taken":["M","M","?","?","?","E","M","E","T","?","M","$","?","?","R","BOSS","M","$","M","M","M","E","M","E","T","E"],"items_purchased_type":["Relic","Relic"],"build_version":"2020-12-22","purchased_purges":3,"victory":false,"max_hp_per_floor":[66,66,66,66,66,66,66,66,66,66,66,66,66,66,66,66,66,66,66,66,66,66,66,66,66,66,66,66],"card_choices":[{"not_picked":["animator:Shinoa","animator:Souei"],"picked":"animator:Tyuule","floor":1},{"not_picked":["animator:Viivi","animator:ElricEdward","animator:Mitsuba"],"picked":"SKIP","floor":2},{"not_picked":["animator:Mikaela","animator:ElricAlphonse","animator:Sebas"],"picked":"SKIP","floor":6},{"not_picked":["animator:Hakurou","animator:GazelDwargon"],"picked":"animator:Souei","floor":7},{"not_picked":["animator:Scar","animator:Gillette"],"picked":"animator:Millim","floor":8},{"not_picked":["animator:Kuribayashi","animator:SuzuneAmano"],"picked":"animator:Shigure","floor":11},{"not_picked":["animator:Arpeggio","animator:RoyMustang"],"picked":"animator:EmiyaShirou","floor":13},{"not_picked":["animator:Gilgamesh","animator:MadokaKaname"],"picked":"animator:AcuraShin","floor":16},{"not_picked":["animator:GazelDwargon","animator:Benimaru"],"picked":"animator:Millim","floor":18},{"not_picked":["animator:ChaikaBohdan","animator:Ciel"],"picked":"animator:Millim","floor":20},{"not_picked":["animator:Shinoa","animator:Lu","animator:NagisaMomoe"],"picked":"SKIP","floor":21},{"not_picked":["animator:Shinoa","animator:Shuna"],"picked":"animator:AcuraShin","floor":22},{"not_picked":["animator:ElricEdward+1","animator:HiiragiShinya","animator:TukaLunaMarceau"],"picked":"SKIP","floor":24},{"not_picked":["animator:Shinoa","animator:Chung"],"picked":"animator:Tyuule","floor":25}],"player_experience":626216,"relics_obtained":[{"floor":6,"key":"TungstenRod"},{"floor":8,"key":"Regal Pillow"},{"floor":23,"key":"ScarletDevilRocket"},{"floor":25,"key":"Letter Opener"},{"floor":26,"key":"Frozen Egg 2"}],"event_choices":[{"damage_healed":0,"gold_gain":75,"player_choice":"Gather Gold","damage_taken":11,"max_hp_gain":0,"max_hp_loss":0,"event_name":"World of Goop","floor":4,"gold_loss":0},{"cards_removed":["animator:Strike_OnePunchMan"],"damage_healed":0,"gold_gain":0,"player_choice":"Card Removal","damage_taken":0,"max_hp_gain":0,"max_hp_loss":0,"event_name":"The Cleric","floor":14,"gold_loss":50}],"is_beta":false,"boss_relics":[{"not_picked":["animator:HolyGrailRelic","Ring of Chaos"],"picked":"hubris:RunicObelisk"}],"items_purged_floors":[10,12,19],"is_endless":false,"potions_floor_spawned":[6,11,13,20,21,25],"killed_by":"animator:HornedBat","ascension_level":1}}