{"host":"87fdiiwflhrwsj8a","time":1612628639,"event":{"mods":["Aspiration","BaseMod","Better Match","Better Third Choice","BetterRewards","Colored Map","Conspire","GifTheSpireLib","Infinite Spire","Minty Spire (QoL Compilation)","Quick Restart","Relic Sorter","Replay The Spire","StSLib","Stuff the Spire","The Marked","The Servant 0.9.4"],"gold_per_floor":[117,137,154,167,181,181,181],"floor_reached":6,"language":"ENG","playtime":277,"items_purged":[],"score":46,"play_id":"dc42fa86-f5d5-4773-b270-0bb5c15a7edd","local_time":"20210206112359","is_ascension_mode":true,"campfire_choices":[],"circlet_count":0,"master_deck":["Strike_S","Strike_S","Strike_S","Strike_S","Defend_S","Defend_S","Defend_S","Defend_S","KidneyShot","Exchange","Collapse+1","Spin+1","DoubleEdge+1","Unruled+1","ShatteredReality+1","Potential+1"],"relics":["Uniform","CaptainsWheel","Chemical X","Du-Vu Doll","Bag of Preparation","Molten Egg 2"],"acts_visited":["Exordium"],"potions_floor_usage":[],"damage_taken":[{"damage":9,"enemies":"Cultist","floor":1,"turns":5},{"damage":0,"enemies":"2 Louse","floor":2,"turns":1},{"damage":0,"enemies":"Jaw Worm","floor":3,"turns":2},{"damage":0,"enemies":"Looter","floor":4,"turns":1},{"damage":12,"enemies":"conspire:2 RoseBushes","floor":5,"turns":2},{"damage":15,"enemies":"Lagavulin","floor":6,"turns":4}],"seed_played":"-8982563012333592076","potions_obtained":[{"floor":2,"key":"Strength Potion"},{"floor":3,"key":"Milkshake"},{"floor":5,"key":"Weak Potion"}],"is_trial":false,"path_per_floor":["M","M","M","M","M","E"],"character_chosen":"THE_SERVANT","items_purchased":["Chemical X","Bag of Preparation","Molten Egg 2","Collapse+1"],"campfire_rested":0,"item_purchase_floors":[0,0,0,0],"current_hp_per_floor":[15,15,15,15,3,0,0],"gold":181,"neow_bonus":"","is_daily":false,"chose_seed":false,"campfire_upgraded":0,"win_rate":0.0,"timestamp":1612628639,"path_taken":["M","?","M","M","M","E"],"items_purchased_type":["Relic","Relic","Relic","Card"],"build_version":"2020-12-22","purchased_purges":0,"victory":false,"max_hp_per_floor":[65,65,65,65,65,65,65],"card_choices":[{"not_picked":["Misdirection","Collapse+1"],"picked":"Spin+1","floor":1},{"not_picked":["DancingSilver","Revamp"],"picked":"DoubleEdge+1","floor":2},{"not_picked":["Replace","Shuttle"],"picked":"Unruled+1","floor":3},{"not_picked":["Alleviate","Revamp"],"picked":"ShatteredReality+1","floor":4},{"not_picked":["Starlight+1","Foresight"],"picked":"Potential+1","floor":5}],"player_experience":2585741,"relics_obtained":[],"event_choices":[],"is_beta":false,"boss_relics":[],"items_purged_floors":[],"is_endless":false,"potions_floor_spawned":[2,3,5],"killed_by":"Lagavulin","ascension_level":3}}