{"host":"rq7gz685gkaokql0","time":1612601934,"event":{"mods":["BaseMod","Hubris","Infinite Spire","Minty Spire (QoL Compilation)","Replay The Spire","StSLib"],"gold_per_floor":[113,113,113,130,130,164,189,201,213,225,269,296,340,363,375,387,387],"floor_reached":16,"language":"ENG","playtime":674,"items_purged":[],"score":240,"play_id":"b01abf17-0aaa-494e-a6f1-93f42570dba7","local_time":"20210205225854","is_ascension_mode":true,"campfire_choices":[{"floor":8.0,"key":"REST"},{"data":"Adrenaline","floor":10.0,"key":"SMITH"},{"floor":15.0,"key":"REST"}],"circlet_count":0,"master_deck":["AscendersBane","Strike_G","Strike_G","Strike_G","Strike_G","Defend_G","Defend_G+1","Defend_G","Defend_G","Defend_G","Survivor","Neutralize","Glass Knife+1","Dagger Spray","Cloak And Dagger","Riddle With Holes","PiercingWail","Adrenaline+1","Skewer","Footwork","Poisoned Stab","Choke"],"relics":["Ring of the Snake","MawBank","Pet Ghost","Gremlin Food","Blue Doll"],"acts_visited":["Exordium"],"potions_floor_usage":[16],"damage_taken":[{"damage":0.0,"enemies":"Cultist","floor":1.0,"turns":3.0},{"damage":1.0,"enemies":"Jaw Worm","floor":4.0,"turns":3.0},{"damage":39.0,"enemies":"Replay:BlueRogue","floor":6.0,"turns":6.0},{"damage":0.0,"enemies":"2 Louse","floor":7.0,"turns":3.0},{"damage":11.0,"enemies":"3 Sentries","floor":11.0,"turns":7.0},{"damage":0.0,"enemies":"Blue Slaver","floor":12.0,"turns":1.0},{"damage":9.0,"enemies":"Lagavulin","floor":13.0,"turns":5.0},{"damage":7.0,"enemies":"3 Louse","floor":14.0,"turns":2.0},{"damage":31,"enemies":"The Guardian","floor":16,"turns":8}],"seed_played":"5548523917389304511","potions_obtained":[{"floor":1.0,"key":"PowerPotion"},{"floor":6.0,"key":"Elixir"},{"floor":11.0,"key":"Fire Potion"},{"floor":14.0,"key":"PowerPotion"}],"is_trial":false,"path_per_floor":["M","$","?","M","?","E","M","R","T","R","E","M","E","M","R","B"],"character_chosen":"THE_SILENT","items_purchased":[],"campfire_rested":2,"item_purchase_floors":[],"current_hp_per_floor":[59,59,59,58,58,19,19,38,38,38,27,27,18,11,30,0,0],"gold":387,"neow_bonus":"ONE_RANDOM_RARE_CARD","is_daily":false,"chose_seed":false,"campfire_upgraded":1,"win_rate":0.0,"timestamp":1612601934,"path_taken":["M","$","?","M","?","E","?","R","T","R","E","M","E","M","R","BOSS"],"items_purchased_type":[],"build_version":"2020-12-22","purchased_purges":0,"victory":false,"max_hp_per_floor":[66,66,66,66,66,66,66,66,66,66,66,66,66,66,66,66,66],"card_choices":[{"not_picked":["Slice","Backflip"],"picked":"Dagger Spray","floor":1.0},{"not_picked":["Flying Knee","Blade Dance"],"picked":"Cloak And Dagger","floor":4.0},{"not_picked":["Quick Slash","hubris:TrickCloak"],"picked":"PiercingWail","floor":6.0},{"not_picked":["Quick Slash","Bane"],"picked":"Adrenaline","floor":7.0},{"not_picked":["Cloak And Dagger","Dodge and Roll"],"picked":"Skewer","floor":11.0},{"not_picked":["Cloak And Dagger","Dagger Throw"],"picked":"Footwork","floor":12.0},{"not_picked":["PiercingWail","Dagger Spray"],"picked":"Poisoned Stab","floor":13.0},{"not_picked":["Dodge and Roll","Setup"],"picked":"Choke","floor":14.0}],"player_experience":1252409,"relics_obtained":[{"floor":6.0,"key":"MawBank"},{"floor":9.0,"key":"Pet Ghost"},{"floor":11.0,"key":"Gremlin Food"},{"floor":13.0,"key":"Blue Doll"}],"event_choices":[{"damage_healed":0.0,"max_hp_gain":0.0,"max_hp_loss":0.0,"gold_gain":0.0,"event_name":"Living Wall","player_choice":"Grow","floor":3.0,"gold_loss":0.0,"damage_taken":0.0,"cards_upgraded":["Glass Knife"]},{"damage_healed":0.0,"max_hp_gain":0.0,"max_hp_loss":0.0,"gold_gain":0.0,"cards_transformed":["Strike_G"],"event_name":"Transmorgrifier","player_choice":"Transformed","floor":5.0,"gold_loss":0.0,"damage_taken":0.0,"cards_obtained":["Riddle With Holes"]}],"is_beta":false,"boss_relics":[],"items_purged_floors":[],"is_endless":false,"potions_floor_spawned":[1,6,11,12,14],"killed_by":"The Guardian","ascension_level":20}}