{"host":"1bvadgc0hovl67h4","time":1612570791,"event":{"mods":["BaseMod","Colored Map","Downfall","Hermit","Minty Spire (QoL Compilation)","StSLib","The Cursed"],"gold_per_floor":[99,118,135,310,326,226,226,44,65,65,82,82,67,101,118,223,223,123,136,149,168,181,214,214,165,265,165,417,517,517,517,536,640,640,640,650,666,766,784,784,784,540,566,566,585,585,100,112,126,126,126,156,13,13,13,13],"floor_reached":57,"language":"ENG","playtime":4915,"items_purged":["Doubt","Decay"],"score":1427,"play_id":"79b4598b-e975-4b01-8555-9a9421cd17ec","local_time":"20210205161951","is_ascension_mode":false,"campfire_choices":[{"floor":1,"key":"RECALL"},{"data":"Guardian:SentryBeam","floor":6,"key":"SMITH"},{"data":"Flash of Steel","floor":10,"key":"SMITH"},{"floor":12,"key":"REST"},{"data":"Guardian:RollAttack","floor":18,"key":"SMITH"},{"data":"Guardian:Orbwalk","floor":27,"key":"SMITH"},{"data":"Guardian:DecasProtection","floor":30,"key":"SMITH"},{"data":"Guardian:CompilePackage","floor":35,"key":"SMITH"},{"data":"Guardian:ArmoredProtocol","floor":40,"key":"SMITH"},{"data":"Guardian:FuturePlans","floor":44,"key":"SMITH"},{"data":"Guardian:RefractedBeam","floor":46,"key":"SMITH"},{"data":"Guardian:StasisEngine","floor":54,"key":"SMITH"}],"circlet_count":0,"master_deck":["Guardian:Strike_Guardian","Guardian:Strike_Guardian","Guardian:Strike_Guardian+1","Guardian:Defend_Guardian","Guardian:Defend_Guardian","Guardian:Defend_Guardian","Guardian:CurlUp","Guardian:TwinSlam","Guardian:SentryBeam+1","Guardian:RollAttack+1","Guardian:EvasiveProtocol","Guardian:ChargeCore+1","Flash of Steel+1","Guardian:PiercingHide","Guardian:PrimingBeam","Guardian:Orbwalk+1","Guardian:Reroute+1","Guardian:Suspension","Guardian:VentSteam","Guardian:TimeSifter","Guardian:ArmoredProtocol+1","Guardian:FloatingOrbs","expansioncontent:AwakenDeath","Guardian:Planning","Guardian:RefractedBeam+1","J.A.X.","Guardian:DecasProtection+1","Guardian:CompilePackage+1","Guardian:TimeCapacitor+1","Guardian:Incinerate","Guardian:FuturePlans+1","Guardian:ExploitGems","Swift Strike","Guardian:BronzeOrb+1","Guardian:Repulse+1","Guardian:ChargeUp","Parasite","Guardian:StasisEngine+1"],"relics":["Guardian:ModeShifterPlus","Strawberry","downfall:HeartBlessingRed","Odd Mushroom","Ornamental Fan","downfall:HeartBlessingBlue","Pantograph","Singing Bowl","Lizard Tail","Mummified Hand","downfall:HeartBlessingGreen","MutagenicStrength","PreservedInsect","SlaversCollar","downfall:GremlinSack","Incense Burner","Whetstone","Happy Flower","Mango","Nunchaku","Orichalcum","Bag of Preparation"],"acts_visited":["Exordium","TheCity","TheBeyond","TheEnding"],"potions_floor_usage":[16,25,29,37,37,50,50,56],"damage_taken":[{"damage":6,"enemies":"Jaw Worm","floor":2,"turns":4},{"damage":0,"enemies":"2 Louse","floor":3,"turns":2},{"damage":6,"enemies":"Cultist","floor":5,"turns":4},{"damage":0,"enemies":"downfall:FleeingMerchant","floor":8,"turns":4},{"damage":18,"enemies":"The Mushroom Lair","floor":9,"turns":3},{"damage":13,"enemies":"Red Slaver","floor":11,"turns":2},{"damage":0,"enemies":"downfall:FleeingMerchant","floor":13,"turns":4},{"damage":2,"enemies":"Gremlin Nob","floor":14,"turns":3},{"damage":0,"enemies":"2 Fungi Beasts","floor":15,"turns":3},{"damage":7,"enemies":"SI_SHIV_ARCHETYPE","floor":16,"turns":9},{"damage":0,"enemies":"Shell Parasite","floor":19,"turns":4},{"damage":0,"enemies":"Spheric Guardian","floor":20,"turns":3},{"damage":0,"enemies":"3 Cultists","floor":21,"turns":4},{"damage":8,"enemies":"Snake Plant","floor":22,"turns":3},{"damage":10,"enemies":"Slavers","floor":23,"turns":7},{"damage":0,"enemies":"downfall:FleeingMerchant","floor":25,"turns":4},{"damage":0,"enemies":"IC_STATUS_ARCHETYPE","floor":26,"turns":7},{"damage":0,"enemies":"downfall:FleeingMerchant","floor":28,"turns":3},{"damage":15,"enemies":"downfall:Augmenter","floor":29,"turns":6},{"damage":0,"enemies":"Shelled Parasite and Fungi","floor":32,"turns":3},{"damage":6,"enemies":"WA_ARCHETYPE_CALM","floor":33,"turns":8},{"damage":0,"enemies":"3 Shapes","floor":36,"turns":2},{"damage":3,"enemies":"3 Darklings","floor":37,"turns":4},{"damage":0,"enemies":"3 Darklings","floor":38,"turns":2},{"damage":0,"enemies":"Writhing Mass","floor":39,"turns":4},{"damage":35,"enemies":"Reptomancer","floor":43,"turns":3},{"damage":9,"enemies":"Jaw Worm Horde","floor":45,"turns":4},{"damage":3,"enemies":"3 Darklings","floor":48,"turns":3},{"damage":1,"enemies":"Writhing Mass","floor":49,"turns":6},{"damage":4,"enemies":"IC_BLOCK_ARCHETYPE","floor":50,"turns":8},{"damage":14,"enemies":"downfall:CharBossMerchant","floor":52,"turns":8},{"damage":6,"enemies":"downfall:NeowBoss","floor":55,"turns":9},{"damage":27,"enemies":"downfall:NeowBossFinal","floor":56,"turns":9}],"seed_played":"1262461109784726389","potions_obtained":[{"floor":2,"key":"Dexterity Potion"},{"floor":14,"key":"Energy Potion"},{"floor":15,"key":"Guardian:DefensiveModePotion"},{"floor":22,"key":"SneckoOil"},{"floor":23,"key":"champ:CounterPotion"},{"floor":32,"key":"Energy Potion"},{"floor":33,"key":"Explosive Potion"},{"floor":37,"key":"SmokeBomb"},{"floor":38,"key":"Guardian:AcceleratePotion"},{"floor":49,"key":"BlessingOfTheForge"}],"is_trial":false,"path_per_floor":["R","M","M","?","M","R","T","$","?","R","M","R","$","E","M","B",null,"R","M","M","M","M","E","T","$","?","R","$","?","R","T","M","B",null,"R","M","M","?","M","R","T","$","E","R","M","R","$","M","M","B",null,"E","$","R","B","B",null],"character_chosen":"GUARDIAN","items_purchased":["Flash of Steel","Guardian:ArmoredProtocol","expansioncontent:AwakenDeath","Whetstone","Guardian:ChargeUp","Mango","Nunchaku","Bag of Preparation"],"campfire_rested":1,"item_purchase_floors":[8,25,28,42,47,47,47,53],"current_hp_per_floor":[87,81,81,81,75,75,75,75,57,57,44,70,70,68,68,61,87,97,97,97,97,89,79,79,81,99,99,99,84,84,84,86,95,101,101,101,100,102,104,104,104,104,69,69,60,60,74,73,74,95,125,111,111,111,119,98],"gold":13,"neow_bonus":"RANDOM_COMMON_RELIC","is_daily":false,"chose_seed":false,"campfire_upgraded":10,"win_rate":0.0,"timestamp":1612570791,"path_taken":["R","M","M","?","M","R","T","$","?","R","M","R","?","E","M","BOSS","R","M","M","M","M","E","T","$","?","R","$","?","R","?","M","BOSS","R","M","M","?","?","R","T","?","E","R","M","R","$","M","M","BOSS","E","$","R","BOSS","BOSS"],"items_purchased_type":["Card","Card","Card","Relic","Card","Relic","Relic","Relic"],"build_version":"2020-12-22","purchased_purges":2,"victory":true,"max_hp_per_floor":[87,87,87,87,87,87,87,87,87,87,87,87,87,87,87,87,87,97,97,97,97,97,97,97,99,99,99,99,99,99,99,101,101,101,101,101,103,105,107,107,107,107,107,107,107,107,121,123,125,125,125,125,125,125,125,125],"card_choices":[{"not_picked":["Guardian:Gem_Red","Guardian:TemporalShield"],"picked":"Guardian:SentryBeam","floor":2},{"not_picked":["Guardian:Gem_Crimson","Guardian:GuardianWhirl"],"picked":"Guardian:RollAttack","floor":3},{"not_picked":["Guardian:Gem_Purple","Guardian:PiercingHide"],"picked":"Guardian:EvasiveProtocol","floor":5},{"not_picked":["Guardian:Reroute","Guardian:TemporalShield"],"picked":"Guardian:ChargeCore","floor":8},{"not_picked":["Guardian:PiercingHide","Guardian:PrimingBeam"],"picked":"Guardian:Gem_White","floor":9},{"not_picked":["Guardian:PrismaticBeam","Guardian:BronzeArmor"],"picked":"Guardian:PiercingHide","floor":11},{"not_picked":["Guardian:Suspension","Guardian:ChargeCore"],"picked":"Guardian:PrimingBeam","floor":13},{"not_picked":["Guardian:GemFinder","Guardian:Planning"],"picked":"Guardian:Orbwalk","floor":14},{"not_picked":["Guardian:TemporalShield","Guardian:SentryBeam","Guardian:ChargeCore"],"picked":"SKIP","floor":15},{"not_picked":["Guardian:StasisField","Guardian:StasisEngine"],"picked":"Guardian:Gem_Orange","floor":16},{"not_picked":["Guardian:Gem_Green","Guardian:Planning"],"picked":"Guardian:Reroute+1","floor":19},{"not_picked":["Guardian:TemporalShield","Guardian:MultiBeam"],"picked":"Guardian:Suspension","floor":20},{"not_picked":["Guardian:PolyBeam","Guardian:Preprogram"],"picked":"Guardian:Gem_Cyan","floor":21},{"not_picked":["Guardian:Reroute+1","Guardian:TemporalStrike"],"picked":"Guardian:VentSteam","floor":22},{"not_picked":["Guardian:Emergency","Guardian:Reroute"],"picked":"Guardian:TimeSifter","floor":23},{"not_picked":["Guardian:ShieldCharger","Guardian:Recover","Guardian:EvasiveProtocol"],"picked":"Singing Bowl","floor":25},{"not_picked":["Guardian:Gem_Green","Guardian:TemporalShield"],"picked":"Guardian:FloatingOrbs","floor":26},{"not_picked":["Guardian:FloatingOrbs","Guardian:WalkerClaw+1"],"picked":"Guardian:Gem_Synthetic","floor":28},{"not_picked":[],"picked":"J.A.X.","floor":29},{"not_picked":["Guardian:PrismaticBarrier+1","Guardian:Gem_Fragmented"],"picked":"Guardian:DecasProtection","floor":29},{"not_picked":["Guardian:RefractedBeam+1","Guardian:ChargeCore","Guardian:PiercingHide"],"picked":"Singing Bowl","floor":32},{"not_picked":["Guardian:FastForward","Guardian:HyperBeam_Guardian"],"picked":"Guardian:CompilePackage","floor":33},{"not_picked":["Guardian:WalkerClaw","Guardian:PiercingHide+1"],"picked":"Guardian:TimeCapacitor+1","floor":36},{"not_picked":["Guardian:ShieldCharger+1","Guardian:RefractedBeam+1","Guardian:WalkerClaw"],"picked":"Singing Bowl","floor":37},{"not_picked":["Guardian:WalkerClaw","Guardian:SphericShield","Guardian:CrystalBeam"],"picked":"Singing Bowl","floor":38},{"not_picked":["Guardian:ArmoredProtocol+1","Guardian:PiercingHide+1","Guardian:VentSteam"],"picked":"Singing Bowl","floor":39},{"not_picked":["Guardian:CrystalBeam+1","Guardian:Suspension+1"],"picked":"Guardian:BronzeOrb+1","floor":43},{"not_picked":["Guardian:ShieldCharger","Guardian:VentSteam"],"picked":"Guardian:Repulse+1","floor":45},{"not_picked":["Guardian:Incinerate","Guardian:Emergency","Guardian:PrismaticBeam"],"picked":"Singing Bowl","floor":48},{"not_picked":["Guardian:Planning","Guardian:Recover+1","Guardian:PiercingHide"],"picked":"Singing Bowl","floor":49},{"not_picked":["Guardian:PrimingBeam","Guardian:Gem_Crimson"],"picked":"Guardian:StasisEngine","floor":52}],"player_experience":228812,"relics_obtained":[{"floor":9,"key":"Odd Mushroom"},{"floor":14,"key":"Ornamental Fan"},{"floor":23,"key":"Pantograph"},{"floor":24,"key":"Singing Bowl"},{"floor":26,"key":"Lizard Tail"},{"floor":26,"key":"Mummified Hand"},{"floor":29,"key":"MutagenicStrength"},{"floor":31,"key":"PreservedInsect"},{"floor":38,"key":"downfall:GremlinSack"},{"floor":41,"key":"Incense Burner"},{"floor":43,"key":"Happy Flower"},{"floor":52,"key":"Orichalcum"}],"event_choices":[{"damage_healed":0,"gold_gain":0,"player_choice":"Fought Mushrooms","damage_taken":0,"max_hp_gain":0,"max_hp_loss":0,"event_name":"Mushrooms","floor":9,"gold_loss":0}],"is_beta":false,"boss_relics":[{"not_picked":["bronze:MakeshiftBattery","Runic Dome"],"picked":"Guardian:ModeShifterPlus"},{"not_picked":["Fusion Hammer","Tiny House"],"picked":"SlaversCollar"}],"items_purged_floors":[8,42],"is_endless":false,"potions_floor_spawned":[2,14,15,22,23,32,33,37,38,49],"ascension_level":0}}