{"host":"msmkw03x1o7nq45i","time":1612619184,"event":{"mods":["AchievementEnabler","BaseMod","Bestiary","Colored Powertips","GifTheSpireLib","Highlight Path","Minty Spire (QoL Compilation)","Random Character Button","StSLib","everything is the same but u backflip on backflip"],"gold_per_floor":[117,127,127,190,207,237,237,249,249,275,275,16,33,58,58,136,136,155,174,89,89,89,89,117,117,117,132,182,15,15,33,33,111,111,130,141,156,166,178,204,204,231,256,274,300,317,317,317,317,317,317],"floor_reached":50,"language":"ENG","playtime":4712,"items_purged":[],"score":1314,"play_id":"12e633a7-cb28-4904-98e8-9b4b7d10c051","local_time":"20210206154624","is_ascension_mode":true,"campfire_choices":[{"data":"Blade Dance","floor":7,"key":"SMITH"},{"floor":11,"key":"REST"},{"data":"Dramatic Entrance","floor":15,"key":"SMITH"},{"data":"Blade Dance","floor":23,"key":"SMITH"},{"data":"Ghostly","floor":25,"key":"SMITH"},{"data":"Neutralize","floor":30,"key":"SMITH"},{"data":"Leg Sweep","floor":32,"key":"SMITH"},{"data":"Ghostly","floor":41,"key":"SMITH"},{"floor":47,"key":"RECALL"},{"floor":49,"key":"REST"}],"circlet_count":0,"master_deck":["AscendersBane","Strike_G","Strike_G","Strike_G+1","Strike_G+1","Strike_G","Defend_G","Defend_G","Defend_G","Defend_G","Defend_G","Survivor","Neutralize+1","Choke","Blade Dance+1","Flying Knee","Slice","Dramatic Entrance+1","Leg Sweep+1","Tools of the Trade","Phantasmal Killer","PiercingWail","Blade Dance+1","Ghostly+1","Ghostly","Ghostly+1","Well Laid Plans+1","Acrobatics+1","Eviscerate+1","Phantasmal Killer","Acrobatics+1","PiercingWail+1","Corpse Explosion","Masterful Stab+1","Blade Dance","Adrenaline"],"relics":["Ring of the Snake","Nunchaku","Boot","HornCleat","Thread and Needle","Centennial Puzzle","Paper Crane","HoveringKite","MealTicket","Darkstone Periapt","White Beast Statue","ClockworkSouvenir","WristBlade","Art of War","Happy Flower","Orichalcum"],"acts_visited":["Exordium","TheCity","TheBeyond"],"potions_floor_usage":[10,13,24,24,31,33,38,40,42,45,46,50],"damage_taken":[{"damage":1,"enemies":"Cultist","floor":1,"turns":5},{"damage":3,"enemies":"Small Slimes","floor":2,"turns":4},{"damage":0,"enemies":"2 Louse","floor":5,"turns":2},{"damage":19,"enemies":"3 Sentries","floor":6,"turns":10},{"damage":4,"enemies":"Blue Slaver","floor":8,"turns":2},{"damage":0,"enemies":"Gremlin Nob","floor":10,"turns":3},{"damage":0,"enemies":"Exordium Wildlife","floor":13,"turns":4},{"damage":0,"enemies":"3 Sentries","floor":14,"turns":6},{"damage":11,"enemies":"The Guardian","floor":16,"turns":14},{"damage":0,"enemies":"Chosen","floor":18,"turns":3},{"damage":0,"enemies":"3 Byrds","floor":19,"turns":4},{"damage":0,"enemies":"Gremlin Leader","floor":24,"turns":9},{"damage":2,"enemies":"Snake Plant","floor":27,"turns":4},{"damage":0,"enemies":"Centurion and Healer","floor":31,"turns":9},{"damage":6,"enemies":"Collector","floor":33,"turns":9},{"damage":2,"enemies":"3 Shapes","floor":35,"turns":3},{"damage":0,"enemies":"Orb Walker","floor":36,"turns":2},{"damage":0,"enemies":"Sphere and 2 Shapes","floor":37,"turns":4},{"damage":3,"enemies":"Writhing Mass","floor":38,"turns":3},{"damage":0,"enemies":"3 Darklings","floor":39,"turns":1},{"damage":0,"enemies":"Nemesis","floor":40,"turns":3},{"damage":22,"enemies":"Reptomancer","floor":42,"turns":5},{"damage":0,"enemies":"Spire Growth","floor":44,"turns":4},{"damage":0,"enemies":"Nemesis","floor":45,"turns":5},{"damage":0,"enemies":"Transient","floor":46,"turns":6},{"damage":23,"enemies":"Awakened One","floor":50,"turns":12}],"seed_played":"-6187776711412204331","potions_obtained":[{"floor":2,"key":"Energy Potion"},{"floor":6,"key":"GamblersBrew"},{"floor":8,"key":"PowerPotion"},{"floor":10,"key":"Regen Potion"},{"floor":14,"key":"BlessingOfTheForge"},{"floor":18,"key":"AttackPotion"},{"floor":24,"key":"FearPotion"},{"floor":27,"key":"Block Potion"},{"floor":31,"key":"SkillPotion"},{"floor":33,"key":"SkillPotion"},{"floor":36,"key":"DistilledChaos"},{"floor":37,"key":"DuplicationPotion"},{"floor":38,"key":"FearPotion"},{"floor":40,"key":"Block Potion"},{"floor":42,"key":"ColorlessPotion"},{"floor":44,"key":"DuplicationPotion"},{"floor":45,"key":"PowerPotion"},{"floor":46,"key":"SmokeBomb"}],"is_trial":false,"path_per_floor":["M","M","?","?","M","E","R","M","T","E","R","$","M","E","R","B",null,"M","M","?","?","?","R","E","R","T","M","?","$","R","M","R","B",null,"M","M","M","M","M","E","R","E","T","M","E","M","R","?","R","B"],"character_chosen":"THE_SILENT","items_purchased":["Dramatic Entrance","Centennial Puzzle","ClockworkSouvenir"],"campfire_rested":2,"item_purchase_floors":[12,12,29],"current_hp_per_floor":[58,55,35,35,35,16,16,12,12,12,31,31,31,31,31,20,55,55,55,55,33,26,26,38,38,38,36,33,38,38,38,38,32,37,35,35,35,32,32,32,32,10,10,10,10,10,10,10,20,0,0],"gold":317,"neow_bonus":"RANDOM_COMMON_RELIC","is_daily":false,"chose_seed":false,"campfire_upgraded":7,"win_rate":0.0,"timestamp":1612619184,"path_taken":["M","?","?","?","M","E","R","M","T","E","R","$","M","E","R","BOSS","M","M","?","?","?","R","E","R","T","M","?","$","R","?","R","BOSS","M","M","M","M","M","E","R","E","T","?","E","M","R","?","R","BOSS"],"items_purchased_type":["Card","Relic","Relic"],"build_version":"2020-12-22","purchased_purges":0,"victory":false,"max_hp_per_floor":[66,66,66,66,66,66,66,66,66,66,66,66,66,66,66,66,66,66,66,66,33,38,38,38,38,38,38,38,38,38,38,38,38,38,38,38,38,38,38,38,38,38,38,38,38,38,38,36,36,36,36],"card_choices":[{"not_picked":["Deadly Poison","Deflect"],"picked":"Choke","floor":1},{"not_picked":["Prepared","Choke"],"picked":"Blade Dance","floor":2},{"not_picked":["Catalyst","PiercingWail"],"picked":"Flying Knee","floor":5},{"not_picked":["Calculated Gamble","Footwork"],"picked":"Slice","floor":6},{"not_picked":["Reflex","Slice","Tactician"],"picked":"SKIP","floor":8},{"not_picked":["Bouncing Flask","Underhanded Strike","Outmaneuver"],"picked":"SKIP","floor":10},{"not_picked":["Reflex","Setup"],"picked":"Leg Sweep","floor":13},{"not_picked":["Deflect","Backflip"],"picked":"Tools of the Trade","floor":14},{"not_picked":["Tools of the Trade","Malaise"],"picked":"Phantasmal Killer","floor":16},{"not_picked":["Sucker Punch","Dagger Throw"],"picked":"PiercingWail","floor":18},{"not_picked":["Footwork","PiercingWail"],"picked":"Blade Dance","floor":19},{"not_picked":["Predator","Noxious Fumes"],"picked":"Well Laid Plans+1","floor":24},{"not_picked":["Dagger Throw","Slice"],"picked":"Acrobatics+1","floor":27},{"not_picked":["Poisoned Stab","Caltrops"],"picked":"Eviscerate+1","floor":31},{"not_picked":["Doppelganger","Bullet Time"],"picked":"Phantasmal Killer","floor":33},{"not_picked":["Flying Knee","Deflect"],"picked":"Acrobatics+1","floor":35},{"not_picked":["Poisoned Stab","Dagger Spray"],"picked":"PiercingWail+1","floor":36},{"not_picked":["Cloak And Dagger","Flying Knee"],"picked":"Corpse Explosion","floor":37},{"not_picked":["Dagger Spray","Dodge and Roll"],"picked":"Masterful Stab+1","floor":38},{"not_picked":["Masterful Stab","Flying Knee+1","Dodge and Roll"],"picked":"SKIP","floor":39},{"not_picked":["Acrobatics","Well Laid Plans","Bane+1"],"picked":"SKIP","floor":40},{"not_picked":["Underhanded Strike","Dodge and Roll"],"picked":"Blade Dance","floor":42},{"not_picked":["Bane","Dodge and Roll+1"],"picked":"Adrenaline","floor":44},{"not_picked":["Deflect+1","Dagger Throw+1","Quick Slash"],"picked":"SKIP","floor":45},{"not_picked":["Setup","Bane","Dagger Throw"],"picked":"SKIP","floor":46}],"player_experience":492959,"relics_obtained":[{"floor":6,"key":"Boot"},{"floor":9,"key":"HornCleat"},{"floor":10,"key":"Thread and Needle"},{"floor":14,"key":"Paper Crane"},{"floor":24,"key":"Darkstone Periapt"},{"floor":26,"key":"White Beast Statue"},{"floor":40,"key":"Art of War"},{"floor":42,"key":"Happy Flower"},{"floor":45,"key":"Orichalcum"}],"event_choices":[{"damage_healed":0,"gold_gain":0,"player_choice":"Entered Light","damage_taken":20,"max_hp_gain":0,"max_hp_loss":0,"event_name":"Shining Light","floor":3,"gold_loss":0,"cards_upgraded":["Strike_G","Strike_G"]},{"damage_healed":0,"gold_gain":63,"player_choice":"Gained Gold","damage_taken":0,"max_hp_gain":0,"max_hp_loss":0,"event_name":"Golden Wing","floor":4,"gold_loss":0},{"damage_healed":0,"gold_gain":0,"player_choice":"Obtained Relic","damage_taken":0,"relics_obtained":["MealTicket"],"max_hp_gain":0,"max_hp_loss":0,"event_name":"Addict","floor":20,"gold_loss":85},{"damage_healed":0,"gold_gain":0,"player_choice":"Became a Ghost","damage_taken":0,"max_hp_gain":0,"max_hp_loss":33,"event_name":"Ghosts","floor":21,"gold_loss":0,"cards_obtained":["Ghostly","Ghostly","Ghostly"]},{"damage_healed":0,"gold_gain":0,"player_choice":"Shed Blood","damage_taken":12,"max_hp_gain":5,"max_hp_loss":0,"event_name":"Forgotten Altar","floor":22,"gold_loss":0},{"damage_healed":0,"gold_gain":50,"player_choice":"Touch","damage_taken":3,"max_hp_gain":0,"max_hp_loss":0,"event_name":"FaceTrader","floor":28,"gold_loss":0},{"damage_healed":0,"gold_gain":0,"player_choice":"Max HP","damage_taken":0,"max_hp_gain":0,"max_hp_loss":2,"event_name":"Winding Halls","floor":48,"gold_loss":0}],"is_beta":false,"boss_relics":[{"not_picked":["Black Star","Coffee Dripper"],"picked":"HoveringKite"},{"not_picked":["Calling Bell","Astrolabe"],"picked":"WristBlade"}],"items_purged_floors":[],"is_endless":false,"potions_floor_spawned":[2,6,8,10,14,18,24,27,31,33,35,36,37,38,39,40,42,44,45,46],"killed_by":"Awakened One","ascension_level":17}}