{"host":"0awa854l6bexpjrv","time":1612588975,"event":{"mods":["BaseMod","Block Reminder","Colored Map","Colored Powertips","Downfall","Highlight Path","Minty Spire (QoL Compilation)","Quick Restart","Rare Cards Sparkle","StSLib","SuperFastMode"],"gold_per_floor":[12,23,23,23,135,147,170,182,217,9,27,62,62,72,72,169,169,180,27,39,39,55,55,55,66,66,66,77,95,108,82,82,184,184,198,108,119,28,0,0,0,0,0,0,0,0,11,11,11,11],"floor_reached":51,"language":"ENG","playtime":3177,"items_purged":["Strike_B","Strike_B"],"score":705,"play_id":"6c751950-458e-4a92-b6d4-4a6fe507263b","local_time":"20210205212255","is_ascension_mode":true,"campfire_choices":[{"data":"Metamorphosis","floor":6.0,"key":"SMITH"},{"data":"Zap","floor":8.0,"key":"SMITH"},{"data":"Fission","floor":13.0,"key":"SMITH"},{"data":"Lockon","floor":15.0,"key":"SMITH"},{"data":"Echo Form","floor":23.0,"key":"SMITH"},{"floor":27.0,"key":"REST"},{"floor":32.0,"key":"REST"},{"floor":40.0,"key":"REST"},{"data":"Biased Cognition","floor":45.0,"key":"SMITH"},{"floor":49,"key":"REST"}],"circlet_count":0,"master_deck":["Defend_B","Defend_B","Defend_B+1","Defend_B","Zap+1","Dualcast","Metamorphosis+1","Streamline","Ball Lightning","Stack","Self Repair","Fission+1","Lockon+1","Echo Form+1","Darkness+1","Streamline","Go for the Eyes","All For One","Doom and Gloom","Skim","Stack+1","Biased Cognition+1","Conserve Battery","Conserve Battery","Electrodynamics","Hello World+1","Conserve Battery+1","Loop","Madness","Madness","Decay","Echo Form+1","Sunder"],"relics":["Cracked Core","MawBank","Blood Vial","Bronze Scales","Centennial Puzzle","Runic Pyramid","Bottled Tornado","Cursed Key","Red Mask","Pear"],"acts_visited":["Exordium","TheCity","TheBeyond"],"potions_floor_usage":[50,50],"damage_taken":[{"damage":7.0,"enemies":"Jaw Worm","floor":1.0,"turns":3.0},{"damage":1.0,"enemies":"Small Slimes","floor":2.0,"turns":4.0},{"damage":0.0,"enemies":"Cultist","floor":7.0,"turns":3.0},{"damage":6.0,"enemies":"Looter","floor":11.0,"turns":3.0},{"damage":9.0,"enemies":"3 Sentries","floor":12.0,"turns":3.0},{"damage":5.0,"enemies":"Gremlin Gang","floor":14.0,"turns":3.0},{"damage":32.0,"enemies":"Slime Boss","floor":16.0,"turns":6.0},{"damage":23.0,"enemies":"Spheric Guardian","floor":18.0,"turns":4.0},{"damage":16.0,"enemies":"Shell Parasite","floor":20.0,"turns":3.0},{"damage":14.0,"enemies":"Snake Plant","floor":22.0,"turns":3.0},{"damage":43.0,"enemies":"Chosen and Byrds","floor":25.0,"turns":5.0},{"damage":13.0,"enemies":"Snecko","floor":28.0,"turns":3.0},{"damage":23.0,"enemies":"Centurion and Healer","floor":29.0,"turns":7.0},{"damage":3.0,"enemies":"Chosen and Byrds","floor":30.0,"turns":5.0},{"damage":47.0,"enemies":"Champ","floor":33.0,"turns":9.0},{"damage":13.0,"enemies":"3 Shapes","floor":35.0,"turns":2.0},{"damage":17.0,"enemies":"Orb Walker","floor":37.0,"turns":5.0},{"damage":18,"enemies":"Writhing Mass","floor":47,"turns":5},{"damage":56,"enemies":"Donu and Deca","floor":50,"turns":10}],"seed_played":"-1516145673009514749","potions_obtained":[{"floor":1.0,"key":"EssenceOfSteel"},{"floor":14.0,"key":"sneckomod:MuddlingPotion"},{"floor":16.0,"key":"Dexterity Potion"},{"floor":20.0,"key":"GamblersBrew"},{"floor":24.0,"key":"FairyPotion"},{"floor":24.0,"key":"EntropicBrew"},{"floor":33.0,"key":"sneckomod:MuddlingPotion"},{"floor":47,"key":"Explosive Potion"}],"is_trial":false,"path_per_floor":["M","M","?","T","?","R","M","R","T","$","M","E","R","M","R","B",null,"M","$","M","?","M","R","?","M","T","R","M","M","M","$","R","B",null,"M","?","M","$","?","R","?","?","T","?","R","$","M","$","R","B",null],"character_chosen":"DEFECT","items_purchased":["Bronze Scales","Streamline","Conserve Battery","Leap","Loop"],"campfire_rested":4,"item_purchase_floors":[10,19,31,38,38],"current_hp_per_floor":[68,67,67,67,67,67,67,67,67,67,63,56,56,60,60,30,75,59,59,52,52,54,54,54,20,20,42,31,17,30,30,52,7,75,62,62,54,54,54,75,66,66,76,76,76,76,60,60,85,36],"gold":11,"neow_bonus":"RANDOM_COLORLESS_2","is_daily":false,"chose_seed":false,"campfire_upgraded":6,"win_rate":0.0,"timestamp":1612588975,"path_taken":["M","M","?","?","?","R","M","R","T","$","?","E","R","M","R","BOSS","M","$","M","?","?","R","?","?","T","R","M","M","M","?","R","BOSS","M","?","?","$","?","R","?","?","T","?","R","$","M","$","R","BOSS"],"items_purchased_type":["Relic","Card","Card","Card","Card"],"build_version":"2020-12-22","purchased_purges":2,"victory":true,"max_hp_per_floor":[75,75,75,75,75,75,75,75,75,75,75,75,75,75,75,75,75,75,75,75,75,75,75,75,75,75,75,75,75,75,75,75,75,75,75,75,75,75,75,75,75,75,85,85,85,85,85,85,85,85],"card_choices":[{"not_picked":["Transmutation","Mayhem"],"picked":"Metamorphosis","floor":0.0},{"not_picked":["Steam","Darkness"],"picked":"Streamline","floor":1.0},{"not_picked":["Stack","Aggregate"],"picked":"Ball Lightning","floor":2.0},{"not_picked":["Cold Snap","Steam"],"picked":"Stack","floor":7.0},{"not_picked":["Turbo","Leap"],"picked":"Self Repair","floor":11.0},{"not_picked":["Streamline","Beam Cell"],"picked":"Fission","floor":12.0},{"not_picked":["Beam Cell","Steam"],"picked":"Lockon","floor":14.0},{"not_picked":["Reboot","Machine Learning"],"picked":"Echo Form","floor":16.0},{"not_picked":["Stack","Compile Driver"],"picked":"Darkness+1","floor":18.0},{"not_picked":["Lockon","Redo"],"picked":"Go for the Eyes","floor":20.0},{"not_picked":["Melter","Reinforced Body+1"],"picked":"Doom and Gloom","floor":22.0},{"not_picked":["Steam","Sweeping Beam"],"picked":"Skim","floor":25.0},{"not_picked":["Turbo","Beam Cell"],"picked":"Stack+1","floor":28.0},{"not_picked":["Barrage","Go for the Eyes"],"picked":"Biased Cognition","floor":29.0},{"not_picked":["Leap","BootSequence"],"picked":"Conserve Battery","floor":30.0},{"not_picked":["Creative AI","Multi-Cast"],"picked":"Electrodynamics","floor":33.0},{"not_picked":["Rebound+1","Redo+1"],"picked":"Hello World+1","floor":35.0},{"not_picked":["Ball Lightning","Cold Snap"],"picked":"Conserve Battery+1","floor":37.0},{"not_picked":["Barrage","Self Repair"],"picked":"Sunder","floor":47}],"player_experience":726831,"relics_obtained":[{"floor":4.0,"key":"MawBank"},{"floor":9.0,"key":"Blood Vial"},{"floor":12.0,"key":"Centennial Puzzle"},{"floor":26.0,"key":"Bottled Tornado"},{"floor":43.0,"key":"Pear"}],"event_choices":[{"cards_removed":["Strike_B"],"damage_healed":0.0,"max_hp_gain":0.0,"max_hp_loss":0.0,"gold_gain":0.0,"event_name":"Living Wall","player_choice":"Forget","floor":3.0,"gold_loss":0.0,"damage_taken":0.0},{"damage_healed":0.0,"max_hp_gain":0.0,"max_hp_loss":0.0,"gold_gain":100.0,"event_name":"Golden Shrine","player_choice":"Pray","floor":5.0,"gold_loss":0.0,"damage_taken":0.0},{"damage_healed":0.0,"max_hp_gain":0.0,"max_hp_loss":0.0,"gold_gain":0.0,"event_name":"Match and Keep!","player_choice":"1 cards matched","floor":21.0,"gold_loss":0.0,"damage_taken":0.0,"cards_obtained":["All For One"]},{"damage_healed":0.0,"max_hp_gain":0.0,"max_hp_loss":0.0,"gold_gain":0.0,"event_name":"Lab","player_choice":"Got Potions","floor":24.0,"gold_loss":0.0,"damage_taken":0.0},{"cards_removed":["Strike_B"],"damage_healed":0.0,"max_hp_gain":0.0,"max_hp_loss":0.0,"gold_gain":0.0,"event_name":"Designer","player_choice":"Upgrade and Remove","floor":36.0,"gold_loss":90.0,"damage_taken":0.0,"cards_upgraded":["Defend_B"]},{"damage_healed":0.0,"max_hp_gain":0.0,"max_hp_loss":0.0,"gold_gain":0.0,"event_name":"Tomb of Lord Red Mask","player_choice":"Paid","floor":39.0,"gold_loss":28.0,"damage_taken":0.0,"relics_obtained":["Red Mask"]},{"damage_healed":0.0,"max_hp_gain":0.0,"max_hp_loss":0.0,"gold_gain":0.0,"event_name":"Winding Halls","player_choice":"Embrace Madness","floor":41.0,"gold_loss":0.0,"damage_taken":9.0,"cards_obtained":["Madness","Madness"]},{"cards_removed":["Leap"],"damage_healed":0.0,"max_hp_gain":0.0,"max_hp_loss":0.0,"gold_gain":0.0,"event_name":"Falling","player_choice":"Removed Skill","floor":42.0,"gold_loss":0.0,"damage_taken":0.0},{"damage_healed":0.0,"max_hp_gain":0.0,"max_hp_loss":0.0,"gold_gain":0.0,"event_name":"Duplicator","player_choice":"Copied","floor":44.0,"gold_loss":0.0,"damage_taken":0.0,"cards_obtained":["Echo Form"]}],"is_beta":false,"boss_relics":[{"not_picked":["SlaversCollar","Tiny House"],"picked":"Runic Pyramid"},{"not_picked":["Pandora\u0027s Box","Calling Bell"],"picked":"Cursed Key"}],"items_purged_floors":[10,19],"is_endless":false,"potions_floor_spawned":[1,14,16,20,25,28,33,47],"ascension_level":2}}