{"host":"7z347kdhnquy3q4q","time":1612604346,"event":{"mods":["BaseMod","Hubris","Minty Spire (QoL Compilation)","MostiFishMod","Permanent Neow","StSLib","Wandering Minibosses"],"gold_per_floor":[114,132,152,167,92,92,121,121,121,153,153,186,468,497,497,570,570,776,235,235,255,268,294,71,81,105,105,140,158,178,208,208,284,284,298,1297,1297,72,84,84,116,128,128,145,95,143,157,173,173,173,173],"floor_reached":52,"language":"ENG","playtime":2025,"items_purged":["Strike_B","Strike_B","MostiFishMod:TheEndOfMoonlight","MostiFishMod:Neptune","Strike_B"],"score":2423,"play_id":"b794fa1d-dbba-4c55-8b3d-5aa1b1d4953b","local_time":"20210206033906","is_ascension_mode":true,"campfire_choices":[{"floor":6.0,"key":"REST"},{"data":"MostiFishMod:LinkProtocol","floor":15.0,"key":"SMITH"},{"floor":27.0,"key":"REST"},{"floor":32,"key":"REST"},{"data":"Capacitor","floor":40,"key":"SMITH"},{"data":"Rainbow","floor":49,"key":"SMITH"}],"circlet_count":0,"master_deck":["AscendersBane","Defend_B","Defend_B","Defend_B","Zap","Dualcast","MostiFishMod:SparklingWater","MostiFishMod:FantasySummer+1","MostiFishMod:NightSea","Storm","Doom and Gloom","MostiFishMod:PushDownKick","Ball Lightning","Loop","Core Surge","Capacitor+1","MostiFishMod:LinkProtocol+1","Machine Learning","Storm+1","Flash of Steel+1","hubris:PowerSurge","hubris:Ukulele+1","Defragment","Hologram+1","MostiFishMod:Impulse+1","Bandage Up","Storm","Lockon+1","MostiFishMod:GatherIntelligence","Cold Snap+1","Go for the Eyes+1","MostiFishMod:StarOceanB","Rainbow+1","BootSequence","MostiFishMod:LinkProtocol","Conserve Battery","Fusion","Leap"],"relics":["DaveBox","FeatherPendant","MoonlightInvasionPlan","SynthV:TestCard","Ancient Tea Set","Du-Vu Doll","Ice Cream","hubris:Icosahedron","DataDisk","Smiling Mask","Empty Cage","wanderingMiniBosses:LockLocket","Molten Egg 2","Bottled Lightning","Omamori","hubris:BottledRain","Pen Nib","hubris:ScarierMask","MetatronsCube","Singing Bowl","hubris:SlimyHat","hubris:CuriousFeather","OriginationStaff"],"acts_visited":["Exordium","TheCity","TheBeyond"],"potions_floor_usage":[30,31,31,35,50],"damage_taken":[{"damage":0.0,"enemies":"Small Slimes","floor":1.0,"turns":1.0},{"damage":6.0,"enemies":"2 Louse","floor":2.0,"turns":3.0},{"damage":0.0,"enemies":"Jaw Worm","floor":3.0,"turns":1.0},{"damage":0.0,"enemies":"Red Slaver","floor":4.0,"turns":2.0},{"damage":0.0,"enemies":"Lagavulin","floor":7.0,"turns":2.0},{"damage":0.0,"enemies":"Gremlin Nob","floor":10.0,"turns":1.0},{"damage":0.0,"enemies":"3 Sentries","floor":12.0,"turns":4.0},{"damage":8.0,"enemies":"Gremlin Gang","floor":13.0,"turns":6.0},{"damage":0.0,"enemies":"Gremlin Nob","floor":14.0,"turns":3.0},{"damage":12.0,"enemies":"The Guardian","floor":16.0,"turns":4.0},{"damage":1.0,"enemies":"Spheric Guardian","floor":18.0,"turns":4.0},{"damage":11.0,"enemies":"Shell Parasite","floor":21.0,"turns":2.0},{"damage":0.0,"enemies":"Centurion and Healer","floor":22.0,"turns":1.0},{"damage":8.0,"enemies":"Gremlin Leader","floor":23.0,"turns":2.0},{"damage":8.0,"enemies":"Snecko","floor":25.0,"turns":3.0},{"damage":14.0,"enemies":"Book of Stabbing","floor":28.0,"turns":2.0},{"damage":0.0,"enemies":"Snake Plant","floor":29.0,"turns":1.0},{"damage":31,"enemies":"Shelled Parasite and Fungi","floor":30,"turns":2},{"damage":12,"enemies":"Slavers","floor":31,"turns":2},{"damage":0,"enemies":"Champ","floor":33,"turns":2},{"damage":0,"enemies":"3 Darklings","floor":35,"turns":2},{"damage":0,"enemies":"3 Shapes","floor":39,"turns":2},{"damage":0,"enemies":"Reptomancer","floor":41,"turns":3},{"damage":0,"enemies":"Transient","floor":42,"turns":6},{"damage":0,"enemies":"Writhing Mass","floor":44,"turns":2},{"damage":0,"enemies":"2 Orb Walkers","floor":46,"turns":2},{"damage":0,"enemies":"Sphere and 2 Shapes","floor":47,"turns":2},{"damage":0,"enemies":"4 Shapes","floor":48,"turns":4},{"damage":0,"enemies":"Donu and Deca","floor":50,"turns":4},{"damage":4,"enemies":"Time Eater","floor":51,"turns":4}],"seed_played":"7467609876127501667","potions_obtained":[{"floor":4.0,"key":"FocusPotion"},{"floor":7.0,"key":"Weak Potion"},{"floor":12.0,"key":"DuplicationPotion"},{"floor":25.0,"key":"GamblersBrew"},{"floor":29.0,"key":"EntropicBrew"},{"floor":33,"key":"BlessingOfTheForge"},{"floor":42,"key":"SkillPotion"},{"floor":44,"key":"LiquidMemories"}],"is_trial":false,"path_per_floor":["M","M","M","M","$","R","E","?","T","E","?","E","M","E","R","B",null,"M","$","?","M","M","E","$","M","T","R","E","M","M","E","R","B",null,"M","?","?","$","M","R","E","M","T","M","$","?","M","M","R","B","B",null],"character_chosen":"DEFECT","items_purchased":["Molten Egg 2","Flash of Steel+1","hubris:PowerSurge","hubris:Ukulele+1","Bandage Up","Storm","MetatronsCube","Singing Bowl"],"campfire_rested":3,"item_purchase_floors":[19,19,19,19,24,24,38,38],"current_hp_per_floor":[64,58,58,58,58,71,71,71,71,71,71,71,63,63,63,51,66,65,65,65,54,54,46,46,46,46,67,61,61,30,18,39,39,63,63,63,63,63,65,65,75,75,75,75,75,77,77,77,77,77,73],"gold":173,"neow_bonus":"BOSS_RELIC","is_daily":false,"chose_seed":false,"campfire_upgraded":3,"win_rate":0.0,"timestamp":1612604346,"path_taken":["M","M","M","M","$","R","E","?","T","E","?","E","M","E","R","BOSS","M","$","?","?","M","E","$","?","T","R","E","M","?","E","R","BOSS","M","?","?","$","M","R","E","M","T","M","$","?","?","M","R","BOSS","BOSS"],"items_purchased_type":["Relic","Card","Card","Card","Card","Card","Relic","Relic"],"build_version":"2020-12-22","purchased_purges":5,"victory":true,"max_hp_per_floor":[71,71,71,71,71,71,71,71,71,71,71,71,71,71,71,71,71,71,71,71,71,71,71,71,71,71,71,71,71,71,71,71,71,71,71,71,71,71,73,73,75,75,75,75,75,77,77,77,77,77,77],"card_choices":[{"not_picked":["Conserve Battery","Sweeping Beam"],"picked":"Storm","floor":1.0},{"not_picked":["Barrage","Hologram","Stack","Undo"],"picked":"Doom and Gloom","floor":2.0},{"not_picked":["Streamline","Turbo","Recycle","Barrage"],"picked":"MostiFishMod:PushDownKick","floor":3.0},{"not_picked":["Streamline","Auto Shields","Redo","Go for the Eyes","Force Field"],"picked":"SKIP","floor":4.0},{"not_picked":["Doom and Gloom","Stack","MostiFishMod:PushDownKick","Force Field"],"picked":"Ball Lightning","floor":7.0},{"not_picked":["FTL","Double Energy","Turbo","Reinforced Body"],"picked":"Loop","floor":10.0},{"not_picked":["Tempest","FTL","Rip and Tear","Streamline"],"picked":"Core Surge","floor":12.0},{"not_picked":["Storm","Undo","Recycle","Cold Snap"],"picked":"Capacitor","floor":13.0},{"not_picked":["FTL","Blizzard","Leap","Barrage"],"picked":"MostiFishMod:LinkProtocol","floor":14.0},{"not_picked":["MostiFishMod:InterfaceCompatibility","Thunder Strike","Reboot","Hyperbeam"],"picked":"Machine Learning","floor":16.0},{"not_picked":["Barrage","Hologram","Streamline","Cold Snap"],"picked":"Storm","floor":18.0},{"not_picked":["Heatsinks","Rebound+1","Blizzard+1","hubris:Ukulele+1"],"picked":"Defragment","floor":21.0},{"not_picked":["Ball Lightning+1","Reprogram","Recycle","Conserve Battery"],"picked":"Hologram+1","floor":22.0},{"not_picked":["Darkness","Compile Driver+1","Leap","Rip and Tear+1"],"picked":"MostiFishMod:Impulse+1","floor":23.0},{"not_picked":["Scrape+1","Beam Cell+1","MostiFishMod:InterfaceCompatibility","Hologram"],"picked":"Lockon+1","floor":25.0},{"not_picked":["Go for the Eyes+1","MostiFishMod:ReprogramOld","Streamline+1","Compile Driver+1"],"picked":"MostiFishMod:GatherIntelligence","floor":28.0},{"not_picked":["Sweeping Beam+1","Rebound+1","hubris:DoWhile","Beam Cell+1"],"picked":"Cold Snap+1","floor":29.0},{"not_picked":["Compile Driver+1","MostiFishMod:PushDownKick+1","Barrage+1","Sweeping Beam+1"],"picked":"Go for the Eyes+1","floor":30},{"not_picked":["Rebound+1","Ball Lightning+1","Darkness","Barrage+1"],"picked":"MostiFishMod:StarOceanB","floor":31},{"not_picked":["hubris:SpecializedCircuitry","Fission","MostiFishMod:DeathFromBelow+1","MostiFishMod:StarOceanB"],"picked":"Rainbow","floor":33},{"not_picked":["Redo+1","Auto Shields","Barrage+1","Gash+1"],"picked":"BootSequence","floor":35},{"not_picked":["Coolheaded+1","MostiFishMod:PushDownKick+1","Barrage+1","Skim+1","Conserve Battery"],"picked":"Singing Bowl","floor":39},{"not_picked":["Rebound+1","Barrage+1","hubris:DoWhile","MostiFishMod:PushDownKick+1","Beam Cell+1"],"picked":"Singing Bowl","floor":41},{"not_picked":["Sweeping Beam+1","Coolheaded","Skim","Conserve Battery"],"picked":"MostiFishMod:LinkProtocol","floor":42},{"not_picked":["Reprogram+1","BootSequence","Rebound+1","Compile Driver+1"],"picked":"Conserve Battery","floor":44},{"not_picked":["Turbo","Go for the Eyes+1","Leap","Beam Cell+1","Compile Driver+1"],"picked":"Singing Bowl","floor":46},{"not_picked":["Sweeping Beam+1","Genetic Algorithm","MostiFishMod:DeathFromBelow+1","Melter+1"],"picked":"Fusion","floor":47},{"not_picked":["Lockon+1","Sweeping Beam+1","Rebound+1","Steam"],"picked":"Leap","floor":48}],"player_experience":1850972,"relics_obtained":[{"floor":1.0,"key":"SynthV:TestCard"},{"floor":7.0,"key":"Ancient Tea Set"},{"floor":9.0,"key":"Du-Vu Doll"},{"floor":10.0,"key":"Ice Cream"},{"floor":12.0,"key":"DataDisk"},{"floor":14.0,"key":"Smiling Mask"},{"floor":18.0,"key":"wanderingMiniBosses:LockLocket"},{"floor":23.0,"key":"Bottled Lightning"},{"floor":26.0,"key":"Omamori"},{"floor":28.0,"key":"hubris:BottledRain"},{"floor":31,"key":"Pen Nib"},{"floor":41,"key":"hubris:SlimyHat"},{"floor":43,"key":"hubris:CuriousFeather"},{"floor":46,"key":"OriginationStaff"}],"event_choices":[{"damage_healed":0.0,"max_hp_gain":0.0,"max_hp_loss":0.0,"gold_gain":0.0,"event_name":"Accursed Blacksmith","player_choice":"Forge","floor":20.0,"gold_loss":0.0,"damage_taken":0.0,"cards_upgraded":["Storm"]},{"damage_healed":0,"gold_gain":999,"player_choice":"Gold","damage_taken":0,"max_hp_gain":0,"max_hp_loss":0,"event_name":"MindBloom","floor":36,"gold_loss":0,"cards_obtained":["Normality","Normality"]},{"damage_healed":0,"gold_gain":0,"player_choice":"Ignored","damage_taken":0,"max_hp_gain":0,"max_hp_loss":0,"event_name":"Tomb of Lord Red Mask","floor":37,"gold_loss":0},{"damage_healed":0,"gold_gain":0,"player_choice":"Fight","damage_taken":0,"max_hp_gain":0,"max_hp_loss":0,"event_name":"Mysterious Sphere","floor":46,"gold_loss":0}],"is_beta":false,"boss_relics":[{"not_picked":["EE1DDrone","hubris:CrackedHourglass"],"picked":"Empty Cage"},{"not_picked":["BloodWine","NightmareShop"],"picked":"hubris:ScarierMask"}],"items_purged_floors":[5,19,24,38,45],"is_endless":false,"potions_floor_spawned":[4,7,12,16,18,25,29,33,42,44,47,48],"ascension_level":20}}