{"host":"qekv59dthhdg54sz","time":1612586685,"event":{"mods":["AchievementEnabler","BaseMod","Colored Map","DeckTracker","KOR Keyword Fix","Minty Spire (QoL Compilation)","Rare Cards Sparkle","StSLib","SuperFastMode"],"gold_per_floor":[119,4,79,79,89,122,122,135,162,179,179,207,187,206,206,206,206],"floor_reached":16,"language":"KOR","playtime":354,"items_purged":[],"score":220,"play_id":"bac1b799-278e-40a8-a60a-1012d4eb4dd2","local_time":"20210206134445","is_ascension_mode":true,"campfire_choices":[{"floor":7,"key":"REST"},{"data":"Finisher","floor":11,"key":"SMITH"},{"floor":15,"key":"REST"}],"circlet_count":0,"master_deck":["AscendersBane","Strike_G","Strike_G","Strike_G","Strike_G","Defend_G","Defend_G","Defend_G","Defend_G","Survivor","Neutralize","Finisher+1","Well Laid Plans","Tactician","Dagger Spray","Acrobatics","Concentrate","Expertise","Flying Knee","Backflip","Prepared"],"relics":["Ring of the Snake","Dream Catcher","Art of War","Akabeko"],"acts_visited":["Exordium"],"potions_floor_usage":[6,12,16],"damage_taken":[{"damage":2.0,"enemies":"Small Slimes","floor":1.0,"turns":7.0},{"damage":0.0,"enemies":"Cultist","floor":5.0,"turns":4.0},{"damage":20,"enemies":"Lagavulin","floor":6,"turns":6},{"damage":0,"enemies":"Jaw Worm","floor":8,"turns":4},{"damage":1,"enemies":"Red Slaver","floor":10,"turns":4},{"damage":17,"enemies":"3 Sentries","floor":12,"turns":8},{"damage":1,"enemies":"Looter","floor":14,"turns":3},{"damage":0,"enemies":"Slime Boss","floor":16,"turns":4}],"seed_played":"5170638712295748674","potions_obtained":[{"floor":5.0,"key":"BlessingOfTheForge"},{"floor":8,"key":"Explosive Potion"},{"floor":12,"key":"FearPotion"},{"floor":13,"key":"EssenceOfSteel"}],"is_trial":false,"path_per_floor":["M","$","?","?","M","E","R","M","T","M","R","E","?","M","R","B"],"character_chosen":"THE_SILENT","items_purchased":["Well Laid Plans","Tactician"],"campfire_rested":2,"item_purchase_floors":[2,2],"current_hp_per_floor":[42,42,31,31,31,11,30,30,30,29,29,12,12,11,30,30,30],"gold":206,"neow_bonus":"REMOVE_TWO","is_daily":false,"chose_seed":false,"campfire_upgraded":1,"win_rate":0.0,"timestamp":1612586685,"path_taken":["M","$","?","?","?","E","R","M","T","M","R","E","?","?","R","BOSS"],"items_purchased_type":["Card","Card"],"build_version":"2020-12-22","purchased_purges":0,"victory":false,"max_hp_per_floor":[66,66,66,66,66,66,66,66,66,66,66,66,66,66,66,66,66],"card_choices":[{"not_picked":["Deadly Poison","Dodge and Roll"],"picked":"Finisher","floor":1.0},{"not_picked":["Slice","Quick Slash"],"picked":"Acrobatics","floor":5.0},{"not_picked":["Slice","Dagger Spray"],"picked":"Concentrate","floor":6},{"not_picked":["Acrobatics","Cloak And Dagger"],"picked":"Expertise","floor":7},{"not_picked":["Sucker Punch","Noxious Fumes"],"picked":"Flying Knee","floor":8},{"not_picked":["Expertise","Outmaneuver","Blade Dance"],"picked":"SKIP","floor":10},{"not_picked":["Flechettes","Die Die Die"],"picked":"Backflip","floor":12},{"not_picked":["Acrobatics","Blade Dance"],"picked":"Prepared","floor":14}],"player_experience":878132,"relics_obtained":[{"floor":6,"key":"Dream Catcher"},{"floor":9,"key":"Art of War"},{"floor":12,"key":"Akabeko"}],"event_choices":[{"damage_healed":0.0,"max_hp_gain":0.0,"max_hp_loss":0.0,"gold_gain":75.0,"event_name":"World of Goop","player_choice":"Gather Gold","floor":3.0,"gold_loss":0.0,"damage_taken":11.0},{"damage_healed":0.0,"max_hp_gain":0.0,"max_hp_loss":0.0,"gold_gain":0.0,"event_name":"Match and Keep!","player_choice":"1 cards matched","floor":4.0,"gold_loss":0.0,"damage_taken":0.0,"cards_obtained":["Dagger Spray"]},{"damage_healed":0,"gold_gain":0,"player_choice":"Bought 1 Potion","damage_taken":0,"max_hp_gain":0,"max_hp_loss":0,"event_name":"The Woman in Blue","floor":13,"gold_loss":0}],"is_beta":false,"boss_relics":[],"items_purged_floors":[],"is_endless":false,"potions_floor_spawned":[5,8,12],"killed_by":"Slime Boss","ascension_level":20}}