{"host":"a3wpq7kyokchzawk","time":1612614104,"event":{"mods":["BaseMod","Colored Map","Highlight Path","Minty Spire (QoL Compilation)","Permanent Neow","Potion Indicator Mod","Relic Stats","Weighted Paths"],"gold_per_floor":[113,113,133,133,152,152,162,497,569,598,627,639,685,25,25,99,99,99,99,99,99,99,99,99,99,99,99,99,99,99,99,99,99,99,99,99,99,99,99,99,99,99,99,99,99,99,99,99,99,99,99],"floor_reached":52,"language":"ENG","playtime":7877,"items_purged":[],"score":2159,"play_id":"b52dff3e-eda1-4926-a684-177787af3241","local_time":"20210206102144","is_ascension_mode":true,"campfire_choices":[{"data":"Riddle With Holes","floor":6.0,"key":"SMITH"},{"floor":12.0,"key":"REST"},{"data":"Terror","floor":15.0,"key":"SMITH"},{"data":"Wraith Form v2","floor":25.0,"key":"SMITH"},{"data":"Blade Dance","floor":30.0,"key":"SMITH"},{"floor":32.0,"key":"REST"},{"data":"Well Laid Plans","floor":40.0,"key":"SMITH"},{"data":"Accuracy","floor":42.0,"key":"SMITH"},{"data":"Neutralize","floor":49.0,"key":"SMITH"}],"circlet_count":0,"master_deck":["AscendersBane","Strike_G","Strike_G","Strike_G","Strike_G","Defend_G","Defend_G","Defend_G","Defend_G","Defend_G","Survivor","Neutralize+1","Adrenaline","Riddle With Holes+1","Endless Agony","Noxious Fumes","Terror+1","Blade Dance+1","Unload","Sucker Punch","Tactician","Glass Knife","Wraith Form v2+1","Backflip","Well Laid Plans+1","Decay","Blade Dance+1","Prepared+1","Prepared+1","Acrobatics+1","Night Terror+1","Accuracy+1","Caltrops","Cloak And Dagger+1","Cloak And Dagger+1","Normality","Catalyst+1","Shame","Acrobatics+1"],"relics":["Ring of the Snake","Old Coin","MawBank","Vajra","TwistedFunnel","Snake Skull","Mercury Hourglass","Ectoplasm","Meat on the Bone","Ornamental Fan","Toxic Egg 2","Oddly Smooth Stone","PreservedInsect","Cursed Key","Ginger","Gremlin Horn","Nunchaku","Singing Bowl","Prayer Wheel"],"acts_visited":["Exordium","TheCity","TheBeyond"],"potions_floor_usage":[],"damage_taken":[{"damage":3.0,"enemies":"Jaw Worm","floor":1.0,"turns":4.0},{"damage":0.0,"enemies":"2 Louse","floor":3.0,"turns":3.0},{"damage":0.0,"enemies":"Cultist","floor":5.0,"turns":3.0},{"damage":4.0,"enemies":"3 Louse","floor":7.0,"turns":3.0},{"damage":5.0,"enemies":"3 Sentries","floor":8.0,"turns":7.0},{"damage":20.0,"enemies":"Gremlin Nob","floor":10.0,"turns":4.0},{"damage":5.0,"enemies":"Large Slime","floor":11.0,"turns":4.0},{"damage":12.0,"enemies":"3 Sentries","floor":13.0,"turns":8.0},{"damage":0.0,"enemies":"Slime Boss","floor":16.0,"turns":6.0},{"damage":3.0,"enemies":"Shell Parasite","floor":18.0,"turns":3.0},{"damage":7.0,"enemies":"3 Byrds","floor":19.0,"turns":3.0},{"damage":14.0,"enemies":"Snake Plant","floor":20.0,"turns":4.0},{"damage":14.0,"enemies":"Slavers","floor":23.0,"turns":3.0},{"damage":0.0,"enemies":"Centurion and Healer","floor":27.0,"turns":4.0},{"damage":5.0,"enemies":"Gremlin Leader","floor":28.0,"turns":4.0},{"damage":0.0,"enemies":"3 Cultists","floor":29.0,"turns":3.0},{"damage":30.0,"enemies":"Book of Stabbing","floor":31.0,"turns":4.0},{"damage":27.0,"enemies":"Champ","floor":33.0,"turns":14.0},{"damage":0.0,"enemies":"3 Darklings","floor":35.0,"turns":3.0},{"damage":0.0,"enemies":"3 Shapes","floor":36.0,"turns":3.0},{"damage":19.0,"enemies":"Maw","floor":37.0,"turns":6.0},{"damage":5.0,"enemies":"2 Orb Walkers","floor":38.0,"turns":5.0},{"damage":0.0,"enemies":"Reptomancer","floor":41.0,"turns":3.0},{"damage":0.0,"enemies":"Spire Growth","floor":44.0,"turns":4.0},{"damage":0.0,"enemies":"4 Shapes","floor":45.0,"turns":3.0},{"damage":1.0,"enemies":"Transient","floor":46.0,"turns":5.0},{"damage":0.0,"enemies":"Giant Head","floor":48.0,"turns":5.0},{"damage":28.0,"enemies":"Awakened One","floor":50.0,"turns":13.0},{"damage":24,"enemies":"Time Eater","floor":51,"turns":7}],"seed_played":"-7580472831458242253","potions_obtained":[{"floor":1.0,"key":"Ancient Potion"},{"floor":5.0,"key":"LiquidMemories"},{"floor":7.0,"key":"Explosive Potion"},{"floor":8.0,"key":"Ancient Potion"},{"floor":20.0,"key":"Fire Potion"},{"floor":27.0,"key":"BlessingOfTheForge"},{"floor":33.0,"key":"Ancient Potion"},{"floor":37.0,"key":"GamblersBrew"},{"floor":38.0,"key":"SkillPotion"},{"floor":45.0,"key":"Explosive Potion"}],"is_trial":false,"path_per_floor":["M","?","M","?","M","R","M","E","T","E","M","R","E","$","R","B",null,"M","M","M","?","?","E","T","R","T","M","E","M","R","E","R","B",null,"M","M","M","?","T","R","E","R","T","M","M","M","?","E","R","B","B",null],"character_chosen":"THE_SILENT","items_purchased":["TwistedFunnel","Snake Skull","Mercury Hourglass","PowerPotion"],"campfire_rested":2,"item_purchase_floors":[14,14,14,14],"current_hp_per_floor":[56,56,56,56,56,56,52,47,47,27,22,41,29,29,29,29,57,54,47,33,33,46,32,32,32,32,44,39,39,39,21,40,25,56,56,56,37,44,44,44,44,44,44,46,48,49,49,49,49,33,21],"gold":99,"neow_bonus":"ONE_RANDOM_RARE_CARD","is_daily":false,"chose_seed":false,"campfire_upgraded":7,"win_rate":0.0,"timestamp":1612614104,"path_taken":["M","?","M","?","M","R","M","E","T","E","M","R","E","$","R","BOSS","M","M","?","?","?","E","?","R","T","M","E","M","R","E","R","BOSS","M","M","M","?","?","R","E","R","T","?","M","M","?","E","R","BOSS","BOSS"],"items_purchased_type":["Relic","Relic","Relic","Potion"],"build_version":"2020-12-22","purchased_purges":0,"victory":true,"max_hp_per_floor":[66,66,66,66,66,66,66,66,66,66,66,66,66,66,66,66,66,66,66,66,66,66,66,66,66,66,66,66,66,66,66,66,66,66,66,66,66,66,66,66,66,66,66,68,70,72,68,68,68,68,68],"relic_stats":{"Gremlin Horn":[7,7],"Singing Bowl":6,"counters":[29,141],"Snake Skull":[111],"PreservedInsect":190,"Ginger":[3],"MawBank":48,"Cursed Key":2,"Mercury Hourglass":[415],"Nunchaku":[13],"Ornamental Fan":[312],"Prayer Wheel":0,"Ectoplasm":509,"obtain_stats":[{"TwistedFunnel":14,"Gremlin Horn":39,"Singing Bowl":43,"Vajra":13,"Oddly Smooth Stone":28,"Snake Skull":14,"PreservedInsect":31,"Ginger":38,"MawBank":10,"Cursed Key":34,"Old Coin":8,"Mercury Hourglass":14,"Nunchaku":41,"Ornamental Fan":24,"Prayer Wheel":48,"Ectoplasm":17,"Toxic Egg 2":26,"Ring of the Snake":0,"Meat on the Bone":23},{"TwistedFunnel":8,"Gremlin Horn":22,"Singing Bowl":23,"Vajra":8,"Oddly Smooth Stone":15,"Snake Skull":8,"PreservedInsect":17,"Ginger":22,"MawBank":6,"Cursed Key":18,"Old Coin":5,"Mercury Hourglass":8,"Nunchaku":23,"Ornamental Fan":13,"Prayer Wheel":27,"Ectoplasm":9,"Toxic Egg 2":13,"Ring of the Snake":0,"Meat on the Bone":13},{"TwistedFunnel":36,"Gremlin Horn":101,"Singing Bowl":104,"Vajra":36,"Oddly Smooth Stone":63,"Snake Skull":36,"PreservedInsect":70,"Ginger":101,"MawBank":24,"Cursed Key":84,"Old Coin":20,"Mercury Hourglass":36,"Nunchaku":104,"Ornamental Fan":55,"Prayer Wheel":121,"Ectoplasm":42,"Toxic Egg 2":55,"Ring of the Snake":0,"Meat on the Bone":55}],"Ring of the Snake":[59],"Meat on the Bone":72},"card_choices":[{"not_picked":["Slice","Catalyst"],"picked":"Riddle With Holes","floor":1.0},{"not_picked":["Distraction","Slice"],"picked":"Endless Agony","floor":3.0},{"not_picked":["Poisoned Stab","Slice"],"picked":"Terror","floor":5.0},{"not_picked":["Tactician","Finisher"],"picked":"Blade Dance","floor":7.0},{"not_picked":["Tactician","Calculated Gamble"],"picked":"Unload","floor":8.0},{"not_picked":["Slice","Bane"],"picked":"Sucker Punch","floor":10.0},{"not_picked":["Prepared","Deflect"],"picked":"Tactician","floor":11.0},{"not_picked":["Flying Knee","Quick Slash"],"picked":"Glass Knife","floor":13.0},{"not_picked":["Malaise","Doppelganger"],"picked":"Wraith Form v2","floor":16.0},{"not_picked":["Concentrate","Bane"],"picked":"Backflip","floor":18.0},{"not_picked":["Poisoned Stab+1","Calculated Gamble","Backflip"],"picked":"SKIP","floor":19.0},{"not_picked":["Escape Plan","Dagger Spray"],"picked":"Well Laid Plans","floor":20.0},{"not_picked":["Doppelganger","Sucker Punch","Choke"],"picked":"SKIP","floor":23.0},{"not_picked":["Bane","Heel Hook+1"],"picked":"Blade Dance+1","floor":27.0},{"not_picked":["Dagger Spray","Finisher"],"picked":"Prepared+1","floor":28.0},{"not_picked":["Heel Hook","Setup+1"],"picked":"Prepared+1","floor":29.0},{"not_picked":["Masterful Stab+1","Dagger Spray"],"picked":"Acrobatics+1","floor":31.0},{"not_picked":["Grand Finale","Doppelganger+1"],"picked":"Night Terror+1","floor":33.0},{"not_picked":["Flying Knee","Outmaneuver+1"],"picked":"Accuracy","floor":35.0},{"not_picked":["Caltrops","Deadly Poison+1","Poisoned Stab"],"picked":"SKIP","floor":36.0},{"not_picked":["Deadly Poison+1","Poisoned Stab"],"picked":"Caltrops","floor":36.0},{"not_picked":["Accuracy+1","Setup+1"],"picked":"Cloak And Dagger+1","floor":37.0},{"not_picked":["Crippling Poison+1","Dagger Spray"],"picked":"Cloak And Dagger+1","floor":38.0},{"not_picked":["Choke","Infinite Blades"],"picked":"Catalyst+1","floor":41.0},{"not_picked":["Prepared+1","Noxious Fumes","Predator"],"picked":"Singing Bowl","floor":44.0},{"not_picked":["Noxious Fumes","Infinite Blades","Deadly Poison+1"],"picked":"Singing Bowl","floor":45.0},{"not_picked":["Dagger Throw","Poisoned Stab","All Out Attack"],"picked":"Singing Bowl","floor":46.0},{"not_picked":["All Out Attack","Noxious Fumes+1"],"picked":"Acrobatics+1","floor":48.0}],"player_experience":2633914,"relics_obtained":[{"floor":8.0,"key":"Old Coin"},{"floor":10.0,"key":"MawBank"},{"floor":13.0,"key":"Vajra"},{"floor":23.0,"key":"Meat on the Bone"},{"floor":24.0,"key":"Ornamental Fan"},{"floor":26.0,"key":"Toxic Egg 2"},{"floor":28.0,"key":"Oddly Smooth Stone"},{"floor":31.0,"key":"PreservedInsect"},{"floor":38.0,"key":"Ginger"},{"floor":39.0,"key":"Gremlin Horn"},{"floor":41.0,"key":"Nunchaku"},{"floor":43.0,"key":"Singing Bowl"},{"floor":48.0,"key":"Prayer Wheel"}],"event_choices":[{"damage_healed":0.0,"max_hp_gain":0.0,"max_hp_loss":0.0,"gold_gain":0.0,"event_name":"Liars Game","player_choice":"Ignored","floor":2.0,"gold_loss":0.0,"damage_taken":0.0},{"damage_healed":0.0,"max_hp_gain":0.0,"max_hp_loss":0.0,"gold_gain":0.0,"cards_transformed":["Strike_G"],"event_name":"Transmorgrifier","player_choice":"Transformed","floor":4.0,"gold_loss":0.0,"damage_taken":0.0,"cards_obtained":["Noxious Fumes"]},{"damage_healed":0.0,"max_hp_gain":0.0,"max_hp_loss":0.0,"gold_gain":0.0,"event_name":"Forgotten Altar","player_choice":"Smashed Altar","floor":21.0,"gold_loss":0.0,"damage_taken":0.0,"cards_obtained":["Decay"]},{"damage_healed":13.0,"max_hp_gain":0.0,"max_hp_loss":0.0,"gold_gain":0.0,"event_name":"The Library","player_choice":"Heal","floor":22.0,"gold_loss":0.0,"damage_taken":0.0},{"damage_healed":0.0,"max_hp_gain":0.0,"max_hp_loss":0.0,"gold_gain":0.0,"event_name":"Mysterious Sphere","player_choice":"Fight","floor":38.0,"gold_loss":0.0,"damage_taken":0.0},{"damage_healed":0.0,"max_hp_gain":0.0,"max_hp_loss":4.0,"gold_gain":0.0,"event_name":"Winding Halls","player_choice":"Max HP","floor":47.0,"gold_loss":0.0,"damage_taken":0.0}],"is_beta":false,"boss_relics":[{"not_picked":["Pandora\u0027s Box","Coffee Dripper"],"picked":"Ectoplasm"},{"not_picked":["Tiny House","Busted Crown"],"picked":"Cursed Key"}],"items_purged_floors":[],"is_endless":false,"potions_floor_spawned":[1,5,7,8,20,27,33,37,38,45],"ascension_level":20}}