{"host":"sc0o2qwpf9j16a4i","time":1612639459,"event":{"mods":["AchievementEnabler","BaseMod","BetterRewards","Block Reminder","Colored Map","Colored Powertips","Custom Start","Highlight Path","Minty Spire (QoL Compilation)","Relic Stats"],"gold_per_floor":[118,118,182,201,218,244,244,254,277,287,314,334,363,376,376,473,473,484,484,484],"floor_reached":19,"language":"ENG","playtime":435,"items_purged":[],"score":266,"play_id":"3c36d4cd-ce7a-4f03-9229-8a72ae80aa91","local_time":"20210206212419","daily_mods":["Specialized","Red Cards","Lethality"],"is_ascension_mode":false,"campfire_choices":[{"data":"Armaments","floor":15,"key":"SMITH"}],"circlet_count":0,"master_deck":["Strike_B","Strike_B","Strike_B","Strike_B","Defend_B","Defend_B","Defend_B","Defend_B","Zap","Dualcast","Steam","Steam","Steam","Steam","Steam","Heavy Blade","Regret","Thunderclap","Inflame","Pommel Strike","Pain","Perfected Strike","Metallicize","Carnage","Armaments+1","Go for the Eyes","Leap","Double Tap","Perfected Strike"],"relics":["Cracked Core","Bag of Marbles","Akabeko","WarpedTongs","PreservedInsect","Tiny Chest","Oddly Smooth Stone","Snecko Eye"],"acts_visited":["Exordium","TheCity"],"potions_floor_usage":[6,11,13,16,19],"damage_taken":[{"damage":0,"enemies":"2 Louse","floor":1,"turns":3},{"damage":1,"enemies":"Small Slimes","floor":4,"turns":3},{"damage":0,"enemies":"Cultist","floor":5,"turns":2},{"damage":17,"enemies":"3 Sentries","floor":6,"turns":6},{"damage":3,"enemies":"Blue Slaver","floor":8,"turns":1},{"damage":2,"enemies":"Large Slime","floor":10,"turns":3},{"damage":0,"enemies":"Lagavulin","floor":11,"turns":2},{"damage":1,"enemies":"2 Fungi Beasts","floor":12,"turns":2},{"damage":2,"enemies":"Gremlin Nob","floor":13,"turns":2},{"damage":0,"enemies":"Red Slaver","floor":14,"turns":1},{"damage":31,"enemies":"Slime Boss","floor":16,"turns":8},{"damage":34,"enemies":"Spheric Guardian","floor":18,"turns":4},{"damage":42,"enemies":"3 Byrds","floor":19,"turns":2}],"seed_played":"-1136882191435583798","potions_obtained":[{"floor":4,"key":"EssenceOfSteel"},{"floor":6,"key":"SteroidPotion"},{"floor":8,"key":"DistilledChaos"},{"floor":13,"key":"Explosive Potion"},{"floor":16,"key":"Dexterity Potion"},{"floor":18,"key":"Explosive Potion"}],"is_trial":true,"path_per_floor":["M","?","?","M","M","E","?","M","T","M","E","M","E","M","R","B",null,"M","M"],"character_chosen":"DEFECT","items_purchased":[],"campfire_rested":0,"item_purchase_floors":[],"current_hp_per_floor":[75,75,75,74,74,57,57,54,54,52,52,51,49,49,49,18,75,41,0,0],"gold":484,"neow_bonus":"","is_daily":false,"chose_seed":false,"campfire_upgraded":1,"win_rate":0.0,"timestamp":1612639459,"path_taken":["M","?","?","?","M","E","?","?","T","M","E","M","E","M","R","BOSS","M","M"],"items_purchased_type":[],"build_version":"2020-12-22","purchased_purges":0,"victory":false,"max_hp_per_floor":[75,75,75,75,75,75,75,75,75,75,75,75,75,75,75,75,75,75,75,75],"relic_stats":{"counters":[13,39],"Snecko Eye":[4,11,11,13],"Tiny Chest":0,"PreservedInsect":49,"obtain_stats":[{"Oddly Smooth Stone":13,"Snecko Eye":17,"Tiny Chest":11,"PreservedInsect":9,"Bag of Marbles":2,"Cracked Core":0,"Akabeko":6,"WarpedTongs":7},{"Oddly Smooth Stone":9,"Snecko Eye":11,"Tiny Chest":7,"PreservedInsect":5,"Bag of Marbles":1,"Cracked Core":0,"Akabeko":4,"WarpedTongs":4},{"Oddly Smooth Stone":24,"Snecko Eye":33,"Tiny Chest":20,"PreservedInsect":15,"Bag of Marbles":3,"Cracked Core":0,"Akabeko":14,"WarpedTongs":14}],"WarpedTongs":[25]},"card_choices":[{"not_picked":["Wild Strike","Anger"],"picked":"Heavy Blade","floor":1},{"not_picked":["Seeing Red","Perfected Strike"],"picked":"Thunderclap","floor":4},{"not_picked":["Tempest","Gash"],"picked":"Inflame","floor":5},{"not_picked":["Gash","Rage"],"picked":"Pommel Strike","floor":6},{"not_picked":["Sunder","Static Discharge"],"picked":"Perfected Strike","floor":8},{"not_picked":["Intimidate","Feel No Pain"],"picked":"Metallicize","floor":10},{"not_picked":["Coolheaded","Leap"],"picked":"Carnage","floor":11},{"not_picked":["Chaos","Reboot"],"picked":"Armaments","floor":12},{"not_picked":["Gash","Auto Shields"],"picked":"Go for the Eyes","floor":13},{"not_picked":["Wild Strike","Ball Lightning"],"picked":"Leap","floor":14},{"not_picked":["Thunder Strike","Core Surge"],"picked":"Double Tap","floor":16},{"not_picked":["Bloodletting+1","Havoc"],"picked":"Perfected Strike","floor":18}],"player_experience":1245293,"relics_obtained":[{"floor":6,"key":"Akabeko"},{"floor":9,"key":"PreservedInsect"},{"floor":11,"key":"Tiny Chest"},{"floor":13,"key":"Oddly Smooth Stone"}],"event_choices":[{"damage_healed":0,"gold_gain":0,"player_choice":"Box","damage_taken":0,"relics_obtained":["Bag of Marbles"],"max_hp_gain":0,"max_hp_loss":0,"event_name":"Big Fish","floor":2,"gold_loss":0,"cards_obtained":["Regret"]},{"damage_healed":0,"gold_gain":64,"player_choice":"Gained Gold","damage_taken":0,"max_hp_gain":0,"max_hp_loss":0,"event_name":"Golden Wing","floor":3,"gold_loss":0},{"damage_healed":0,"gold_gain":0,"player_choice":"Rummage","damage_taken":0,"relics_obtained":["WarpedTongs"],"max_hp_gain":0,"max_hp_loss":0,"event_name":"Accursed Blacksmith","floor":7,"gold_loss":0,"cards_obtained":["Pain"]}],"is_beta":false,"boss_relics":[{"not_picked":["Calling Bell","Fusion Hammer"],"picked":"Snecko Eye"}],"items_purged_floors":[],"is_endless":false,"potions_floor_spawned":[4,6,8,13,16,18],"killed_by":"3 Byrds","ascension_level":0}}