{"host":"1bzbl1adcbkdzqlf","time":1612647833,"event":{"mods":["BaseMod","Minty Spire (QoL Compilation)","Slay the Relics Exporter"],"gold_per_floor":[110,35,48,48,59,59,86,86,132,158,158,173,203,256,256,353,353,363,363,376,386,311,343,93,119,119,148,148,176,176,190,190,289,289,305,305,355,355,368,398,398,417,417,449,476,231,231,251,251,251,251],"floor_reached":50,"language":"ENG","playtime":5805,"items_purged":["Parasite","Strike_P"],"score":857,"play_id":"e7dea6d0-9df5-4af8-aa5e-1121ee8b6986","local_time":"20210206154353","is_ascension_mode":true,"campfire_choices":[{"data":"Eruption","floor":6,"key":"SMITH"},{"data":"BattleHymn","floor":11,"key":"SMITH"},{"data":"CutThroughFate","floor":15,"key":"SMITH"},{"floor":30,"key":"REST"},{"floor":32,"key":"REST"},{"data":"CrushJoints","floor":41,"key":"SMITH"},{"floor":49,"key":"REST"}],"circlet_count":0,"master_deck":["Strike_P","Defend_P+1","Defend_P","Defend_P+1","Defend_P","Eruption+1","Vigilance","BattleHymn+1","EmptyBody+1","Consecrate","EmptyFist","Conclude","CutThroughFate+1","SandsOfTime","Ragnarok","CrushJoints+1","ThirdEye+1","Fasting2+1","Devotion+1","CutThroughFate+1","Devotion+1","Evaluate","Worship","Devotion+1","Study+1","SashWhip+1","FearNoEvil+1","LessonLearned","CrushJoints+1","LikeWater+1","Sanctity"],"relics":["PureWater","Gambling Chip","Tiny Chest","Pen Nib","Happy Flower","Odd Mushroom","Lantern","Sozu","Frozen Egg 2","Darkstone Periapt","Bottled Flame","Mummified Hand","Du-Vu Doll","Oddly Smooth Stone","InkBottle","Mango","Black Star","StoneCalendar","Damaru","Art of War","Mercury Hourglass","Shuriken","Bronze Scales","PreservedInsect"],"acts_visited":["Exordium","TheCity","TheBeyond"],"potions_floor_usage":[13,47],"damage_taken":[{"damage":0,"enemies":"Small Slimes","floor":1,"turns":2},{"damage":2,"enemies":"2 Louse","floor":3,"turns":3},{"damage":0,"enemies":"Cultist","floor":5,"turns":3},{"damage":14,"enemies":"3 Sentries","floor":7,"turns":6},{"damage":0,"enemies":"Gremlin Nob","floor":10,"turns":3},{"damage":3,"enemies":"Looter","floor":12,"turns":2},{"damage":0,"enemies":"The Mushroom Lair","floor":13,"turns":2},{"damage":25,"enemies":"The Guardian","floor":16,"turns":6},{"damage":4,"enemies":"Chosen","floor":18,"turns":4},{"damage":0,"enemies":"Spheric Guardian","floor":20,"turns":2},{"damage":5,"enemies":"Centurion and Healer","floor":21,"turns":3},{"damage":0,"enemies":"Gremlin Leader","floor":23,"turns":2},{"damage":9,"enemies":"Book of Stabbing","floor":25,"turns":4},{"damage":0,"enemies":"Gremlin Leader","floor":27,"turns":4},{"damage":50,"enemies":"Book of Stabbing","floor":29,"turns":5},{"damage":14,"enemies":"Snake Plant","floor":31,"turns":3},{"damage":18,"enemies":"Automaton","floor":33,"turns":6},{"damage":2,"enemies":"3 Shapes","floor":35,"turns":4},{"damage":0,"enemies":"Mind Bloom Boss Battle","floor":37,"turns":3},{"damage":11,"enemies":"Orb Walker","floor":39,"turns":3},{"damage":40,"enemies":"Nemesis","floor":40,"turns":5},{"damage":0,"enemies":"Maw","floor":42,"turns":6},{"damage":6,"enemies":"Giant Head","floor":44,"turns":5},{"damage":12,"enemies":"Nemesis","floor":47,"turns":2},{"damage":7,"enemies":"Spire Growth","floor":48,"turns":3},{"damage":64,"enemies":"Awakened One","floor":50,"turns":4}],"seed_played":"-1504097064471281266","potions_obtained":[{"floor":1,"key":"SmokeBomb"},{"floor":10,"key":"SkillPotion"},{"floor":16,"key":"Weak Potion"}],"is_trial":false,"path_per_floor":["M","$","M","?","M","R","E","?","T","E","R","M","?","T","R","B",null,"M","?","M","M","?","E","$","E","T","E","T","E","R","M","R","B",null,"M","?","?","?","M","E","R","M","T","E","T","$","E","M","R","B"],"character_chosen":"WATCHER","items_purchased":["Bottled Flame","PreservedInsect"],"campfire_rested":3,"item_purchase_floors":[24,46],"current_hp_per_floor":[72,69,67,53,53,53,39,39,39,39,39,36,36,36,36,11,69,65,65,65,60,60,60,60,51,51,51,51,15,39,25,49,31,83,81,81,81,81,70,30,30,30,30,24,24,24,12,5,29,0,0],"gold":251,"neow_bonus":"ONE_RARE_RELIC","is_daily":false,"chose_seed":false,"campfire_upgraded":4,"win_rate":0.0,"timestamp":1612647833,"path_taken":["M","$","M","?","M","R","E","?","T","E","R","?","?","?","R","BOSS","M","?","M","?","?","E","$","E","T","E","?","E","R","M","R","BOSS","M","?","?","?","M","E","R","M","T","E","?","$","E","?","R","BOSS"],"items_purchased_type":["Relic","Relic"],"build_version":"2020-12-22","purchased_purges":2,"victory":false,"max_hp_per_floor":[72,69,69,69,69,69,69,69,69,69,69,69,69,69,69,69,69,69,69,69,69,69,69,69,69,69,69,69,83,83,83,83,83,83,83,83,83,83,83,83,83,83,83,83,83,83,83,83,83,83,83],"card_choices":[{"not_picked":["FlyingSleeves","ForeignInfluence"],"picked":"BattleHymn","floor":1},{"not_picked":["ThirdEye","BattleHymn"],"picked":"EmptyBody","floor":3},{"not_picked":["FlyingSleeves","Crescendo"],"picked":"Consecrate","floor":5},{"not_picked":["DeusExMachina","BowlingBash"],"picked":"EmptyFist","floor":7},{"not_picked":["PathToVictory","FollowUp"],"picked":"Conclude","floor":10},{"not_picked":["Pray","EmptyMind"],"picked":"CutThroughFate","floor":12},{"not_picked":["FlyingSleeves","Consecrate"],"picked":"SandsOfTime","floor":13},{"not_picked":["Omniscience","Blasphemy"],"picked":"Ragnarok","floor":16},{"not_picked":["WheelKick","Conclude"],"picked":"CrushJoints","floor":18},{"not_picked":["EmptyFist","BowlingBash+1"],"picked":"ThirdEye+1","floor":20},{"not_picked":["ForeignInfluence","FearNoEvil"],"picked":"Fasting2+1","floor":21},{"not_picked":["ForeignInfluence","Indignation"],"picked":"Devotion+1","floor":23},{"not_picked":["Consecrate","Sanctity"],"picked":"CutThroughFate+1","floor":25},{"not_picked":["EmptyBody+1","TalkToTheHand"],"picked":"Devotion+1","floor":27},{"not_picked":["EmptyBody","Wish"],"picked":"Evaluate","floor":29},{"not_picked":["PathToVictory","BattleHymn+1"],"picked":"Worship","floor":31},{"not_picked":["SpiritShield","DeusExMachina"],"picked":"Devotion+1","floor":33},{"not_picked":["TalkToTheHand","SashWhip+1"],"picked":"Study+1","floor":35},{"not_picked":["Swivel","Meditate+1"],"picked":"SashWhip+1","floor":37},{"not_picked":["BattleHymn+1","Evaluate"],"picked":"FearNoEvil+1","floor":39},{"not_picked":["Evaluate","SashWhip"],"picked":"LessonLearned","floor":40},{"not_picked":["Crescendo+1","BattleHymn+1"],"picked":"CrushJoints+1","floor":42},{"not_picked":["Indignation","Conclude+1"],"picked":"LikeWater+1","floor":44},{"not_picked":["Meditate+1","EmptyBody+1"],"picked":"Sanctity","floor":48}],"player_experience":347488,"relics_obtained":[{"floor":7,"key":"Tiny Chest"},{"floor":9,"key":"Pen Nib"},{"floor":10,"key":"Happy Flower"},{"floor":13,"key":"Odd Mushroom"},{"floor":14,"key":"Lantern"},{"floor":23,"key":"Darkstone Periapt"},{"floor":25,"key":"Mummified Hand"},{"floor":26,"key":"Du-Vu Doll"},{"floor":27,"key":"Oddly Smooth Stone"},{"floor":28,"key":"InkBottle"},{"floor":29,"key":"Mango"},{"floor":37,"key":"StoneCalendar"},{"floor":40,"key":"Damaru"},{"floor":40,"key":"Art of War"},{"floor":44,"key":"Mercury Hourglass"},{"floor":44,"key":"Shuriken"},{"floor":45,"key":"Bronze Scales"}],"event_choices":[{"damage_healed":0,"gold_gain":0,"player_choice":"Entered Light","damage_taken":14,"max_hp_gain":0,"max_hp_loss":0,"event_name":"Shining Light","floor":4,"gold_loss":0,"cards_upgraded":["Defend_P","Defend_P"]},{"cards_removed":["Strike_P"],"damage_healed":0,"gold_gain":0,"player_choice":"Offered Basic","damage_taken":0,"max_hp_gain":0,"max_hp_loss":0,"event_name":"Bonfire Elementals","floor":8,"gold_loss":0},{"damage_healed":0,"gold_gain":0,"player_choice":"Fought Mushrooms","damage_taken":0,"max_hp_gain":0,"max_hp_loss":0,"event_name":"Mushrooms","floor":13,"gold_loss":0},{"damage_healed":0,"gold_gain":0,"player_choice":"Gave Potion","damage_taken":0,"relics_obtained":["Frozen Egg 2"],"max_hp_gain":0,"max_hp_loss":0,"event_name":"WeMeetAgain","floor":19,"gold_loss":0},{"cards_removed":["Strike_P"],"damage_healed":0,"gold_gain":0,"player_choice":"Gave Gold","damage_taken":0,"max_hp_gain":0,"max_hp_loss":0,"event_name":"Beggar","floor":22,"gold_loss":75},{"damage_healed":0,"gold_gain":0,"player_choice":"Ignored","damage_taken":0,"max_hp_gain":0,"max_hp_loss":0,"event_name":"Tomb of Lord Red Mask","floor":36,"gold_loss":0},{"damage_healed":0,"gold_gain":0,"player_choice":"Fight","damage_taken":0,"max_hp_gain":0,"max_hp_loss":0,"event_name":"MindBloom","floor":37,"gold_loss":0},{"damage_healed":0,"gold_gain":0,"player_choice":"Got Potions","damage_taken":0,"max_hp_gain":0,"max_hp_loss":0,"event_name":"Lab","floor":38,"gold_loss":0}],"is_beta":false,"boss_relics":[{"not_picked":["Runic Dome","Snecko Eye"],"picked":"Sozu"},{"not_picked":["Pandora\u0027s Box","VioletLotus"],"picked":"Black Star"}],"items_purged_floors":[2,46],"is_endless":false,"potions_floor_spawned":[1,10,16,20,27,31,33,35,37,47],"killed_by":"Awakened One","ascension_level":4}}