{"host":"mw3dmj42qtkbha4b","time":1612594584,"event":{"mods":["BaseMod","Colored Map","Colored Powertips","DeckTracker","Minty Spire (QoL Compilation)","StSLib","SuperFastMode"],"gold_per_floor":[112,123,48,123,23,23,23,35,80,80,108,126,161,172,172,248,248,268,248,173,173,188,188,188],"floor_reached":23,"language":"KOR","playtime":579,"items_purged":["Defend_P","Strike_P"],"score":398,"play_id":"0ce8f6d2-2a18-444a-85c0-8d10f0409e8b","local_time":"20210206155624","is_ascension_mode":true,"campfire_choices":[{"data":"Eruption","floor":6.0,"key":"SMITH"},{"floor":15.0,"key":"REST"}],"circlet_count":0,"master_deck":["AscendersBane","Eruption+1","Vigilance","BattleHymn","Conclude+1","Brilliance","Indignation","DevaForm+1","Blasphemy","Devotion+1","FlyingSleeves","Protect+1","LessonLearned","FlurryOfBlows+1"],"relics":["PureWater","Oddly Smooth Stone","Boot","Frozen Egg 2","Pandora\u0027s Box"],"acts_visited":["Exordium","TheCity"],"potions_floor_usage":[22,22],"damage_taken":[{"damage":2.0,"enemies":"Cultist","floor":1.0,"turns":3.0},{"damage":0.0,"enemies":"2 Louse","floor":2.0,"turns":3.0},{"damage":16.0,"enemies":"Jaw Worm","floor":8.0,"turns":2.0},{"damage":7.0,"enemies":"Gremlin Nob","floor":11.0,"turns":3.0},{"damage":0.0,"enemies":"Large Slime","floor":12.0,"turns":3.0},{"damage":11.0,"enemies":"Lagavulin","floor":13.0,"turns":3.0},{"damage":4.0,"enemies":"Gremlin Gang","floor":14.0,"turns":2.0},{"damage":15.0,"enemies":"Hexaghost","floor":16.0,"turns":4.0},{"damage":22.0,"enemies":"Spheric Guardian","floor":18.0,"turns":3.0},{"damage":27,"enemies":"2 Thieves","floor":22,"turns":2},{"damage":14,"enemies":"Slavers","floor":23,"turns":1}],"seed_played":"735300060741843234","potions_obtained":[{"floor":8.0,"key":"Weak Potion"},{"floor":12.0,"key":"BlessingOfTheForge"},{"floor":14.0,"key":"BottledMiracle"},{"floor":18.0,"key":"DistilledChaos"},{"floor":19.0,"key":"Ambrosia"}],"is_trial":false,"path_per_floor":["M","M","$","?","$","R","?","M","T","?","E","M","E","M","R","B",null,"M","?","$","?","M","E"],"character_chosen":"WATCHER","items_purchased":["LessonLearned"],"campfire_rested":1,"item_purchase_floors":[20],"current_hp_per_floor":[59,59,59,48,48,48,48,32,32,32,25,25,14,10,28,13,50,28,28,28,28,1,0,0],"gold":188,"neow_bonus":"REMOVE_TWO","is_daily":false,"chose_seed":false,"campfire_upgraded":1,"win_rate":0.0,"timestamp":1612594584,"path_taken":["M","?","?","?","$","R","?","M","T","?","E","?","E","M","R","BOSS","M","?","$","?","M","E"],"items_purchased_type":["Card"],"build_version":"2020-12-22","purchased_purges":2,"victory":false,"max_hp_per_floor":[62,62,62,62,62,62,62,62,62,62,62,62,62,62,62,62,62,62,62,62,62,62,62,62],"card_choices":[{"not_picked":["Prostrate","FlurryOfBlows","CarveReality"],"picked":"SKIP","floor":1.0},{"not_picked":["CarveReality","Crescendo"],"picked":"BattleHymn","floor":2.0},{"not_picked":["CrushJoints","BowlingBash"],"picked":"Conclude","floor":8.0},{"not_picked":["Halt","Consecrate"],"picked":"Brilliance","floor":11.0},{"not_picked":["ThirdEye","BowlingBash","EmptyFist"],"picked":"SKIP","floor":12.0},{"not_picked":["LikeWater+1","ForeignInfluence","Meditate"],"picked":"SKIP","floor":13.0},{"not_picked":["ClearTheMind","Halt"],"picked":"Indignation","floor":14.0},{"not_picked":["Scrawl","Alpha"],"picked":"DevaForm+1","floor":16.0},{"not_picked":["Sanctity","EmptyFist"],"picked":"Protect+1","floor":18.0},{"not_picked":["WaveOfTheHand","CrushJoints"],"picked":"FlurryOfBlows+1","floor":22}],"player_experience":1802266,"relics_obtained":[{"floor":9.0,"key":"Oddly Smooth Stone"},{"floor":11.0,"key":"Boot"},{"floor":13.0,"key":"Frozen Egg 2"}],"event_choices":[{"damage_healed":0.0,"max_hp_gain":0.0,"max_hp_loss":0.0,"gold_gain":75.0,"event_name":"World of Goop","player_choice":"Gather Gold","floor":4.0,"gold_loss":0.0,"damage_taken":11.0},{"damage_healed":0.0,"max_hp_gain":0.0,"max_hp_loss":0.0,"gold_gain":0.0,"event_name":"Liars Game","player_choice":"Ignored","floor":7.0,"gold_loss":0.0,"damage_taken":0.0},{"damage_healed":0.0,"max_hp_gain":0.0,"max_hp_loss":0.0,"gold_gain":0.0,"event_name":"Accursed Blacksmith","player_choice":"Forge","floor":10.0,"gold_loss":0.0,"damage_taken":0.0,"cards_upgraded":["Conclude"]},{"damage_healed":0.0,"max_hp_gain":0.0,"max_hp_loss":0.0,"gold_gain":0.0,"event_name":"The Woman in Blue","player_choice":"Bought 1 Potion","floor":19.0,"gold_loss":0.0,"damage_taken":0.0},{"cards_removed":["Collect"],"damage_healed":0.0,"max_hp_gain":0.0,"max_hp_loss":0.0,"gold_gain":0.0,"event_name":"Purifier","player_choice":"Purged","floor":21.0,"gold_loss":0.0,"damage_taken":0.0}],"is_beta":false,"boss_relics":[{"not_picked":["Cursed Key","Ectoplasm"],"picked":"Pandora\u0027s Box"}],"items_purged_floors":[3,5],"is_endless":false,"potions_floor_spawned":[8,12,14,18],"killed_by":"Slavers","ascension_level":20}}