{"host":"l5zfpd2l2htson6l","time":1612608042,"event":{"mods":["AchievementEnabler","BaseMod","Colored Map","Colored Powertips","Minty Spire (QoL Compilation)","Permanent Neow","Quick Restart","Rare Cards Sparkle","Relic Stats","SuperFastMode"],"gold_per_floor":[112,125,135,135,153,181,181,214,240,250,310,337,337,352,352,429,429,445,445,461,11,39,74,74,74,74,74,106,56,56,72,72,72,72],"floor_reached":33,"language":"ENG","playtime":1027,"items_purged":[],"score":756,"play_id":"e452fbe7-f65b-49e9-b1da-21e94aada184","local_time":"20210206024042","is_ascension_mode":true,"campfire_choices":[{"floor":7,"key":"REST"},{"floor":15,"key":"REST"},{"floor":24,"key":"REST"},{"floor":27,"key":"REST"},{"floor":30,"key":"REST"},{"floor":32,"key":"REST"}],"circlet_count":0,"master_deck":["AscendersBane","Strike_R","Strike_R","Strike_R","Defend_R","Defend_R","Defend_R","Defend_R","Bash","Pommel Strike","Headbutt","Carnage","Clothesline","Fire Breathing","Whirlwind","Shrug It Off","Limit Break","Necronomicurse"],"relics":["Busted Crown","Gremlin Horn","Nunchaku","Red Skull","Orichalcum","Lantern","Champion Belt","Nloth\u0027s Gift","Regal Pillow","Centennial Puzzle","Red Mask","Art of War","Necronomicon","Blue Candle","Pen Nib"],"acts_visited":["Exordium","TheCity"],"potions_floor_usage":[6,8,12,23,33,33],"damage_taken":[{"damage":4,"enemies":"Jaw Worm","floor":1,"turns":3},{"damage":1,"enemies":"Cultist","floor":2,"turns":3},{"damage":0,"enemies":"2 Louse","floor":3,"turns":2},{"damage":2,"enemies":"2 Fungi Beasts","floor":5,"turns":3},{"damage":36,"enemies":"Gremlin Nob","floor":6,"turns":4},{"damage":35,"enemies":"3 Sentries","floor":8,"turns":8},{"damage":0,"enemies":"3 Louse","floor":10,"turns":1},{"damage":0,"enemies":"Gremlin Nob","floor":12,"turns":2},{"damage":0,"enemies":"Red Slaver","floor":14,"turns":1},{"damage":0,"enemies":"Slime Boss","floor":16,"turns":5},{"damage":13,"enemies":"3 Byrds","floor":18,"turns":5},{"damage":25,"enemies":"Spheric Guardian","floor":20,"turns":4},{"damage":0,"enemies":"Masked Bandits","floor":22,"turns":1},{"damage":7,"enemies":"Book of Stabbing","floor":23,"turns":4},{"damage":75,"enemies":"Gremlin Leader","floor":28,"turns":5},{"damage":9,"enemies":"Snake Plant","floor":31,"turns":3},{"damage":76,"enemies":"Champ","floor":33,"turns":10}],"seed_played":"2566102494392083429","potions_obtained":[{"floor":3,"key":"Fruit Juice"},{"floor":5,"key":"BloodPotion"},{"floor":8,"key":"ColorlessPotion"},{"floor":14,"key":"PowerPotion"},{"floor":16,"key":"HeartOfIron"},{"floor":31,"key":"ColorlessPotion"}],"is_trial":false,"path_per_floor":["M","M","M","?","M","E","R","E","T","M","?","E","T","M","R","B",null,"M","?","M","$","?","E","R","?","T","R","E","?","R","M","R","B"],"character_chosen":"IRONCLAD","items_purchased":["Whirlwind","Regal Pillow","Centennial Puzzle","Shrug It Off"],"campfire_rested":6,"item_purchase_floors":[21,21,21,21],"current_hp_per_floor":[64,63,63,37,35,14,36,6,6,6,6,6,6,6,30,30,68,55,55,30,30,30,23,62,41,41,80,5,5,44,35,74,0,0],"gold":72,"neow_bonus":"BOSS_RELIC","is_daily":false,"chose_seed":false,"campfire_upgraded":0,"win_rate":0.0,"timestamp":1612608042,"path_taken":["M","M","M","?","M","E","R","E","T","M","?","E","?","?","R","BOSS","M","?","?","$","?","E","R","?","T","R","E","?","R","M","R","BOSS"],"items_purchased_type":["Card","Relic","Relic","Card"],"build_version":"2020-12-22","purchased_purges":0,"victory":false,"max_hp_per_floor":[75,75,75,75,75,75,75,80,80,80,80,80,80,80,80,80,80,80,80,80,80,80,80,80,80,80,80,80,80,80,80,80,80,80],"relic_stats":{"Regal Pillow":60,"Gremlin Horn":[11,11],"counters":[17,64],"Blue Candle":[0],"Pen Nib":[3],"Orichalcum":[96],"Nunchaku":[12],"Centennial Puzzle":[12],"Busted Crown":32,"Nloth\u0027s Gift":1,"Art of War":[0],"Necronomicon":[14],"Champion Belt":[16],"obtain_stats":[{"Lantern":12,"Regal Pillow":21,"Gremlin Horn":4,"Blue Candle":26,"Pen Nib":28,"Orichalcum":9,"Empty Cage":17,"Burning Blood":0,"Nunchaku":6,"Centennial Puzzle":21,"Busted Crown":0,"Nloth\u0027s Gift":19,"Red Mask":22,"Art of War":23,"Necronomicon":25,"Champion Belt":13,"Red Skull":8},{"Lantern":8,"Regal Pillow":12,"Gremlin Horn":3,"Blue Candle":14,"Pen Nib":15,"Orichalcum":6,"Empty Cage":10,"Burning Blood":0,"Nunchaku":5,"Centennial Puzzle":12,"Busted Crown":0,"Nloth\u0027s Gift":11,"Red Mask":13,"Art of War":14,"Necronomicon":14,"Champion Belt":8,"Red Skull":6},{"Lantern":26,"Regal Pillow":41,"Gremlin Horn":8,"Blue Candle":46,"Pen Nib":51,"Orichalcum":23,"Empty Cage":32,"Burning Blood":0,"Nunchaku":15,"Centennial Puzzle":41,"Busted Crown":0,"Nloth\u0027s Gift":37,"Red Mask":42,"Art of War":46,"Necronomicon":46,"Champion Belt":26,"Red Skull":23}]},"card_choices":[{"not_picked":[],"picked":"Pommel Strike","floor":1},{"not_picked":[],"picked":"Headbutt","floor":2},{"not_picked":[],"picked":"Carnage","floor":3},{"not_picked":["Dual Wield"],"picked":"SKIP","floor":5},{"not_picked":["Clash"],"picked":"SKIP","floor":6},{"not_picked":[],"picked":"Clothesline","floor":8},{"not_picked":["Clothesline"],"picked":"SKIP","floor":10},{"not_picked":[],"picked":"Fire Breathing","floor":12},{"not_picked":["Headbutt"],"picked":"SKIP","floor":14},{"not_picked":["Thunderclap"],"picked":"SKIP","floor":18},{"not_picked":["Dual Wield"],"picked":"SKIP","floor":20},{"not_picked":[],"picked":"Limit Break","floor":23},{"not_picked":["Iron Wave"],"picked":"SKIP","floor":28},{"not_picked":["Flex"],"picked":"SKIP","floor":31}],"player_experience":918639,"relics_obtained":[{"floor":6,"key":"Nunchaku"},{"floor":8,"key":"Red Skull"},{"floor":9,"key":"Orichalcum"},{"floor":12,"key":"Lantern"},{"floor":13,"key":"Champion Belt"},{"floor":22,"key":"Red Mask"},{"floor":23,"key":"Art of War"},{"floor":25,"key":"Necronomicon"},{"floor":26,"key":"Blue Candle"},{"floor":28,"key":"Pen Nib"}],"event_choices":[{"damage_healed":0,"gold_gain":0,"player_choice":"Success","damage_taken":26,"relics_obtained":["Gremlin Horn"],"max_hp_gain":0,"max_hp_loss":0,"event_name":"Scrap Ooze","floor":4,"gold_loss":0},{"damage_healed":0,"gold_gain":60,"player_choice":"Gained Gold","damage_taken":0,"max_hp_gain":0,"max_hp_loss":0,"event_name":"Golden Wing","floor":11,"gold_loss":0},{"damage_healed":0,"gold_gain":0,"player_choice":"Traded Relic","damage_taken":0,"relics_obtained":["Nloth\u0027s Gift"],"max_hp_gain":0,"max_hp_loss":0,"event_name":"N\u0027loth","floor":19,"relics_lost":["Empty Cage"],"gold_loss":0},{"damage_healed":0,"gold_gain":0,"player_choice":"Fought Bandits","damage_taken":0,"max_hp_gain":0,"max_hp_loss":0,"event_name":"Masked Bandits","floor":22,"gold_loss":0},{"damage_healed":0,"gold_gain":0,"player_choice":"Obtained Book","damage_taken":21,"max_hp_gain":0,"max_hp_loss":0,"event_name":"Cursed Tome","floor":25,"gold_loss":0},{"damage_healed":0,"gold_gain":0,"player_choice":"Bet on Murderer","damage_taken":0,"max_hp_gain":0,"max_hp_loss":0,"event_name":"The Joust","floor":29,"gold_loss":50}],"is_beta":false,"boss_relics":[{"not_picked":["Tiny House","Mark of Pain"],"picked":"Empty Cage"}],"items_purged_floors":[],"is_endless":false,"potions_floor_spawned":[3,5,8,14,16,18,22,31],"killed_by":"Champ","ascension_level":20}}