{"host":"ej105hmlhg4ikw5v","time":1612648699,"event":{"mods":["AchievementEnabler","BaseMod","Better Sensory Stone","Better Skull","Better Vampires","Block Reminder","CapriCore","Colored Map","Colored Powertips","DeckTracker","Dio Mod","GifTheSpireLib","Highlight Path","Lobotomy","LobotomyExtend","Marisa????????","Minty Spire (QoL Compilation)","Permanent Neow","Quick Restart","Relic Stats","Remilia??????","Replay The Spire","Shop Mod","Spicy Shops","StSLib","The Immortal","The Senshi","The Wild Card","Waifu the Spire"],"gold_per_floor":[109,109,120,138,157,157,169,169,194,209,209,16,35,53,53,156,156,175,175,175],"floor_reached":19,"language":"SPA","playtime":1534,"items_purged":[],"score":179,"play_id":"a2ad3349-ec75-4f56-a30d-58f7fa179a6d","local_time":"20210206185819","is_ascension_mode":true,"campfire_choices":[{"data":"theWildCard:SacrificialStroke","floor":6.0,"key":"SMITH"},{"data":"theWildCard:TheArcanaUnleashed","floor":8.0,"key":"SMITH"},{"floor":11.0,"key":"REST"},{"data":"theWildCard:Providence","floor":15,"key":"SMITH"}],"circlet_count":0,"master_deck":["theWildCard:BasicStrike","theWildCard:BasicStrike","theWildCard:BasicStrike","theWildCard:BasicStrike","theWildCard:BasicDefend","theWildCard:BasicDefend+1","theWildCard:BasicDefend","theWildCard:BasicDefend","theWildCard:CallToAdventure","theWildCard:Arsene+1","CrumblingArmor","theWildCard:Patience+1","Wellcheers","theWildCard:Michael","theWildCard:TheArcanaUnleashed+1","theWildCard:SacrificialStroke+1","theWildCard:MagicalMight","theWildCard:Proficiency","theWildCard:ArcaneArts","theWildCard:Providence+1","theWildCard:Salvation","ShyLook","theWildCard:Ruination","theWildCard:Attunement+1","PunishingBird"],"relics":["theWildCard:VelvetContract","CogitoBucket","LetterFromLob","War Paint","Lee\u0027s Waffle","theWildCard:FigureOfDeath"],"acts_visited":["TheCity"],"potions_floor_usage":[14,16,16,18],"damage_taken":[{"damage":9.0,"enemies":"Cultist","floor":1.0,"turns":4.0},{"damage":3.0,"enemies":"Jaw Worm","floor":3.0,"turns":7.0},{"damage":0.0,"enemies":"2 Louse","floor":4.0,"turns":2.0},{"damage":11.0,"enemies":"Exordium Thugs","floor":5.0,"turns":4.0},{"damage":0.0,"enemies":"2 Fungi Beasts","floor":7.0,"turns":3.0},{"damage":15.0,"enemies":"Looter","floor":10.0,"turns":4.0},{"damage":23.0,"enemies":"Exordium Wildlife","floor":13.0,"turns":5.0},{"damage":3,"enemies":"Gremlin Gang","floor":14,"turns":7},{"damage":37,"enemies":"Fading Forest","floor":16,"turns":11},{"damage":33,"enemies":"2 Thieves","floor":18,"turns":3},{"damage":137,"enemies":"Shell Parasite","floor":19,"turns":3}],"seed_played":"-8913173571532018760","potions_obtained":[{"floor":3.0,"key":"Flashbang"},{"floor":4.0,"key":"Death Potion"},{"floor":13.0,"key":"EssenceOfSteel"},{"floor":16,"key":"Regen Potion"}],"is_trial":false,"path_per_floor":["M","?","M","M","M","R","M","R","T","M","R","$","M","M","R","B",null,"M","M"],"character_chosen":"THE_WILD_CARD","items_purchased":["Lee\u0027s Waffle","theWildCard:ArcaneArts"],"campfire_rested":1,"item_purchase_floors":[12,12],"current_hp_per_floor":[51,51,48,51,43,43,46,46,46,31,49,67,44,42,42,24,67,41,0,0],"gold":175,"neow_bonus":"","is_daily":false,"chose_seed":false,"campfire_upgraded":3,"win_rate":0.0,"timestamp":1612648699,"path_taken":["M","?","?","?","M","R","M","R","T","M","R","$","M","M","R","BOSS","M","M"],"items_purchased_type":["Relic","Card"],"build_version":"2020-12-22","purchased_purges":0,"victory":false,"max_hp_per_floor":[60,60,60,60,60,60,60,60,60,60,60,67,67,67,67,67,67,67,67,67],"relic_stats":{"Lee\u0027s Waffle":0,"counters":[5,25],"War Paint":[],"obtain_stats":[{"theWildCard:VelvetContract":0,"CogitoBucket":0,"Lee\u0027s Waffle":0,"theWildCard:FigureOfDeath":17,"LetterFromLob":0,"War Paint":0},{"theWildCard:VelvetContract":0,"CogitoBucket":0,"Lee\u0027s Waffle":0,"theWildCard:FigureOfDeath":2,"LetterFromLob":0,"War Paint":0},{"theWildCard:VelvetContract":0,"CogitoBucket":0,"Lee\u0027s Waffle":0,"theWildCard:FigureOfDeath":18,"LetterFromLob":0,"War Paint":0}]},"card_choices":[{"not_picked":["VoidDream","MeatLantern"],"picked":"CrumblingArmor","floor":1.0},{"not_picked":["theWildCard:MaskChange","theWildCard:Sakuya"],"picked":"theWildCard:Patience","floor":1.0},{"not_picked":["SingingMachine","UniverseFragment"],"picked":"Wellcheers","floor":3.0},{"not_picked":["theWildCard:StalwartBlade","theWildCard:ArcaneArts"],"picked":"theWildCard:Michael","floor":3.0},{"not_picked":["theWildCard:StingingStrike","theWildCard:Sakuya"],"picked":"theWildCard:TheArcanaUnleashed","floor":4.0},{"not_picked":["theWildCard:Michael","theWildCard:ArcaneArts"],"picked":"theWildCard:SacrificialStroke","floor":5.0},{"not_picked":["theWildCard:Odin","theWildCard:EnergizedStroke"],"picked":"theWildCard:MagicalMight","floor":7.0},{"not_picked":["theWildCard:MagicMettle","theWildCard:LadyLuck"],"picked":"theWildCard:Proficiency","floor":10.0},{"not_picked":["theWildCard:Sakuya","theWildCard:Michael"],"picked":"theWildCard:Providence","floor":13.0},{"not_picked":["theWildCard:ShieldOfMany","theWildCard:ArcaneArts"],"picked":"theWildCard:Salvation","floor":14},{"not_picked":["LittlePrince","LaLuna"],"picked":"ShyLook","floor":16},{"not_picked":["theWildCard:FinalHour","theWildCard:Overwhelm"],"picked":"theWildCard:Ruination","floor":16},{"not_picked":["theWildCard:Safeguard","theWildCard:ArcanaArtistry"],"picked":"theWildCard:Attunement+1","floor":18},{"not_picked":["UniverseFragment","BeautyBeast","MHz"],"picked":"Singing Bowl","floor":18},{"not_picked":["BeautyBeast","Variant"],"picked":"PunishingBird","floor":18}],"player_experience":329772,"relics_obtained":[{"floor":1.0,"key":"LetterFromLob"},{"floor":9.0,"key":"War Paint"}],"event_choices":[{"damage_healed":0.0,"max_hp_gain":0.0,"max_hp_loss":0.0,"gold_gain":0.0,"event_name":"Upgrade Shrine","player_choice":"Upgraded","floor":2.0,"gold_loss":0.0,"damage_taken":0.0,"cards_upgraded":["theWildCard:Patience"]}],"is_beta":false,"boss_relics":[{"not_picked":["Tiny House","Honey Jar"],"picked":"theWildCard:FigureOfDeath"}],"items_purged_floors":[],"is_endless":false,"potions_floor_spawned":[3,4,13,16],"killed_by":"Shell Parasite","ascension_level":2}}