{"host":"tpad8qsc9e0g0pa5","time":1612613096,"event":{"mods":["BaseMod","Minty Spire (QoL Compilation)","Quick Restart","StSLib","The Cursed"],"gold_per_floor":[110,41,41,41,41,41,41,66,112,131,148,160,171,181,181,181,181],"floor_reached":16,"language":"ZHS","playtime":760,"items_purged":[],"score":112,"play_id":"0cecd956-829a-4936-b7c1-862d801cddd4","local_time":"20210206200456","is_ascension_mode":true,"campfire_choices":[{"data":"True Grit","floor":6.0,"key":"SMITH"},{"data":"Corruption","floor":15,"key":"SMITH"}],"circlet_count":0,"master_deck":["Strike_R","Strike_R","Strike_R","Strike_R","Defend_R","Defend_R","Defend_R","Defend_R","Bash","Berserk","True Grit+1","Dropkick","Corruption+1"],"relics":["Burning Blood","Shuriken","Smiling Mask"],"acts_visited":["Exordium"],"potions_floor_usage":[13,16],"damage_taken":[{"damage":6.0,"enemies":"Cultist","floor":1.0,"turns":4.0},{"damage":56.0,"enemies":"3 Sentries","floor":8.0,"turns":14.0},{"damage":0.0,"enemies":"Small Slimes","floor":10.0,"turns":3.0},{"damage":3.0,"enemies":"2 Louse","floor":11.0,"turns":3.0},{"damage":5.0,"enemies":"2 Fungi Beasts","floor":12.0,"turns":4.0},{"damage":1,"enemies":"Lots of Slimes","floor":13,"turns":2},{"damage":9,"enemies":"Red Slaver","floor":14,"turns":5},{"damage":47,"enemies":"Hexaghost","floor":16,"turns":10}],"seed_played":"-6222317963720258249","potions_obtained":[{"floor":10.0,"key":"Strength Potion"},{"floor":11.0,"key":"Weak Potion"},{"floor":12.0,"key":"Explosive Potion"}],"is_trial":false,"path_per_floor":["M","$","?","?","$","R","?","E","T","M","M","M","M","M","R","B"],"character_chosen":"IRONCLAD","items_purchased":["Dropkick"],"campfire_rested":0,"item_purchase_floors":[2],"current_hp_per_floor":[80,80,80,80,80,80,80,30,30,36,39,40,45,42,42,0,0],"gold":181,"neow_bonus":"ONE_RANDOM_RARE_CARD","is_daily":false,"chose_seed":false,"campfire_upgraded":2,"win_rate":0.0,"timestamp":1612613096,"path_taken":["M","$","?","?","$","R","?","E","T","M","M","M","M","M","R","BOSS"],"items_purchased_type":["Card"],"build_version":"2020-12-22","purchased_purges":0,"victory":false,"max_hp_per_floor":[80,80,80,80,80,80,80,80,80,80,80,80,80,80,80,80,80],"card_choices":[{"not_picked":["Shrug It Off","Headbutt"],"picked":"True Grit","floor":1.0},{"not_picked":["Twin Strike","Battle Trance","Cleave"],"picked":"SKIP","floor":8.0},{"not_picked":["Pommel Strike","Dual Wield","Havoc"],"picked":"SKIP","floor":10.0},{"not_picked":["Entrench","Perfected Strike","Heavy Blade"],"picked":"SKIP","floor":11.0},{"not_picked":["Flex","Havoc"],"picked":"Corruption","floor":12.0},{"not_picked":["Carnage","Perfected Strike","Clash"],"picked":"SKIP","floor":13},{"not_picked":["Clothesline","Shockwave","Searing Blow"],"picked":"SKIP","floor":14}],"player_experience":263517,"relics_obtained":[{"floor":8.0,"key":"Shuriken"},{"floor":9.0,"key":"Smiling Mask"}],"event_choices":[{"cards_removed":["Strike_R"],"damage_healed":0.0,"max_hp_gain":0.0,"max_hp_loss":0.0,"gold_gain":0.0,"event_name":"Living Wall","player_choice":"Forget","floor":3.0,"gold_loss":0.0,"damage_taken":0.0},{"damage_healed":0.0,"max_hp_gain":0.0,"max_hp_loss":0.0,"gold_gain":0.0,"event_name":"Liars Game","player_choice":"Ignored","floor":4.0,"gold_loss":0.0,"damage_taken":0.0},{"damage_healed":0.0,"max_hp_gain":0.0,"max_hp_loss":0.0,"gold_gain":0.0,"event_name":"The Cleric","player_choice":"Leave","floor":7.0,"gold_loss":0.0,"damage_taken":0.0}],"is_beta":false,"boss_relics":[],"items_purged_floors":[],"is_endless":false,"potions_floor_spawned":[10,11,12],"killed_by":"Hexaghost","ascension_level":2}}