{"host":"vyjryxuuuxkt43k4","time":1612628277,"event":{"mods":["AchievementEnabler","BaseMod","Colored Map","DeckTracker","Highlight Path","Keyboard Shortcuts","Minty Spire (QoL Compilation)","Permanent Neow","Quick Restart","StSLib","SuperFastMode","everything is the same but u backflip on backflip"],"gold_per_floor":[16,36,50,68,82,82,110,121,174,199,199,35,59,71,71,71,71],"floor_reached":16,"language":"KOR","playtime":604,"items_purged":["Defend_P"],"score":217,"play_id":"50450e0a-3537-48ed-8b10-be3072808f15","local_time":"20210207011757","is_ascension_mode":true,"campfire_choices":[{"data":"Eruption","floor":6,"key":"SMITH"},{"data":"Scrawl","floor":11,"key":"SMITH"},{"floor":15,"key":"REST"}],"circlet_count":0,"master_deck":["AscendersBane","Strike_P","Strike_P","Strike_P","Strike_P","Defend_P","Defend_P","Defend_P","Eruption+1","Vigilance","CrushJoints","CarveReality","Scrawl+1","Wallop","ThirdEye","CutThroughFate","Adaptation","Weave"],"relics":["PureWater","GoldenEye","Tiny Chest","Ancient Tea Set","Akabeko","Odd Mushroom"],"acts_visited":["Exordium"],"potions_floor_usage":[7,8,10],"damage_taken":[{"damage":0,"enemies":"Cultist","floor":1,"turns":3},{"damage":3,"enemies":"2 Louse","floor":2,"turns":2},{"damage":0,"enemies":"Small Slimes","floor":3,"turns":2},{"damage":3,"enemies":"Blue Slaver","floor":4,"turns":3},{"damage":0,"enemies":"Exordium Wildlife","floor":5,"turns":2},{"damage":34,"enemies":"Lagavulin","floor":7,"turns":6},{"damage":3,"enemies":"3 Louse","floor":8,"turns":2},{"damage":2,"enemies":"Gremlin Nob","floor":10,"turns":3},{"damage":7,"enemies":"The Mushroom Lair","floor":13,"turns":3},{"damage":3,"enemies":"Lots of Slimes","floor":14,"turns":4},{"damage":26,"enemies":"Slime Boss","floor":16,"turns":3}],"seed_played":"2698561683569242427","potions_obtained":[{"floor":2,"key":"LiquidMemories"},{"floor":3,"key":"FearPotion"},{"floor":5,"key":"GamblersBrew"},{"floor":7,"key":"AttackPotion"},{"floor":14,"key":"Energy Potion"}],"is_trial":false,"path_per_floor":["M","M","M","M","M","R","E","M","T","E","R","$","?","M","R","B"],"character_chosen":"WATCHER","items_purchased":["Adaptation"],"campfire_rested":1,"item_purchase_floors":[12],"current_hp_per_floor":[61,58,58,55,55,55,21,18,18,16,16,16,9,6,26,0,0],"gold":71,"neow_bonus":"ONE_RARE_RELIC","is_daily":false,"chose_seed":false,"campfire_upgraded":2,"win_rate":0.0,"timestamp":1612628277,"path_taken":["M","?","M","M","M","R","E","M","T","E","R","$","?","M","R","BOSS"],"items_purchased_type":["Card"],"build_version":"2020-12-22","purchased_purges":1,"victory":false,"max_hp_per_floor":[68,68,68,68,68,68,68,68,68,68,68,68,68,68,68,68,68],"card_choices":[{"not_picked":["FlurryOfBlows","Evaluate"],"picked":"CrushJoints","floor":1},{"not_picked":["Evaluate","Halt"],"picked":"CarveReality","floor":2},{"not_picked":["Evaluate","Protect"],"picked":"Scrawl","floor":3},{"not_picked":["SashWhip","BowlingBash","Protect"],"picked":"SKIP","floor":4},{"not_picked":["SashWhip","BowlingBash","Protect"],"picked":"SKIP","floor":4},{"not_picked":["EmptyBody","Halt"],"picked":"Wallop","floor":5},{"not_picked":["Nirvana","BowlingBash"],"picked":"ThirdEye","floor":7},{"not_picked":["Crescendo","WheelKick"],"picked":"CutThroughFate","floor":8},{"not_picked":["LikeWater","WreathOfFlame","Fasting2"],"picked":"SKIP","floor":10},{"not_picked":["EmptyMind","BowlingBash"],"picked":"Weave","floor":14}],"player_experience":809714,"relics_obtained":[{"floor":7,"key":"Tiny Chest"},{"floor":9,"key":"Ancient Tea Set"},{"floor":10,"key":"Akabeko"},{"floor":13,"key":"Odd Mushroom"}],"event_choices":[{"damage_healed":0,"gold_gain":0,"player_choice":"Fought Mushrooms","damage_taken":0,"max_hp_gain":0,"max_hp_loss":0,"event_name":"Mushrooms","floor":13,"gold_loss":0}],"is_beta":false,"boss_relics":[],"items_purged_floors":[12],"is_endless":false,"potions_floor_spawned":[2,3,5,7,14],"killed_by":"Slime Boss","ascension_level":18}}