{"host":"dmtlrev5pkc1867p","time":1612624948,"event":{"mods":["BaseMod","Colored Map","Downfall","Hermit","Marisa¡]Ãú«B¡@Å]²z¨F¡^","Minty Spire (QoL Compilation)","Replay The Spire","StSLib","The Cursed","The Disciple","The Servant 0.9.4"],"gold_per_floor":[110,127,140,415,70,83,83,83,94,128,147,147,159,72,72,175,175,191,191,206,216,216,216,216],"floor_reached":22,"language":"ZHS","playtime":7291,"items_purged":["Regret"],"score":297,"play_id":"a3a535b2-1c88-4e56-9184-27969faaec2b","local_time":"20210206232228","is_ascension_mode":true,"campfire_choices":[{"floor":15.0,"key":"RECALL"}],"circlet_count":0,"master_deck":["Slimebound:Strike_Slimebound","Slimebound:Strike_Slimebound","Slimebound:Strike_Slimebound","Slimebound:Tackle","Slimebound:Defend_Slimebound","Slimebound:Defend_Slimebound","Slimebound:Defend_Slimebound","Slimebound:Defend_Slimebound","Slimebound:Split","Slimebound:CorrosiveSpit","Mind Blast","Slimebound:SplitMire","Slimebound:GoopTackle","Slimebound:Dissolve","Slimebound:AcidTongue","Slimebound:Equalize","Slimebound:SlimeSpikes","Slimebound:SelfFormingGoo","Slimebound:LivingWall","Slimebound:SplitAcid","Slimebound:SplitLeeching","Slimebound:LeechLife","Slimebound:OneTwoCombo","Slimebound:Prepare","Slimebound:FormOfPuddle","Slimebound:CheckThePlaybook"],"relics":["Slimebound:AbsorbEndCombat","FaceOfCleric","Replay:Towering Pillar of Hats","SlaversCollar"],"acts_visited":["Exordium","TheCity"],"potions_floor_usage":[21],"damage_taken":[{"damage":11.0,"enemies":"Jaw Worm","floor":1.0,"turns":4.0},{"damage":14.0,"enemies":"Cultist","floor":2.0,"turns":4.0},{"damage":8.0,"enemies":"Small Slimes","floor":3.0,"turns":4.0},{"damage":0.0,"enemies":"downfall:FleeingMerchant","floor":5.0,"turns":4.0},{"damage":6.0,"enemies":"3 Louse","floor":6.0,"turns":2.0},{"damage":7.0,"enemies":"Lots of Slimes","floor":9.0,"turns":3.0},{"damage":38.0,"enemies":"Lagavulin","floor":10.0,"turns":6.0},{"damage":3.0,"enemies":"Large Slime","floor":11.0,"turns":5.0},{"damage":3.0,"enemies":"2 Fungi Beasts","floor":13.0,"turns":3.0},{"damage":0.0,"enemies":"downfall:FleeingMerchant","floor":14.0,"turns":4.0},{"damage":24.0,"enemies":"SI_SHIV_ARCHETYPE","floor":16.0,"turns":7.0},{"damage":19.0,"enemies":"Spheric Guardian","floor":18.0,"turns":5.0},{"damage":15.0,"enemies":"3 Byrds","floor":20.0,"turns":4.0},{"damage":42,"enemies":"Centurion and Healer","floor":21,"turns":6},{"damage":0,"enemies":"downfall:FleeingMerchant","floor":22,"turns":1}],"seed_played":"2172200210704447769","potions_obtained":[{"floor":1.0,"key":"BlessingOfTheForge"},{"floor":6.0,"key":"Fire Potion"},{"floor":13.0,"key":"SteroidPotion"},{"floor":16.0,"key":"Strength Potion"},{"floor":18.0,"key":"DuplicationPotion"},{"floor":19.0,"key":"FairyPotion"},{"floor":19.0,"key":"Slimebound:ThreeZeroPotion"}],"is_trial":false,"path_per_floor":["M","M","M","?","$","M","T","?","M","E","M","?","M","$","R","B",null,"M","?","M","M","$"],"character_chosen":"SLIMEBOUND","items_purchased":["Replay:Ringing Soul","Slimebound:LeechLife"],"campfire_rested":0,"item_purchase_floors":[5,14],"current_hp_per_floor":[52,42,36,36,42,43,43,43,52,34,51,51,58,76,76,80,89,96,96,92,67,67,67,67],"gold":216,"neow_bonus":"RANDOM_COLORLESS","is_daily":false,"chose_seed":false,"campfire_upgraded":0,"win_rate":0.0,"timestamp":1612624948,"path_taken":["M","M","M","?","$","?","T","?","?","E","M","?","M","$","R","BOSS","M","?","M","M","$"],"items_purchased_type":["Relic","Card"],"build_version":"2020-12-22","purchased_purges":1,"victory":false,"max_hp_per_floor":[65,65,65,65,65,68,68,68,72,76,80,80,84,88,88,92,92,96,96,97,98,98,98,98],"card_choices":[{"not_picked":["Trip","Replay:Sssssssssstrike"],"picked":"Mind Blast","floor":0.0},{"not_picked":["Slimebound:GoopTackle","Slimebound:SamplingLick"],"picked":"Slimebound:SplitMire","floor":1.0},{"not_picked":["Slimebound:PressTheAttack","Slimebound:FinishingTackle"],"picked":"Slimebound:GoopTackle","floor":2.0},{"not_picked":["Slimebound:DisruptingSlam","Slimebound:Recollect"],"picked":"Slimebound:Dissolve","floor":3.0},{"not_picked":["Slimebound:RejuvenatingLick","Slimebound:BestDefense"],"picked":"Slimebound:AcidTongue","floor":5.0},{"not_picked":["Slimebound:Grow","Slimebound:SplitAcid"],"picked":"Slimebound:Equalize","floor":6.0},{"not_picked":["Slimebound:ComboTackle","Slimebound:Dissolve"],"picked":"Slimebound:SlimeSpikes","floor":9.0},{"not_picked":["Slimebound:LeechingTouch","Slimebound:RollThrough"],"picked":"Slimebound:SelfFormingGoo","floor":10.0},{"not_picked":["Slimebound:ItLooksTasty","Slimebound:RollThrough"],"picked":"Slimebound:LivingWall","floor":11.0},{"not_picked":["Slimebound:GrowthPunch","Slimebound:PressTheAttack"],"picked":"Slimebound:SplitAcid","floor":13.0},{"not_picked":["Slimebound:AcidTongue","Slimebound:LivingWall"],"picked":"Slimebound:SplitLeeching","floor":14.0},{"not_picked":["Slimebound:LeechLife","Slimebound:PrepareCrush"],"picked":"Slimebound:OneTwoCombo","floor":16.0},{"not_picked":["Slimebound:GoopTackle","Slimebound:SlimeSpikes"],"picked":"Slimebound:Prepare","floor":18.0},{"not_picked":["Slimebound:Prepare","Slimebound:GrowthPunch"],"picked":"Slimebound:FormOfPuddle","floor":20.0},{"not_picked":["Slimebound:SplitLeeching+1","Slimebound:LeechingTouch"],"picked":"Slimebound:CheckThePlaybook","floor":21}],"player_experience":600867,"relics_obtained":[{"floor":10.0,"key":"Replay:Towering Pillar of Hats"}],"event_choices":[{"damage_healed":0.0,"max_hp_gain":0.0,"max_hp_loss":0.0,"gold_gain":0.0,"event_name":"FaceTrader","player_choice":"Trade","floor":8.0,"gold_loss":0.0,"damage_taken":0.0,"relics_obtained":["FaceOfCleric"]}],"is_beta":false,"boss_relics":[{"not_picked":["Tiny House","Ring of Chaos"],"picked":"SlaversCollar"}],"items_purged_floors":[5],"is_endless":false,"potions_floor_spawned":[1,6,13,16,18],"killed_by":"downfall:FleeingMerchant","ascension_level":6}}