{"host":"seujf6kmfn3ctpoe","time":1612601797,"event":{"mods":["BaseMod","Colored Map","Minty Spire (QoL Compilation)","Permanent Neow","Relic Sorter","Relic Stats","StSLib"],"gold_per_floor":[114,189,201,216,141,141,158,158,158,158,158,158,176,76,76,176,176,191,207,207,220,234,234,333,333,333,208,208,219,219,234,234,234,234],"floor_reached":33,"language":"ENG","playtime":1047,"items_purged":["Strike_R","Strike_R","Strike_R"],"score":275,"play_id":"f2eeea21-f224-4acc-9f79-6cf73efbd493","local_time":"20210206095637","is_ascension_mode":true,"campfire_choices":[{"data":"Searing Blow","floor":6,"key":"SMITH"},{"data":"Searing Blow+1","floor":8,"key":"SMITH"},{"data":"Searing Blow+2","floor":12,"key":"SMITH"},{"data":"Searing Blow+3","floor":15,"key":"SMITH"},{"floor":23,"key":"REST"},{"data":"Searing Blow+4","floor":25,"key":"SMITH"},{"data":"Searing Blow+5","floor":28,"key":"SMITH"},{"data":"Searing Blow+6","floor":30,"key":"SMITH"},{"data":"Searing Blow+7","floor":32,"key":"SMITH"}],"circlet_count":0,"master_deck":["Strike_R","Defend_R","Defend_R","Defend_R","Defend_R","Bash","Searing Blow+8","Armaments","Offering","Shrug It Off"],"relics":["Burning Blood","Pear","Black Star","Nloth\u0027s Gift","Mummified Hand"],"acts_visited":["Exordium","TheCity"],"potions_floor_usage":[22,29,33,33],"damage_taken":[{"damage":0,"enemies":"Jaw Worm","floor":1,"turns":1},{"damage":0,"enemies":"Small Slimes","floor":3,"turns":1},{"damage":0,"enemies":"Cultist","floor":4,"turns":1},{"damage":8,"enemies":"Red Slaver","floor":7,"turns":4},{"damage":0,"enemies":"Large Slime","floor":13,"turns":5},{"damage":61,"enemies":"Hexaghost","floor":16,"turns":9},{"damage":19,"enemies":"2 Thieves","floor":18,"turns":4},{"damage":6,"enemies":"Chosen","floor":19,"turns":3},{"damage":17,"enemies":"3 Cultists","floor":21,"turns":4},{"damage":49,"enemies":"Chosen and Byrds","floor":22,"turns":9},{"damage":9,"enemies":"Snake Plant","floor":29,"turns":2},{"damage":11,"enemies":"Cultist and Chosen","floor":31,"turns":3},{"damage":131,"enemies":"Automaton","floor":33,"turns":12}],"seed_played":"-5635850233725713747","potions_obtained":[{"floor":1,"key":"SteroidPotion"},{"floor":4,"key":"Regen Potion"},{"floor":18,"key":"Weak Potion"},{"floor":29,"key":"Regen Potion"}],"is_trial":false,"path_per_floor":["M","?","M","M","$","R","M","R","T","?","?","R","M","$","R","B",null,"M","M","?","M","M","R","?","R","T","$","R","M","R","M","R","B"],"character_chosen":"IRONCLAD","items_purchased":[],"campfire_rested":1,"item_purchase_floors":[],"current_hp_per_floor":[80,69,75,80,80,80,78,78,88,88,88,88,90,90,90,35,90,77,77,77,66,23,50,50,50,50,50,50,47,47,42,42,0,0],"gold":234,"neow_bonus":"THREE_ENEMY_KILL","is_daily":false,"chose_seed":false,"campfire_upgraded":8,"win_rate":0.0,"timestamp":1612601797,"path_taken":["M","?","M","M","$","R","M","R","T","?","?","R","?","?","R","BOSS","M","M","?","?","M","R","?","R","T","$","R","M","R","M","R","BOSS"],"items_purchased_type":[],"build_version":"2020-12-22","purchased_purges":3,"victory":false,"max_hp_per_floor":[80,80,80,80,80,80,80,80,90,90,90,90,90,90,90,90,90,90,90,90,90,90,90,90,90,90,90,90,90,90,90,90,90,90],"relic_stats":{"counters":[13,58],"Mummified Hand":[0],"Black Star":0,"Nloth\u0027s Gift":1,"obtain_stats":[{"Pear":9,"NeowsBlessing":0,"Mummified Hand":26,"Black Star":17,"Nloth\u0027s Gift":20,"Burning Blood":0},{"Pear":4,"NeowsBlessing":0,"Mummified Hand":10,"Black Star":6,"Nloth\u0027s Gift":8,"Burning Blood":0},{"Pear":7,"NeowsBlessing":0,"Mummified Hand":41,"Black Star":21,"Nloth\u0027s Gift":28,"Burning Blood":0}],"Burning Blood":61},"card_choices":[{"not_picked":["Blood for Blood","Headbutt"],"picked":"Searing Blow","floor":1},{"not_picked":["Flex","Wild Strike"],"picked":"Armaments","floor":3},{"not_picked":["Perfected Strike","Power Through","Pommel Strike"],"picked":"SKIP","floor":4},{"not_picked":["Warcry","Headbutt","Demon Form"],"picked":"SKIP","floor":7},{"not_picked":["Heavy Blade","Body Slam","Second Wind"],"picked":"SKIP","floor":13},{"not_picked":["Limit Break","Reaper"],"picked":"Offering","floor":16},{"not_picked":["Rupture","Clothesline+1","Pommel Strike+1"],"picked":"SKIP","floor":18},{"not_picked":["Pommel Strike","Pummel","True Grit"],"picked":"SKIP","floor":19},{"not_picked":["Clash","Wild Strike+1","Feel No Pain"],"picked":"SKIP","floor":21},{"not_picked":["Rampage","Hemokinesis","Barricade"],"picked":"SKIP","floor":22},{"not_picked":["Pummel","Headbutt","Seeing Red"],"picked":"SKIP","floor":29},{"not_picked":["Inflame","Intimidate"],"picked":"Shrug It Off","floor":31}],"player_experience":419249,"relics_obtained":[{"floor":9,"key":"Pear"},{"floor":26,"key":"Mummified Hand"}],"event_choices":[{"damage_healed":0,"gold_gain":75,"player_choice":"Gather Gold","damage_taken":11,"max_hp_gain":0,"max_hp_loss":0,"event_name":"World of Goop","floor":2,"gold_loss":0},{"damage_healed":0,"gold_gain":0,"player_choice":"Ignored","damage_taken":0,"max_hp_gain":0,"max_hp_loss":0,"event_name":"Liars Game","floor":10,"gold_loss":0},{"cards_removed":["Strike_R"],"damage_healed":0,"gold_gain":0,"player_choice":"Purged","damage_taken":0,"max_hp_gain":0,"max_hp_loss":0,"event_name":"Purifier","floor":11,"gold_loss":0},{"damage_healed":0,"gold_gain":0,"player_choice":"Traded Relic","damage_taken":0,"relics_obtained":["Nloth\u0027s Gift"],"max_hp_gain":0,"max_hp_loss":0,"event_name":"N\u0027loth","floor":20,"relics_lost":["NeowsBlessing"],"gold_loss":0},{"damage_healed":0,"gold_gain":99,"player_choice":"Stole From Cult","damage_taken":0,"max_hp_gain":0,"max_hp_loss":0,"event_name":"Nest","floor":24,"gold_loss":0}],"is_beta":false,"boss_relics":[{"not_picked":["Runic Pyramid","SlaversCollar"],"picked":"Black Star"}],"items_purged_floors":[5,14,27],"is_endless":false,"potions_floor_spawned":[1,4,18,29],"killed_by":"Automaton","ascension_level":1}}