{"host":"sygfylmorsvdndbx","time":1612637047,"event":{"mods":["AchievementEnabler","BaseMod","Bestiary","Highlight Path","Minty Spire (QoL Compilation)","Permanent Neow","Quick Restart","Relic Stats"],"gold_per_floor":[114,126,136,13,29,60,80,80,104,115,115,115,149,165,165,263,263,278,278,353,366,376,406,406,421,421,446,446,458,489,245,245,349,349,360,372,1371,793,793,828,828,858,858,858,885,680,698,426,426,426,426,426,218,246,246],"floor_reached":56,"language":"ENG","playtime":6247,"items_purged":["Shame","Pain","Normality","Normality","Strike_P","Defend_P"],"score":2349,"play_id":"ccc765fa-7980-4eee-b9d7-86d20a698f7e","local_time":"20210206134407","is_ascension_mode":true,"campfire_choices":[{"floor":8.0,"key":"REST"},{"data":"SandsOfTime","floor":12.0,"key":"SMITH"},{"data":"Eruption","floor":15.0,"key":"SMITH"},{"data":"Blasphemy","floor":24.0,"key":"SMITH"},{"data":"MentalFortress","floor":28.0,"key":"SMITH"},{"data":"Consecrate","floor":32.0,"key":"SMITH"},{"data":"Weave","floor":44.0,"key":"SMITH"},{"floor":49.0,"key":"RECALL"},{"data":"SashWhip","floor":52.0,"key":"SMITH"}],"circlet_count":0,"master_deck":["Strike_P","Strike_P","Defend_P","Defend_P","Eruption+1","Vigilance","SandsOfTime+1","DeceiveReality","Weave+1","Consecrate+1","CutThroughFate","WheelKick","FearNoEvil","CutThroughFate","Tantrum","Evaluate","SashWhip+1","Blasphemy+1","CrushJoints+1","Wallop","ClearTheMind+1","MentalFortress+1","MentalFortress+1","Meditate+1","EmptyFist+1","Scrawl","ThirdEye+1","EmptyMind+1","Master of Strategy","Thinking Ahead","Wireheading","FlurryOfBlows+1","Tantrum","SandsOfTime+1"],"relics":["PureWater","Oddly Smooth Stone","Anchor","Boot","Cursed Key","MutagenicStrength","Happy Flower","Eternal Feather","Ancient Tea Set","Toy Ornithopter","Black Star","TungstenRod","Lee\u0027s Waffle","Smiling Mask","Question Card","Pen Nib","Potion Belt","Bag of Marbles","Lantern","Centennial Puzzle","Membership Card","Letter Opener","TeardropLocket","Damaru"],"acts_visited":["TheCity","TheBeyond","TheEnding"],"potions_floor_usage":[55,55,55,55,55],"damage_taken":[{"damage":7.0,"enemies":"2 Louse","floor":1.0,"turns":4.0},{"damage":0.0,"enemies":"Jaw Worm","floor":2.0,"turns":4.0},{"damage":0.0,"enemies":"Cultist","floor":3.0,"turns":3.0},{"damage":8.0,"enemies":"Large Slime","floor":5.0,"turns":3.0},{"damage":23.0,"enemies":"3 Sentries","floor":6.0,"turns":5.0},{"damage":2.0,"enemies":"Blue Slaver","floor":7.0,"turns":3.0},{"damage":0.0,"enemies":"Exordium Thugs","floor":10.0,"turns":5.0},{"damage":0.0,"enemies":"Gremlin Nob","floor":13.0,"turns":2.0},{"damage":0.0,"enemies":"3 Louse","floor":14.0,"turns":2.0},{"damage":0.0,"enemies":"Slime Boss","floor":16.0,"turns":5.0},{"damage":0.0,"enemies":"Shell Parasite","floor":18.0,"turns":2.0},{"damage":0.0,"enemies":"Chosen","floor":21.0,"turns":3.0},{"damage":0.0,"enemies":"Snake Plant","floor":22.0,"turns":2.0},{"damage":5.0,"enemies":"Book of Stabbing","floor":23.0,"turns":4.0},{"damage":5.0,"enemies":"Centurion and Healer","floor":25.0,"turns":3.0},{"damage":7.0,"enemies":"Slavers","floor":27.0,"turns":2.0},{"damage":0.0,"enemies":"Chosen and Byrds","floor":29.0,"turns":3.0},{"damage":12.0,"enemies":"Gremlin Leader","floor":30.0,"turns":2.0},{"damage":0.0,"enemies":"Collector","floor":33.0,"turns":4.0},{"damage":0.0,"enemies":"3 Darklings","floor":35.0,"turns":1.0},{"damage":0.0,"enemies":"3 Shapes","floor":36.0,"turns":1.0},{"damage":24.0,"enemies":"Nemesis","floor":40.0,"turns":5.0},{"damage":0.0,"enemies":"Giant Head","floor":42.0,"turns":5.0},{"damage":33.0,"enemies":"Nemesis","floor":45.0,"turns":3.0},{"damage":0.0,"enemies":"3 Darklings","floor":47.0,"turns":3.0},{"damage":13.0,"enemies":"Donu and Deca","floor":50.0,"turns":4.0},{"damage":0,"enemies":"Shield and Spear","floor":54,"turns":1},{"damage":58,"enemies":"The Heart","floor":55,"turns":5}],"seed_played":"-2261144444123356077","potions_obtained":[{"floor":3.0,"key":"Weak Potion"},{"floor":5.0,"key":"BottledMiracle"},{"floor":6.0,"key":"DistilledChaos"},{"floor":13.0,"key":"EssenceOfSteel"},{"floor":23.0,"key":"Block Potion"},{"floor":25.0,"key":"Dexterity Potion"},{"floor":30.0,"key":"CultistPotion"},{"floor":40.0,"key":"PowerPotion"},{"floor":47.0,"key":"DuplicationPotion"}],"is_trial":false,"path_per_floor":["M","M","M","$","M","E","M","R","T","M","?","R","E","M","R","B",null,"M","?","?","M","M","E","R","M","T","E","R","M","E","$","R","B",null,"M","M","?","$","?","E","?","E","T","R","E","$","M","$","R","B",null,"R","$","E","B",null],"character_chosen":"WATCHER","items_purchased":["CutThroughFate","Toy Ornithopter","TungstenRod","Lee\u0027s Waffle","Centennial Puzzle","Membership Card","Tantrum","DistilledChaos","StancePotion","Letter Opener"],"campfire_rested":1,"item_purchase_floors":[4,31,38,38,46,48,48,48,53,53],"current_hp_per_floor":[58,58,58,58,50,27,25,46,46,46,70,70,70,70,70,70,72,72,72,65,65,65,60,60,55,55,48,63,63,51,51,66,66,71,71,71,71,79,70,51,51,51,51,69,36,36,36,36,54,46,71,79,79,79,36],"gold":246,"neow_bonus":"TRANSFORM_TWO_CARDS","is_daily":false,"chose_seed":false,"campfire_upgraded":7,"win_rate":0.0,"timestamp":1612637047,"path_taken":["M","M","M","$","M","E","M","R","T","M","?","R","E","M","R","BOSS","M","?","?","M","?","E","R","M","T","E","R","M","E","$","R","BOSS","M","M","?","$","?","E","?","E","T","R","E","?","M","$","R","BOSS","R","$","E","BOSS"],"items_purchased_type":["Card","Relic","Relic","Relic","Relic","Relic","Card","Potion","Potion","Relic"],"build_version":"2020-12-22","purchased_purges":6,"victory":true,"max_hp_per_floor":[72,72,72,72,72,72,72,72,72,72,72,72,72,72,72,72,72,72,72,72,72,72,72,72,72,72,72,72,72,72,72,72,72,72,72,72,72,79,79,79,79,79,79,79,79,79,79,79,79,79,79,79,79,79,79],"relic_stats":{"Lee\u0027s Waffle":8,"Happy Flower":[14],"counters":[28,89],"Eternal Feather":74,"Pen Nib":[7],"Letter Opener":[25],"Boot":[62],"Cursed Key":1,"Smiling Mask":188,"Question Card":4,"Centennial Puzzle":[6],"Black Star":4,"obtain_stats":[{"Potion Belt":42,"Lee\u0027s Waffle":38,"Lantern":45,"Happy Flower":23,"Oddly Smooth Stone":6,"Damaru":54,"Eternal Feather":27,"Pen Nib":42,"Letter Opener":53,"TeardropLocket":54,"Boot":13,"Cursed Key":17,"Ancient Tea Set":30,"Smiling Mask":40,"Question Card":40,"Anchor":9,"Centennial Puzzle":46,"MutagenicStrength":19,"Black Star":34,"Bag of Marbles":45,"Membership Card":48,"PureWater":0,"Toy Ornithopter":31,"TungstenRod":38},{"Potion Belt":23,"Lee\u0027s Waffle":21,"Lantern":24,"Happy Flower":14,"Oddly Smooth Stone":5,"Damaru":27,"Eternal Feather":16,"Pen Nib":23,"Letter Opener":26,"TeardropLocket":27,"Boot":8,"Cursed Key":10,"Ancient Tea Set":18,"Smiling Mask":22,"Question Card":22,"Anchor":6,"Centennial Puzzle":24,"MutagenicStrength":11,"Black Star":19,"Bag of Marbles":24,"Membership Card":25,"PureWater":0,"Toy Ornithopter":18,"TungstenRod":21},{"Potion Belt":73,"Lee\u0027s Waffle":63,"Lantern":76,"Happy Flower":47,"Oddly Smooth Stone":19,"Damaru":84,"Eternal Feather":52,"Pen Nib":73,"Letter Opener":83,"TeardropLocket":84,"Boot":29,"Cursed Key":36,"Ancient Tea Set":57,"Smiling Mask":68,"Question Card":68,"Anchor":22,"Centennial Puzzle":76,"MutagenicStrength":38,"Black Star":61,"Bag of Marbles":76,"Membership Card":79,"PureWater":0,"Toy Ornithopter":57,"TungstenRod":63}],"Toy Ornithopter":25,"TungstenRod":31},"card_choices":[{"not_picked":["JustLucky","Consecrate"],"picked":"Weave","floor":1.0},{"not_picked":["FollowUp","InnerPeace","WreathOfFlame"],"picked":"SKIP","floor":2.0},{"not_picked":["Prostrate","Nirvana"],"picked":"Consecrate","floor":3.0},{"not_picked":["Evaluate","Prostrate"],"picked":"WheelKick","floor":5.0},{"not_picked":["Judgement","BowlingBash"],"picked":"FearNoEvil","floor":6.0},{"not_picked":["Pray","Indignation"],"picked":"CutThroughFate","floor":7.0},{"not_picked":["Study","Adaptation"],"picked":"Tantrum","floor":10.0},{"not_picked":["BowlingBash","MasterReality"],"picked":"Evaluate","floor":13.0},{"not_picked":["EmptyBody","CrushJoints"],"picked":"SashWhip","floor":14.0},{"not_picked":["MasterReality","DevaForm"],"picked":"Blasphemy","floor":16.0},{"not_picked":["BowlingBash","WaveOfTheHand+1"],"picked":"CrushJoints+1","floor":18.0},{"not_picked":["Conclude","Evaluate"],"picked":"Wallop","floor":21.0},{"not_picked":["EmptyFist","PathToVictory+1"],"picked":"ClearTheMind+1","floor":22.0},{"not_picked":["ForeignInfluence","Alpha","ConjureBlade"],"picked":"SKIP","floor":23.0},{"not_picked":["Prostrate+1","CrushJoints"],"picked":"MentalFortress+1","floor":25.0},{"not_picked":["Fasting2","Consecrate"],"picked":"MentalFortress","floor":27.0},{"not_picked":["Fasting2+1","FlurryOfBlows"],"picked":"Meditate+1","floor":29.0},{"not_picked":["Evaluate","ClearTheMind"],"picked":"EmptyFist+1","floor":30.0},{"not_picked":["Judgement","Omniscience"],"picked":"Scrawl","floor":33.0},{"not_picked":["ClearTheMind","Evaluate+1"],"picked":"ThirdEye+1","floor":35.0},{"not_picked":["CrushJoints+1","BattleHymn"],"picked":"EmptyMind+1","floor":36.0},{"not_picked":["Panacea","Trip"],"picked":"Master of Strategy","floor":39.0},{"not_picked":["Bandage Up","Flash of Steel"],"picked":"Thinking Ahead","floor":39.0},{"not_picked":["Prostrate+1","FlurryOfBlows","CrushJoints+1"],"picked":"SKIP","floor":40.0},{"not_picked":["Nirvana+1","EmptyMind+1","Evaluate+1"],"picked":"Wireheading","floor":42.0},{"not_picked":["BowlingBash","Consecrate+1","JustLucky"],"picked":"FlurryOfBlows+1","floor":45.0},{"not_picked":["Conclude+1","Swivel","InnerPeace+1","Crescendo+1"],"picked":"SKIP","floor":47.0},{"not_picked":["DeceiveReality","SashWhip","ClearTheMind+1"],"picked":"SandsOfTime+1","floor":54}],"player_experience":422679,"relics_obtained":[{"floor":6.0,"key":"Oddly Smooth Stone"},{"floor":9.0,"key":"Anchor"},{"floor":13.0,"key":"Boot"},{"floor":23.0,"key":"Happy Flower"},{"floor":27.0,"key":"Eternal Feather"},{"floor":30.0,"key":"Ancient Tea Set"},{"floor":40.0,"key":"Smiling Mask"},{"floor":40.0,"key":"Question Card"},{"floor":42.0,"key":"Pen Nib"},{"floor":42.0,"key":"Potion Belt"},{"floor":45.0,"key":"Bag of Marbles"},{"floor":45.0,"key":"Lantern"},{"floor":54,"key":"TeardropLocket"},{"floor":54,"key":"Damaru"}],"event_choices":[{"damage_healed":24.0,"max_hp_gain":0.0,"max_hp_loss":0.0,"gold_gain":0.0,"event_name":"Big Fish","player_choice":"Banana","floor":11.0,"gold_loss":0.0,"damage_taken":0.0},{"damage_healed":0.0,"max_hp_gain":0.0,"max_hp_loss":0.0,"gold_gain":0.0,"event_name":"Drug Dealer","player_choice":"Inject Mutagens","floor":19.0,"gold_loss":0.0,"damage_taken":0.0,"relics_obtained":["MutagenicStrength"]},{"damage_healed":0.0,"max_hp_gain":0.0,"max_hp_loss":0.0,"gold_gain":75.0,"event_name":"FaceTrader","player_choice":"Touch","floor":20.0,"gold_loss":0.0,"damage_taken":7.0},{"damage_healed":0.0,"max_hp_gain":0.0,"max_hp_loss":0.0,"gold_gain":999.0,"event_name":"MindBloom","player_choice":"Gold","floor":37.0,"gold_loss":0.0,"damage_taken":0.0,"cards_obtained":["Normality","Normality"]},{"damage_healed":0.0,"max_hp_gain":0.0,"max_hp_loss":0.0,"gold_gain":0.0,"event_name":"SensoryStone","player_choice":"Memory 3","floor":39.0,"gold_loss":0.0,"damage_taken":10.0},{"damage_healed":0.0,"max_hp_gain":0.0,"max_hp_loss":0.0,"gold_gain":0.0,"event_name":"Tomb of Lord Red Mask","player_choice":"Ignored","floor":41.0,"gold_loss":0.0,"damage_taken":0.0}],"is_beta":false,"boss_relics":[{"not_picked":["Coffee Dripper","VioletLotus"],"picked":"Cursed Key"},{"not_picked":["Tiny House","Snecko Eye"],"picked":"Black Star"}],"items_purged_floors":[4,31,38,46,48,53],"is_endless":false,"potions_floor_spawned":[3,5,6,7,13,21,23,25,29,30,35,40,47,54],"ascension_level":9}}