{"host":"m7jrdcbl89w2s34c","time":1612621150,"event":{"mods":["AchievementEnabler","BaseMod","Bestiary","Block Reminder","Colored Map","Colored Powertips","Minty Spire (QoL Compilation)","Permanent Neow","Relic Stats","StSLib"],"gold_per_floor":[115,190,155,330,355,31,57,57,105,0,19,46,59,79,79,184,184,203,217,23,37,52,78,90,118,118,129,160,175,175,175,175],"floor_reached":31,"language":"ENG","playtime":2171,"items_purged":["Doubt","Strike_B"],"score":445,"play_id":"fc0bdc70-8615-4b7c-a472-8eb06787611b","local_time":"20210206151910","is_ascension_mode":true,"campfire_choices":[{"data":"Defragment","floor":8.0,"key":"SMITH"},{"data":"Go for the Eyes","floor":15.0,"key":"SMITH"},{"floor":30.0,"key":"REST"}],"circlet_count":0,"master_deck":["Strike_B","Strike_B","Strike_B","Defend_B","Defend_B","Defend_B","Defend_B","Zap+1","Dualcast","Capacitor","Defragment+1","Cold Snap","Ball Lightning","Cold Snap","Coolheaded","Go for the Eyes+1","Stack","Glacier","Tempest","Echo Form","Compile Driver+1","White Noise","Conserve Battery+1","Fusion","Steam","Chill","Glacier","Turbo+1","Stack"],"relics":["FrozenCore","MealTicket","Chemical X","White Beast Statue","Boot","Smiling Mask","OrangePellets","Pen Nib","Peace Pipe","Letter Opener","Toy Ornithopter"],"acts_visited":["Exordium","TheCity"],"potions_floor_usage":[31,31],"damage_taken":[{"damage":2.0,"enemies":"Jaw Worm","floor":1.0,"turns":4.0},{"damage":2.0,"enemies":"Lagavulin","floor":7.0,"turns":7.0},{"damage":3.0,"enemies":"2 Louse","floor":11.0,"turns":2.0},{"damage":18.0,"enemies":"Gremlin Nob","floor":12.0,"turns":4.0},{"damage":7.0,"enemies":"Small Slimes","floor":13.0,"turns":3.0},{"damage":2.0,"enemies":"Looter","floor":14.0,"turns":3.0},{"damage":17.0,"enemies":"The Guardian","floor":16.0,"turns":9.0},{"damage":1.0,"enemies":"Spheric Guardian","floor":18.0,"turns":4.0},{"damage":0.0,"enemies":"3 Byrds","floor":19.0,"turns":5.0},{"damage":0.0,"enemies":"Snecko","floor":21.0,"turns":5.0},{"damage":2.0,"enemies":"Centurion and Healer","floor":22.0,"turns":6.0},{"damage":29.0,"enemies":"Slavers","floor":23.0,"turns":6.0},{"damage":11.0,"enemies":"3 Cultists","floor":24.0,"turns":6.0},{"damage":6.0,"enemies":"Book of Stabbing","floor":25.0,"turns":7.0},{"damage":4.0,"enemies":"Sentry and Sphere","floor":27.0,"turns":7.0},{"damage":6.0,"enemies":"Slavers","floor":28.0,"turns":8.0},{"damage":8.0,"enemies":"Snake Plant","floor":29.0,"turns":5.0},{"damage":41,"enemies":"Gremlin Leader","floor":31,"turns":7}],"seed_played":"8199515275113741578","potions_obtained":[{"floor":1.0,"key":"Weak Potion"},{"floor":11.0,"key":"Strength Potion"},{"floor":12.0,"key":"Regen Potion"},{"floor":13.0,"key":"LiquidBronze"},{"floor":14.0,"key":"SteroidPotion"},{"floor":16.0,"key":"SteroidPotion"},{"floor":18.0,"key":"Swift Potion"},{"floor":19.0,"key":"LiquidMemories"},{"floor":21.0,"key":"FocusPotion"},{"floor":22.0,"key":"Weak Potion"},{"floor":23.0,"key":"Dexterity Potion"},{"floor":24.0,"key":"SteroidPotion"},{"floor":25.0,"key":"Swift Potion"},{"floor":27.0,"key":"EssenceOfSteel"},{"floor":28.0,"key":"SteroidPotion"},{"floor":29.0,"key":"LiquidMemories"}],"is_trial":false,"path_per_floor":["M","?","?","?","T","$","E","R","T","$","M","E","M","M","R","B",null,"M","M","$","M","M","E","M","E","T","M","E","M","R","E"],"character_chosen":"DEFECT","items_purchased":["Defragment","Chemical X","Cold Snap","Cold Snap","Coolheaded","OrangePellets"],"campfire_rested":1,"item_purchase_floors":[6,6,6,10,10,20],"current_hp_per_floor":[66,55,73,73,73,75,73,73,73,75,72,54,47,45,45,28,63,62,62,75,75,73,44,33,27,27,23,17,9,31,0,0],"gold":175,"neow_bonus":"UPGRADE_CARD","is_daily":false,"chose_seed":false,"campfire_upgraded":2,"win_rate":0.0,"timestamp":1612621150,"path_taken":["M","?","?","?","?","$","E","R","T","?","?","E","M","M","R","BOSS","M","M","$","M","M","E","M","E","T","M","E","M","R","E"],"items_purchased_type":["Card","Relic","Card","Card","Card","Relic"],"build_version":"2020-12-22","purchased_purges":2,"victory":false,"max_hp_per_floor":[75,75,75,75,75,75,75,75,75,75,75,75,75,75,75,75,75,75,75,75,75,75,75,75,75,75,75,75,75,75,75,75],"relic_stats":{"Peace Pipe":0,"OrangePellets":[7],"counters":[18,98],"MealTicket":17,"Pen Nib":[5],"Chemical X":[14],"Letter Opener":[35],"Boot":[44],"Smiling Mask":50,"obtain_stats":[{"Peace Pipe":25,"OrangePellets":20,"MealTicket":5,"Pen Nib":23,"Chemical X":6,"Letter Opener":26,"Cracked Core":0,"Boot":9,"Smiling Mask":12,"White Beast Statue":7,"Toy Ornithopter":28,"FrozenCore":17},{"Peace Pipe":14,"OrangePellets":9,"MealTicket":1,"Pen Nib":12,"Chemical X":1,"Letter Opener":14,"Cracked Core":0,"Boot":2,"Smiling Mask":4,"White Beast Statue":2,"Toy Ornithopter":16,"FrozenCore":7},{"Peace Pipe":71,"OrangePellets":41,"MealTicket":4,"Pen Nib":58,"Chemical X":4,"Letter Opener":71,"Cracked Core":0,"Boot":11,"Smiling Mask":17,"White Beast Statue":11,"Toy Ornithopter":86,"FrozenCore":32}],"Toy Ornithopter":10,"FrozenCore":[14]},"card_choices":[{"not_picked":["Aggregate","Chaos"],"picked":"Capacitor","floor":1.0},{"not_picked":["Coolheaded","Beam Cell"],"picked":"Ball Lightning","floor":7.0},{"not_picked":["Rebound","FTL"],"picked":"Go for the Eyes","floor":11.0},{"not_picked":["Force Field","Reboot"],"picked":"Stack","floor":12.0},{"not_picked":["Streamline","Conserve Battery"],"picked":"Glacier","floor":13.0},{"not_picked":["Sweeping Beam","Chaos"],"picked":"Tempest","floor":14.0},{"not_picked":["Core Surge","Machine Learning"],"picked":"Echo Form","floor":16.0},{"not_picked":["Steam","Storm"],"picked":"Compile Driver+1","floor":18.0},{"not_picked":["Streamline","Compile Driver"],"picked":"White Noise","floor":19.0},{"not_picked":["Stack","Barrage"],"picked":"Conserve Battery+1","floor":21.0},{"not_picked":["Self Repair","Aggregate"],"picked":"Fusion","floor":22.0},{"not_picked":["Creative AI","Compile Driver"],"picked":"Steam","floor":23.0},{"not_picked":["Steam","White Noise"],"picked":"Chill","floor":24.0},{"not_picked":["Meteor Strike","Aggregate","Streamline"],"picked":"SKIP","floor":25.0},{"not_picked":["Barrage+1","Aggregate"],"picked":"Glacier","floor":27.0},{"not_picked":["Beam Cell","Chaos"],"picked":"Turbo+1","floor":28.0},{"not_picked":["Rebound","Go for the Eyes"],"picked":"Stack","floor":29.0}],"player_experience":224112,"relics_obtained":[{"floor":5.0,"key":"MealTicket"},{"floor":7.0,"key":"White Beast Statue"},{"floor":9.0,"key":"Boot"},{"floor":12.0,"key":"Smiling Mask"},{"floor":23.0,"key":"Pen Nib"},{"floor":25.0,"key":"Peace Pipe"},{"floor":26.0,"key":"Letter Opener"},{"floor":28.0,"key":"Toy Ornithopter"}],"event_choices":[{"damage_healed":0.0,"max_hp_gain":0.0,"max_hp_loss":0.0,"gold_gain":75.0,"event_name":"World of Goop","player_choice":"Gather Gold","floor":2.0,"gold_loss":0.0,"damage_taken":11.0},{"damage_healed":18.0,"max_hp_gain":0.0,"max_hp_loss":0.0,"gold_gain":0.0,"event_name":"The Cleric","player_choice":"Healed","floor":3.0,"gold_loss":35.0,"damage_taken":0.0},{"damage_healed":0.0,"max_hp_gain":0.0,"max_hp_loss":0.0,"gold_gain":175.0,"event_name":"Liars Game","player_choice":"AGREE","floor":4.0,"gold_loss":0.0,"damage_taken":0.0,"cards_obtained":["Doubt"]}],"is_beta":false,"boss_relics":[{"not_picked":["Calling Bell","Black Star"],"picked":"FrozenCore"}],"items_purged_floors":[6,20],"is_endless":false,"potions_floor_spawned":[1,11,12,13,14,16,18,19,21,22,23,24,25,27,28,29],"killed_by":"Gremlin Leader","ascension_level":9}}