{"host":"yx8wv8d7ru77s2k1","time":1612618099,"event":{"mods":["BaseMod","Colored Map","Downfall","Hermit","Infinite Spire","Jorbs\u0027s Wanderer Trilogy","Marisa????????","Minty Spire (QoL Compilation)","Relic Sorter","Reliquary","Spikes Relics","StSLib","The Bug Knight","The Disciple","The Hierophant","The Necromancer","The Servant 0.9.4"],"gold_per_floor":[111,36,36,36,55,55,74,74,101,101,134,134,150,177,177,281,281,301,101,200,200,213,213,213,244,244,275,286,286,286,286,286,390,390,407,407,407,439,439,472,472,499,574,590,624,644,644,464,464,464,464],"floor_reached":50,"language":"ENG","playtime":2072,"items_purged":["hermit:Strike_Hermit","hermit:DeadOrAlive"],"score":544,"play_id":"9004c542-48cf-4a48-9a5c-dc06153086c5","local_time":"20210206142818","is_ascension_mode":false,"campfire_choices":[{"data":"hermit:Maintenance","floor":6,"key":"SMITH"},{"data":"hermit:Snapshot","floor":8,"key":"SMITH"},{"data":"hermit:WideOpen","floor":10,"key":"SMITH"},{"data":"hermit:Covet","floor":12,"key":"SMITH"},{"data":"hermit:Strike_Hermit","floor":15,"key":"SMITH"},{"data":"hermit:GoldenBullet","floor":23,"key":"SMITH"},{"floor":29,"key":"REST"},{"data":"hermit:Snipe","floor":32,"key":"SMITH"},{"data":"hermit:HighNoon","floor":41,"key":"SMITH"},{"floor":47,"key":"REST"},{"floor":49,"key":"REST"}],"circlet_count":0,"master_deck":["hermit:Strike_Hermit+1","hermit:Strike_Hermit+1","hermit:Strike_Hermit+1","hermit:Defend_Hermit+1","hermit:Defend_Hermit+1","hermit:Defend_Hermit+1","hermit:Snapshot+1","hermit:Covet+1","hermit:WideOpen+1","hermit:Maintenance+1","hermit:Headshot","hermit:LowProfile+1","hermit:Quickdraw","hermit:GoldenBullet+1","hermit:Quickdraw+1","hermit:Snipe+1","hermit:HighNoon+1","hermit:HighCaliber+1","hermit:Shortfuse"],"relics":["hermit:Momento","Nunchaku","Ginger","WizardHat","Sozu","Anchor","HollowMod:PaleOreRelic","reliquary:Firecrackers","infinitespire:BottledMercury","infinitespire:Cupcake","reliquary:JackalopeAntler","CaptainsWheel","Singing Bowl"],"acts_visited":["Exordium","TheCity","TheBeyond"],"potions_floor_usage":[22,27],"damage_taken":[{"damage":0,"enemies":"Small Slimes","floor":1,"turns":3},{"damage":1,"enemies":"2 Louse","floor":5,"turns":4},{"damage":3,"enemies":"Jaw Worm","floor":7,"turns":2},{"damage":5,"enemies":"3 Sentries","floor":11,"turns":7},{"damage":6,"enemies":"2 Fungi Beasts","floor":13,"turns":3},{"damage":8,"enemies":"Lagavulin","floor":14,"turns":6},{"damage":37,"enemies":"Slime Boss","floor":16,"turns":9},{"damage":12,"enemies":"Shell Parasite","floor":18,"turns":2},{"damage":15,"enemies":"3 Byrds","floor":22,"turns":5},{"damage":15,"enemies":"HollowMod:Nosk","floor":25,"turns":8},{"damage":26,"enemies":"Gremlin Leader","floor":27,"turns":6},{"damage":0,"enemies":"Snecko","floor":28,"turns":2},{"damage":27,"enemies":"Collector","floor":33,"turns":12},{"damage":0,"enemies":"Orb Walker","floor":35,"turns":2},{"damage":5,"enemies":"3 Shapes","floor":38,"turns":4},{"damage":17,"enemies":"HollowMod:StalkingDevout","floor":40,"turns":9},{"damage":18,"enemies":"Reptomancer","floor":42,"turns":4},{"damage":0,"enemies":"Writhing Mass","floor":44,"turns":5},{"damage":39,"enemies":"Jaw Worm Horde","floor":45,"turns":5},{"damage":0,"enemies":"3 Darklings","floor":46,"turns":3},{"damage":59,"enemies":"infinitespire:MassOfShapes","floor":50,"turns":7}],"seed_played":"5369140735850157119","potions_obtained":[{"floor":14,"key":"LiquidMemories"},{"floor":16,"key":"Swift Potion"}],"is_trial":true,"path_per_floor":["M","$","?","?","M","R","M","R","T","R","E","R","M","E","R","B",null,"M","$","?","?","M","R","?","E","T","E","M","R","?","?","R","B",null,"M","?","?","M","?","E","R","E","T","M","M","M","R","$","R","B"],"character_chosen":"HERMIT","items_purchased":["Anchor","hermit:Quickdraw","hermit:Shortfuse"],"campfire_rested":3,"item_purchase_floors":[19,19,48],"current_hp_per_floor":[75,75,75,80,79,79,76,76,76,76,71,71,65,57,57,20,80,68,68,68,73,58,58,58,43,43,17,17,41,67,67,67,40,80,80,80,80,75,75,58,58,40,40,42,5,7,32,32,57,0,0],"gold":464,"neow_bonus":"","is_daily":false,"chose_seed":false,"campfire_upgraded":8,"win_rate":0.0,"timestamp":1612618098,"path_taken":["M","$","?","?","M","R","M","R","T","R","E","R","M","E","R","BOSS","M","$","?","?","?","R","?","E","T","E","?","R","?","?","R","BOSS","M","?","?","?","?","E","R","E","T","M","M","M","R","?","R","BOSS"],"items_purchased_type":["Relic","Card","Card"],"build_version":"2020-12-22","purchased_purges":2,"victory":false,"max_hp_per_floor":[75,75,75,80,80,80,80,80,80,80,80,80,80,80,80,80,80,80,80,80,80,80,80,80,80,80,80,80,80,80,80,80,80,80,80,80,80,80,80,80,80,80,80,82,84,86,86,86,86,86,86],"card_choices":[{"not_picked":["hermit:LowProfile","hermit:Glare"],"picked":"hermit:WideOpen","floor":1},{"not_picked":["hermit:Misfire","hermit:Dive"],"picked":"hermit:Maintenance","floor":5},{"not_picked":["hermit:BigShot","hermit:Combo"],"picked":"hermit:Headshot","floor":7},{"not_picked":["hermit:Headshot","hermit:CursedWeapon","hermit:Feint"],"picked":"SKIP","floor":11},{"not_picked":["hermit:Coalescence","hermit:Dive","hermit:NoHoldsBarred"],"picked":"SKIP","floor":13},{"not_picked":["hermit:Scavenge","hermit:Headshot"],"picked":"hermit:TrackingShot","floor":14},{"not_picked":["hermit:Roughhouse","hermit:EternalForm"],"picked":"hermit:DeadOrAlive","floor":16},{"not_picked":["hermit:DeadMansHand","hermit:Manifest"],"picked":"hermit:LowProfile","floor":18},{"not_picked":["hermit:CalledShot","hermit:Combo"],"picked":"hermit:GoldenBullet","floor":22},{"not_picked":["hermit:HoleUp","hermit:Vantage"],"picked":"hermit:Quickdraw+1","floor":25},{"not_picked":["hermit:Feint","hermit:EyeOfTheStorm"],"picked":"hermit:RoundhouseKick","floor":27},{"not_picked":["hermit:Roulette","hermit:Cheat"],"picked":"hermit:Snipe","floor":28},{"not_picked":["hermit:FinalCanter","hermit:Adapt"],"picked":"hermit:HighNoon","floor":33},{"not_picked":["hermit:Manifest","hermit:GoldenBullet"],"picked":"hermit:HighCaliber+1","floor":35},{"not_picked":["hermit:Headshot+1","hermit:WideOpen+1","hermit:Enervate"],"picked":"SKIP","floor":38},{"not_picked":["hermit:CursedWeapon","hermit:Spite","hermit:Dissolve"],"picked":"SKIP","floor":40},{"not_picked":["hermit:Vantage","hermit:ItchyTrigger+1","hermit:HoleUp+1"],"picked":"SKIP","floor":42},{"not_picked":["hermit:Feint","hermit:EyeOfTheStorm+1","hermit:Vantage"],"picked":"Singing Bowl","floor":44},{"not_picked":["hermit:Misfire+1","hermit:TakeAim","hermit:RoundhouseKick"],"picked":"Singing Bowl","floor":45},{"not_picked":["hermit:CalledShot","hermit:Maintenance+1","hermit:SprayPray+1"],"picked":"Singing Bowl","floor":46}],"player_experience":171076,"relics_obtained":[{"floor":9,"key":"Nunchaku"},{"floor":11,"key":"Ginger"},{"floor":14,"key":"WizardHat"},{"floor":25,"key":"HollowMod:PaleOreRelic"},{"floor":26,"key":"reliquary:Firecrackers"},{"floor":27,"key":"infinitespire:BottledMercury"},{"floor":40,"key":"reliquary:JackalopeAntler"},{"floor":42,"key":"CaptainsWheel"},{"floor":43,"key":"Singing Bowl"}],"event_choices":[{"cards_removed":["hermit:Defend_Hermit"],"damage_healed":0,"gold_gain":0,"player_choice":"Forget","damage_taken":0,"max_hp_gain":0,"max_hp_loss":0,"event_name":"Living Wall","floor":3,"gold_loss":0},{"damage_healed":0,"gold_gain":0,"player_choice":"Donut","damage_taken":0,"max_hp_gain":5,"max_hp_loss":0,"event_name":"Big Fish","floor":4,"gold_loss":0},{"damage_healed":0,"gold_gain":99,"player_choice":"Stole From Cult","damage_taken":0,"max_hp_gain":0,"max_hp_loss":0,"event_name":"Nest","floor":20,"gold_loss":0},{"cards_removed":["hermit:TrackingShot"],"damage_healed":5,"gold_gain":0,"player_choice":"Offered Common","damage_taken":0,"max_hp_gain":0,"max_hp_loss":0,"event_name":"Bonfire Elementals","floor":21,"gold_loss":0},{"cards_removed":["hermit:TrackingShot"],"damage_healed":5,"gold_gain":0,"player_choice":"Offered Special","damage_taken":0,"max_hp_gain":0,"max_hp_loss":0,"event_name":"Bonfire Elementals","floor":21,"gold_loss":0},{"damage_healed":0,"gold_gain":0,"player_choice":"Upgraded","damage_taken":0,"max_hp_gain":0,"max_hp_loss":0,"event_name":"Upgrade Shrine","floor":24,"gold_loss":0,"cards_upgraded":["hermit:LowProfile"]},{"damage_healed":26,"gold_gain":0,"player_choice":"Heal","damage_taken":0,"max_hp_gain":0,"max_hp_loss":0,"event_name":"The Library","floor":30,"gold_loss":0},{"damage_healed":0,"gold_gain":0,"player_choice":"Simplicity","damage_taken":0,"max_hp_gain":0,"max_hp_loss":0,"event_name":"Back to Basics","floor":31,"gold_loss":0,"cards_upgraded":["hermit:Strike_Hermit","hermit:Strike_Hermit","hermit:Defend_Hermit","hermit:Defend_Hermit","hermit:Defend_Hermit"]},{"damage_healed":0,"gold_gain":0,"player_choice":"Got Potions","damage_taken":0,"max_hp_gain":0,"max_hp_loss":0,"event_name":"Lab","floor":37,"gold_loss":0},{"cards_removed":["hermit:RoundhouseKick"],"damage_healed":0,"gold_gain":0,"player_choice":"Removed Attack","damage_taken":0,"max_hp_gain":0,"max_hp_loss":0,"event_name":"Falling","floor":39,"gold_loss":0}],"is_beta":false,"boss_relics":[{"not_picked":["reliquary:Ember","Velvet Choker"],"picked":"Sozu"},{"not_picked":["Coffee Dripper","reliquary:RedPaperclip"],"picked":"infinitespire:Cupcake"}],"items_purged_floors":[2,48],"is_endless":false,"potions_floor_spawned":[13,14,16,18,33,44,45],"killed_by":"infinitespire:MassOfShapes","ascension_level":0}}