{"host":"2sct7qpnpunnnd84","time":1612585995,"event":{"mods":["BaseMod","Googly Eyes","Minty Spire (QoL Compilation)","Quick Restart","Shop Mod","StSLib","The IronCluck"],"gold_per_floor":[111,130,140,153,328,342,342,423,473,508,508,508,177,191,191,293,293,280,294,305,305,317,317,335,335,335,335,78,90,122,221,221,320,370,389,406,18,38,0,26,26,42,42,42,54,71,90,90,90,90,90],"floor_reached":50,"language":"ENG","playtime":4837,"items_purged":["Doubt"],"score":548,"play_id":"31ffe20b-bb88-436c-9673-e821ad1ae2c4","local_time":"20210205203315","is_ascension_mode":false,"campfire_choices":[{"floor":7.0,"key":"REST"},{"floor":15.0,"key":"REST"},{"data":"1","floor":23.0,"key":"LIFT"},{"data":"2","floor":25.0,"key":"LIFT"},{"data":"3","floor":27.0,"key":"LIFT"},{"floor":32.0,"key":"REST"},{"floor":41.0,"key":"REST"},{"floor":49,"key":"REST"}],"circlet_count":0,"master_deck":["Strike_G","Strike_G","Strike_G","Strike_G","Defend_G","Defend_G","Defend_G","Defend_G","Defend_G","Survivor","Neutralize","Slice+1","Dagger Spray+1","Deadly Poison","Blur","PiercingWail","Blade Dance","Backflip","Envenom","Caltrops","Riddle With Holes+1","PiercingWail","Distraction","Dagger Throw","Accuracy","Backstab+1","Acrobatics+1","Dodge and Roll","Tools of the Trade","Distraction","Backflip","Distraction+1","Backstab+1","Crippling Poison","Reflex","Escape Plan","Poisoned Stab+1","Prepared"],"relics":["Ring of the Snake","Eternal Feather","Whetstone","Girya","Bronze Scales","Meat on the Bone","Busted Crown","Mercury Hourglass","Potion Belt","Bag of Marbles","Tiny House","White Beast Statue","DollysMirror","Red Mask","Bottled Tornado","Letter Opener"],"acts_visited":["Exordium","TheCity","TheBeyond"],"potions_floor_usage":[50,50,50,50],"damage_taken":[{"damage":0.0,"enemies":"Cultist","floor":1.0,"turns":3.0},{"damage":0.0,"enemies":"Small Slimes","floor":2.0,"turns":3.0},{"damage":0.0,"enemies":"Jaw Worm","floor":3.0,"turns":3.0},{"damage":4.0,"enemies":"Blue Slaver","floor":4.0,"turns":4.0},{"damage":11.0,"enemies":"Large Slime","floor":6.0,"turns":9.0},{"damage":75.0,"enemies":"Gremlin Nob","floor":10.0,"turns":7.0},{"damage":0.0,"enemies":"Exordium Wildlife","floor":14.0,"turns":2.0},{"damage":19.0,"enemies":"Hexaghost","floor":16.0,"turns":12.0},{"damage":2.0,"enemies":"2 Thieves","floor":18.0,"turns":4.0},{"damage":7.0,"enemies":"Shell Parasite","floor":19.0,"turns":5.0},{"damage":35.0,"enemies":"Sentry and Sphere","floor":20.0,"turns":7.0},{"damage":10.0,"enemies":"Snake Plant","floor":22.0,"turns":3.0},{"damage":3.0,"enemies":"3 Cultists","floor":24.0,"turns":4.0},{"damage":10.0,"enemies":"Cultist and Chosen","floor":29.0,"turns":4.0},{"damage":20.0,"enemies":"Slavers","floor":30.0,"turns":4.0},{"damage":52.0,"enemies":"Collector","floor":33.0,"turns":6.0},{"damage":3.0,"enemies":"3 Darklings","floor":35.0,"turns":3.0},{"damage":1.0,"enemies":"Orb Walker","floor":36.0,"turns":2.0},{"damage":6.0,"enemies":"Spire Growth","floor":38.0,"turns":4.0},{"damage":71.0,"enemies":"Giant Head","floor":40.0,"turns":9.0},{"damage":20.0,"enemies":"Maw","floor":42.0,"turns":7.0},{"damage":1.0,"enemies":"4 Shapes","floor":45.0,"turns":3.0},{"damage":5.0,"enemies":"3 Darklings","floor":46.0,"turns":2.0},{"damage":7,"enemies":"Jaw Worm Horde","floor":47,"turns":3},{"damage":93,"enemies":"Awakened One","floor":50,"turns":11}],"seed_played":"-7260341200518297503","potions_obtained":[{"floor":1.0,"key":"PowerPotion"},{"floor":4.0,"key":"CunningPotion"},{"floor":10.0,"key":"Dexterity Potion"},{"floor":16.0,"key":"CunningPotion"},{"floor":18.0,"key":"Swift Potion"},{"floor":22.0,"key":"SpeedPotion"},{"floor":29.0,"key":"DistilledChaos"},{"floor":33.0,"key":"Fire Potion"},{"floor":34.0,"key":"Block Potion"},{"floor":38.0,"key":"AttackPotion"},{"floor":40.0,"key":"Poison Potion"},{"floor":42.0,"key":"Poison Potion"},{"floor":45.0,"key":"Explosive Potion"},{"floor":46.0,"key":"EssenceOfSteel"},{"floor":47,"key":"SkillPotion"}],"is_trial":false,"path_per_floor":["M","M","M","M","?","M","R","T","T","E","T","?","$","M","R","B",null,"M","M","M","?","M","R","M","R","T","R","$","M","E","?","R","B",null,"M","M","$","M","?","E","R","M","T","?","M","M","M","?","R","B"],"character_chosen":"THE_SILENT","items_purchased":["Meat on the Bone","Accuracy","Backstab","Potion Belt","White Beast Statue","DollysMirror"],"campfire_rested":5,"item_purchase_floors":[13,28,28,28,37,37],"current_hp_per_floor":[77,77,77,73,73,62,77,77,77,2,2,2,2,14,46,39,77,75,68,45,45,47,59,56,68,68,77,77,67,47,47,77,37,82,79,78,78,72,72,13,58,50,50,50,49,44,49,49,82,0,0],"gold":90,"neow_bonus":"TEN_PERCENT_HP_BONUS","is_daily":false,"chose_seed":false,"campfire_upgraded":0,"win_rate":0.0,"timestamp":1612585995,"path_taken":["M","M","?","M","?","M","R","?","T","E","?","?","$","M","R","BOSS","M","M","M","?","M","R","?","R","T","R","$","M","E","?","R","BOSS","M","M","$","M","?","E","R","M","T","?","M","M","M","?","R","BOSS"],"items_purchased_type":["Relic","Card","Card","Relic","Relic","Relic"],"build_version":"2020-12-22","purchased_purges":1,"victory":false,"max_hp_per_floor":[77,77,77,77,77,77,77,77,77,77,77,77,77,77,77,77,77,77,77,77,77,77,77,77,77,77,77,77,77,77,77,77,77,82,82,82,82,82,82,82,82,82,82,82,82,82,82,82,82,82,82],"card_choices":[{"not_picked":["All Out Attack","Finisher"],"picked":"Slice","floor":1.0},{"not_picked":["Leg Sweep","Acrobatics"],"picked":"Dagger Spray","floor":2.0},{"not_picked":["Poisoned Stab","Dodge and Roll"],"picked":"Deadly Poison","floor":3.0},{"not_picked":["Underhanded Strike","Deflect"],"picked":"Blur","floor":4.0},{"not_picked":["Riddle With Holes","Heel Hook"],"picked":"PiercingWail","floor":6.0},{"not_picked":["Flechettes","Well Laid Plans"],"picked":"Blade Dance","floor":10.0},{"not_picked":["Underhanded Strike","Doppelganger"],"picked":"Backflip","floor":14.0},{"not_picked":["Adrenaline","After Image"],"picked":"Envenom","floor":16.0},{"not_picked":[],"picked":"Caltrops","floor":18.0},{"not_picked":[],"picked":"Riddle With Holes+1","floor":19.0},{"not_picked":[],"picked":"PiercingWail","floor":20.0},{"not_picked":[],"picked":"Distraction","floor":22.0},{"not_picked":[],"picked":"Dagger Throw","floor":24.0},{"not_picked":[],"picked":"Acrobatics+1","floor":29.0},{"not_picked":[],"picked":"Dodge and Roll","floor":30.0},{"not_picked":[],"picked":"Tools of the Trade","floor":33.0},{"not_picked":[],"picked":"Distraction","floor":34.0},{"not_picked":[],"picked":"Backflip","floor":35.0},{"not_picked":[],"picked":"Distraction+1","floor":36.0},{"not_picked":[],"picked":"Crippling Poison","floor":38.0},{"not_picked":[],"picked":"Reflex","floor":40.0},{"not_picked":[],"picked":"Escape Plan","floor":42.0},{"not_picked":[],"picked":"Poisoned Stab+1","floor":45.0},{"not_picked":[],"picked":"Bouncing Flask","floor":46.0},{"not_picked":[],"picked":"Prepared","floor":47}],"player_experience":3423428,"relics_obtained":[{"floor":8.0,"key":"Eternal Feather"},{"floor":9.0,"key":"Whetstone"},{"floor":10.0,"key":"Girya"},{"floor":11.0,"key":"Bronze Scales"},{"floor":26.0,"key":"Mercury Hourglass"},{"floor":30.0,"key":"Bag of Marbles"},{"floor":40.0,"key":"Bottled Tornado"},{"floor":43.0,"key":"Letter Opener"}],"event_choices":[{"damage_healed":0.0,"max_hp_gain":0.0,"max_hp_loss":0.0,"gold_gain":175.0,"event_name":"Liars Game","player_choice":"AGREE","floor":5.0,"gold_loss":0.0,"damage_taken":0.0,"cards_obtained":["Doubt"]},{"damage_healed":0.0,"max_hp_gain":0.0,"max_hp_loss":0.0,"gold_gain":0.0,"event_name":"Golden Wing","player_choice":"Ignored","floor":12.0,"gold_loss":0.0,"damage_taken":0.0},{"cards_removed":["Strike_G"],"damage_healed":0.0,"max_hp_gain":0.0,"max_hp_loss":0.0,"gold_gain":0.0,"event_name":"Wheel of Change","player_choice":"Card Removal","floor":21.0,"gold_loss":0.0,"damage_taken":0.0},{"damage_healed":0.0,"max_hp_gain":0.0,"max_hp_loss":0.0,"gold_gain":99.0,"event_name":"Nest","player_choice":"Stole From Cult","floor":31.0,"gold_loss":0.0,"damage_taken":0.0},{"damage_healed":0.0,"max_hp_gain":0.0,"max_hp_loss":0.0,"gold_gain":0.0,"event_name":"Tomb of Lord Red Mask","player_choice":"Paid","floor":39.0,"gold_loss":38.0,"damage_taken":0.0,"relics_obtained":["Red Mask"]},{"damage_healed":0.0,"max_hp_gain":0.0,"max_hp_loss":0.0,"gold_gain":0.0,"event_name":"Mysterious Sphere","player_choice":"Ignored","floor":44.0,"gold_loss":0.0,"damage_taken":0.0},{"cards_removed":["Bouncing Flask"],"damage_healed":0,"gold_gain":0,"player_choice":"Removed Skill","damage_taken":0,"max_hp_gain":0,"max_hp_loss":0,"event_name":"Falling","floor":48,"gold_loss":0}],"is_beta":false,"boss_relics":[{"not_picked":["Ectoplasm","Astrolabe"],"picked":"Busted Crown"},{"not_picked":["Cursed Key","Ring of the Serpent"],"picked":"Tiny House"}],"items_purged_floors":[13],"is_endless":false,"potions_floor_spawned":[1,4,10,16,18,22,29,33,38,40,42,45,46,47],"killed_by":"Awakened One","ascension_level":0}}