{"host":"6p0attdrtjqaih7v","time":1612629947,"event":{"mods":["2.2 Compatiblity","AchievementEnabler","Bard","BaseMod","Better Skull","Better Third Choice","Colored Powertips","Hermit","Highlight Path","Key Reminder","Minty Spire (QoL Compilation)","Permanent Neow","Quick Restart","Random Character Button","Relic Stats","Reliquary","Replay The Spire","Robot Space Explorer","StSLib","The Hayseed","The Witch"],"gold_per_floor":[114,124,124,144,144,144,178,194,194,194,21,34,60,70,70,147,147,166,185,185,185,185],"floor_reached":21,"language":"ENG","playtime":978,"items_purged":[],"score":382,"play_id":"ffd1ec45-714b-4145-bff4-b9fba4debf08","local_time":"20210206114547","is_ascension_mode":true,"campfire_choices":[{"data":"Defragment","floor":6,"key":"SMITH"},{"floor":10,"key":"REST"},{"floor":15,"key":"REST"}],"circlet_count":0,"master_deck":["AscendersBane","Strike_B","Strike_B","Strike_B","Strike_B","Defend_B+1","Defend_B+1","Defend_B","Defend_B","Zap+1","Dualcast","Skim","FTL","Tempest","Defragment+1","Zap+1","Undo","Coolheaded","Rainbow","Chill","Turbo","Mirror Shield","Mirror Shield","Ball Lightning","Necronomicurse"],"relics":["reliquary:Craggleroot","reliquary:Buckler","Replay:Bottled Eggs","Replay:Towering Pillar of Hats","keyreminder:keyreminder","Coffee Dripper","Necronomicon"],"acts_visited":["Exordium","TheCity"],"potions_floor_usage":[7,13,16,19],"damage_taken":[{"damage":7,"enemies":"Small Slimes","floor":1,"turns":4},{"damage":0,"enemies":"2 Louse","floor":2,"turns":2},{"damage":1,"enemies":"Cultist","floor":4,"turns":3},{"damage":20,"enemies":"Replay:BlueRogue","floor":7,"turns":6},{"damage":16,"enemies":"3 Louse","floor":8,"turns":4},{"damage":2,"enemies":"Looter","floor":12,"turns":3},{"damage":33,"enemies":"Gremlin Nob","floor":13,"turns":4},{"damage":1,"enemies":"Exordium Wildlife","floor":14,"turns":4},{"damage":18,"enemies":"The Guardian","floor":16,"turns":13},{"damage":3,"enemies":"Shell Parasite","floor":18,"turns":5},{"damage":10,"enemies":"3 Byrds","floor":19,"turns":3},{"damage":21,"enemies":"Snake Plant","floor":21,"turns":3}],"seed_played":"-6304616423723018496","potions_obtained":[{"floor":1,"key":"Milkshake"},{"floor":12,"key":"Explosive Potion"},{"floor":13,"key":"CultistPotion"},{"floor":16,"key":"CultistPotion"}],"is_trial":false,"path_per_floor":["M","M","?","M","?","R","E","M","T","R","$","M","E","M","R","B",null,"M","M","?","M"],"character_chosen":"DEFECT","items_purchased":["Rainbow"],"campfire_rested":2,"item_purchase_floors":[11],"current_hp_per_floor":[57,57,57,56,56,56,36,20,20,41,41,39,6,5,26,8,55,52,42,21,0,0],"gold":185,"neow_bonus":"BOSS_RELIC","is_daily":false,"chose_seed":false,"campfire_upgraded":1,"win_rate":0.0,"timestamp":1612629947,"path_taken":["M","M","?","M","?","R","E","M","T","R","$","M","E","?","R","BOSS","M","M","?","M"],"items_purchased_type":["Card"],"build_version":"2020-12-22","purchased_purges":0,"victory":false,"max_hp_per_floor":[71,71,71,71,71,71,71,71,71,71,71,71,71,71,71,71,71,71,71,71,71,71],"relic_stats":{"counters":[12,54],"Necronomicon":[0],"obtain_stats":[{"keyreminder:keyreminder":13,"Replay:Towering Pillar of Hats":13,"reliquary:Craggleroot":0,"reliquary:Buckler":7,"Coffee Dripper":17,"Necronomicon":20,"Replay:Bottled Eggs":9,"Cracked Core":0},{"keyreminder:keyreminder":7,"Replay:Towering Pillar of Hats":7,"reliquary:Craggleroot":0,"reliquary:Buckler":4,"Coffee Dripper":9,"Necronomicon":11,"Replay:Bottled Eggs":5,"Cracked Core":0},{"keyreminder:keyreminder":26,"Replay:Towering Pillar of Hats":26,"reliquary:Craggleroot":0,"reliquary:Buckler":15,"Coffee Dripper":43,"Necronomicon":51,"Replay:Bottled Eggs":19,"Cracked Core":0}]},"card_choices":[{"not_picked":["Auto Shields","Cold Snap"],"picked":"Skim","floor":1},{"not_picked":["Darkness","Hologram"],"picked":"FTL","floor":2},{"not_picked":["Double Energy","Conserve Battery"],"picked":"Tempest","floor":4},{"not_picked":["Barrage","Coolheaded"],"picked":"Undo","floor":7},{"not_picked":["Loop","Turbo"],"picked":"Coolheaded","floor":8},{"not_picked":["Leap","ReplayTheSpireMod:GoodbyeWorld"],"picked":"Chill","floor":12},{"not_picked":["Rip and Tear","Redo"],"picked":"Turbo","floor":13},{"not_picked":["Hologram","Steam"],"picked":"Mirror Shield","floor":14},{"not_picked":["Seek","Multi-Cast"],"picked":"Mirror Shield","floor":16},{"not_picked":["Barrage","BasicCrystalCard+1"],"picked":"Ball Lightning","floor":18},{"not_picked":["ReplayTheSpireMod:System Scan","Steam","Melter"],"picked":"SKIP","floor":19}],"player_experience":1041212,"relics_obtained":[{"floor":7,"key":"reliquary:Buckler"},{"floor":9,"key":"Replay:Bottled Eggs"},{"floor":13,"key":"Replay:Towering Pillar of Hats"},{"floor":20,"key":"Necronomicon"}],"event_choices":[{"damage_healed":0,"gold_gain":0,"player_choice":"2 cards matched","damage_taken":0,"max_hp_gain":0,"max_hp_loss":0,"event_name":"Match and Keep!","floor":5,"gold_loss":0,"cards_obtained":["Defragment","Zap"]},{"damage_healed":0,"gold_gain":0,"player_choice":"Obtained Book","damage_taken":21,"max_hp_gain":0,"max_hp_loss":0,"event_name":"Cursed Tome","floor":20,"gold_loss":0}],"is_beta":false,"boss_relics":[{"not_picked":["Pandora\u0027s Box","Fusion Hammer"],"picked":"Coffee Dripper"}],"items_purged_floors":[],"is_endless":false,"potions_floor_spawned":[1,12,13,14,16],"killed_by":"Snake Plant","ascension_level":20}}