{"host":"mydft8i2zzydgggw","time":1612595625,"event":{"mods":["AchievementEnabler","BaseMod","BetterRewards","Colored Map","Colored Powertips","DeckTracker","Keyboard Shortcuts","Minty Spire (QoL Compilation)","Rare Cards Sparkle","StSLib","SuperFastMode","everything is the same but u backflip on backflip"],"gold_per_floor":[109,124,124,140,158,158,193,193,193,1,1,35,35,49,49,178,178,198,198,218,18,18,18],"floor_reached":22,"language":"KOR","playtime":563,"items_purged":["Strike_R","Strike_R"],"score":265,"play_id":"581a4c8e-d5cb-432f-8b75-84baf5d79068","local_time":"20210206161345","is_ascension_mode":true,"campfire_choices":[{"data":"Shrug It Off","floor":6.0,"key":"SMITH"},{"floor":8.0,"key":"REST"},{"data":"Searing Blow","floor":11.0,"key":"SMITH"},{"data":"Searing Blow+2","floor":15,"key":"SMITH"}],"circlet_count":0,"master_deck":["Strike_R","Strike_R","Strike_R","Defend_R","Defend_R","Defend_R","Defend_R","Bash","Burning Pact","Inflame","Fire Breathing","Shrug It Off+1","True Grit","Searing Blow+3","Dark Embrace","Flame Barrier","Corruption","Body Slam+1","Barricade"],"relics":["Burning Blood","Lizard Tail","Golden Idol","Omamori","Smiling Mask","Pantograph","SacredBark","Vajra"],"acts_visited":["Exordium","TheCity"],"potions_floor_usage":[19,20,20],"damage_taken":[{"damage":0.0,"enemies":"Small Slimes","floor":1.0,"turns":3.0},{"damage":0.0,"enemies":"2 Louse","floor":2.0,"turns":3.0},{"damage":1.0,"enemies":"Cultist","floor":4.0,"turns":4.0},{"damage":18.0,"enemies":"3 Louse","floor":5.0,"turns":4.0},{"damage":45.0,"enemies":"Lagavulin","floor":7.0,"turns":9.0},{"damage":56.0,"enemies":"Gremlin Nob","floor":12.0,"turns":5.0},{"damage":2,"enemies":"2 Fungi Beasts","floor":14,"turns":4},{"damage":62,"enemies":"Hexaghost","floor":16,"turns":16},{"damage":31,"enemies":"Spheric Guardian","floor":18,"turns":6},{"damage":17,"enemies":"Shell Parasite","floor":19,"turns":6},{"damage":22,"enemies":"Shelled Parasite and Fungi","floor":20,"turns":5},{"damage":14,"enemies":"Snake Plant","floor":22,"turns":3}],"seed_played":"-689377854653866365","potions_obtained":[{"floor":1.0,"key":"SmokeBomb"},{"floor":7.0,"key":"ElixirPotion"},{"floor":14,"key":"Explosive Potion"},{"floor":16,"key":"SteroidPotion"},{"floor":20,"key":"FearPotion"}],"is_trial":false,"path_per_floor":["M","M","?","M","M","R","E","R","T","$","R","E","?","M","R","B",null,"M","M","M","$","M"],"character_chosen":"IRONCLAD","items_purchased":["Searing Blow","FairyPotion","Vajra"],"campfire_rested":1,"item_purchase_floors":[10,10,21],"current_hp_per_floor":[72,72,67,67,55,55,16,36,36,36,36,26,26,30,30,39,60,35,24,8,8,0,0],"gold":18,"neow_bonus":"ONE_RARE_RELIC","is_daily":false,"chose_seed":false,"campfire_upgraded":3,"win_rate":0.0,"timestamp":1612595625,"path_taken":["M","M","?","M","M","R","E","R","T","$","R","E","?","M","R","BOSS","M","M","M","?","M"],"items_purchased_type":["Card","Potion","Relic"],"build_version":"2020-12-22","purchased_purges":2,"victory":false,"max_hp_per_floor":[72,72,67,67,67,67,67,67,67,67,67,67,67,67,67,67,67,67,67,67,67,67,67],"card_choices":[{"not_picked":["Rampage","Cleave"],"picked":"Burning Pact","floor":1.0},{"not_picked":["Armaments","Clothesline"],"picked":"Inflame","floor":2.0},{"not_picked":["Sever Soul","Havoc"],"picked":"Fire Breathing","floor":4.0},{"not_picked":["Dropkick","Armaments"],"picked":"Shrug It Off","floor":5.0},{"not_picked":["Fiend Fire","Havoc"],"picked":"True Grit","floor":7.0},{"not_picked":["True Grit","Spot Weakness"],"picked":"Dark Embrace","floor":12},{"not_picked":["True Grit","Rage"],"picked":"Flame Barrier","floor":14},{"not_picked":["Feed","Impervious"],"picked":"Corruption","floor":16},{"not_picked":["Headbutt","Sword Boomerang"],"picked":"Body Slam+1","floor":18},{"not_picked":["Armaments","Blood for Blood"],"picked":"Barricade","floor":20}],"player_experience":231204,"relics_obtained":[{"floor":7.0,"key":"Omamori"},{"floor":9.0,"key":"Smiling Mask"},{"floor":12,"key":"Pantograph"}],"event_choices":[{"damage_healed":0.0,"max_hp_gain":0.0,"max_hp_loss":5.0,"gold_gain":0.0,"event_name":"Golden Idol","player_choice":"Lose Max HP","floor":3.0,"gold_loss":0.0,"damage_taken":0.0,"relics_obtained":["Golden Idol"]},{"damage_healed":0,"gold_gain":0,"player_choice":"Upgraded","damage_taken":0,"max_hp_gain":0,"max_hp_loss":0,"event_name":"Upgrade Shrine","floor":13,"gold_loss":0,"cards_upgraded":["Searing Blow"]}],"is_beta":false,"boss_relics":[{"not_picked":["Black Star","Velvet Choker"],"picked":"SacredBark"}],"items_purged_floors":[10,21],"is_endless":false,"potions_floor_spawned":[1,7,14,16,20],"killed_by":"Snake Plant","ascension_level":7}}