{"host":"6gl4z8x6qhx9xtfj","time":1612605615,"event":{"mods":["2.2 Compatiblity","A Penny For Your Troubles","AchievementEnabler","BaseMod","Bestiary","BetterRewards","Colored Map","Colored Powertips","Evolution","Minty Spire (QoL Compilation)","Permanent Neow","Quick Restart","Relic Stats","Spicy Shops","StSLib","SuperFastMode","Treasure Hunter"],"gold_per_floor":[115,132,144,160,160,187,187,362,362,362,382,382,412,428,428,428,428],"floor_reached":16,"language":"RUS","playtime":1222,"items_purged":["Strike_R"],"score":186,"play_id":"45d22031-b2e0-4a3d-8fde-a136e051e94a","local_time":"20210206130015","is_ascension_mode":true,"campfire_choices":[{"data":"Metallicize","floor":7.0,"key":"SMITH"},{"data":"TH:ElvenBoots","floor":10.0,"key":"SMITH"},{"data":"Bash","floor":12.0,"key":"SMITH"},{"data":"Shrug It Off","floor":15,"key":"SMITH"}],"circlet_count":0,"master_deck":["Strike_R","Strike_R","Strike_R","Defend_R","Defend_R","Defend_R","Defend_R","Bash+1","Metallicize+1","Shrug It Off+1","Entrench","Seeing Red","Heavy Blade","Shrug It Off","Doubt","TH:ElvenBoots+1","Intimidate"],"relics":["Burning Blood","EVO:Axolotl","Pantograph","StrikeDummy","Bird Faced Urn","Shuriken","Mango","Letter Opener","Eternal Feather"],"acts_visited":["Exordium"],"potions_floor_usage":[16],"damage_taken":[{"damage":0.0,"enemies":"Cultist","floor":1.0,"turns":4.0},{"damage":1.0,"enemies":"2 Louse","floor":2.0,"turns":3.0},{"damage":0.0,"enemies":"Jaw Worm","floor":3.0,"turns":6.0},{"damage":18.0,"enemies":"Exordium Wildlife","floor":4.0,"turns":7.0},{"damage":21.0,"enemies":"3 Sentries","floor":6.0,"turns":11.0},{"damage":4.0,"enemies":"Looter","floor":11.0,"turns":5.0},{"damage":41.0,"enemies":"Lagavulin","floor":13.0,"turns":12.0},{"damage":9.0,"enemies":"Red Slaver","floor":14.0,"turns":7.0},{"damage":58,"enemies":"Slime Boss","floor":16,"turns":12}],"seed_played":"6300582976890150469","potions_obtained":[{"floor":2.0,"key":"SpeedPotion"},{"floor":11.0,"key":"PowerPotion"},{"floor":13.0,"key":"ColorlessPotion"},{"floor":14,"key":"Ancient Potion"}],"is_trial":false,"path_per_floor":["M","M","M","M","?","E","R","?","T","R","M","R","E","M","R","B"],"character_chosen":"IRONCLAD","items_purchased":["Pantograph","Metallicize","Shrug It Off","StrikeDummy","Shuriken"],"campfire_rested":0,"item_purchase_floors":[0,0,0,0,0],"current_hp_per_floor":[44,51,59,49,49,50,50,50,50,50,54,54,21,20,29,0,0],"gold":428,"neow_bonus":"","is_daily":false,"chose_seed":false,"campfire_upgraded":4,"win_rate":0.0,"timestamp":1612605615,"path_taken":["M","M","M","M","?","E","R","?","T","R","M","R","E","M","R","BOSS"],"items_purchased_type":["Relic","Card","Card","Relic","Relic"],"build_version":"2020-12-22","purchased_purges":1,"victory":false,"max_hp_per_floor":[80,80,80,80,80,94,94,94,94,94,94,94,94,94,94,94,94],"relic_stats":{"counters":[53,262],"Shuriken":[17],"Pantograph":25,"Bird Faced Urn":[18],"Eternal Feather":9,"Letter Opener":[30],"obtain_stats":[{"Darkstone Periapt":13,"Singing Bowl":12,"Mango":6,"EVO:Axolotl":0,"Boot":9,"Burning Blood":0,"Dream Catcher":19,"Matryoshka":6,"Shovel":44,"Sundial":27,"Strawberry":40,"Pantograph":0,"Toolbox":11,"Fusion Hammer":17,"Kunai":9,"Potion Belt":9,"Girya":26,"Pear":29,"Happy Flower":26,"Eternal Feather":13,"Pen Nib":11,"Charon\u0027s Ashes":37,"Letter Opener":9,"Question Card":7,"Busted Crown":17,"Shuriken":21,"MutagenicStrength":22,"Bird Faced Urn":0,"Mark of Pain":0,"Bag of Marbles":23,"Coffee Dripper":34,"StrikeDummy":10,"Toy Ornithopter":8,"FossilizedHelix":31,"TungstenRod":43},{"Darkstone Periapt":23,"Singing Bowl":7,"Mango":49,"EVO:Axolotl":0,"Boot":20,"Burning Blood":0,"Dream Catcher":25,"Matryoshka":19,"Shovel":40,"Sundial":29,"Strawberry":38,"Pantograph":44,"Toolbox":7,"Fusion Hammer":10,"Kunai":20,"Potion Belt":6,"Girya":28,"Pear":31,"Happy Flower":28,"Eternal Feather":51,"Pen Nib":22,"Charon\u0027s Ashes":36,"Letter Opener":49,"Question Card":5,"Busted Crown":24,"Shuriken":25,"MutagenicStrength":25,"Bird Faced Urn":44,"Mark of Pain":0,"Bag of Marbles":26,"Coffee Dripper":33,"StrikeDummy":7,"Toy Ornithopter":20,"FossilizedHelix":32,"TungstenRod":39},{"Darkstone Periapt":112,"Singing Bowl":33,"Mango":226,"EVO:Axolotl":0,"Boot":97,"Burning Blood":0,"Dream Catcher":123,"Matryoshka":88,"Shovel":178,"Sundial":134,"Strawberry":168,"Pantograph":195,"Toolbox":33,"Fusion Hammer":56,"Kunai":97,"Potion Belt":23,"Girya":130,"Pear":138,"Happy Flower":130,"Eternal Feather":243,"Pen Nib":106,"Charon\u0027s Ashes":159,"Letter Opener":226,"Question Card":20,"Busted Crown":119,"Shuriken":123,"MutagenicStrength":123,"Bird Faced Urn":195,"Mark of Pain":0,"Bag of Marbles":126,"Coffee Dripper":149,"StrikeDummy":33,"Toy Ornithopter":97,"FossilizedHelix":143,"TungstenRod":173}],"Burning Blood":223},"card_choices":[{"not_picked":["Reckless Charge","Wild Strike","Infernal Blade"],"picked":"SKIP","floor":1.0},{"not_picked":["Armaments","Blood for Blood"],"picked":"Entrench","floor":2.0},{"not_picked":["Feel No Pain","Twin Strike"],"picked":"Seeing Red","floor":3.0},{"not_picked":["Combust","Armaments"],"picked":"Heavy Blade","floor":4.0},{"not_picked":["Brutality","Clothesline"],"picked":"Shrug It Off","floor":6.0},{"not_picked":["TH:BikiniMail","TH:EnergyPotion"],"picked":"SKIP","floor":6.0},{"not_picked":["TH:EnergyPotion"],"picked":"TH:ElvenBoots","floor":9.0},{"not_picked":["Heavy Blade","Sword Boomerang","Wild Strike"],"picked":"SKIP","floor":11.0},{"not_picked":["Rampage","Immolate"],"picked":"Intimidate","floor":13.0},{"not_picked":["TH:PixieDust","TH:EnergyPotion"],"picked":"SKIP","floor":13.0},{"not_picked":["TH:PixieDust","TH:EnergyPotion"],"picked":"SKIP","floor":13.0},{"not_picked":["Whirlwind","Clash","Body Slam"],"picked":"SKIP","floor":14}],"player_experience":141739,"relics_obtained":[{"floor":6.0,"key":"Mango"},{"floor":9.0,"key":"Letter Opener"},{"floor":13.0,"key":"Eternal Feather"}],"event_choices":[{"cards_removed":["Strike_R"],"damage_healed":0.0,"max_hp_gain":0.0,"max_hp_loss":0.0,"gold_gain":0.0,"event_name":"Living Wall","player_choice":"Forget","floor":5.0,"gold_loss":0.0,"damage_taken":0.0},{"damage_healed":0.0,"max_hp_gain":0.0,"max_hp_loss":0.0,"gold_gain":175.0,"event_name":"Liars Game","player_choice":"AGREE","floor":8.0,"gold_loss":0.0,"damage_taken":0.0,"cards_obtained":["Doubt"]}],"is_beta":false,"boss_relics":[],"items_purged_floors":[0],"is_endless":false,"potions_floor_spawned":[2,11,13,14],"killed_by":"Slime Boss","ascension_level":3}}