{"host":"ao4lxi9bhtts409i","time":1612617179,"event":{"mods":["AchievementEnabler","BaseMod","Colored Map","Colored Powertips","Minty Spire (QoL Compilation)","SuperFastMode"],"gold_per_floor":[212,287,301,401,106,138,138,156,156,169,169,188,200,235,235,340,390,402,402,426,426,444,444,475,475,475,491,522,432,449,461,461,558,558,575,595,301,328,138,168,168,198,198,208,208,208,157,173,173,173,173,173,18,49,49,49],"floor_reached":55,"language":"ENG","playtime":3125,"items_purged":["Strike_G"],"score":913,"play_id":"2eb0a33c-c9d7-459b-ac29-c76af0bed608","local_time":"20210206141259","is_ascension_mode":true,"campfire_choices":[{"floor":7,"key":"REST"},{"floor":11,"key":"REST"},{"floor":15,"key":"REST"},{"data":"Infinite Blades","floor":23,"key":"SMITH"},{"data":"Accuracy","floor":25,"key":"SMITH"},{"floor":32,"key":"REST"},{"data":"After Image","floor":41,"key":"SMITH"},{"floor":46,"key":"REST"},{"floor":49,"key":"RECALL"},{"data":"Infinite Blades","floor":52,"key":"SMITH"}],"circlet_count":0,"master_deck":["Strike_G","Strike_G","Strike_G","Strike_G","Defend_G","Defend_G","Defend_G+1","Defend_G+1","Defend_G","Survivor","Neutralize","Caltrops","Blade Dance+1","Footwork","Cloak And Dagger","Blade Dance","Endless Agony","Dagger Spray","Infinite Blades+1","Venomology","After Image+1","Choke","Accuracy+1","Terror","Backstab","Deflect+1","Caltrops+1","Blade Dance","After Image+1","Accuracy","Backflip","Backstab","Infinite Blades+1","Footwork+1","Finesse","Cloak And Dagger","Cloak And Dagger"],"relics":["Ring of the Snake","Kunai","Ornamental Fan","Akabeko","Happy Flower","Tiny House","Tiny Chest","Boot","Lantern","PreservedInsect","Oddly Smooth Stone","Regal Pillow","War Paint","Frozen Egg 2","Bag of Marbles","Meat on the Bone","Vajra","Bronze Scales"],"acts_visited":["Exordium","TheCity","TheBeyond","TheEnding"],"potions_floor_usage":[18,24,27,27,28,28,40,42,42,50,50,55,55],"damage_taken":[{"damage":4,"enemies":"Small Slimes","floor":1,"turns":4},{"damage":2,"enemies":"Cultist","floor":3,"turns":5},{"damage":47,"enemies":"Lagavulin","floor":6,"turns":9},{"damage":0,"enemies":"2 Louse","floor":8,"turns":2},{"damage":17,"enemies":"Exordium Thugs","floor":10,"turns":4},{"damage":1,"enemies":"Large Slime","floor":12,"turns":5},{"damage":0,"enemies":"2 Fungi Beasts","floor":13,"turns":3},{"damage":17,"enemies":"Gremlin Nob","floor":14,"turns":4},{"damage":22,"enemies":"Slime Boss","floor":16,"turns":13},{"damage":6,"enemies":"2 Thieves","floor":18,"turns":4},{"damage":2,"enemies":"Shell Parasite","floor":22,"turns":6},{"damage":10,"enemies":"Book of Stabbing","floor":24,"turns":5},{"damage":7,"enemies":"Snake Plant","floor":27,"turns":3},{"damage":6,"enemies":"Gremlin Leader","floor":28,"turns":7},{"damage":6,"enemies":"Sentry and Sphere","floor":30,"turns":4},{"damage":0,"enemies":"3 Cultists","floor":31,"turns":4},{"damage":4,"enemies":"Champ","floor":33,"turns":8},{"damage":25,"enemies":"3 Darklings","floor":35,"turns":5},{"damage":0,"enemies":"Orb Walker","floor":36,"turns":3},{"damage":0,"enemies":"Nemesis","floor":40,"turns":5},{"damage":4,"enemies":"Giant Head","floor":42,"turns":6},{"damage":14,"enemies":"3 Darklings","floor":44,"turns":7},{"damage":24,"enemies":"Sphere and 2 Shapes","floor":48,"turns":6},{"damage":15,"enemies":"Donu and Deca","floor":50,"turns":9},{"damage":45,"enemies":"Shield and Spear","floor":54,"turns":8},{"damage":47,"enemies":"The Heart","floor":55,"turns":3}],"seed_played":"5521763769376034972","potions_obtained":[{"floor":6,"key":"Block Potion"},{"floor":8,"key":"Ancient Potion"},{"floor":14,"key":"SneckoOil"},{"floor":16,"key":"Strength Potion"},{"floor":18,"key":"SteroidPotion"},{"floor":27,"key":"CultistPotion"},{"floor":33,"key":"CunningPotion"},{"floor":40,"key":"GamblersBrew"},{"floor":48,"key":"Swift Potion"}],"is_trial":false,"path_per_floor":["M","?","M","?","$","E","R","M","T","M","R","M","M","E","R","B",null,"M","?","T","?","M","R","E","R","T","M","E","?","M","M","R","B",null,"M","M","$","T","$","E","R","E","T","M","?","R","$","M","R","B",null,"R","$","E","B"],"character_chosen":"THE_SILENT","items_purchased":["Kunai","Footwork","Oddly Smooth Stone","Backstab","War Paint","Infinite Blades","Cloak And Dagger","Vajra"],"campfire_rested":5,"item_purchase_floors":[5,5,37,37,39,39,47,53],"current_hp_per_floor":[66,55,53,53,53,6,27,27,27,10,31,30,30,13,34,12,75,69,69,69,69,67,67,57,57,57,50,44,44,38,38,60,56,75,50,50,50,50,50,50,50,46,46,44,44,75,75,51,51,48,75,75,75,42,0,0],"gold":49,"neow_bonus":"HUNDRED_GOLD","is_daily":false,"chose_seed":false,"campfire_upgraded":4,"win_rate":0.0,"timestamp":1612617179,"path_taken":["M","?","M","?","$","E","R","M","T","?","R","M","M","E","R","BOSS","M","?","?","?","M","R","E","R","T","?","E","?","M","M","R","BOSS","M","M","$","?","$","E","R","E","T","M","?","R","$","M","R","BOSS","R","$","E","BOSS"],"items_purchased_type":["Relic","Card","Relic","Card","Relic","Card","Card","Relic"],"build_version":"2020-12-22","purchased_purges":1,"victory":false,"max_hp_per_floor":[70,70,70,70,70,70,70,70,70,70,70,70,70,70,70,70,75,75,75,75,75,75,75,75,75,75,75,75,75,75,75,75,75,75,75,75,75,75,75,75,75,75,75,75,75,75,75,75,75,75,75,75,75,75,75,75],"card_choices":[{"not_picked":["Acrobatics","Cloak And Dagger"],"picked":"Caltrops","floor":1},{"not_picked":["All Out Attack","Backflip"],"picked":"Blade Dance","floor":3},{"not_picked":["Backflip","Bane"],"picked":"Cloak And Dagger","floor":6},{"not_picked":["Poisoned Stab","Dodge and Roll"],"picked":"Blade Dance","floor":8},{"not_picked":["Noxious Fumes","Riddle With Holes"],"picked":"Endless Agony","floor":10},{"not_picked":["Flechettes","Underhanded Strike"],"picked":"Dagger Spray","floor":12},{"not_picked":["Deadly Poison","Outmaneuver"],"picked":"Infinite Blades","floor":13},{"not_picked":["Bane","Dagger Throw"],"picked":"Venomology","floor":14},{"not_picked":["Corpse Explosion","Grand Finale"],"picked":"After Image","floor":16},{"not_picked":["Outmaneuver","Terror+1"],"picked":"Choke","floor":18},{"not_picked":["Quick Slash+1","Concentrate"],"picked":"Terror","floor":22},{"not_picked":["Distraction","Night Terror"],"picked":"Backstab","floor":24},{"not_picked":["Bouncing Flask","Dash"],"picked":"Deflect+1","floor":27},{"not_picked":["Die Die Die","Blade Dance"],"picked":"Caltrops+1","floor":28},{"not_picked":["Underhanded Strike","Flying Knee+1"],"picked":"Blade Dance","floor":30},{"not_picked":["Dagger Throw","Riddle With Holes","Deadly Poison"],"picked":"SKIP","floor":31},{"not_picked":["Wraith Form v2","Die Die Die"],"picked":"After Image","floor":33},{"not_picked":["Backstab","Dagger Throw+1"],"picked":"Accuracy","floor":35},{"not_picked":["Flying Knee+1","Deadly Poison+1"],"picked":"Backflip","floor":36},{"not_picked":["Crippling Poison","Outmaneuver+1","Escape Plan+1"],"picked":"SKIP","floor":40},{"not_picked":["Predator","Slice+1"],"picked":"Footwork+1","floor":42},{"not_picked":["Calculated Gamble","Prepared","Concentrate+1"],"picked":"SKIP","floor":44},{"not_picked":["Transmutation","Dark Shackles"],"picked":"Finesse","floor":45},{"not_picked":["Acrobatics","Heel Hook+1"],"picked":"Cloak And Dagger","floor":48},{"not_picked":["Underhanded Strike","Dagger Spray+1","Storm of Steel"],"picked":"SKIP","floor":54}],"player_experience":261164,"relics_obtained":[{"floor":6,"key":"Ornamental Fan"},{"floor":9,"key":"Akabeko"},{"floor":14,"key":"Happy Flower"},{"floor":20,"key":"Tiny Chest"},{"floor":24,"key":"Boot"},{"floor":28,"key":"Lantern"},{"floor":38,"key":"Regal Pillow"},{"floor":40,"key":"Frozen Egg 2"},{"floor":42,"key":"Bag of Marbles"},{"floor":43,"key":"Meat on the Bone"},{"floor":54,"key":"Bronze Scales"}],"event_choices":[{"damage_healed":0,"gold_gain":75,"player_choice":"Gather Gold","damage_taken":11,"max_hp_gain":0,"max_hp_loss":0,"event_name":"World of Goop","floor":2,"gold_loss":0},{"damage_healed":0,"gold_gain":100,"player_choice":"Gold","damage_taken":0,"max_hp_gain":0,"max_hp_loss":0,"event_name":"Wheel of Change","floor":4,"gold_loss":0},{"damage_healed":0,"gold_gain":0,"player_choice":"Read","damage_taken":0,"max_hp_gain":0,"max_hp_loss":0,"event_name":"The Library","floor":19,"gold_loss":0,"cards_obtained":["Accuracy"]},{"damage_healed":0,"gold_gain":0,"player_choice":"Forge","damage_taken":0,"max_hp_gain":0,"max_hp_loss":0,"event_name":"Accursed Blacksmith","floor":21,"gold_loss":0,"cards_upgraded":["After Image"]},{"damage_healed":0,"gold_gain":0,"player_choice":"Paid Gold","damage_taken":0,"relics_obtained":["PreservedInsect"],"max_hp_gain":0,"max_hp_loss":0,"event_name":"WeMeetAgain","floor":29,"gold_loss":90},{"damage_healed":0,"gold_gain":0,"player_choice":"Memory 1","damage_taken":0,"max_hp_gain":0,"max_hp_loss":0,"event_name":"SensoryStone","floor":45,"gold_loss":0}],"is_beta":false,"boss_relics":[{"not_picked":["HoveringKite","SacredBark"],"picked":"Tiny House"},{"not_picked":["Velvet Choker","Snecko Eye","Pandora\u0027s Box"]}],"items_purged_floors":[37],"is_endless":false,"potions_floor_spawned":[6,8,14,16,18,27,33,35,40,48],"killed_by":"The Heart","ascension_level":3}}