{"host":"eaiphzh066bwqdh7","time":1612573130,"event":{"mods":["BaseMod","Better Note","Halation","Hubris","Minty Spire (QoL Compilation)","Reliquary","Replay The Spire","StSLib"],"gold_per_floor":[367,367,387,493,513,513,64,98,147,147,147,147,17,17,17],"floor_reached":14,"language":"ENG","playtime":340,"items_purged":["Strike_P"],"score":103,"play_id":"84685e6c-072c-403b-8f9c-7af0a2c0b9fb","local_time":"20210205195850","is_ascension_mode":true,"campfire_choices":[{"floor":6,"key":"REST"},{"floor":10,"key":"REST"},{"floor":12,"key":"REST"}],"circlet_count":0,"master_deck":["Study+1","Strike_P","Strike_P","Strike_P","Defend_P","Defend_P","Defend_P","Eruption","Vigilance+1","Pray+1","PathToVictory","Devotion"],"relics":["PureWater","ClockworkSouvenir","Blue Doll","halation:AfternoonTea","CeramicFish","reliquary:Buckler"],"acts_visited":["Exordium"],"potions_floor_usage":[14],"damage_taken":[{"damage":4,"enemies":"2 Louse","floor":1,"turns":3},{"damage":4,"enemies":"Jaw Worm","floor":3,"turns":3},{"damage":10,"enemies":"Small Slimes","floor":5,"turns":4},{"damage":49,"enemies":"Lagavulin","floor":8,"turns":7},{"damage":95,"enemies":"3 Sentries","floor":14,"turns":8}],"seed_played":"-7995663250352832534","potions_obtained":[{"floor":5,"key":"Weak Potion"}],"is_trial":false,"path_per_floor":["M","?","M","?","M","R","$","E","T","R","?","R","$","E"],"character_chosen":"WATCHER","items_purchased":["ClockworkSouvenir","Blue Doll","halation:AfternoonTea","Devotion"],"campfire_rested":3,"item_purchase_floors":[7,7,7,13],"current_hp_per_floor":[68,68,64,64,54,72,72,23,23,44,44,65,65,0,0],"gold":17,"neow_bonus":"TWO_FIFTY_GOLD","is_daily":false,"chose_seed":false,"campfire_upgraded":0,"win_rate":0.0,"timestamp":1612573130,"path_taken":["M","?","M","?","M","R","$","E","T","R","?","R","$","E"],"items_purchased_type":["Relic","Relic","Relic","Card"],"build_version":"2020-12-22","purchased_purges":1,"victory":false,"max_hp_per_floor":[72,72,72,72,72,72,72,72,72,72,72,72,72,72,72],"card_choices":[{"not_picked":["BowlingBash","MentalFortress","TalkToTheHand"],"picked":"SKIP","floor":1},{"not_picked":["Replay:Vibes","EmptyBody","SandsOfTime"],"picked":"SKIP","floor":3},{"not_picked":["SashWhip","Indignation"],"picked":"Pray","floor":4},{"not_picked":["FlurryOfBlows","Replay:AtTheReady"],"picked":"PathToVictory","floor":5},{"not_picked":["SashWhip","MentalFortress","SignatureMove"],"picked":"SKIP","floor":8}],"player_experience":271288,"relics_obtained":[{"floor":8,"key":"CeramicFish"},{"floor":9,"key":"reliquary:Buckler"}],"event_choices":[{"cards_removed":["Normality"],"damage_healed":0,"gold_gain":0,"player_choice":"Forget","damage_taken":0,"max_hp_gain":0,"max_hp_loss":0,"event_name":"Living Wall","floor":2,"gold_loss":0}],"is_beta":false,"boss_relics":[],"items_purged_floors":[13],"is_endless":false,"potions_floor_spawned":[5],"killed_by":"3 Sentries","ascension_level":4}}