{"host":"19tvufa8xx4wr4o1","time":1612648457,"event":{"mods":["AchievementEnabler","BaseMod","Better Sensory Stone","Better Third Choice","Highlight Path","Minty Spire (QoL Compilation)","Relic Stats","StSLib"],"gold_per_floor":[119,133,133,150,170,170,201,201,201,228,228,239,20,40,40,116,116,135,135,135,155,155,155],"floor_reached":22,"language":"ENG","playtime":756,"items_purged":[],"score":343,"play_id":"1b9c24dc-cae9-42aa-8b12-ef4b36b4dac8","local_time":"20210206155417","is_ascension_mode":true,"campfire_choices":[{"data":"Cloak And Dagger","floor":6.0,"key":"SMITH"},{"floor":8.0,"key":"REST"},{"floor":11.0,"key":"REST"},{"data":"Envenom","floor":15.0,"key":"SMITH"}],"circlet_count":0,"master_deck":["AscendersBane","Strike_G","Strike_G","Strike_G","Strike_G","Strike_G","Defend_G","Defend_G","Defend_G","Defend_G","Defend_G","Survivor","Neutralize+1","Blade Dance","Cloak And Dagger+1","Riddle With Holes","Dash","Envenom+1","Caltrops","Malaise","PiercingWail","RitualDagger","Leg Sweep"],"relics":["Ring of the Snake","Bottled Lightning","StrikeDummy","Matryoshka","Omamori","HoveringKite"],"acts_visited":["Exordium","TheCity"],"potions_floor_usage":[22],"damage_taken":[{"damage":0.0,"enemies":"2 Louse","floor":1.0,"turns":3.0},{"damage":0.0,"enemies":"Small Slimes","floor":2.0,"turns":2.0},{"damage":0.0,"enemies":"Cultist","floor":4.0,"turns":3.0},{"damage":12.0,"enemies":"Lots of Slimes","floor":5.0,"turns":4.0},{"damage":28.0,"enemies":"3 Sentries","floor":7.0,"turns":10.0},{"damage":14.0,"enemies":"Gremlin Nob","floor":10.0,"turns":4.0},{"damage":0.0,"enemies":"Large Slime","floor":12.0,"turns":5.0},{"damage":2.0,"enemies":"Looter","floor":14.0,"turns":3.0},{"damage":14.0,"enemies":"Slime Boss","floor":16.0,"turns":9.0},{"damage":6.0,"enemies":"3 Byrds","floor":18.0,"turns":4.0},{"damage":12.0,"enemies":"Shell Parasite","floor":21.0,"turns":7.0},{"damage":39,"enemies":"3 Cultists","floor":22,"turns":5}],"seed_played":"3173785305191593017","potions_obtained":[{"floor":5.0,"key":"BlessingOfTheForge"},{"floor":10.0,"key":"Swift Potion"},{"floor":12.0,"key":"AttackPotion"},{"floor":18.0,"key":"GamblersBrew"}],"is_trial":false,"path_per_floor":["M","M","?","M","M","R","E","R","T","E","R","M","$","M","R","B",null,"M","?","?","M","M"],"character_chosen":"THE_SILENT","items_purchased":["Omamori","Caltrops"],"campfire_rested":2,"item_purchase_floors":[13,13],"current_hp_per_floor":[59,59,59,59,47,47,19,38,38,24,43,43,43,41,41,27,56,50,44,38,26,0,0],"gold":155,"neow_bonus":"UPGRADE_CARD","is_daily":false,"chose_seed":false,"campfire_upgraded":2,"win_rate":0.0,"timestamp":1612648457,"path_taken":["M","M","?","M","M","R","E","R","T","E","R","M","$","M","R","BOSS","M","?","?","M","?"],"items_purchased_type":["Relic","Card"],"build_version":"2020-12-22","purchased_purges":0,"victory":false,"max_hp_per_floor":[66,66,66,66,66,66,66,66,66,66,66,66,66,66,66,66,66,66,66,66,66,66,66],"relic_stats":{"counters":[12,59],"HoveringKite":[4],"obtain_stats":[{"Matryoshka":10,"HoveringKite":17,"Omamori":13,"Bottled Lightning":7,"StrikeDummy":9,"Ring of the Snake":0},{"Matryoshka":6,"HoveringKite":9,"Omamori":7,"Bottled Lightning":5,"StrikeDummy":5,"Ring of the Snake":0},{"Matryoshka":26,"HoveringKite":43,"Omamori":31,"Bottled Lightning":22,"StrikeDummy":22,"Ring of the Snake":0}],"Ring of the Snake":[24]},"card_choices":[{"not_picked":["Outmaneuver","Deflect"],"picked":"Blade Dance","floor":1.0},{"not_picked":["Deadly Poison","Calculated Gamble"],"picked":"Cloak And Dagger","floor":2.0},{"not_picked":["Bane","Dodge and Roll"],"picked":"Riddle With Holes","floor":4.0},{"not_picked":["Bane","Outmaneuver"],"picked":"Dash","floor":5.0},{"not_picked":["Bane","Dagger Spray","Underhanded Strike"],"picked":"SKIP","floor":7.0},{"not_picked":["Choke","Finisher"],"picked":"Envenom","floor":10.0},{"not_picked":["Reflex","Catalyst","Acrobatics"],"picked":"SKIP","floor":12.0},{"not_picked":["Calculated Gamble","Acrobatics","Underhanded Strike"],"picked":"SKIP","floor":14.0},{"not_picked":["Tools of the Trade","Envenom"],"picked":"Malaise","floor":16.0},{"not_picked":["Backstab","Dodge and Roll"],"picked":"PiercingWail","floor":18.0},{"not_picked":["Outmaneuver","Expertise+1"],"picked":"Leg Sweep","floor":21.0}],"player_experience":625192,"relics_obtained":[{"floor":7.0,"key":"Bottled Lightning"},{"floor":9.0,"key":"StrikeDummy"},{"floor":10.0,"key":"Matryoshka"}],"event_choices":[{"damage_healed":0.0,"max_hp_gain":0.0,"max_hp_loss":0.0,"gold_gain":0.0,"event_name":"betterThird:BetterSerpent","player_choice":"Ignored","floor":3.0,"gold_loss":0.0,"damage_taken":133.0},{"damage_healed":0.0,"max_hp_gain":0.0,"max_hp_loss":0.0,"gold_gain":0.0,"event_name":"betterThird:BetterNest","player_choice":"Dagger","floor":19.0,"gold_loss":0.0,"damage_taken":6.0,"cards_obtained":["RitualDagger"]},{"damage_healed":0.0,"max_hp_gain":0.0,"max_hp_loss":0.0,"gold_gain":0.0,"event_name":"Knowing Skull","player_choice":"","floor":20.0,"potions_obtained":[],"gold_loss":0.0,"damage_taken":6.0,"cards_obtained":[]}],"is_beta":false,"boss_relics":[{"not_picked":["Empty Cage","Coffee Dripper"],"picked":"HoveringKite"}],"items_purged_floors":[],"is_endless":false,"potions_floor_spawned":[5,10,12,14,18],"killed_by":"3 Cultists","ascension_level":15}}