{"host":"c3lc60y5x60jlt1y","time":1612638126,"event":{"mods":["AchievementEnabler","BaseMod","Bestiary","Colored Map","Minty Spire (QoL Compilation)","Quick Restart","StSLib","ojb\u0027s Info Mod"],"gold_per_floor":[111,111,111,131,131,157,170,201,201,201,32,48,48,48],"floor_reached":13,"language":"ENG","playtime":322,"items_purged":[],"score":236,"play_id":"4737b746-8fad-4ffe-b54c-0673ecc4e2d1","local_time":"20210206210206","is_ascension_mode":true,"campfire_choices":[{"data":"Eruption","floor":10.0,"key":"SMITH"}],"circlet_count":0,"master_deck":["AscendersBane","Strike_P","Strike_P","Strike_P","Strike_P","Defend_P","Defend_P","Defend_P","Eruption+1","Vigilance","CutThroughFate","BowlingBash","Wish","Wireheading","Weave","Vengeance"],"relics":["PureWater","NeowsBlessing","Juzu Bracelet","Pear","Vajra","MealTicket"],"acts_visited":["Exordium"],"potions_floor_usage":[],"damage_taken":[{"damage":0.0,"enemies":"2 Louse","floor":1.0,"turns":2.0},{"damage":0.0,"enemies":"Small Slimes","floor":4.0,"turns":1.0},{"damage":0.0,"enemies":"3 Sentries","floor":6.0,"turns":1.0},{"damage":0.0,"enemies":"Jaw Worm","floor":7.0,"turns":3.0},{"damage":42.0,"enemies":"Lagavulin","floor":8.0,"turns":9.0},{"damage":12.0,"enemies":"2 Fungi Beasts","floor":12.0,"turns":2.0},{"damage":0,"enemies":"Gremlin Nob","floor":13,"turns":1}],"seed_played":"8737153712965989616","potions_obtained":[{"floor":8.0,"key":"Explosive Potion"},{"floor":12.0,"key":"Weak Potion"}],"is_trial":false,"path_per_floor":["M","?","?","M","?","E","M","E","T","R","$","M","E"],"character_chosen":"WATCHER","items_purchased":["MealTicket"],"campfire_rested":0,"item_purchase_floors":[11],"current_hp_per_floor":[61,54,59,59,59,59,59,27,27,27,27,15,15,15],"gold":48,"neow_bonus":"THREE_ENEMY_KILL","is_daily":false,"chose_seed":false,"campfire_upgraded":1,"win_rate":0.0,"timestamp":1612638126,"path_taken":["M","?","?","M","?","E","M","E","T","R","$","M","E"],"items_purchased_type":["Relic"],"build_version":"2020-12-22","purchased_purges":0,"victory":false,"max_hp_per_floor":[68,68,73,73,73,73,73,83,83,83,83,83,83,83],"card_choices":[{"not_picked":["FlyingSleeves","ThirdEye"],"picked":"CutThroughFate","floor":1.0},{"not_picked":["WindmillStrike","EmptyFist"],"picked":"BowlingBash","floor":4.0},{"not_picked":["Perseverance","FlyingSleeves"],"picked":"Wish","floor":6.0},{"not_picked":["BattleHymn","FollowUp"],"picked":"Wireheading","floor":7.0},{"not_picked":["Crescendo","ThirdEye"],"picked":"Weave","floor":8.0},{"not_picked":["FollowUp","ReachHeaven"],"picked":"Vengeance","floor":12.0}],"player_experience":9169950,"relics_obtained":[{"floor":6.0,"key":"Juzu Bracelet"},{"floor":8.0,"key":"Pear"},{"floor":9.0,"key":"Vajra"}],"event_choices":[{"cards_removed":["Defend_P"],"damage_healed":0.0,"max_hp_gain":0.0,"max_hp_loss":0.0,"gold_gain":0.0,"event_name":"Golden Wing","player_choice":"Card Removal","floor":2.0,"gold_loss":0.0,"damage_taken":7.0},{"damage_healed":0.0,"max_hp_gain":5.0,"max_hp_loss":0.0,"gold_gain":0.0,"event_name":"Big Fish","player_choice":"Donut","floor":3.0,"gold_loss":0.0,"damage_taken":0.0},{"damage_healed":0.0,"max_hp_gain":0.0,"max_hp_loss":0.0,"gold_gain":0.0,"event_name":"Liars Game","player_choice":"Ignored","floor":5.0,"gold_loss":0.0,"damage_taken":0.0}],"is_beta":false,"boss_relics":[],"items_purged_floors":[],"is_endless":false,"potions_floor_spawned":[8,12],"killed_by":"Gremlin Nob","ascension_level":20}}