{"host":"l5zfpd2l2htson6l","time":1612613402,"event":{"mods":["AchievementEnabler","BaseMod","Colored Map","Colored Powertips","Minty Spire (QoL Compilation)","Permanent Neow","Quick Restart","Rare Cards Sparkle","Relic Stats","SuperFastMode"],"gold_per_floor":[119,135,7,23,42,42,54,85,85,101,114,114,141,141,141,141,141],"floor_reached":16,"language":"ENG","playtime":575,"items_purged":[],"score":228,"play_id":"8d40d058-5ab9-4b24-9b2b-4761b54e4eb6","local_time":"20210206041002","is_ascension_mode":true,"campfire_choices":[{"data":"Carnage","floor":6.0,"key":"SMITH"},{"floor":12,"key":"REST"},{"floor":15,"key":"REST"}],"circlet_count":0,"master_deck":["AscendersBane","Strike_R","Strike_R","Strike_R","Strike_R","Strike_R","Defend_R","Defend_R","Defend_R","Defend_R","Bash","Carnage+1","Whirlwind","Shrug It Off","Rampage"],"relics":["Runic Pyramid","Toy Ornithopter","Self Forming Clay","Torii","Blue Candle"],"acts_visited":["Exordium"],"potions_floor_usage":[11,13,16],"damage_taken":[{"damage":1.0,"enemies":"Cultist","floor":1.0,"turns":3.0},{"damage":0.0,"enemies":"Small Slimes","floor":2.0,"turns":8.0},{"damage":9.0,"enemies":"Jaw Worm","floor":4.0,"turns":3.0},{"damage":16.0,"enemies":"Blue Slaver","floor":5.0,"turns":3.0},{"damage":28.0,"enemies":"Exordium Wildlife","floor":7.0,"turns":10.0},{"damage":12.0,"enemies":"Lagavulin","floor":8.0,"turns":7.0},{"damage":6.0,"enemies":"Exordium Thugs","floor":10.0,"turns":3.0},{"damage":0,"enemies":"Large Slime","floor":11,"turns":4},{"damage":8,"enemies":"Gremlin Nob","floor":13,"turns":3},{"damage":52,"enemies":"Hexaghost","floor":16,"turns":13}],"seed_played":"7534668842136666043","potions_obtained":[{"floor":1.0,"key":"DuplicationPotion"},{"floor":2.0,"key":"Fruit Juice"},{"floor":8.0,"key":"SteroidPotion"},{"floor":11,"key":"Energy Potion"},{"floor":13,"key":"ElixirPotion"}],"is_trial":false,"path_per_floor":["M","M","$","M","M","R","M","E","T","M","M","R","E","?","R","B"],"character_chosen":"IRONCLAD","items_purchased":["Whirlwind","Weak Potion"],"campfire_rested":2,"item_purchase_floors":[3,3],"current_hp_per_floor":[67,72,72,63,47,47,19,7,7,1,6,30,27,22,46,0,0],"gold":141,"neow_bonus":"BOSS_RELIC","is_daily":false,"chose_seed":false,"campfire_upgraded":1,"win_rate":0.0,"timestamp":1612613402,"path_taken":["M","M","$","M","?","R","M","E","T","M","M","R","E","?","R","BOSS"],"items_purchased_type":["Card","Potion"],"build_version":"2020-12-22","purchased_purges":0,"victory":false,"max_hp_per_floor":[75,80,80,80,80,80,80,80,80,80,80,80,80,80,80,80,80],"relic_stats":{"Torii":17,"counters":[10,57],"Self Forming Clay":[45],"Blue Candle":[0],"obtain_stats":[{"Torii":13,"Self Forming Clay":9,"Blue Candle":14,"Burning Blood":0,"Toy Ornithopter":8,"Runic Pyramid":0},{"Torii":9,"Self Forming Clay":6,"Blue Candle":9,"Burning Blood":0,"Toy Ornithopter":6,"Runic Pyramid":0},{"Torii":44,"Self Forming Clay":34,"Blue Candle":44,"Burning Blood":0,"Toy Ornithopter":34,"Runic Pyramid":0}],"Toy Ornithopter":15},"card_choices":[{"not_picked":["Sever Soul","Rampage"],"picked":"Carnage","floor":1.0},{"not_picked":["Body Slam","Pommel Strike","Searing Blow"],"picked":"SKIP","floor":2.0},{"not_picked":["Pummel","Anger","Dark Embrace"],"picked":"SKIP","floor":4.0},{"not_picked":["Perfected Strike","Warcry"],"picked":"Shrug It Off","floor":5.0},{"not_picked":["Pommel Strike","Iron Wave","Sword Boomerang"],"picked":"SKIP","floor":7.0},{"not_picked":["Cleave","Pommel Strike"],"picked":"Rampage","floor":8.0},{"not_picked":["Clothesline","Warcry","Offering"],"picked":"SKIP","floor":10.0},{"not_picked":["Thunderclap","Intimidate","Pommel Strike"],"picked":"SKIP","floor":11},{"not_picked":["Entrench","Anger","Intimidate"],"picked":"SKIP","floor":13}],"player_experience":923675,"relics_obtained":[{"floor":8.0,"key":"Toy Ornithopter"},{"floor":9.0,"key":"Self Forming Clay"},{"floor":13,"key":"Torii"}],"event_choices":[{"damage_healed":0,"gold_gain":0,"player_choice":"Success","damage_taken":5,"relics_obtained":["Blue Candle"],"max_hp_gain":0,"max_hp_loss":0,"event_name":"Scrap Ooze","floor":14,"gold_loss":0}],"is_beta":false,"boss_relics":[],"items_purged_floors":[],"is_endless":false,"potions_floor_spawned":[1,2,8,11,13],"killed_by":"Hexaghost","ascension_level":20}}