{"host":"x5w9zppki4gdwvc7","time":1612617529,"event":{"mods":["AchievementEnabler","BaseMod","DeckTracker","Minty Spire (QoL Compilation)"],"gold_per_floor":[116,41,57,57,73,73,104,123,123,123,154,170,188,206,206,302,302,316,26,26,38,52,83,83,83,83,83,83,97,97,123,123,220,220,230,77,96,114,114,146,146,158,158,158,178,189,219,266,266,266,266],"floor_reached":50,"language":"ENG","playtime":2609,"items_purged":["Wild Strike","Writhe"],"score":579,"play_id":"8e66eea4-f8f1-4122-a55c-10b995e5a1b5","local_time":"20210206141849","is_ascension_mode":false,"campfire_choices":[{"data":"Clothesline","floor":6,"key":"SMITH"},{"data":"Uppercut","floor":10,"key":"SMITH"},{"data":"Twin Strike","floor":15,"key":"SMITH"},{"data":"True Grit","floor":24,"key":"SMITH"},{"data":"Berserk","floor":27,"key":"SMITH"},{"floor":32,"key":"REST"},{"data":"Shrug It Off","floor":41,"key":"SMITH"},{"floor":44,"key":"RECALL"},{"floor":49,"key":"REST"}],"circlet_count":0,"master_deck":["Strike_R","Strike_R","Strike_R","Defend_R","Defend_R","Defend_R","Bash","Uppercut+1","Clash","Clothesline+1","Twin Strike+1","Twin Strike","Twin Strike","Berserk+1","True Grit+1","Shrug It Off+1","Feed+1","Twin Strike+1","Dropkick+1","Inflame","Perfected Strike+1"],"relics":["Burning Blood","StrikeDummy","Self Forming Clay","Regal Pillow","SlaversCollar","Oddly Smooth Stone","Bronze Scales","Bird Faced Urn","Molten Egg 2","Pantograph","Peace Pipe","Sozu","Gremlin Horn","Bottled Tornado","Du-Vu Doll"],"acts_visited":["Exordium","TheCity","TheBeyond"],"potions_floor_usage":[16,31,31,31,47],"damage_taken":[{"damage":3,"enemies":"Jaw Worm","floor":1,"turns":3},{"damage":0,"enemies":"Cultist","floor":3,"turns":3},{"damage":0,"enemies":"2 Louse","floor":5,"turns":2},{"damage":16,"enemies":"Lagavulin","floor":7,"turns":5},{"damage":4,"enemies":"Blue Slaver","floor":8,"turns":2},{"damage":10,"enemies":"Gremlin Nob","floor":11,"turns":3},{"damage":10,"enemies":"Large Slime","floor":12,"turns":3},{"damage":7,"enemies":"Looter","floor":13,"turns":2},{"damage":9,"enemies":"Blue Slaver","floor":14,"turns":2},{"damage":32,"enemies":"The Guardian","floor":16,"turns":7},{"damage":27,"enemies":"Shell Parasite","floor":18,"turns":3},{"damage":17,"enemies":"2 Thieves","floor":21,"turns":3},{"damage":12,"enemies":"Centurion and Healer","floor":22,"turns":4},{"damage":18,"enemies":"Gremlin Leader","floor":23,"turns":4},{"damage":10,"enemies":"Cultist and Chosen","floor":29,"turns":4},{"damage":19,"enemies":"Slavers","floor":31,"turns":5},{"damage":62,"enemies":"Champ","floor":33,"turns":11},{"damage":15,"enemies":"3 Shapes","floor":35,"turns":4},{"damage":30,"enemies":"3 Darklings","floor":37,"turns":6},{"damage":28,"enemies":"Sphere and 2 Shapes","floor":38,"turns":5},{"damage":37,"enemies":"Reptomancer","floor":40,"turns":6},{"damage":0,"enemies":"Transient","floor":42,"turns":5},{"damage":11,"enemies":"Jaw Worm Horde","floor":45,"turns":4},{"damage":8,"enemies":"Spire Growth","floor":46,"turns":3},{"damage":22,"enemies":"Giant Head","floor":47,"turns":7},{"damage":36,"enemies":"2 Orb Walkers","floor":48,"turns":6},{"damage":86,"enemies":"Time Eater","floor":50,"turns":9}],"seed_played":"8243171750307329674","potions_obtained":[{"floor":1,"key":"SpeedPotion"},{"floor":8,"key":"Ancient Potion"},{"floor":13,"key":"SteroidPotion"},{"floor":14,"key":"Regen Potion"},{"floor":18,"key":"Swift Potion"},{"floor":21,"key":"Weak Potion"},{"floor":29,"key":"SkillPotion"},{"floor":33,"key":"Strength Potion"}],"is_trial":false,"path_per_floor":["M","$","M","?","M","R","E","M","T","R","E","M","M","M","R","B",null,"M","$","?","M","M","E","R","$","T","R","?","M","$","E","R","B",null,"M","$","M","M","?","E","R","M","T","R","M","M","E","?","R","B"],"character_chosen":"IRONCLAD","items_purchased":["Oddly Smooth Stone","Bronze Scales","Twin Strike+1"],"campfire_rested":2,"item_purchase_floors":[19,19,36],"current_hp_per_floor":[59,59,65,65,71,71,61,63,63,63,59,55,54,51,51,37,80,59,59,59,48,44,32,32,32,32,32,23,21,21,8,47,18,80,75,75,57,35,77,46,46,54,54,54,53,55,47,17,56,0,0],"gold":266,"neow_bonus":"TRANSFORM_TWO_CARDS","is_daily":false,"chose_seed":false,"campfire_upgraded":6,"win_rate":0.0,"timestamp":1612617529,"path_taken":["M","$","M","?","M","R","E","M","T","R","E","M","M","M","R","BOSS","M","?","?","M","M","E","R","$","T","R","?","M","$","E","R","BOSS","M","$","M","M","?","E","R","M","T","R","M","M","E","?","R","BOSS"],"items_purchased_type":["Relic","Relic","Card"],"build_version":"2020-12-22","purchased_purges":2,"victory":false,"max_hp_per_floor":[80,80,80,80,80,80,80,80,80,80,80,80,80,80,80,80,80,80,80,80,80,80,80,80,80,80,80,80,80,80,80,80,80,80,84,84,88,88,77,77,77,77,77,77,77,77,81,81,81,81,81],"card_choices":[{"not_picked":["Rage","Dual Wield"],"picked":"Clash","floor":1},{"not_picked":["Iron Wave","Warcry","Headbutt"],"picked":"SKIP","floor":3},{"not_picked":["Warcry","Flex"],"picked":"Clothesline","floor":5},{"not_picked":["Offering","Seeing Red"],"picked":"Twin Strike","floor":7},{"not_picked":["Pummel","Ghostly Armor","Anger"],"picked":"SKIP","floor":8},{"not_picked":["Searing Blow","Fire Breathing"],"picked":"Twin Strike","floor":11},{"not_picked":["Clash","Flame Barrier","Havoc"],"picked":"SKIP","floor":12},{"not_picked":["Dark Embrace","Sword Boomerang"],"picked":"Twin Strike","floor":13},{"not_picked":["Juggernaut","Anger","Flex"],"picked":"SKIP","floor":14},{"not_picked":["Bludgeon","Brutality"],"picked":"Berserk","floor":16},{"not_picked":["Hemokinesis+1","Havoc","Second Wind"],"picked":"SKIP","floor":18},{"not_picked":["Flex","Wild Strike","Thunderclap+1"],"picked":"SKIP","floor":21},{"not_picked":["Sword Boomerang+1","Iron Wave"],"picked":"True Grit","floor":22},{"not_picked":["Armaments","Thunderclap+1","Anger+1"],"picked":"SKIP","floor":23},{"not_picked":["Seeing Red","Heavy Blade+1"],"picked":"Shrug It Off","floor":29},{"not_picked":["Corruption","Havoc","Flex"],"picked":"SKIP","floor":31},{"not_picked":["Impervious","Fiend Fire+1"],"picked":"Feed+1","floor":33},{"not_picked":["Sever Soul+1","Flex+1","Cleave+1"],"picked":"SKIP","floor":35},{"not_picked":["Dark Embrace","Warcry","Flex"],"picked":"SKIP","floor":37},{"not_picked":["Bloodletting","Twin Strike+1"],"picked":"Dropkick+1","floor":38},{"not_picked":["Iron Wave+1","Carnage+1","Body Slam+1"],"picked":"SKIP","floor":40},{"not_picked":["Demon Form","Headbutt+1"],"picked":"Inflame","floor":42},{"not_picked":["Iron Wave+1","Evolve","Feel No Pain+1"],"picked":"SKIP","floor":45},{"not_picked":["Flex+1","Thunderclap+1","Havoc+1"],"picked":"SKIP","floor":46},{"not_picked":["Wild Strike+1","Sword Boomerang+1","Feel No Pain"],"picked":"SKIP","floor":47},{"not_picked":["Clash+1","Iron Wave+1"],"picked":"Perfected Strike+1","floor":48}],"player_experience":502456,"relics_obtained":[{"floor":7,"key":"StrikeDummy"},{"floor":9,"key":"Self Forming Clay"},{"floor":11,"key":"Regal Pillow"},{"floor":23,"key":"Molten Egg 2"},{"floor":26,"key":"Pantograph"},{"floor":31,"key":"Peace Pipe"},{"floor":40,"key":"Gremlin Horn"},{"floor":47,"key":"Bottled Tornado"},{"floor":48,"key":"Du-Vu Doll"}],"event_choices":[{"cards_removed":["Defend_R"],"damage_healed":0,"gold_gain":0,"player_choice":"Offered Basic","damage_taken":0,"max_hp_gain":0,"max_hp_loss":0,"event_name":"Bonfire Elementals","floor":4,"gold_loss":0},{"damage_healed":0,"gold_gain":0,"player_choice":"Opened","damage_taken":0,"relics_obtained":["Bird Faced Urn"],"max_hp_gain":0,"max_hp_loss":0,"event_name":"The Mausoleum","floor":20,"gold_loss":0,"cards_obtained":["Writhe"]},{"damage_healed":0,"gold_gain":0,"player_choice":"Stopped","damage_taken":9,"max_hp_gain":0,"max_hp_loss":0,"event_name":"Cursed Tome","floor":28,"gold_loss":0},{"damage_healed":77,"gold_gain":0,"player_choice":"Heal","damage_taken":0,"max_hp_gain":0,"max_hp_loss":11,"event_name":"The Moai Head","floor":39,"gold_loss":0},{"damage_healed":0,"gold_gain":0,"player_choice":"Fight","damage_taken":0,"max_hp_gain":0,"max_hp_loss":0,"event_name":"Mysterious Sphere","floor":48,"gold_loss":0}],"is_beta":false,"boss_relics":[{"not_picked":["Astrolabe","Busted Crown"],"picked":"SlaversCollar"},{"not_picked":["Philosopher\u0027s Stone","Empty Cage"],"picked":"Sozu"}],"items_purged_floors":[2,36],"is_endless":false,"potions_floor_spawned":[1,8,13,14,18,21,29,33,35,38,40,42,45],"killed_by":"Time Eater","ascension_level":0}}