{"host":"22tt21bn45sbv98g","time":1612600490,"event":{"mods":["Act Like it!","BaseMod","Downfall","Gensokyo","Minty Spire (QoL Compilation)","Remilia£®¿Ÿ√◊¿Ú—«£©","StSLib","The Blackbeard","The Servant 0.9.4","Youmu£®ªÍ∆«—˝√Œ£©"],"gold_per_floor":[109,39,1,14,14,42,42,71,71,85,85,15,15,50,50,164,173,493,493,522,402,67,67,105,214,214,252,292,292,333,371,371,480,480,514,532,378,691,691,727,757,798,798,336,369,378,424,855,855,855,855,855,141,489,489],"floor_reached":56,"language":"ZHS","playtime":5102,"items_purged":["Defend_RM"],"score":1866,"play_id":"354bd160-a1cf-426a-a1eb-c0124b2a1aba","local_time":"20210206163450","is_ascension_mode":true,"campfire_choices":[{"floor":7,"key":"RECALL"},{"data":"ScarletDream","floor":11,"key":"SMITH"},{"data":"ScarletNetherworld","floor":13,"key":"SMITH"},{"data":"Stigmanizer","floor":15,"key":"SMITH"},{"data":"BloodyMagicSquare","floor":23,"key":"SMITH"},{"data":"TricksterDevil","floor":29,"key":"SMITH"},{"data":"ScarletSymphony","floor":32,"key":"SMITH"},{"data":"BatForm","floor":49,"key":"SMITH"},{"data":"HellCatastrophe","floor":52,"key":"SMITH"}],"circlet_count":0,"master_deck":["Strike_RM","Strike_RM+1","Strike_RM+1","Strike_RM","Defend_RM","Defend_RM+1","Defend_RM+1","RedMoon","ScarletShoot","ScarletNetherworld+1","StarOfDavid","EternalNight","ScarletDream+1","Stigmanizer+1","DiffusionOfMisfortune","BloodyCatastrophe","SuperhumanBloodyKnife","ForecastOfChange","CurseOfTheBell","EndlessAdversity","BloodyMagicSquare+1","Ultimatum+1","ScarletSymphony+1","Stigmanizer","VampireKiss","TricksterDevil+1","StarOfDavid","VampireKiss","MillenniumVampire+1","ChainGang","ReincarnationDial+1","ScarletGensokyo+1","NightLord","BadLadyScramble+1","BatForm+1","Stigmanizer+1","GlobalNightmare+1","Gensokyo:PrivateSquare+1","Pride","DevilSight+1","VampireKiss+1","ScarletCoffin","BloodHunter+1","VampireSweep+1","NightDance+1","NightLord","HellCatastrophe+1","Stigmanizer","Gensokyo:RPG","VampireClaw+1","VampirishNight+1","ChaoticDestiny+1","BloodyHallows+1","Maim+1","BloodyTrap+1","VampireFantasy+1","VampireSweep+1"],"relics":["ScarletHat","NeowsBlessing","Gensokyo:OccultBall","Prayer Wheel","Blood Vial","Question Card","CeramicFish","Calling Bell","ScarletDevilRocket","White Beast Statue","Lizard Tail","Toy Ornithopter","Gensokyo:DemonMask","TypeBBloodRedTea","Akabeko","Gambling Chip","Pocketwatch","Boot","Toxic Egg 2","bronze:MakeshiftBattery","War Paint","Juzu Bracelet","Nunchaku","OrangePellets","Toolbox","Dream Catcher","Mercury Hourglass","Potion Belt","Bottled Tornado","Pen Nib","Guardian:BottledAnomaly","Art of War"],"acts_visited":["Exordium","Gensokyo:Gensokyo","Gensokyo:Gensokyoer","TheEnding"],"potions_floor_usage":[8,16,16,24,28,30,33,33,38,40,41,42,47,50,54,54,55],"damage_taken":[{"damage":0,"enemies":"Gensokyo:2_Kodama","floor":1,"turns":1},{"damage":0,"enemies":"Gensokyo:Gryphon","floor":4,"turns":1},{"damage":0,"enemies":"Gensokyo:Aya","floor":6,"turns":1},{"damage":2,"enemies":"Gensokyo:Cirno","floor":8,"turns":8},{"damage":38,"enemies":"Gensokyo:Python","floor":10,"turns":3},{"damage":0,"enemies":"Gensokyo:3_Kodama","floor":14,"turns":1},{"damage":55,"enemies":"Gensokyo:Kokoro","floor":16,"turns":4},{"damage":29,"enemies":"Gensokyo:2_Gloops","floor":18,"turns":2},{"damage":20,"enemies":"Gensokyo:Chomper","floor":20,"turns":3},{"damage":21,"enemies":"Gensokyo:Tenshi","floor":24,"turns":3},{"damage":8,"enemies":"Gensokyo:Tenshi","floor":25,"turns":3},{"damage":14,"enemies":"Gensokyo:3_Gloops","floor":27,"turns":2},{"damage":17,"enemies":"Gensokyo:Koishi","floor":28,"turns":3},{"damage":14,"enemies":"Gensokyo:Wraith","floor":30,"turns":3},{"damage":29,"enemies":"Gensokyo:Monolith_and_Dog","floor":31,"turns":2},{"damage":9,"enemies":"Gensokyo:Kaguya","floor":33,"turns":6},{"damage":33,"enemies":"Gensokyo:AncientGuardian","floor":35,"turns":2},{"damage":34,"enemies":"Gensokyo:3_Boulders","floor":38,"turns":4},{"damage":19,"enemies":"Gensokyo:Kasen","floor":40,"turns":7},{"damage":24,"enemies":"Gensokyo:Rafflesia","floor":41,"turns":4},{"damage":23,"enemies":"Gensokyo:Doremy","floor":42,"turns":4},{"damage":29,"enemies":"Gensokyo:AtlasGolem","floor":45,"turns":5},{"damage":23,"enemies":"Gensokyo:Kasen","floor":47,"turns":5},{"damage":49,"enemies":"Gensokyo:SeedOfUnknown","floor":48,"turns":9},{"damage":35,"enemies":"Gensokyo:Scarlet_Devils","floor":50,"turns":5},{"damage":54,"enemies":"Shield and Spear","floor":54,"turns":5},{"damage":71,"enemies":"The Heart","floor":55,"turns":5}],"seed_played":"5181000826445283979","potions_obtained":[{"floor":1,"key":"PowerPotion"},{"floor":4,"key":"Energy Potion"},{"floor":6,"key":"FearPotion"},{"floor":14,"key":"Slimebound:ThreeZeroPotion"},{"floor":18,"key":"champ:CounterPotion"},{"floor":20,"key":"Fire Potion"},{"floor":24,"key":"BlessingOfTheForge"},{"floor":25,"key":"ColorlessPotion"},{"floor":27,"key":"Ancient Potion"},{"floor":28,"key":"Strength Potion"},{"floor":30,"key":"bronze:BurnAndBuffPotion"},{"floor":33,"key":"Guardian:BlockOnCardUsePotion"},{"floor":35,"key":"SpeedPotion"},{"floor":38,"key":"Explosive Potion"},{"floor":40,"key":"Swift Potion"},{"floor":41,"key":"Explosive Potion"},{"floor":42,"key":"FearPotion"},{"floor":45,"key":"Ancient Potion"},{"floor":45,"key":"PowerPotion"},{"floor":47,"key":"Weak Potion"},{"floor":48,"key":"LiquidMemories"},{"floor":54,"key":"Explosive Potion"}],"is_trial":false,"path_per_floor":["M","?","$","M","?","E","R","E","T","M","R","?","R","M","R","B",null,"M","?","M","?","$","R","E","?","T","M","E","R","M","M","R","B",null,"M","?","$","M","?","E","M","E","T","COS","M","?","E","M","R","B",null,"R","$","E","B",null],"character_chosen":"REMILIA","items_purchased":["ScarletNetherworld","TypeBBloodRedTea","Stigmanizer","War Paint","Bottled Tornado","Pen Nib","Guardian:BottledAnomaly","BloodyTrap+1"],"campfire_rested":0,"item_purchase_floors":[3,22,22,37,53,53,53,53],"current_hp_per_floor":[75,75,75,75,75,75,75,73,73,38,38,38,38,41,41,4,57,30,30,17,17,17,17,11,22,22,16,22,22,27,8,8,34,60,38,38,38,19,19,34,40,45,45,45,28,28,55,27,27,31,60,60,60,35,69],"gold":489,"neow_bonus":"THREE_ENEMY_KILL","is_daily":false,"chose_seed":false,"campfire_upgraded":8,"win_rate":0.0,"timestamp":1612600490,"path_taken":["M","?","$","M","?","E","R","E","T","M","R","?","R","?","R","BOSS","M","?","M","?","?","R","E","?","T","M","E","R","M","M","R","BOSS","M","?","$","?","?","E","M","E","T","COS","M","?","E","M","R","BOSS","R","$","E","BOSS"],"items_purchased_type":["Card","Relic","Card","Relic","Relic","Relic","Relic","Card"],"build_version":"2020-12-22","purchased_purges":1,"victory":true,"max_hp_per_floor":[75,75,75,75,75,75,75,75,75,75,75,75,75,75,75,75,75,75,69,69,69,69,69,69,69,69,69,69,69,69,69,69,69,69,69,69,69,69,69,69,69,69,69,69,69,69,69,69,69,69,69,69,69,69,69],"card_choices":[{"not_picked":["LeisurelyOfLord","NightDance"],"picked":"ChainGang","floor":1},{"not_picked":["BombardNight","ScarletNetherworld"],"picked":"StarOfDavid","floor":4},{"not_picked":["VampireClaw","Septette"],"picked":"EternalNight","floor":6},{"not_picked":["RedRainbow","BloodyTrap"],"picked":"ScarletDream","floor":8},{"not_picked":["BlasphemousPunishment","EndlessAdversity","MastersStateliness"],"picked":"Stigmanizer","floor":10},{"not_picked":["EternalNight","StarOfDavid","BombardNight"],"picked":"DiffusionOfMisfortune","floor":10},{"not_picked":["BloodHunter","EndlessAdversity","StarOfDavid"],"picked":"BloodyCatastrophe","floor":14},{"not_picked":["NightDance","UnstableMagic","StarOfDavid"],"picked":"SuperhumanBloodyKnife","floor":14},{"not_picked":["BloodRain","BloodyHallows","TricksterDevil"],"picked":"ForecastOfChange","floor":16},{"not_picked":["DiffusionOfMisfortune","TwelveNightmare","FavorOfDestiny"],"picked":"EndlessAdversity","floor":18},{"not_picked":["VampireSweep","ScarletImprint","EmergencyRegeneration+1"],"picked":"BloodyMagicSquare","floor":18},{"not_picked":["DiffusionOfMisfortune","FitfulNightmare","ScarletDevil"],"picked":"Ultimatum+1","floor":20},{"not_picked":["RedRainbow+1","Ultimatum+1","LeisurelyOfLord"],"picked":"ScarletSymphony","floor":20},{"not_picked":["BlasphemousPunishment+1","EternalNight","EmergencyRegeneration"],"picked":"VampireKiss","floor":24},{"not_picked":["UnstableMagic+1","DevilSight","RedRainbow"],"picked":"TricksterDevil","floor":25},{"not_picked":["EndlessAdversity","FavorOfDestiny","VampireKiss"],"picked":"StarOfDavid","floor":27},{"not_picked":["BlasphemousPunishment+1","MastersStateliness","ForbiddenFruit"],"picked":"VampireKiss","floor":27},{"not_picked":["Ultimatum","FavorOfDestiny+1","Septette+1"],"picked":"MillenniumVampire+1","floor":28},{"not_picked":["UnderTheZenith+1","RedRainbow","StarOfDavid"],"picked":"ChainGang","floor":30},{"not_picked":["BombardNight","ScarletDevil","CharismaGuard"],"picked":"ReincarnationDial+1","floor":30},{"not_picked":["BlasphemousPunishment+1","ScarletImprint","VampirishNight+1"],"picked":"ScarletGensokyo+1","floor":30},{"not_picked":["BlasphemousPunishment+1","LeisurelyOfLord","RedRainbow"],"picked":"NightLord","floor":31},{"not_picked":["ScarletDevil","RedMagic+1","DiffusionOfMisfortune"],"picked":"BadLadyScramble+1","floor":31},{"not_picked":["ScarletCoffin","ForecastOfChange","QueenOfMidnight"],"picked":"BatForm","floor":33},{"not_picked":["NightDance","DiffusionOfMisfortune","VampirishNight+1"],"picked":"Stigmanizer+1","floor":35},{"not_picked":["VampireFantasy+1","ScarletImprint","ScarletNetherworld"],"picked":"GlobalNightmare+1","floor":35},{"not_picked":["ScarletDevil+1","RedRainbow","EndlessAdversity+1"],"picked":"DevilSight+1","floor":38},{"not_picked":["FitfulNightmare+1","RedNightlessCastle+1","Stigmanizer+1"],"picked":"VampireKiss+1","floor":38},{"not_picked":["EndlessAdversity","MillenniumVampire+1","ScarletImprint+1"],"picked":"ScarletCoffin","floor":38},{"not_picked":["StarOfDavid","BlasphemousPunishment+1","TwelveNightmare"],"picked":"BloodHunter+1","floor":40},{"not_picked":["EndlessAdversity+1","FavorOfDestiny+1","BloodyTrap+1"],"picked":"VampireSweep+1","floor":41},{"not_picked":["ScarletNetherworld","EndlessAdversity","StarOfDavid"],"picked":"NightDance+1","floor":41},{"not_picked":["EndlessAdversity","DiffusionOfMisfortune","MastersStateliness"],"picked":"NightLord","floor":42},{"not_picked":["SuperhumanBloodyKnife","UnstableMagic+1","FavorOfDestiny+1"],"picked":"HellCatastrophe","floor":45},{"not_picked":["StarOfDavid","MastersStateliness+1","BlasphemousPunishment+1"],"picked":"Stigmanizer","floor":45},{"not_picked":["MillenniumVampire+1","MastersStateliness+1","EternalNight+1"],"picked":"VampireClaw+1","floor":47},{"not_picked":["FavorOfDestiny+1","FitfulNightmare+1","EternalNight+1"],"picked":"VampirishNight+1","floor":47},{"not_picked":["BatForm","BloodyHallows","HeartBreak"],"picked":"ChaoticDestiny","floor":48},{"not_picked":["Stigmanizer","BombardNight+1","BloodHunter+1"],"picked":"BloodyHallows+1","floor":48},{"not_picked":["RedRainbow+1","FavorOfDestiny+1","UnderTheZenith+1"],"picked":"Maim+1","floor":48},{"not_picked":["ChainGang+1","ScarletDevil+1","AfternoonTea+1"],"picked":"VampireFantasy+1","floor":54},{"not_picked":["BlasphemousPunishment+1","Stigmanizer+1","FavorOfDestiny+1"],"picked":"VampireSweep+1","floor":54}],"player_experience":319701,"relics_obtained":[{"floor":6,"key":"Prayer Wheel"},{"floor":8,"key":"Blood Vial"},{"floor":9,"key":"Question Card"},{"floor":14,"key":"Gensokyo:OccultBall"},{"floor":16,"key":"Gensokyo:OccultBall"},{"floor":17,"key":"ScarletDevilRocket"},{"floor":17,"key":"White Beast Statue"},{"floor":17,"key":"Lizard Tail"},{"floor":24,"key":"Akabeko"},{"floor":25,"key":"Gambling Chip"},{"floor":25,"key":"Pocketwatch"},{"floor":26,"key":"Boot"},{"floor":28,"key":"Toxic Egg 2"},{"floor":31,"key":"Gensokyo:OccultBall"},{"floor":33,"key":"Gensokyo:OccultBall"},{"floor":40,"key":"Juzu Bracelet"},{"floor":42,"key":"Nunchaku"},{"floor":47,"key":"Gensokyo:OccultBall"},{"floor":47,"key":"Dream Catcher"},{"floor":54,"key":"Art of War"}],"event_choices":[],"is_beta":false,"boss_relics":[{"not_picked":["Astrolabe","Tiny House"],"picked":"Calling Bell"},{"not_picked":["Runic Pyramid","Busted Crown"],"picked":"bronze:MakeshiftBattery"}],"items_purged_floors":[53],"is_endless":false,"potions_floor_spawned":[1,4,6,14,18,20,24,25,27,28,30,31,33,35,38,40,41,42,45,47,48,54],"ascension_level":5}}