{"host":"u7bb6mvzuirwfcqo","time":1612633409,"event":{"mods":["2.2 Compatiblity","AchievementEnabler","BaseMod","Card Forge","Downfall","Hermit","Minty Spire (QoL Compilation)","Relic Stats","Replay The Spire","StSLib"],"gold_per_floor":[99,114,214,226,244,72,154,170,188,206,241,261,261,279,294,294,294,294],"floor_reached":16,"language":"ENG","playtime":757,"items_purged":[],"score":125,"play_id":"9e0ef88f-eee5-4715-8ee0-3e71f0d71114","local_time":"20210206124329","is_ascension_mode":false,"campfire_choices":[{"data":"sneckomod:TailWhip","floor":1,"key":"SMITH"},{"floor":13,"key":"REST"}],"circlet_count":0,"master_deck":["sneckomod:Strike","sneckomod:Strike","sneckomod:Strike","sneckomod:Defend","sneckomod:Defend","sneckomod:Defend","sneckomod:TailWhip+1","sneckomod:SnekBite","sneckomod:Unknown","sneckomod:Unknown","sneckomod:UnknownX","sneckomod:UnknownStrike","sneckomod:Unknown2Cost","sneckomod:UnknownStrike","sneckomod:UnknownUncommonPower","sneckomod:UnknownX","sneckomod:UnknownClassDEFAULT_GRAY_COLOR","sneckomod:SnekBeam","sneckomod:UnknownX","sneckomod:UnknownRareSkill","sneckomod:UnknownCommonSkill","sneckomod:Unknown2Cost","sneckomod:SlitherStrike"],"relics":["sneckomod:SneckoSoul","Hammer of Thor","Seething Fire","Anvil of the Gods","Pear"],"acts_visited":["Exordium"],"potions_floor_usage":[10,11,16,16,16],"damage_taken":[{"damage":5,"enemies":"Jaw Worm","floor":2,"turns":3},{"damage":5,"enemies":"Cultist","floor":4,"turns":4},{"damage":0,"enemies":"Small Slimes","floor":5,"turns":3},{"damage":10,"enemies":"downfall:FleeingMerchant","floor":6,"turns":4},{"damage":10,"enemies":"Exordium Wildlife","floor":8,"turns":7},{"damage":12,"enemies":"Blue Slaver","floor":9,"turns":2},{"damage":9,"enemies":"Gremlin Gang","floor":10,"turns":4},{"damage":25,"enemies":"Exordium Thugs","floor":11,"turns":4},{"damage":23,"enemies":"Gremlin Gang","floor":12,"turns":6},{"damage":0,"enemies":"Lots of Slimes","floor":14,"turns":1},{"damage":10,"enemies":"Exordium Thugs","floor":15,"turns":3},{"damage":32,"enemies":"SI_SHIV_ARCHETYPE","floor":16,"turns":5}],"seed_played":"-4237515663510431851","potions_obtained":[{"floor":2,"key":"bronze:BurnAndBuffPotion"},{"floor":5,"key":"Adrenaline Potion"},{"floor":8,"key":"SkillPotion"},{"floor":14,"key":"PowerPotion"},{"floor":15,"key":"Ancient Potion"}],"is_trial":false,"path_per_floor":["R","M","?","M","M","$","T","M","M","M","M","M","R","M","M","B"],"character_chosen":"THE_SNECKO","items_purchased":["sneckomod:UnknownUncommonPower","sneckomod:UnknownX"],"campfire_rested":1,"item_purchase_floors":[6,6],"current_hp_per_floor":[99,94,94,89,89,79,89,79,67,58,33,10,42,42,32,0,0,0],"gold":294,"neow_bonus":"TEN_PERCENT_HP_BONUS","is_daily":false,"chose_seed":false,"campfire_upgraded":1,"win_rate":0.0,"timestamp":1612633409,"path_taken":["R","M","?","?","M","$","T","M","M","M","?","M","R","M","M","BOSS"],"items_purchased_type":["Card","Card"],"build_version":"2020-12-22","purchased_purges":0,"victory":false,"max_hp_per_floor":[99,99,99,99,99,99,109,109,109,109,109,109,109,109,109,109,109,109],"relic_stats":{"counters":[12,46],"obtain_stats":[{"Pear":7,"Anvil of the Gods":0,"Hammer of Thor":0,"Seething Fire":0,"sneckomod:SneckoSoul":0},{"Pear":4,"Anvil of the Gods":0,"Hammer of Thor":0,"Seething Fire":0,"sneckomod:SneckoSoul":0},{"Pear":14,"Anvil of the Gods":0,"Hammer of Thor":0,"Seething Fire":0,"sneckomod:SneckoSoul":0}]},"card_choices":[{"not_picked":["sneckomod:CheapStock","sneckomod:SnekBeam"],"picked":"sneckomod:UnknownX","floor":2},{"not_picked":["sneckomod:UnknownUncommonSkill","sneckomod:Unknown2Cost"],"picked":"sneckomod:UnknownStrike","floor":4},{"not_picked":["sneckomod:SnekBeam","sneckomod:WideSting"],"picked":"sneckomod:Unknown2Cost","floor":5},{"not_picked":["sneckomod:WideSting","sneckomod:TrashToTreasure"],"picked":"sneckomod:UnknownStrike","floor":6},{"not_picked":["sneckomod:DiceCrush","sneckomod:UnknownClassPURPLE"],"picked":"sneckomod:UnknownClassDEFAULT_GRAY_COLOR","floor":8},{"not_picked":["sneckomod:DiceCrush","sneckomod:WideSting"],"picked":"sneckomod:SnekBeam","floor":9},{"not_picked":["sneckomod:ImprovisedGuard","sneckomod:Nope"],"picked":"sneckomod:UnknownX","floor":10},{"not_picked":["sneckomod:SoulRoll","sneckomod:MasterEye"],"picked":"sneckomod:UnknownRareSkill","floor":11},{"not_picked":["sneckomod:ImprovisedGuard","sneckomod:RainOfDice"],"picked":"sneckomod:UnknownCommonSkill","floor":12},{"not_picked":["sneckomod:RainOfDice","sneckomod:DiceBlock"],"picked":"sneckomod:Unknown2Cost","floor":14},{"not_picked":["sneckomod:SoulCleanse","sneckomod:QuickMove"],"picked":"sneckomod:SlitherStrike","floor":15}],"player_experience":25030,"relics_obtained":[{"floor":7,"key":"Pear"}],"event_choices":[],"is_beta":false,"boss_relics":[],"items_purged_floors":[],"is_endless":false,"potions_floor_spawned":[2,5,8,14,15],"killed_by":"SI_SHIV_ARCHETYPE","ascension_level":0}}