{"host":"f5gffvlv6a66yqkd","time":1612609997,"event":{"mods":["2.2 Compatiblity","BaseMod","Colored Map","Custom Start","DeckTracker","Keyboard Shortcuts","Minty Spire (QoL Compilation)","Permanent Neow","Quick Restart","Relic Stats","StSLib","SuperFastMode"],"gold_per_floor":[115,115,40,56,56,56,89,11,37,37,37,51,63,73,73,148,148,161,161,76,76,26,26,36,36,89,100,100,100,50,68,68,142,142,156,106,121,137,156,156,156,191,191,141,141,141,91,102,102,102,102],"floor_reached":50,"language":"KOR","playtime":964,"items_purged":["Strike_P","Strike_P","Defend_P","Defend_P","PathToVictory+1"],"score":1161,"play_id":"1211d8a2-d371-4f4c-b516-2619ece91c0e","local_time":"20210206201317","is_ascension_mode":true,"campfire_choices":[{"data":"Eruption","floor":6.0,"key":"SMITH"},{"data":"Adaptation","floor":11.0,"key":"SMITH"},{"data":"SignatureMove","floor":15.0,"key":"SMITH"},{"data":"Blasphemy","floor":23.0,"key":"SMITH"},{"data":"MentalFortress","floor":25.0,"key":"SMITH"},{"data":"EmptyBody","floor":29.0,"key":"SMITH"},{"data":"Worship","floor":32.0,"key":"SMITH"},{"floor":40.0,"key":"REST"},{"floor":45.0,"key":"REST"},{"floor":49.0,"key":"RECALL"}],"circlet_count":0,"master_deck":["AscendersBane","Defend_P+1","Eruption+1","Vigilance","Adaptation+1","Consecrate","DeusExMachina","MentalFortress+1","SignatureMove+1","Blasphemy+1","EmptyBody+1","Worship+1","Brilliance","Adaptation+1","Halt"],"relics":["PureWater","Letter Opener","Smiling Mask","Cursed Key","Meat on the Bone","Nloth\u0027s Gift","Empty Cage"],"acts_visited":["Exordium","TheCity","TheBeyond"],"potions_floor_usage":[50],"damage_taken":[{"damage":0.0,"enemies":"Small Slimes","floor":1.0,"turns":1.0},{"damage":0.0,"enemies":"Jaw Worm","floor":4.0,"turns":1.0},{"damage":0.0,"enemies":"Lagavulin","floor":7.0,"turns":3.0},{"damage":0.0,"enemies":"Cultist","floor":12.0,"turns":2.0},{"damage":2.0,"enemies":"Lots of Slimes","floor":13.0,"turns":2.0},{"damage":8.0,"enemies":"3 Louse","floor":14.0,"turns":3.0},{"damage":0.0,"enemies":"Slime Boss","floor":16.0,"turns":2.0},{"damage":17.0,"enemies":"2 Thieves","floor":18.0,"turns":3.0},{"damage":13.0,"enemies":"Shell Parasite","floor":24.0,"turns":3.0},{"damage":10.0,"enemies":"Snake Plant","floor":27.0,"turns":3.0},{"damage":0.0,"enemies":"Snecko","floor":31.0,"turns":2.0},{"damage":28.0,"enemies":"Automaton","floor":33.0,"turns":7.0},{"damage":23.0,"enemies":"3 Shapes","floor":35.0,"turns":8.0},{"damage":0.0,"enemies":"Orb Walker","floor":37.0,"turns":2.0},{"damage":6.0,"enemies":"Maw","floor":38.0,"turns":7.0},{"damage":33.0,"enemies":"Jaw Worm Horde","floor":39.0,"turns":5.0},{"damage":30.0,"enemies":"Giant Head","floor":42.0,"turns":6.0},{"damage":37.0,"enemies":"3 Darklings","floor":48.0,"turns":4.0},{"damage":16,"enemies":"Time Eater","floor":50,"turns":2}],"seed_played":"2264518379529441423","potions_obtained":[{"floor":4.0,"key":"PowerPotion"},{"floor":10.0,"key":"FearPotion"},{"floor":12.0,"key":"EntropicBrew"},{"floor":18.0,"key":"SpeedPotion"},{"floor":31.0,"key":"Ancient Potion"},{"floor":48.0,"key":"SkillPotion"}],"is_trial":false,"path_per_floor":["M","?","$","M","?","R","E","$","T","?","R","M","M","M","R","B",null,"M","?","?","?","$","R","M","R","T","M","?","R","$","M","R","B",null,"M","$","M","M","M","R","?","E","T","$","R","?","$","M","R","B"],"character_chosen":"WATCHER","items_purchased":["Adaptation","MentalFortress"],"campfire_rested":2,"item_purchase_floors":[3,8],"current_hp_per_floor":[61,41,41,41,46,46,46,46,46,46,46,46,44,36,36,36,64,47,47,47,47,47,47,39,39,39,41,41,41,41,41,41,25,59,36,36,36,42,21,42,42,24,24,24,45,45,45,20,20,4,4],"gold":102,"neow_bonus":"THREE_ENEMY_KILL","is_daily":false,"chose_seed":false,"campfire_upgraded":7,"win_rate":0.0,"timestamp":1612609997,"path_taken":["M","?","$","M","?","R","E","$","T","?","R","?","?","M","R","BOSS","M","?","?","?","$","R","M","R","T","?","?","R","$","M","R","BOSS","M","$","M","M","?","R","?","E","T","?","R","?","$","?","R","BOSS"],"items_purchased_type":["Card","Card"],"build_version":"2020-12-22","purchased_purges":5,"victory":false,"max_hp_per_floor":[68,68,68,68,73,73,73,73,73,73,73,73,73,73,73,73,73,73,73,73,73,73,73,73,73,73,73,73,73,73,73,73,73,70,70,70,70,70,70,70,70,70,70,70,70,70,70,70,70,70,70],"relic_stats":{"counters":[19,66],"Nloth\u0027s Gift":2,"Letter Opener":[143],"Smiling Mask":375,"Cursed Key":1,"obtain_stats":[{"NeowsBlessing":0,"Nloth\u0027s Gift":28,"Letter Opener":7,"PureWater":0,"Smiling Mask":9,"Cursed Key":17,"Empty Cage":34,"Meat on the Bone":20},{"NeowsBlessing":0,"Nloth\u0027s Gift":10,"Letter Opener":3,"PureWater":0,"Smiling Mask":3,"Cursed Key":7,"Empty Cage":12,"Meat on the Bone":8},{"NeowsBlessing":0,"Nloth\u0027s Gift":23,"Letter Opener":5,"PureWater":0,"Smiling Mask":5,"Cursed Key":14,"Empty Cage":32,"Meat on the Bone":17}],"Meat on the Bone":72},"card_choices":[{"not_picked":["Prostrate","Perseverance"],"picked":"PathToVictory","floor":1.0},{"not_picked":["WindmillStrike","Protect"],"picked":"Consecrate","floor":4.0},{"not_picked":["Collect","BattleHymn"],"picked":"DeusExMachina","floor":7.0},{"not_picked":["JustLucky","FlyingSleeves","Consecrate"],"picked":"SKIP","floor":12.0},{"not_picked":["Weave","ClearTheMind","ReachHeaven"],"picked":"SKIP","floor":13.0},{"not_picked":["MentalFortress","Worship"],"picked":"SignatureMove","floor":14.0},{"not_picked":["Omniscience","ConjureBlade"],"picked":"Blasphemy","floor":16.0},{"not_picked":["Evaluate","ThirdEye"],"picked":"EmptyBody","floor":18.0},{"not_picked":["Consecrate","FollowUp","EmptyFist"],"picked":"SKIP","floor":24.0},{"not_picked":["Conclude","Prostrate","Tantrum"],"picked":"SKIP","floor":27.0},{"not_picked":["JustLucky","Protect"],"picked":"Worship","floor":31.0},{"not_picked":["Ragnarok","Omniscience"],"picked":"Brilliance","floor":33.0},{"not_picked":["Nirvana","ClearTheMind","FollowUp"],"picked":"SKIP","floor":35.0},{"not_picked":["SandsOfTime","Swivel"],"picked":"Adaptation","floor":37.0},{"not_picked":["SashWhip","PathToVictory","FollowUp"],"picked":"SKIP","floor":38.0},{"not_picked":["ThirdEye","Evaluate","SashWhip"],"picked":"SKIP","floor":39.0},{"not_picked":["EmptyBody+1","CrushJoints+1"],"picked":"Halt","floor":42.0},{"not_picked":["Halt","Devotion","DevaForm"],"picked":"SKIP","floor":48.0}],"player_experience":1673126,"relics_obtained":[{"floor":7.0,"key":"Letter Opener"},{"floor":9.0,"key":"Smiling Mask"}],"event_choices":[{"damage_healed":0.0,"max_hp_gain":0.0,"max_hp_loss":0.0,"gold_gain":0.0,"event_name":"Shining Light","player_choice":"Entered Light","floor":2.0,"gold_loss":0.0,"damage_taken":20.0,"cards_upgraded":["PathToVictory","Defend_P"]},{"damage_healed":0.0,"max_hp_gain":5.0,"max_hp_loss":0.0,"gold_gain":0.0,"event_name":"Big Fish","player_choice":"Donut","floor":5.0,"gold_loss":0.0,"damage_taken":0.0},{"damage_healed":0.0,"max_hp_gain":0.0,"max_hp_loss":0.0,"gold_gain":0.0,"event_name":"Lab","player_choice":"Got Potions","floor":10.0,"gold_loss":0.0,"damage_taken":0.0},{"cards_removed":["Strike_P"],"damage_healed":0.0,"max_hp_gain":0.0,"max_hp_loss":0.0,"gold_gain":0.0,"event_name":"Back to Basics","player_choice":"Elegance","floor":19.0,"gold_loss":0.0,"damage_taken":0.0},{"damage_healed":0.0,"max_hp_gain":0.0,"max_hp_loss":0.0,"gold_gain":0.0,"event_name":"Addict","player_choice":"Obtained Relic","floor":20.0,"gold_loss":85.0,"damage_taken":0.0,"relics_obtained":["Meat on the Bone"]},{"cards_removed":["Strike_P"],"damage_healed":0.0,"max_hp_gain":0.0,"max_hp_loss":0.0,"gold_gain":0.0,"event_name":"Bonfire Elementals","player_choice":"Offered Basic","floor":21.0,"gold_loss":0.0,"damage_taken":0.0},{"damage_healed":0.0,"max_hp_gain":0.0,"max_hp_loss":0.0,"gold_gain":0.0,"event_name":"N\u0027loth","player_choice":"Traded Relic","floor":28.0,"relics_lost":["NeowsBlessing"],"gold_loss":0.0,"damage_taken":0.0,"relics_obtained":["Nloth\u0027s Gift"]},{"damage_healed":0.0,"max_hp_gain":0.0,"max_hp_loss":0.0,"gold_gain":0.0,"event_name":"Tomb of Lord Red Mask","player_choice":"Ignored","floor":41.0,"gold_loss":0.0,"damage_taken":0.0},{"damage_healed":0.0,"max_hp_gain":0.0,"max_hp_loss":0.0,"gold_gain":0.0,"event_name":"Upgrade Shrine","player_choice":"Upgraded","floor":46.0,"gold_loss":0.0,"damage_taken":0.0,"cards_upgraded":["Adaptation"]}],"is_beta":false,"boss_relics":[{"not_picked":["Velvet Choker","Fusion Hammer"],"picked":"Cursed Key"},{"not_picked":["Tiny House","Coffee Dripper"],"picked":"Empty Cage"}],"items_purged_floors":[22,30,36,44,47],"is_endless":false,"potions_floor_spawned":[4,12,18,31,33,35,37,48],"killed_by":"Time Eater","ascension_level":20}}