{"host":"9slw7l0ws16384qq","time":1612626556,"event":{"mods":["A Penny For Your Troubles","BaseMod","Colored Map","Downfall","Evolution","Hubris","Minty Spire (QoL Compilation)","Replay The Spire","StS++","StSLib"],"gold_per_floor":[99,99,99,99,99,99,99,99],"floor_reached":6,"language":"FRA","playtime":84,"items_purged":[],"score":73,"play_id":"f820c678-8cb3-410e-a8b8-3d8e97c3a05a","local_time":"20210206164916","is_ascension_mode":true,"campfire_choices":[{"data":"Guardian:PrimingBeam","floor":1,"key":"SMITH"}],"circlet_count":0,"master_deck":["AscendersBane","Guardian:PrimingBeam+1","Guardian:PrimingBeam","Guardian:PrimingBeam","Guardian:PrimingBeam","Guardian:TemporalShield","Guardian:TemporalShield","Guardian:TemporalShield","Guardian:Defend_Guardian","Guardian:CurlUp","Guardian:TwinSlam","Guardian:Gem_Cyan"],"relics":["Guardian:ModeShifter","EVO:Axolotl","downfall:HeartsMalice","hubris:OldNail"],"acts_visited":["Exordium"],"potions_floor_usage":[],"damage_taken":[{"damage":0,"enemies":"Jaw Worm","floor":2,"turns":1},{"damage":0,"enemies":"2 Louse","floor":3,"turns":1},{"damage":0,"enemies":"Small Slimes","floor":5,"turns":1},{"damage":2,"enemies":"3 Sentries","floor":6,"turns":2}],"seed_played":"-6778152071249328494","potions_obtained":[],"is_trial":false,"path_per_floor":["R","M","M","?","M","E"],"character_chosen":"GUARDIAN","items_purchased":[],"campfire_rested":0,"item_purchase_floors":[],"current_hp_per_floor":[72,72,72,60,60,58,58,58],"gold":99,"neow_bonus":"THREE_ENEMY_KILL","is_daily":false,"chose_seed":false,"campfire_upgraded":1,"win_rate":0.0,"timestamp":1612626556,"path_taken":["R","M","M","?","M","E"],"items_purchased_type":[],"build_version":"2020-12-22","purchased_purges":0,"victory":false,"max_hp_per_floor":[80,80,80,80,80,80,80,80],"card_choices":[{"not_picked":["Guardian:ChargeUp","Guardian:ChargeCore","Guardian:DecasProtection"],"picked":"SKIP","floor":2},{"not_picked":["Guardian:RollAttack","Guardian:Incinerate"],"picked":"Guardian:Gem_Cyan","floor":3},{"not_picked":["Guardian:PrimingBeam","Guardian:Recover","Guardian:RollAttack"],"picked":"SKIP","floor":5}],"player_experience":1633022,"relics_obtained":[],"event_choices":[{"damage_healed":0,"gold_gain":0,"player_choice":"Success","damage_taken":12,"relics_obtained":["hubris:OldNail"],"max_hp_gain":0,"max_hp_loss":0,"event_name":"Scrap Ooze","floor":4,"gold_loss":0}],"is_beta":false,"boss_relics":[],"items_purged_floors":[],"is_endless":false,"potions_floor_spawned":[],"killed_by":"3 Sentries","ascension_level":12}}