{"host":"7wagoesq7cf4lu47","time":1612595747,"event":{"mods":["Act Like it!","BaseMod","KinomotoSakuraMod(Ä¾Ö®±¾Ó£)","Minty Spire (QoL Compilation)","StSLib"],"gold_per_floor":[110,122,122,135,150,178,178,206,232,232,247,261,273,348,348,450,450,460,460,477,492,266,266,278,133,158,158,193,193,245,245,245,245,245],"floor_reached":33,"language":"ZHS","playtime":2115,"items_purged":["ClowCardTheWatery+1"],"score":277,"play_id":"e0dcda18-3314-44a2-832f-bece01be3173","local_time":"20210206151547","is_ascension_mode":false,"campfire_choices":[{"floor":7.0,"key":"REST"},{"floor":10.0,"key":"REST"},{"floor":15.0,"key":"REST"},{"floor":23.0,"key":"REST"},{"floor":27.0,"key":"REST"},{"data":"ClowCardTheGlow","floor":29.0,"key":"SMITH"},{"data":"ClowCardTheShot","floor":32,"key":"SMITH"}],"circlet_count":0,"master_deck":["SakuraCardTheBig+","SakuraCardThePower+","ClowCardTheSword","ClowCardTheShield","ClowCardTheShield","ClowCardTheShield","SpellCardSeal","SpellCardRelease","ClowCardTheMaze","ClowCardTheGlow+1","ClowCardTheShot+1","ClowCardTheFirey+1","ClowCardTheSleep+1"],"relics":["KSMOD_SealedBook","KSMOD_SealedWand","KSMOD_TeddyBear","Ancient Tea Set","Tiny Chest","Astrolabe","Sling","KSMOD_RollerSkates","KSMOD_TouyasBicycle","Bronze Scales","Strawberry"],"acts_visited":["Exordium","TheCity"],"potions_floor_usage":[33],"damage_taken":[{"damage":3.0,"enemies":"Small Slimes","floor":1.0,"turns":4.0},{"damage":2.0,"enemies":"2 Louse","floor":2.0,"turns":4.0},{"damage":1.0,"enemies":"Cultist","floor":4.0,"turns":4.0},{"damage":3.0,"enemies":"Exordium Wildlife","floor":5.0,"turns":6.0},{"damage":53.0,"enemies":"3 Sentries","floor":6.0,"turns":11.0},{"damage":10.0,"enemies":"Lagavulin","floor":8.0,"turns":6.0},{"damage":6.0,"enemies":"Blue Slaver","floor":11.0,"turns":5.0},{"damage":5.0,"enemies":"3 Louse","floor":12.0,"turns":8.0},{"damage":10.0,"enemies":"Looter","floor":13.0,"turns":3.0},{"damage":5.0,"enemies":"Slime Boss","floor":16.0,"turns":14.0},{"damage":12.0,"enemies":"Shell Parasite","floor":18.0,"turns":5.0},{"damage":13.0,"enemies":"Chosen","floor":20.0,"turns":5.0},{"damage":19.0,"enemies":"Shelled Parasite and Fungi","floor":21.0,"turns":5.0},{"damage":11.0,"enemies":"Snecko","floor":24.0,"turns":4.0},{"damage":13.0,"enemies":"Book of Stabbing","floor":28.0,"turns":7.0},{"damage":52,"enemies":"Collector","floor":33,"turns":7}],"seed_played":"7827203806365457892","potions_obtained":[{"floor":1.0,"key":"SpeedPotion"},{"floor":5.0,"key":"Dexterity Potion"},{"floor":6.0,"key":"BlessingOfTheForge"},{"floor":18.0,"key":"SteroidPotion"},{"floor":19.0,"key":"Energy Potion"},{"floor":19.0,"key":"ColorlessPotion"},{"floor":19.0,"key":"Energy Potion"},{"floor":21.0,"key":"SmokeBomb"}],"is_trial":false,"path_per_floor":["M","M","?","M","M","E","R","E","T","R","M","M","M","?","R","B",null,"M","?","M","M","$","R","M","$","T","R","E","R","T","?","R","B"],"character_chosen":"KINOMOTOSAKURA","items_purchased":["Sling","KSMOD_RollerSkates"],"campfire_rested":5,"item_purchase_floors":[22,25],"current_hp_per_floor":[67,65,65,64,61,8,29,19,19,40,34,29,19,8,29,24,70,58,58,45,26,26,47,36,36,36,57,44,44,51,51,51,0,0],"gold":245,"neow_bonus":"TRANSFORM_CARD","is_daily":false,"chose_seed":false,"campfire_upgraded":2,"win_rate":0.0,"timestamp":1612595747,"path_taken":["M","M","?","M","M","E","R","E","T","R","M","M","M","?","R","BOSS","M","?","?","M","$","R","M","$","T","R","E","R","?","?","R","BOSS"],"items_purchased_type":["Relic","Relic"],"build_version":"2020-12-22","purchased_purges":1,"victory":false,"max_hp_per_floor":[70,70,70,70,70,70,70,70,70,70,70,70,70,70,70,70,70,70,70,70,70,70,70,70,70,70,70,70,70,77,77,77,77,77],"card_choices":[{"not_picked":["ClowCardTheLittle","ClowCardTheMirror","ClowCardTheMaze"],"picked":"SKIP","floor":1.0},{"not_picked":["ClowCardTheJump","ClowCardTheSong","ClowCardTheMirror"],"picked":"SKIP","floor":2.0},{"not_picked":["ClowCardTheLibra","ClowCardTheLock","ClowCardTheWindy"],"picked":"SKIP","floor":4.0},{"not_picked":["ClowCardTheLoop","ClowCardTheErase"],"picked":"ClowCardThePower","floor":5.0},{"not_picked":["ClowCardTheVoice","ClowCardTheSleep"],"picked":"ClowCardTheBig","floor":6.0},{"not_picked":["ClowCardTheChange","ClowCardTheSilent"],"picked":"ClowCardTheGlow","floor":8.0},{"not_picked":["ClowCardTheLittle","ClowCardTheArrow","ClowCardTheRain"],"picked":"SKIP","floor":11.0},{"not_picked":["ClowCardTheMirror","ClowCardTheCloud"],"picked":"ClowCardTheShot","floor":12.0},{"not_picked":["ClowCardTheShot","ClowCardTheSilent","ClowCardTheTwin"],"picked":"SKIP","floor":13.0},{"not_picked":["ClowCardTheSand","ClowCardTheRain+1","ClowCardTheLock"],"picked":"SKIP","floor":18.0},{"not_picked":["ClowCardTheGlow+1","ClowCardTheWatery","ClowCardTheShadow"],"picked":"SKIP","floor":20.0},{"not_picked":["ClowCardTheChange","ClowCardTheMaze+1","ClowCardTheCloud"],"picked":"SKIP","floor":21.0},{"not_picked":["ClowCardTheWatery","ClowCardTheEarthy","ClowCardTheLibra"],"picked":"SKIP","floor":24.0},{"not_picked":["ClowCardTheIllusion+1","ClowCardTheBig","ClowCardTheEarthy"],"picked":"SKIP","floor":28.0}],"player_experience":170874,"relics_obtained":[{"floor":6.0,"key":"KSMOD_TeddyBear"},{"floor":8.0,"key":"Ancient Tea Set"},{"floor":9.0,"key":"Tiny Chest"},{"floor":26.0,"key":"KSMOD_TouyasBicycle"},{"floor":28.0,"key":"Bronze Scales"},{"floor":30.0,"key":"Strawberry"}],"event_choices":[{"damage_healed":0.0,"max_hp_gain":0.0,"max_hp_loss":0.0,"gold_gain":0.0,"event_name":"Shining Light","player_choice":"Ignored","floor":3.0,"gold_loss":0.0,"damage_taken":0.0},{"damage_healed":0.0,"max_hp_gain":0.0,"max_hp_loss":0.0,"gold_gain":75.0,"event_name":"World of Goop","player_choice":"Gather Gold","floor":14.0,"gold_loss":0.0,"damage_taken":11.0},{"damage_healed":0.0,"max_hp_gain":0.0,"max_hp_loss":0.0,"gold_gain":0.0,"event_name":"Lab","player_choice":"Got Potions","floor":19.0,"gold_loss":0.0,"damage_taken":0.0},{"damage_healed":0,"gold_gain":0,"player_choice":"Ignored","damage_taken":0,"max_hp_gain":0,"max_hp_loss":0,"event_name":"The Mausoleum","floor":31,"gold_loss":0}],"is_beta":false,"boss_relics":[{"not_picked":["Snecko Eye","Philosopher\u0027s Stone"],"picked":"Astrolabe"}],"items_purged_floors":[22],"is_endless":false,"potions_floor_spawned":[1,5,6,13,18,21],"killed_by":"Collector","ascension_level":0}}