{"host":"j4nfyhit1dl35m08","time":1612573441,"event":{"mods":["BaseMod","Downfall","Highlight Path","Minty Spire (QoL Compilation)","StSLib"],"gold_per_floor":[99,118,134,134,134,134,187,199,219,235,39,39,70,97,132,237,237,237,255,268,268,284,284,308,324,337,364,39,39,51,63,73,173,173,173,183,201,218,234,234,234,234,250,277,277,277,277],"floor_reached":45,"language":"ENG","playtime":5884,"items_purged":["bronze:DigitalCarnage+1","bronze:Fortify+1","downfall:Malfunctioning"],"score":656,"play_id":"02f61adb-7394-4cc4-8621-8cb01f737572","local_time":"20210205190401","is_ascension_mode":true,"campfire_choices":[{"data":"bronze:Goto","floor":1.0,"key":"SMITH"},{"data":"bronze:Boost","floor":6.0,"key":"SMITH"},{"floor":12.0,"key":"REST"},{"data":"bronze:Assembly","floor":18.0,"key":"SMITH"},{"floor":29.0,"key":"REST"},{"data":"bronze:CloningBeam","floor":35.0,"key":"SMITH"},{"data":"bronze:Verify","floor":40,"key":"SMITH"}],"circlet_count":0,"master_deck":["bronze:Replicate","bronze:Goto+1","bronze:Boost+1","bronze:DelayedGuard","bronze:Boost+1","bronze:Goto+1","bronze:OilSpill","bronze:WhirlingStrike","bronze:Assembly+1","bronze:Iterate","bronze:Fortify+1","bronze:Iterate","bronze:BuggyMess","bronze:FindAndReplace","bronze:Branch","bronze:Overload","bronze:Separator","bronze:ChildClass","bronze:ThunderWave","bronze:GetLatest","bronze:Separator","bronze:Constructor","bronze:DelayedGuard","bronze:ChosenStrike+1","bronze:Iterate+1","bronze:DigitalCarnage+1","bronze:Verify+1","bronze:Frontload","bronze:ClassDefault","bronze:FineTuning","bronze:DelayedGuard","bronze:ChildClass","bronze:Turbo","bronze:CloningBeam+1","bronze:FindAndReplace","bronze:Fortify+1","bronze:BronzeArmor+1","bronze:Repulsor+1","expansioncontent:YouAreMine","expansioncontent:InvincibleStrength"],"relics":["bronze:ElectromagneticCoil","bronze:ProtectiveGoggles","Toolbox","Odd Mushroom","Pandora\u0027s Box","Regal Pillow","bronze:DecasWashers","Busted Crown","Shuriken","Orichalcum"],"acts_visited":["Exordium","TheCity","TheBeyond"],"potions_floor_usage":[45],"damage_taken":[{"damage":1.0,"enemies":"2 Louse","floor":2.0,"turns":4.0},{"damage":3.0,"enemies":"Jaw Worm","floor":3.0,"turns":4.0},{"damage":0.0,"enemies":"Cultist","floor":8.0,"turns":4.0},{"damage":7.0,"enemies":"3 Louse","floor":9.0,"turns":4.0},{"damage":34.0,"enemies":"Gremlin Gang","floor":10.0,"turns":7.0},{"damage":0.0,"enemies":"downfall:FleeingMerchant","floor":11.0,"turns":4.0},{"damage":17.0,"enemies":"Exordium Thugs","floor":13.0,"turns":3.0},{"damage":14.0,"enemies":"The Mushroom Lair","floor":14.0,"turns":4.0},{"damage":4.0,"enemies":"3 Louse","floor":15.0,"turns":3.0},{"damage":2.0,"enemies":"WA_ARCHETYPE_RETAIN","floor":16.0,"turns":4.0},{"damage":7.0,"enemies":"Shell Parasite","floor":19.0,"turns":5.0},{"damage":0.0,"enemies":"3 Cultists","floor":20.0,"turns":2.0},{"damage":0.0,"enemies":"Centurion and Healer","floor":22.0,"turns":8.0},{"damage":0.0,"enemies":"Snecko","floor":25.0,"turns":5.0},{"damage":6.0,"enemies":"Snake Plant","floor":26.0,"turns":6.0},{"damage":10.0,"enemies":"Book of Stabbing","floor":27.0,"turns":4.0},{"damage":2.0,"enemies":"downfall:FleeingMerchant","floor":28.0,"turns":4.0},{"damage":12.0,"enemies":"Cultist and Chosen","floor":30.0,"turns":5.0},{"damage":8.0,"enemies":"Centurion and Healer","floor":31.0,"turns":7.0},{"damage":0.0,"enemies":"Chosen and Byrds","floor":32.0,"turns":4.0},{"damage":16.0,"enemies":"SI_MIRROR_ARCHETYPE","floor":33.0,"turns":7.0},{"damage":0,"enemies":"3 Darklings","floor":36,"turns":3},{"damage":0,"enemies":"3 Shapes","floor":37,"turns":1},{"damage":0,"enemies":"Transient","floor":38,"turns":5},{"damage":0,"enemies":"Sphere and 2 Shapes","floor":39,"turns":1},{"damage":42,"enemies":"Writhing Mass","floor":43,"turns":5},{"damage":16,"enemies":"Reptomancer","floor":45,"turns":5}],"seed_played":"-9197864388693383035","potions_obtained":[{"floor":2.0,"key":"SpeedPotion"},{"floor":9.0,"key":"bronze:CleanCodePotion"},{"floor":10.0,"key":"Energy Potion"},{"floor":13.0,"key":"EntropicBrew"},{"floor":14.0,"key":"hexamod:SoulburnPotion"},{"floor":16.0,"key":"FearPotion"},{"floor":20.0,"key":"Weak Potion"},{"floor":30.0,"key":"Dexterity Potion"},{"floor":33.0,"key":"Dexterity Potion"},{"floor":36,"key":"champ:CounterPotion"},{"floor":37,"key":"Weak Potion"}],"is_trial":false,"path_per_floor":["R","M","M","?","?","R","T","M","M","M","$","R","M","?","M","B",null,"R","M","M","?","M","?","T","M","M","E","$","R","M","M","M","B",null,"R","M","M","M","M","R","T","?","M","?","E"],"character_chosen":"THE_AUTOMATON","items_purchased":["Toolbox","bronze:Iterate","bronze:ClassDefault","bronze:FineTuning","bronze:DelayedGuard"],"campfire_rested":2,"item_purchase_floors":[11,11,28,28,28],"current_hp_per_floor":[63,62,59,59,59,59,59,59,52,18,18,39,22,8,4,2,53,53,46,46,46,46,46,46,46,40,30,28,64,52,44,44,28,60,60,60,60,60,60,60,60,55,13,13,0,0,0],"gold":277,"neow_bonus":"BOSS_RELIC","is_daily":false,"chose_seed":false,"campfire_upgraded":5,"win_rate":0.0,"timestamp":1612573441,"path_taken":["R","M","M","?","?","R","T","M","M","M","$","R","?","?","M","BOSS","R","M","M","?","?","?","T","M","M","E","?","R","M","M","M","BOSS","R","M","M","M","M","R","T","?","M","?","E"],"items_purchased_type":["Relic","Card","Card","Card","Card"],"build_version":"2020-12-22","purchased_purges":3,"victory":false,"max_hp_per_floor":[70,70,70,70,70,70,70,70,70,70,70,70,70,70,70,70,70,70,70,70,70,70,70,70,70,70,70,70,70,70,70,70,70,70,70,70,70,70,70,70,70,70,70,70,70,70,70],"card_choices":[{"not_picked":["bronze:OilSpill","bronze:DelayedSlice"],"picked":"bronze:Boost","floor":2.0},{"not_picked":["bronze:Turbo","bronze:BronzeArmor"],"picked":"bronze:DelayedGuard","floor":3.0},{"not_picked":["bronze:Safeguard","bronze:ForLoop","bronze:ShipIt"],"picked":"SKIP","floor":8.0},{"not_picked":["bronze:Boost","bronze:WildBeam"],"picked":"bronze:OilSpill","floor":9.0},{"not_picked":["bronze:DigitalCarnage","bronze:Deprecate"],"picked":"bronze:WhirlingStrike","floor":10.0},{"not_picked":["bronze:NullPointer","bronze:Turbo"],"picked":"bronze:Assembly","floor":11.0},{"not_picked":["bronze:OilSpill","bronze:BugBarrage"],"picked":"bronze:Fortify","floor":13.0},{"not_picked":["bronze:Allocate","bronze:Frontload"],"picked":"bronze:Iterate","floor":14.0},{"not_picked":["bronze:Separator","bronze:DelayedSlice"],"picked":"bronze:BuggyMess","floor":15.0},{"not_picked":["bronze:BurnOut","bronze:Virus"],"picked":"bronze:FindAndReplace","floor":16.0},{"not_picked":["bronze:CutThrough","bronze:WildBeam"],"picked":"bronze:Constructor","floor":19.0},{"not_picked":["bronze:CutThrough","bronze:BugBarrage"],"picked":"bronze:DelayedGuard","floor":20.0},{"not_picked":["bronze:DelayedGuard","bronze:Safeguard+1"],"picked":"bronze:ChosenStrike+1","floor":22.0},{"not_picked":["bronze:DelayedGuard","bronze:OilSpill"],"picked":"bronze:Iterate+1","floor":25.0},{"not_picked":["bronze:Iterate","bronze:ChosenStrike"],"picked":"bronze:DigitalCarnage+1","floor":26.0},{"not_picked":["bronze:Turbo","bronze:ClassDefault"],"picked":"bronze:Verify","floor":27.0},{"not_picked":["bronze:BugBarrage+1","bronze:DelayedSlice"],"picked":"bronze:Frontload","floor":28.0},{"not_picked":["bronze:Frontload","bronze:Separator"],"picked":"bronze:ChildClass","floor":30.0},{"not_picked":["bronze:BronzeArmor","bronze:Deprecate"],"picked":"bronze:Turbo","floor":31.0},{"not_picked":["bronze:FollowUp","bronze:Frontload"],"picked":"bronze:CloningBeam","floor":32.0},{"not_picked":["bronze:AlphaBuild","bronze:InfiniteLoop"],"picked":"bronze:FindAndReplace","floor":33.0},{"not_picked":[],"picked":"bronze:Fortify+1","floor":36},{"not_picked":["bronze:Boost"],"picked":"SKIP","floor":37},{"not_picked":["bronze:Boost"],"picked":"SKIP","floor":37},{"not_picked":[],"picked":"bronze:BronzeArmor+1","floor":38},{"not_picked":[],"picked":"bronze:Repulsor+1","floor":39},{"not_picked":["expansioncontent:Hexaburn","expansioncontent:GuardianWhirl"],"picked":"expansioncontent:YouAreMine","floor":42},{"not_picked":["expansioncontent:LastStand","expansioncontent:Chronoboost"],"picked":"expansioncontent:InvincibleStrength","floor":42},{"not_picked":["bronze:Iterate+1"],"picked":"SKIP","floor":43}],"player_experience":439618,"relics_obtained":[{"floor":7.0,"key":"bronze:ProtectiveGoggles"},{"floor":14.0,"key":"Odd Mushroom"},{"floor":24.0,"key":"Regal Pillow"},{"floor":27.0,"key":"bronze:DecasWashers"},{"floor":41,"key":"Shuriken"},{"floor":44,"key":"Orichalcum"}],"event_choices":[{"damage_healed":0.0,"max_hp_gain":0.0,"max_hp_loss":0.0,"gold_gain":0.0,"event_name":"Mushrooms","player_choice":"Fought Mushrooms","floor":14.0,"gold_loss":0.0,"damage_taken":0.0}],"is_beta":false,"boss_relics":[{"not_picked":["Coffee Dripper","SacredBark"],"picked":"Pandora\u0027s Box"},{"not_picked":["Runic Pyramid","Snecko Eye"],"picked":"Busted Crown"}],"items_purged_floors":[28,28,28],"is_endless":false,"potions_floor_spawned":[2,9,10,13,14,16,20,25,30,33,36,37,43],"killed_by":"Reptomancer","ascension_level":9}}