{"host":"c2vrdknshfutmcsq","time":1612619318,"event":{"mods":["BaseMod","Minty Spire (QoL Compilation)"],"gold_per_floor":[10,10,20,20,31,31,51,81,81,95,95,108,141,66,66,141,141,161,161,161,161,179,207,222,222,222,257,273,273,288,288,288,360,360,378,391,391,409,148,148,179,206,218,244,156,189,189,204,204,204,204],"floor_reached":50,"language":"ENG","playtime":3453,"items_purged":["Strike_B","Strike_B"],"score":1183,"play_id":"bc0e6033-2c75-4aed-a974-3c4f38925c23","local_time":"20210206144837","is_ascension_mode":true,"campfire_choices":[{"data":"Zap","floor":6.0,"key":"SMITH"},{"data":"Beam Cell","floor":11.0,"key":"SMITH"},{"floor":15.0,"key":"REST"},{"floor":25.0,"key":"REST"},{"floor":29.0,"key":"REST"},{"floor":32.0,"key":"REST"},{"floor":40.0,"key":"REST"},{"floor":49,"key":"REST"}],"circlet_count":0,"master_deck":["AscendersBane","Defend_B","Defend_B","Defend_B","Zap+1","Dualcast+1","Beam Cell+1","Rebound","Lockon","Melter","Leap","Stack","Glacier","Beam Cell+1","Sunder+1","Rainbow","Barrage+1","Sunder+1","Go for the Eyes+1","Streamline+1","Beam Cell+1","Hologram+1","Leap","Cold Snap+1","Conserve Battery","Buffer+1","Core Surge+1","Ball Lightning+1","Undo+1","Conserve Battery","Doom and Gloom+1","Rebound+1","Fission","Sunder+1","Capacitor+1","Redo","Reinforced Body"],"relics":["Cracked Core","Toy Ornithopter","Peace Pipe","Molten Egg 2","PreservedInsect","Black Star","MutagenicStrength","Akabeko","Boot","Mummified Hand","Prayer Wheel","Gremlin Horn","SlaversCollar","Turnip","Bronze Scales","MawBank","Symbiotic Virus","Frozen Egg 2","Dream Catcher","FossilizedHelix"],"acts_visited":["Exordium","TheCity","TheBeyond"],"potions_floor_usage":[46,50,50],"damage_taken":[{"damage":0.0,"enemies":"Small Slimes","floor":1.0,"turns":2.0},{"damage":12.0,"enemies":"Jaw Worm","floor":3.0,"turns":2.0},{"damage":0.0,"enemies":"Cultist","floor":5.0,"turns":2.0},{"damage":0.0,"enemies":"Blue Slaver","floor":7.0,"turns":1.0},{"damage":22.0,"enemies":"Lagavulin","floor":8.0,"turns":6.0},{"damage":7.0,"enemies":"3 Louse","floor":10.0,"turns":3.0},{"damage":0.0,"enemies":"Large Slime","floor":12.0,"turns":4.0},{"damage":17.0,"enemies":"Gremlin Nob","floor":13.0,"turns":4.0},{"damage":12.0,"enemies":"Slime Boss","floor":16.0,"turns":8.0},{"damage":0.0,"enemies":"Spheric Guardian","floor":18.0,"turns":2.0},{"damage":15.0,"enemies":"2 Thieves","floor":22.0,"turns":3.0},{"damage":41.0,"enemies":"Book of Stabbing","floor":23.0,"turns":5.0},{"damage":0.0,"enemies":"Snecko","floor":24.0,"turns":2.0},{"damage":20.0,"enemies":"Slavers","floor":27.0,"turns":3.0},{"damage":15.0,"enemies":"Centurion and Healer","floor":28.0,"turns":4.0},{"damage":13.0,"enemies":"Chosen and Byrds","floor":30.0,"turns":5.0},{"damage":42.0,"enemies":"Collector","floor":33.0,"turns":13.0},{"damage":5.0,"enemies":"Orb Walker","floor":35.0,"turns":3.0},{"damage":4.0,"enemies":"3 Shapes","floor":36.0,"turns":5.0},{"damage":8.0,"enemies":"Spire Growth","floor":38.0,"turns":3.0},{"damage":0.0,"enemies":"Reptomancer","floor":41.0,"turns":4.0},{"damage":22,"enemies":"Jaw Worm Horde","floor":42,"turns":4},{"damage":0,"enemies":"Maw","floor":44,"turns":6},{"damage":9,"enemies":"Nemesis","floor":46,"turns":5},{"damage":0,"enemies":"Transient","floor":48,"turns":6},{"damage":64,"enemies":"Donu and Deca","floor":50,"turns":6}],"seed_played":"-4367561956131304367","potions_obtained":[{"floor":3.0,"key":"Weak Potion"},{"floor":7.0,"key":"Regen Potion"},{"floor":12.0,"key":"EssenceOfSteel"},{"floor":13.0,"key":"Regen Potion"},{"floor":23.0,"key":"FocusPotion"},{"floor":27.0,"key":"ColorlessPotion"},{"floor":28.0,"key":"FearPotion"},{"floor":33.0,"key":"PowerPotion"},{"floor":35.0,"key":"GamblersBrew"},{"floor":48,"key":"PowerPotion"}],"is_trial":false,"path_per_floor":["M","?","M","?","M","R","M","E","T","M","R","M","E","?","R","B",null,"M","?","?","?","M","E","M","R","T","E","M","R","M","?","R","B",null,"M","M","T","M","$","R","E","M","T","M","$","E","?","M","R","B"],"character_chosen":"DEFECT","items_purchased":["Bronze Scales","Rebound+1"],"campfire_rested":6,"item_purchase_floors":[39,39],"current_hp_per_floor":[64,64,52,52,52,52,52,30,30,23,23,23,23,23,44,32,61,61,61,61,61,46,24,24,45,45,30,20,41,28,28,49,17,58,53,49,49,41,41,62,62,40,40,40,40,36,36,36,57,3,3],"gold":204,"neow_bonus":"TRANSFORM_TWO_CARDS","is_daily":false,"chose_seed":false,"campfire_upgraded":2,"win_rate":0.0,"timestamp":1612619317,"path_taken":["M","?","M","?","M","R","?","E","T","M","R","M","E","?","R","BOSS","M","?","?","?","M","E","M","R","T","E","M","R","M","?","R","BOSS","M","?","?","M","$","R","E","M","T","M","$","E","?","M","R","BOSS"],"items_purchased_type":["Relic","Card"],"build_version":"2020-12-22","purchased_purges":2,"victory":false,"max_hp_per_floor":[71,71,71,71,71,71,71,71,71,71,71,71,71,71,71,71,71,71,71,71,71,71,71,71,71,71,71,71,71,71,71,71,71,71,71,71,71,71,71,71,71,71,71,71,71,71,71,71,71,71,71],"card_choices":[{"not_picked":["Cold Snap","Barrage"],"picked":"Lockon","floor":1.0},{"not_picked":["Stack","Streamline"],"picked":"Melter","floor":3.0},{"not_picked":["Cold Snap","Redo"],"picked":"Leap","floor":5.0},{"not_picked":["Beam Cell","Compile Driver"],"picked":"Stack","floor":7.0},{"not_picked":["Cold Snap","Meteor Strike"],"picked":"Glacier","floor":8.0},{"not_picked":["Turbo","Scrape+1"],"picked":"Beam Cell+1","floor":10.0},{"not_picked":["Doom and Gloom+1","Double Energy"],"picked":"FTL+1","floor":12.0},{"not_picked":["Gash+1","Static Discharge"],"picked":"Sunder+1","floor":13.0},{"not_picked":["Amplify","Biased Cognition"],"picked":"Rainbow","floor":16.0},{"not_picked":["Stack","Sweeping Beam+1"],"picked":"Barrage+1","floor":18.0},{"not_picked":["Hologram","Coolheaded"],"picked":"Go for the Eyes+1","floor":22.0},{"not_picked":["Skim","Double Energy"],"picked":"Streamline+1","floor":23.0},{"not_picked":["Skim","White Noise"],"picked":"Beam Cell+1","floor":24.0},{"not_picked":["Steam","Reboot"],"picked":"Hologram+1","floor":27.0},{"not_picked":["Sweeping Beam+1","Rebound+1"],"picked":"Leap","floor":28.0},{"not_picked":["Sweeping Beam+1","Gash+1"],"picked":"Cold Snap+1","floor":28.0},{"not_picked":["Streamline+1","Capacitor"],"picked":"Conserve Battery","floor":30.0},{"not_picked":["Scrape+1","Barrage+1"],"picked":"Buffer","floor":30.0},{"not_picked":["Machine Learning","Echo Form"],"picked":"Core Surge+1","floor":33.0},{"not_picked":["Cold Snap+1","Streamline+1"],"picked":"Ball Lightning+1","floor":35.0},{"not_picked":["Lockon+1","Beam Cell+1"],"picked":"Undo+1","floor":35.0},{"not_picked":["Turbo","Cold Snap+1"],"picked":"Conserve Battery","floor":36.0},{"not_picked":["Hologram+1","Rebound+1","Chaos"],"picked":"SKIP","floor":36.0},{"not_picked":["Rebound+1","Steam Power"],"picked":"Doom and Gloom+1","floor":38.0},{"not_picked":["Hello World","Streamline+1","Glacier"],"picked":"SKIP","floor":38.0},{"not_picked":["Steam Power","Skim+1","Go for the Eyes+1"],"picked":"SKIP","floor":41.0},{"not_picked":["Turbo","Tempest","Leap"],"picked":"SKIP","floor":42},{"not_picked":["Doom and Gloom+1","Ball Lightning+1","Redo"],"picked":"SKIP","floor":42},{"not_picked":["Turbo","Barrage+1"],"picked":"Fission","floor":44},{"not_picked":["Barrage+1","Rebound+1"],"picked":"Sunder+1","floor":44},{"not_picked":["Compile Driver+1","Genetic Algorithm","Ball Lightning+1"],"picked":"SKIP","floor":46},{"not_picked":["Storm+1","Sweeping Beam+1"],"picked":"Capacitor+1","floor":48},{"not_picked":["Stack","Go for the Eyes+1"],"picked":"Redo","floor":48},{"not_picked":["Hologram","Glacier+1"],"picked":"Reinforced Body","floor":49}],"player_experience":1355400,"relics_obtained":[{"floor":8.0,"key":"Peace Pipe"},{"floor":9.0,"key":"Molten Egg 2"},{"floor":13.0,"key":"PreservedInsect"},{"floor":23.0,"key":"Akabeko"},{"floor":23.0,"key":"Boot"},{"floor":26.0,"key":"Mummified Hand"},{"floor":27.0,"key":"Prayer Wheel"},{"floor":27.0,"key":"Gremlin Horn"},{"floor":37.0,"key":"Turnip"},{"floor":41.0,"key":"MawBank"},{"floor":41.0,"key":"Symbiotic Virus"},{"floor":43,"key":"Frozen Egg 2"},{"floor":46,"key":"Dream Catcher"},{"floor":46,"key":"FossilizedHelix"}],"event_choices":[{"damage_healed":0.0,"max_hp_gain":0.0,"max_hp_loss":0.0,"gold_gain":0.0,"event_name":"Living Wall","player_choice":"Grow","floor":2.0,"gold_loss":0.0,"damage_taken":0.0,"cards_upgraded":["Dualcast"]},{"damage_healed":0.0,"max_hp_gain":0.0,"max_hp_loss":0.0,"gold_gain":0.0,"event_name":"WeMeetAgain","player_choice":"Gave Potion","floor":4.0,"gold_loss":0.0,"damage_taken":0.0,"relics_obtained":["Toy Ornithopter"]},{"cards_removed":["Strike_B"],"damage_healed":0.0,"max_hp_gain":0.0,"max_hp_loss":0.0,"gold_gain":0.0,"event_name":"The Cleric","player_choice":"Card Removal","floor":14.0,"gold_loss":75.0,"damage_taken":0.0},{"damage_healed":0.0,"max_hp_gain":0.0,"max_hp_loss":0.0,"gold_gain":0.0,"event_name":"The Library","player_choice":"Read","floor":19.0,"gold_loss":0.0,"damage_taken":0.0,"cards_obtained":["Sunder"]},{"damage_healed":0.0,"max_hp_gain":0.0,"max_hp_loss":0.0,"gold_gain":0.0,"event_name":"Drug Dealer","player_choice":"Inject Mutagens","floor":20.0,"gold_loss":0.0,"damage_taken":0.0,"relics_obtained":["MutagenicStrength"]},{"damage_healed":0.0,"max_hp_gain":0.0,"max_hp_loss":0.0,"gold_gain":0.0,"event_name":"Ghosts","player_choice":"Ignored","floor":21.0,"gold_loss":0.0,"damage_taken":0.0},{"damage_healed":0.0,"max_hp_gain":0.0,"max_hp_loss":0.0,"gold_gain":0.0,"event_name":"Upgrade Shrine","player_choice":"Upgraded","floor":31.0,"gold_loss":0.0,"damage_taken":0.0,"cards_upgraded":["Buffer"]},{"cards_removed":["FTL"],"damage_healed":0,"gold_gain":0,"player_choice":"Removed Attack","damage_taken":0,"max_hp_gain":0,"max_hp_loss":0,"event_name":"Falling","floor":47,"gold_loss":0}],"is_beta":false,"boss_relics":[{"not_picked":["FrozenCore","Calling Bell"],"picked":"Black Star"},{"not_picked":["Runic Dome","Tiny House"],"picked":"SlaversCollar"}],"items_purged_floors":[39,45],"is_endless":false,"potions_floor_spawned":[3,7,12,13,16,23,27,28,33,35,44,48],"killed_by":"Donu and Deca","ascension_level":20}}