{"host":"og2dufvjgkards7m","time":1612653203,"event":{"mods":["AchievementEnabler","BaseMod","Better Match","Better Note","Better Sensory Stone","Block Reminder","Colored Map","Colored Powertips","DeckTracker","Highlight Path","Minty Spire (QoL Compilation)","Rare Cards Sparkle","Relic Sorter","StSLib","SuperFastMode"],"gold_per_floor":[109,37,37,54,69,99,28,61,84,84,102,102,117,117,117,222,222,241,241,256,256,63,63,113,113,113,125,125,141,141,141],"floor_reached":30,"language":"SPA","playtime":1129,"items_purged":["Strike_B"],"score":309,"play_id":"33c45969-6c45-4d3a-9521-5f496573b1b0","local_time":"20210206151323","is_ascension_mode":true,"campfire_choices":[{"floor":10.0,"key":"REST"},{"floor":12.0,"key":"REST"},{"floor":15.0,"key":"REST"},{"data":"Machine Learning","floor":23.0,"key":"SMITH"},{"floor":25.0,"key":"RECALL"},{"floor":28.0,"key":"REST"}],"circlet_count":0,"master_deck":["Strike_B","Defend_B","Defend_B","Defend_B","Defend_B","Zap","Dualcast","White Noise","Defragment","Amplify","Defragment","Heatsinks","Static Discharge","Heatsinks","Electrodynamics","Machine Learning+1"],"relics":["Cracked Core","NeowsBlessing","Art of War","Dream Catcher","Tiny Chest","Busted Crown","Membership Card","StoneCalendar"],"acts_visited":["Exordium","TheCity"],"potions_floor_usage":[],"damage_taken":[{"damage":0.0,"enemies":"Small Slimes","floor":1.0,"turns":1.0},{"damage":0.0,"enemies":"2 Louse","floor":4.0,"turns":1.0},{"damage":0.0,"enemies":"Jaw Worm","floor":5.0,"turns":1.0},{"damage":25.0,"enemies":"Lagavulin","floor":6.0,"turns":6.0},{"damage":35.0,"enemies":"3 Sentries","floor":8.0,"turns":5.0},{"damage":13.0,"enemies":"Red Slaver","floor":11.0,"turns":4.0},{"damage":20.0,"enemies":"Exordium Wildlife","floor":13.0,"turns":5.0},{"damage":22.0,"enemies":"The Guardian","floor":16.0,"turns":9.0},{"damage":17.0,"enemies":"Spheric Guardian","floor":18.0,"turns":4.0},{"damage":13.0,"enemies":"3 Byrds","floor":20.0,"turns":2.0},{"damage":44.0,"enemies":"Shelled Parasite and Fungi","floor":27.0,"turns":6.0},{"damage":23.0,"enemies":"Centurion and Healer","floor":29.0,"turns":4.0},{"damage":40,"enemies":"Book of Stabbing","floor":30,"turns":3}],"seed_played":"6602617998571429402","potions_obtained":[{"floor":5.0,"key":"Fruit Juice"},{"floor":6.0,"key":"Explosive Potion"},{"floor":13.0,"key":"Energy Potion"},{"floor":27.0,"key":"Ancient Potion"}],"is_trial":false,"path_per_floor":["M","$","?","M","M","E","$","E","T","R","M","R","M","?","R","B",null,"M","?","M","?","$","R","T","R","T","M","R","M","E"],"character_chosen":"DEFECT","items_purchased":["Defragment","Defragment","Membership Card"],"campfire_rested":4,"item_purchase_floors":[2,7,22],"current_hp_per_floor":[68,68,61,61,66,41,41,6,6,30,17,41,21,21,45,23,66,49,49,36,62,62,62,62,62,62,18,42,19,0,0],"gold":141,"neow_bonus":"THREE_ENEMY_KILL","is_daily":false,"chose_seed":false,"campfire_upgraded":1,"win_rate":0.0,"timestamp":1612653203,"path_taken":["M","$","?","M","M","E","$","E","T","R","M","R","M","?","R","BOSS","M","?","M","?","$","R","?","R","T","?","R","M","E"],"items_purchased_type":["Card","Card","Relic"],"build_version":"2020-12-22","purchased_purges":1,"victory":false,"max_hp_per_floor":[75,75,75,75,80,80,80,80,80,80,80,80,80,80,80,80,80,80,80,80,80,80,80,80,80,80,80,80,80,80,80],"card_choices":[{"not_picked":["Beam Cell","Leap"],"picked":"White Noise","floor":1.0},{"not_picked":["Ball Lightning","Leap","Beam Cell"],"picked":"SKIP","floor":4.0},{"not_picked":["Cold Snap","Hologram","Sweeping Beam"],"picked":"SKIP","floor":5.0},{"not_picked":["Barrage","Gash"],"picked":"Amplify","floor":6.0},{"not_picked":["Sweeping Beam","Hologram"],"picked":"Heatsinks","floor":8.0},{"not_picked":["Barrage","Chaos"],"picked":"Static Discharge","floor":10.0},{"not_picked":["Streamline","Chaos"],"picked":"Heatsinks","floor":11.0},{"not_picked":["Go for the Eyes","Steam Power","Cold Snap"],"picked":"SKIP","floor":13.0},{"not_picked":["Compile Driver","Stack"],"picked":"Electrodynamics","floor":15.0},{"not_picked":["Rainbow","Core Surge"],"picked":"Machine Learning","floor":16.0},{"not_picked":["Stack"],"picked":"SKIP","floor":18.0},{"not_picked":["Barrage"],"picked":"SKIP","floor":20.0},{"not_picked":["Aggregate"],"picked":"SKIP","floor":27.0},{"not_picked":["Genetic Algorithm"],"picked":"SKIP","floor":29.0}],"player_experience":185036,"relics_obtained":[{"floor":6.0,"key":"Art of War"},{"floor":8.0,"key":"Dream Catcher"},{"floor":9.0,"key":"Tiny Chest"},{"floor":26.0,"key":"StoneCalendar"}],"event_choices":[{"cards_removed":["Strike_B"],"damage_healed":0.0,"max_hp_gain":0.0,"max_hp_loss":0.0,"gold_gain":0.0,"event_name":"Golden Wing","player_choice":"Card Removal","floor":3.0,"gold_loss":0.0,"damage_taken":7.0},{"damage_healed":0.0,"max_hp_gain":0.0,"max_hp_loss":0.0,"gold_gain":0.0,"event_name":"Liars Game","player_choice":"Ignored","floor":14.0,"gold_loss":0.0,"damage_taken":0.0},{"cards_removed":["Strike_B"],"damage_healed":0.0,"max_hp_gain":0.0,"max_hp_loss":0.0,"gold_gain":0.0,"event_name":"Back to Basics","player_choice":"Elegance","floor":19.0,"gold_loss":0.0,"damage_taken":0.0},{"damage_healed":26.0,"max_hp_gain":0.0,"max_hp_loss":0.0,"gold_gain":0.0,"event_name":"The Library","player_choice":"Heal","floor":21.0,"gold_loss":0.0,"damage_taken":0.0}],"is_beta":false,"boss_relics":[{"not_picked":["Ectoplasm","Black Star"],"picked":"Busted Crown"}],"items_purged_floors":[22],"is_endless":false,"potions_floor_spawned":[5,6,13,27],"killed_by":"Book of Stabbing","ascension_level":6}}