{"host":"ga4s3hj9m6nkn6gp","time":1612643212,"event":{"mods":["AchievementEnabler","BaseMod","Bestiary","Colored Powertips","Highlight Path","Minty Spire (QoL Compilation)","Relic Stats","everything is the same but u backflip on backflip"],"gold_per_floor":[119,269,280,280,293,293,327,40,40,53,128,128,128],"floor_reached":12,"language":"ENG","playtime":503,"items_purged":[],"score":156,"play_id":"373a5d37-f46d-4500-831d-479d131faac9","local_time":"20210206212652","is_ascension_mode":true,"campfire_choices":[{"data":"Dagger Throw","floor":6,"key":"SMITH"}],"circlet_count":0,"master_deck":["AscendersBane","Strike_G","Strike_G","Strike_G","Strike_G","Strike_G","Defend_G","Defend_G","Defend_G","Defend_G","Defend_G","Survivor","Neutralize","Leg Sweep+1","Doubt","Slice","Dagger Throw+1","Caltrops+1"],"relics":["Ring of the Snake","Frozen Egg 2","Toxic Egg 2","Paper Crane"],"acts_visited":["Exordium"],"potions_floor_usage":[7,12],"damage_taken":[{"damage":1,"enemies":"2 Louse","floor":1,"turns":3},{"damage":0,"enemies":"Small Slimes","floor":3,"turns":5},{"damage":8,"enemies":"Cultist","floor":5,"turns":5},{"damage":34,"enemies":"3 Sentries","floor":7,"turns":14},{"damage":1,"enemies":"Looter","floor":10,"turns":4},{"damage":29,"enemies":"Gremlin Nob","floor":12,"turns":4}],"seed_played":"6190084772389777464","potions_obtained":[{"floor":1,"key":"PowerPotion"},{"floor":10,"key":"Weak Potion"}],"is_trial":false,"path_per_floor":["M","?","M","?","M","R","E","$","T","M","?","E"],"character_chosen":"THE_SILENT","items_purchased":["Toxic Egg 2"],"campfire_rested":0,"item_purchase_floors":[8],"current_hp_per_floor":[64,64,64,64,56,56,22,22,22,21,10,0,0],"gold":128,"neow_bonus":"TEN_PERCENT_HP_BONUS","is_daily":false,"chose_seed":false,"campfire_upgraded":1,"win_rate":0.0,"timestamp":1612643212,"path_taken":["M","?","M","?","M","R","E","$","T","?","?","E"],"items_purchased_type":["Relic"],"build_version":"2020-12-22","purchased_purges":0,"victory":false,"max_hp_per_floor":[72,72,72,72,72,72,72,72,72,72,72,72,72],"relic_stats":{"counters":[6,35],"obtain_stats":[{"Frozen Egg 2":7,"Toxic Egg 2":8,"Paper Crane":9,"Ring of the Snake":0},{"Frozen Egg 2":4,"Toxic Egg 2":4,"Paper Crane":4,"Ring of the Snake":0},{"Frozen Egg 2":27,"Toxic Egg 2":27,"Paper Crane":27,"Ring of the Snake":0}],"Ring of the Snake":[12]},"card_choices":[{"not_picked":["Poisoned Stab","Slice"],"picked":"Leg Sweep","floor":1},{"not_picked":["Sucker Punch","Backflip"],"picked":"Slice","floor":3},{"not_picked":["PiercingWail","Footwork"],"picked":"Dagger Throw","floor":5},{"not_picked":["Bane","Deflect"],"picked":"Caltrops+1","floor":7},{"not_picked":["Riddle With Holes","Expertise+1","Accuracy+1"],"picked":"SKIP","floor":10}],"player_experience":745283,"relics_obtained":[{"floor":7,"key":"Frozen Egg 2"},{"floor":9,"key":"Paper Crane"}],"event_choices":[{"damage_healed":0,"gold_gain":150,"player_choice":"AGREE","damage_taken":0,"max_hp_gain":0,"max_hp_loss":0,"event_name":"Liars Game","floor":2,"gold_loss":0,"cards_obtained":["Doubt"]},{"damage_healed":0,"gold_gain":0,"player_choice":"Upgraded","damage_taken":0,"max_hp_gain":0,"max_hp_loss":0,"event_name":"Upgrade Shrine","floor":4,"gold_loss":0,"cards_upgraded":["Leg Sweep"]},{"damage_healed":0,"gold_gain":75,"player_choice":"Gather Gold","damage_taken":11,"max_hp_gain":0,"max_hp_loss":0,"event_name":"World of Goop","floor":11,"gold_loss":0}],"is_beta":false,"boss_relics":[],"items_purged_floors":[],"is_endless":false,"potions_floor_spawned":[1,10],"killed_by":"Gremlin Nob","ascension_level":20}}