{"host":"ehgz297skgb1u9fr","time":1612576164,"event":{"mods":["2.2 Compatiblity","Act Like it!","Aspiration","BaseMod","Better Note","Conspire","Energized Spire","Hubris","Minty Spire (QoL Compilation)","RRrroohrrRGHHhhh!!","Reliquary","Replay The Spire","Retaliation","Shop Mod","StSLib","Wandering Minibosses","Wide Potions"],"gold_per_floor":[418,442,442,456,312,312,330,356,435,435,424,117,117,132,132,230,230,240,115,127,127,127,127,160,160,160,195,195,227,246,2,2,98,98,142,61,61,61,61,92,92,119,193,205,230,230,144,334,334,334],"floor_reached":51,"language":"ENG","playtime":5132,"items_purged":["hubris:SlightOfHand","Injury","hubris:SlightOfHand"],"score":1189,"play_id":"ca6283c3-f6f3-487b-8e56-8f56510cc902","local_time":"20210205194924","daily_mods":["Specialized","Heirloom","Elite Swarm"],"is_ascension_mode":false,"campfire_choices":[{"data":"Neutralize","floor":6.0,"key":"SMITH"},{"floor":13.0,"key":"REST"},{"floor":15.0,"key":"DIG"},{"data":"ReplayTheSpireMod:Scrap Shanks","floor":23.0,"key":"SMITH"},{"data":"rorgmod:Tools of the Trade","floor":25.0,"key":"SMITH"},{"floor":49,"key":"REST"}],"circlet_count":0,"master_deck":["Strike_G","Strike_G","Strike_G","Strike_G","Strike_G","Defend_G","Defend_G","Defend_G","Defend_G","Defend_G","Survivor","Neutralize+1","hubris:SlightOfHand","hubris:SlightOfHand","hubris:SlightOfHand","Leg Sweep+1","Tactician","Predator","ReplayTheSpireMod:Scrap Shanks+1","Cloak And Dagger+1","Dagger Throw","Finisher+1","Adrenaline+1","Dagger Throw+1","Eviscerate","Pot Of Greed+1","rorgmod:Prepared+1","rorgmod:Tools of the Trade+1","rorgmod:Wraith Form 2","Escape Plan+1","hubris:Sniper+1","rorgmod:Phantasmal Killer+1","rorgmod:Storm of Steel","hubris:NaturalOne","Finisher+1","A Thousand Cuts","Choke","Tactician+1","rorgmod:Prepared+1"],"relics":["Ring of the Snake","replay:Trail_Library","Old Coin","Potion Belt","reliquary:Pushpin","Toxic Egg 2","ReplayTheSpireMod:TigerMarble","hubris:64BitClover","Snecko Scales","reliquary:TatteredRug","hubris:Zylophone","reliquary:IridiumChain","Bottled Tornado","hubris:ScarierMask","wanderingMiniBosses:ThiefScarf","Question Card","hubris:Towel","Replay:Towering Pillar of Hats","hubris:Icosahedron","Ornamental Fan","Thread and Needle","InkBottle","Ginger","hubris:SlimyHat","Ring of Hypnosis","ReplayTheSpireMod:Ring of Challenge","conspire:TopHat","Pantograph"],"acts_visited":["Exordium","TheCity","TheBeyond"],"potions_floor_usage":[35,35,45,47,48,48],"damage_taken":[{"damage":6.0,"enemies":"Cultist","floor":1.0,"turns":5.0},{"damage":0.0,"enemies":"2 Louse","floor":4.0,"turns":5.0},{"damage":0.0,"enemies":"conspire:RoseBush","floor":7.0,"turns":5.0},{"damage":31.0,"enemies":"3 Sentries","floor":8.0,"turns":14.0},{"damage":0.0,"enemies":"Blue Slaver","floor":11.0,"turns":7.0},{"damage":0.0,"enemies":"Red Slaver","floor":14.0,"turns":4.0},{"damage":38.0,"enemies":"Hexaghost","floor":16.0,"turns":13.0},{"damage":0.0,"enemies":"Shell Parasite","floor":18.0,"turns":1.0},{"damage":20.0,"enemies":"2 Thieves","floor":20.0,"turns":3.0},{"damage":0.0,"enemies":"conspire:Head Lice","floor":24.0,"turns":4.0},{"damage":4,"enemies":"Gremlin Leader","floor":27,"turns":4},{"damage":0,"enemies":"conspire:Head Lice","floor":29,"turns":3},{"damage":14,"enemies":"Centurion and Healer","floor":30,"turns":3},{"damage":4,"enemies":"Pondfish","floor":33,"turns":4},{"damage":27,"enemies":"3 Shapes","floor":35,"turns":3},{"damage":0,"enemies":"Reptomancer","floor":40,"turns":2},{"damage":0,"enemies":"Nemesis","floor":42,"turns":2},{"damage":0,"enemies":"3 Darklings","floor":44,"turns":2},{"damage":0,"enemies":"Reptomancer","floor":45,"turns":1},{"damage":0,"enemies":"Spire Growth","floor":47,"turns":2},{"damage":33,"enemies":"Sphere and 2 Shapes","floor":48,"turns":1},{"damage":1,"enemies":"Time Eater","floor":50,"turns":4}],"seed_played":"-878900350853044306","potions_obtained":[{"floor":1.0,"key":"Block Potion"},{"floor":4.0,"key":"Reflective Coating"},{"floor":16.0,"key":"Strength Potion"},{"floor":24.0,"key":"SpeedPotion"},{"floor":30,"key":"PowerPotion"},{"floor":33,"key":"Swift Potion"},{"floor":35,"key":"BlessingOfTheForge"},{"floor":41,"key":"Doom Potion"},{"floor":41,"key":"LiquidMemories"},{"floor":41,"key":"Adrenaline Potion"},{"floor":42,"key":"DistilledChaos"},{"floor":47,"key":"AttackPotion"},{"floor":48,"key":"Weak Potion"}],"is_trial":true,"path_per_floor":["M","T","?","M","$","R","M","E","T","?","M","$","R","M","R","B",null,"M","$","M","?","?","R","E","R","T","E","?","E","M","$","R","B",null,"M","$","?","T","?","E","?","E","T","M","E","?","M","M","R","B",null],"character_chosen":"THE_SILENT","items_purchased":["Predator","ReplayTheSpireMod:TigerMarble","Dagger Throw","Bottled Tornado","Escape Plan+1"],"campfire_rested":2,"item_purchase_floors":[5,12,12,31,36],"current_hp_per_floor":[64,64,64,64,64,64,64,33,33,33,33,33,54,54,54,16,70,70,70,50,50,50,50,50,50,50,46,46,46,32,32,53,53,70,43,43,43,43,43,43,43,43,43,43,43,43,47,14,35,59],"gold":334,"neow_bonus":"","is_daily":false,"chose_seed":false,"campfire_upgraded":3,"win_rate":0.0,"timestamp":1612576164,"path_taken":["M","?","?","M","$","R","M","E","T","?","?","$","R","M","R","BOSS","M","$","?","?","?","R","E","R","T","E","?","E","M","$","R","BOSS","M","$","?","?","?","E","?","E","T","?","E","?","M","M","R","BOSS"],"items_purchased_type":["Card","Relic","Card","Relic","Card"],"build_version":"2020-12-22","purchased_purges":3,"victory":true,"max_hp_per_floor":[70,70,70,70,70,70,70,70,70,70,70,70,70,70,70,70,70,70,70,70,70,70,70,70,70,70,70,70,70,70,70,70,70,70,70,70,70,70,70,70,70,70,70,70,70,70,70,70,70,70],"card_choices":[{"not_picked":["Caltrops","ReplayTheSpireMod:Speed Training","Concentrate"],"picked":"SKIP","floor":1.0},{"not_picked":["Quick Slash","Poisoned Stab"],"picked":"Tactician","floor":4.0},{"not_picked":["ReplayTheSpireMod:Speed Training","Poisoned Stab","Well Laid Plans"],"picked":"SKIP","floor":7.0},{"not_picked":["After Image","Burst","Bullet Time"],"picked":"SKIP","floor":8.0},{"not_picked":["Tactician+1","hubris:SlightOfHand+1"],"picked":"Cloak And Dagger+1","floor":11.0},{"not_picked":["Deadly Poison+1","Dodge and Roll+1"],"picked":"Finisher","floor":14.0},{"not_picked":["Burst+1","After Image"],"picked":"Adrenaline+1","floor":16.0},{"not_picked":["Cloak And Dagger+1","Dodge and Roll+1"],"picked":"Dagger Throw+1","floor":18.0},{"not_picked":["Concentrate+1","Deadly Poison+1"],"picked":"Eviscerate","floor":20.0},{"not_picked":["After Image","Glass Knife"],"picked":"rorgmod:Tools of the Trade","floor":24.0},{"not_picked":["Doppelganger+1","ReplayTheSpireMod:From All Sides","Die Die Die"],"picked":"SKIP","floor":27},{"not_picked":["Die Die Die","Poison Darts+1","ReplayTheSpireMod:Necrosis+1"],"picked":"SKIP","floor":29},{"not_picked":["Dagger Throw","Bane","Quick Slash+1"],"picked":"SKIP","floor":30},{"not_picked":["Die Die Die","Night Terror+1"],"picked":"rorgmod:Wraith Form 2","floor":33},{"not_picked":["Quick Slash","Deadly Poison+1","Deflect+1"],"picked":"SKIP","floor":35},{"not_picked":["Envenom","Doppelganger+1","ReplayTheSpireMod:Necrosis+1"],"picked":"rorgmod:Phantasmal Killer+1","floor":40},{"not_picked":["Glass Knife","ReplayTheSpireMod:Necrosis+1","Die Die Die"],"picked":"rorgmod:Storm of Steel","floor":42},{"not_picked":["Dash","Outmaneuver+1","Blade Dance+1"],"picked":"Finisher+1","floor":44},{"not_picked":["rorgmod:Wraith Form","rorgmod:Phantasmal Killer+1","Doppelganger+1"],"picked":"A Thousand Cuts","floor":45},{"not_picked":["rorgmod:Catalyst+1","rorgmod:Reflex+1","Dagger Throw"],"picked":"Tactician+1","floor":47},{"not_picked":["rorgmod:Tendon Slice+1","ReplayTheSpireMod:Speed Training+1","Terror+1"],"picked":"rorgmod:Prepared+1","floor":48}],"player_experience":421273,"relics_obtained":[{"floor":2.0,"key":"Potion Belt"},{"floor":8.0,"key":"reliquary:Pushpin"},{"floor":9.0,"key":"Question Card"},{"floor":15.0,"key":"hubris:64BitClover"},{"floor":24.0,"key":"reliquary:TatteredRug"},{"floor":27,"key":"hubris:Zylophone"},{"floor":29,"key":"reliquary:IridiumChain"},{"floor":35,"key":"wanderingMiniBosses:ThiefScarf"},{"floor":35,"key":"Question Card"},{"floor":38,"key":"Replay:Towering Pillar of Hats"},{"floor":40,"key":"Ornamental Fan"},{"floor":42,"key":"Thread and Needle"},{"floor":43,"key":"InkBottle"},{"floor":44,"key":"Ginger"},{"floor":45,"key":"hubris:SlimyHat"},{"floor":46,"key":"Ring of Hypnosis"},{"floor":46,"key":"ReplayTheSpireMod:Ring of Challenge"},{"floor":48,"key":"conspire:TopHat"}],"event_choices":[{"damage_healed":0.0,"max_hp_gain":0.0,"max_hp_loss":0.0,"gold_gain":0.0,"event_name":"Living Wall","player_choice":"Grow","floor":3.0,"gold_loss":0.0,"damage_taken":0.0,"cards_upgraded":["Leg Sweep"]},{"cards_removed":["Adrenaline"],"damage_healed":0.0,"max_hp_gain":0.0,"max_hp_loss":0.0,"gold_gain":0.0,"event_name":"betterNote:BetterNote","player_choice":"Take \u0026 Give","floor":21.0,"gold_loss":0.0,"damage_taken":0.0,"cards_obtained":["Pot Of Greed"]},{"damage_healed":0,"gold_gain":0,"player_choice":"Got Potions","damage_taken":0,"max_hp_gain":0,"max_hp_loss":0,"event_name":"Lab","floor":41,"gold_loss":0}],"is_beta":false,"boss_relics":[{"not_picked":["hubris:RunicObelisk","energizedSpire:NeverEndingSparkler"],"picked":"Snecko Scales"},{"not_picked":["Replay:Wanted Poster","energizedSpire:RedRose"],"picked":"hubris:ScarierMask"}],"items_purged_floors":[5,12,19],"is_endless":false,"potions_floor_spawned":[1,4,16,24,30,33,35,42,47,48],"ascension_level":0}}