{"host":"5m2js577gj4e7pak","time":1612584622,"event":{"mods":["AchievementEnabler","BaseMod","Better Match","BetterRewards","Colored Map","Colored Powertips","Googly Eyes","Highlight Path","Lobotomy","LobotomyExtend","Minty Spire (QoL Compilation)","Quick Restart","Relic Filter","StSLib"],"gold_per_floor":[116,116,129,129,129,129,89,89,140,140,152,152,152,163,163,268,268,268,268],"floor_reached":18,"language":"ENG","playtime":440,"items_purged":[],"score":148,"play_id":"12d2a512-a38b-47f2-8da6-84b1955527ac","local_time":"20210206051022","is_ascension_mode":false,"campfire_choices":[],"circlet_count":0,"master_deck":["SpecialBullet","SpecialBullet","SpecialBullet","SpecialBullet","SpecialBullet","SpecialBullet","SpecialBullet","SpecialBullet","InformationCode","SecurityCode","TrainingCode","ShyLook","Wingbeat+1","GreenStem+1","FrostShard","QueenOfHatred","CurseOfTheBell"],"relics":["CogitoBucket","LetterFromLob","Shuriken","PreservedInsect","Calling Bell","Toy Ornithopter","Toxic Egg 2","Ice Cream"],"acts_visited":["Exordium","TheCity"],"potions_floor_usage":[16,16],"damage_taken":[{"damage":11,"enemies":"Jaw Worm","floor":1,"turns":2},{"damage":7,"enemies":"Small Slimes","floor":3,"turns":3},{"damage":7,"enemies":"2 Louse","floor":11,"turns":3},{"damage":33,"enemies":"Blue Slaver","floor":13,"turns":9},{"damage":15,"enemies":"Blue Slaver","floor":14,"turns":4},{"damage":63,"enemies":"Hexaghost","floor":16,"turns":10},{"damage":100,"enemies":"Spheric Guardian","floor":18,"turns":5}],"seed_played":"2240308219652580418","potions_obtained":[{"floor":3,"key":"Strength Potion"},{"floor":11,"key":"CultistPotion"}],"is_trial":false,"path_per_floor":["M","?","M","?","?","?","$","R","T","R","M","R","M","M","R","B",null,"M"],"character_chosen":"Angela","items_purchased":["FrostShard"],"campfire_rested":0,"item_purchase_floors":[7],"current_hp_per_floor":[81,81,82,82,82,82,82,82,82,82,84,84,72,78,78,42,84,0,0],"gold":268,"neow_bonus":"TWENTY_PERCENT_HP_BONUS","is_daily":false,"chose_seed":false,"campfire_upgraded":0,"win_rate":0.0,"timestamp":1612584622,"path_taken":["M","?","M","?","?","?","?","R","T","R","?","R","M","M","R","BOSS","M"],"items_purchased_type":["Card"],"build_version":"2020-12-22","purchased_purges":0,"victory":false,"max_hp_per_floor":[84,84,84,84,84,84,84,84,84,84,84,84,84,84,84,84,84,84,84],"card_choices":[{"not_picked":["Wellcheers","Murderer"],"picked":"ShyLook","floor":1},{"not_picked":["FrostShard"],"picked":"Wingbeat","floor":1},{"not_picked":["Discord"],"picked":"GreenStem","floor":3},{"not_picked":["Tough"],"picked":"Soda","floor":11},{"not_picked":["Loneliness"],"picked":"RapturousDream","floor":14},{"not_picked":["SnowQueen","SilentOrchestra"],"picked":"QueenOfHatred","floor":16},{"not_picked":["DaCapo"],"picked":"Twilight","floor":16}],"player_experience":51359,"relics_obtained":[{"floor":1,"key":"LetterFromLob"},{"floor":9,"key":"PreservedInsect"},{"floor":17,"key":"Toy Ornithopter"},{"floor":17,"key":"Toxic Egg 2"},{"floor":17,"key":"Ice Cream"}],"event_choices":[{"damage_healed":0,"gold_gain":0,"player_choice":"Ignored","damage_taken":0,"max_hp_gain":0,"max_hp_loss":0,"event_name":"Golden Wing","floor":2,"gold_loss":0},{"damage_healed":0,"gold_gain":0,"player_choice":"Grow","damage_taken":0,"max_hp_gain":0,"max_hp_loss":0,"event_name":"Living Wall","floor":4,"gold_loss":0,"cards_upgraded":["Wingbeat"]},{"damage_healed":0,"gold_gain":0,"player_choice":"Ignored","damage_taken":0,"max_hp_gain":0,"max_hp_loss":0,"event_name":"Shining Light","floor":5,"gold_loss":0},{"damage_healed":0,"gold_gain":0,"player_choice":"Box","damage_taken":0,"relics_obtained":["Shuriken"],"max_hp_gain":0,"max_hp_loss":0,"event_name":"Big Fish","floor":6,"gold_loss":0,"cards_obtained":["Regret"]}],"is_beta":false,"boss_relics":[{"not_picked":["Astrolabe","Fusion Hammer"],"picked":"Calling Bell"}],"items_purged_floors":[],"is_endless":false,"potions_floor_spawned":[3,11,13],"killed_by":"Spheric Guardian","ascension_level":0}}