{"host":"2aloifuou9y0gnzu","time":1612603294,"event":{"mods":["Act Like it!","Arknights","BaseMod","Colored Powertips","Downfall","Gensokyo","Marisa£®ÏF”Í°°ƒß¿Ì…≥£©","Minty Spire (QoL Compilation)","Remilia£®¿Ÿ√◊¿Ú—«£©","StSLib"],"gold_per_floor":[11,11,11,76,117,117,160,175,175,198,198,234,234,309,309,453,453,496,496,496,530,71,71,95,95,119,135,66,85,106,127,127,247,247,266,280,80,98,112,112,152,186,211,0,69,92,112,133,133,133],"floor_reached":51,"language":"ZHS","playtime":5225,"items_purged":[],"score":679,"play_id":"d01733d7-5a66-457f-bd47-9a0babb39d75","local_time":"20210206172134","is_ascension_mode":false,"campfire_choices":[{"floor":6,"key":"REST"},{"floor":11,"key":"REST"},{"data":"ats:Guard Mode","floor":13,"key":"SMITH"},{"floor":15,"key":"REST"},{"floor":23,"key":"REST"},{"floor":32,"key":"REST"},{"data":"ats:Encircling Forest","floor":40,"key":"SMITH"},{"data":"Discovery","floor":49,"key":"SMITH"}],"circlet_count":0,"master_deck":["ats:Strike C","ats:Strike G","ats:Strike S","ats:Strike V","ats:Armor Crushing Shot","ats:Defend","ats:Defend","ats:Defend","ats:Defend","ats:Emotion Absorption","HandOfGreed","ats:Magnetic Hammer","Injury","ats:Poison Spread","ats:Healing Drone","ats:Sunburst","ats:Apocalypse","ats:Poison Spread","ats:Guard Mode+1","ats:Soul Rend","ats:Chain Hook+1","Gensokyo:AllTheWorldsEvil","ats:Hammer On+1","ats:Soul Absorption","Discovery+1","ats:Sashimi Platter+1","ats:Soul Rend","ats:Charging Defense","ats:Neurotoxin","ats:Overload","ats:Serious Mode+1","ats:Rat Pack","ats:Consecutive Shot Auto+1","ats:Encircling Forest+1","ats:Leaping Hammer","ats:Charging Defense+1","ats:Durian","ats:Ignite+1","ats:Automatic Cover+1","ats:Healing Strengthening","ats:True Silver Slash","Parasite","ats:Mental Burst+1","ats:Directed Diagnosis"],"relics":["ats:Sanity Plus","Golden Idol","StrikeDummy","Philosopher\u0027s Stone","AntiCross","Incense Burner","Blood Vial","Regal Pillow","ats:Originium","ats:Emergency Defibrillator","ScarletDevilRocket","Red Mask","Gambling Chip"],"acts_visited":["Exordium","Gensokyo:Gensokyoer","TheBeyond"],"potions_floor_usage":[16,16,27,47],"damage_taken":[{"damage":10,"enemies":"Jaw Worm","floor":1,"turns":5},{"damage":7,"enemies":"Small Slimes","floor":4,"turns":4},{"damage":6,"enemies":"Cultist","floor":5,"turns":3},{"damage":19,"enemies":"3 Louse","floor":7,"turns":5},{"damage":5,"enemies":"Looter","floor":8,"turns":3},{"damage":39,"enemies":"Exordium Thugs","floor":10,"turns":6},{"damage":5,"enemies":"Large Slime","floor":12,"turns":5},{"damage":27,"enemies":"Slime Boss","floor":16,"turns":13},{"damage":33,"enemies":"Gensokyo:2_Gloops","floor":18,"turns":5},{"damage":16,"enemies":"Gensokyo:CosmicMonolith","floor":21,"turns":4},{"damage":42,"enemies":"Gensokyo:Mirror_and_Dog","floor":24,"turns":3},{"damage":21,"enemies":"Gensokyo:Monolith_and_Dog","floor":27,"turns":5},{"damage":22,"enemies":"Gensokyo:Wraith","floor":29,"turns":3},{"damage":21,"enemies":"Gensokyo:Slime_Group","floor":30,"turns":5},{"damage":5,"enemies":"Gensokyo:Swordslinger","floor":31,"turns":4},{"damage":93,"enemies":"Gensokyo:Kaguya","floor":33,"turns":7},{"damage":8,"enemies":"Orb Walker","floor":35,"turns":4},{"damage":18,"enemies":"3 Shapes","floor":36,"turns":2},{"damage":0,"enemies":"Spire Growth","floor":38,"turns":4},{"damage":11,"enemies":"Sphere and 2 Shapes","floor":39,"turns":3},{"damage":48,"enemies":"Nemesis","floor":41,"turns":5},{"damage":17,"enemies":"4 Shapes","floor":42,"turns":3},{"damage":32,"enemies":"2 Orb Walkers","floor":45,"turns":2},{"damage":27,"enemies":"Maw","floor":46,"turns":9},{"damage":46,"enemies":"Writhing Mass","floor":47,"turns":4},{"damage":6,"enemies":"3 Darklings","floor":48,"turns":3},{"damage":108,"enemies":"Time Eater","floor":50,"turns":10}],"seed_played":"5942632139819481495","potions_obtained":[{"floor":3,"key":"SteroidPotion"},{"floor":3,"key":"Ancient Potion"},{"floor":3,"key":"FearPotion"},{"floor":5,"key":"Slimebound:ThreeZeroPotion"},{"floor":16,"key":"PowerPotion"},{"floor":18,"key":"DuplicationPotion"},{"floor":27,"key":"SteroidPotion"},{"floor":46,"key":"LiquidMemories"}],"is_trial":false,"path_per_floor":["M","?","?","M","M","R","M","M","T","M","R","M","R","?","R","B",null,"M","?","T","M","$","R","M","?","T","M","$","M","M","M","R","B",null,"M","M","$","M","M","R","E","M","T","?","?","M","M","M","R","B",null],"character_chosen":"DOCTOR_CLASS","items_purchased":["Incense Burner","ats:Soul Absorption","Discovery","ats:Charging Defense","Regal Pillow","ats:Leaping Hammer"],"campfire_rested":5,"item_purchase_floors":[22,22,22,28,37,37],"current_hp_per_floor":[62,62,62,55,49,70,56,51,51,26,47,52,52,41,62,45,72,44,44,44,40,40,61,23,23,23,53,53,46,44,46,67,6,72,72,54,54,56,72,72,72,55,55,55,25,64,72,69,69,24],"gold":133,"neow_bonus":"RANDOM_COLORLESS_2","is_daily":false,"chose_seed":false,"campfire_upgraded":3,"win_rate":0.0,"timestamp":1612603294,"path_taken":["M","?","?","M","M","R","?","M","T","M","R","M","R","?","R","BOSS","M","?","?","M","$","R","M","?","T","M","$","?","M","M","R","BOSS","M","M","$","?","M","R","E","M","T","?","?","M","M","M","R","BOSS"],"items_purchased_type":["Relic","Card","Card","Card","Relic","Card"],"build_version":"2020-12-22","purchased_purges":0,"victory":true,"max_hp_per_floor":[72,72,72,72,72,72,72,72,72,72,72,72,72,72,72,72,72,72,72,72,72,72,72,72,72,72,72,72,72,72,72,72,72,72,72,72,72,72,72,72,72,72,72,72,72,72,72,72,72,72],"card_choices":[{"not_picked":["Violence","Secret Technique"],"picked":"HandOfGreed","floor":0},{"not_picked":["ats:Assault Order","ats:Hammer On"],"picked":"ats:Magnetic Hammer","floor":1},{"not_picked":["ats:Consecutive Shot Auto","ats:Ignite"],"picked":"ats:Poison Spread","floor":4},{"not_picked":["ats:Explosion Area Strengthen","ats:Soul Absorption"],"picked":"ats:Healing Drone","floor":5},{"not_picked":["ats:Flame Of Heaven","ats:Ignite"],"picked":"ats:Sunburst","floor":7},{"not_picked":["ats:Guard Mode","ats:Assault Order"],"picked":"ats:Apocalypse","floor":8},{"not_picked":["ats:Directed Diagnosis","ats:Apocalypse"],"picked":"ats:Poison Spread","floor":10},{"not_picked":["ats:Song Of Battle","ats:Chain Hook"],"picked":"ats:Guard Mode","floor":12},{"not_picked":["ats:Volcano","ats:Calcification"],"picked":"ats:Soul Rend","floor":16},{"not_picked":["ats:Guard Mode","ats:Assault Order"],"picked":"ats:Chain Hook+1","floor":18},{"not_picked":["ats:Revitalization","ats:Leaping Hammer"],"picked":"ats:Hammer On+1","floor":21},{"not_picked":["ats:Powerful Strike","ats:Ignite"],"picked":"ats:Sashimi Platter+1","floor":24},{"not_picked":["ats:Neurotoxin+1","ats:Literary Storm"],"picked":"ats:Soul Rend","floor":27},{"not_picked":["ats:Absolute Focus","ats:Part Time Job"],"picked":"ats:Neurotoxin","floor":29},{"not_picked":["ats:Very Hot Blade","ats:Leaping Hammer"],"picked":"ats:Overload","floor":30},{"not_picked":["ats:Apocalypse","ats:Sunburst+1"],"picked":"ats:Serious Mode+1","floor":31},{"not_picked":["ats:Soul Rend","ats:True Silver Slash"],"picked":"ats:Rat Pack","floor":33},{"not_picked":["ats:Guard Mode+1","ats:Hammer On"],"picked":"ats:Consecutive Shot Auto+1","floor":35},{"not_picked":["ats:Flexible Camouflage","ats:Sunburst+1"],"picked":"ats:Encircling Forest","floor":36},{"not_picked":["ats:Cat Scratch+1","ats:Absolute Focus"],"picked":"ats:Charging Defense+1","floor":38},{"not_picked":["ats:Guard Mode","ats:Curse Doll+1"],"picked":"ats:Durian","floor":39},{"not_picked":["ats:Counter Healing Mode","ats:Curse Doll"],"picked":"ats:Ignite+1","floor":41},{"not_picked":["ats:Leaping Hammer+1","ats:Very Hot Blade"],"picked":"ats:Automatic Cover+1","floor":42},{"not_picked":["ats:Leaping Hammer","ats:Cat Scratch"],"picked":"ats:Healing Strengthening","floor":45},{"not_picked":["ats:Closed Bolt Burst Fire","ats:Poison Spread"],"picked":"ats:True Silver Slash","floor":46},{"not_picked":["ats:Rapid Magazine+1","ats:Directed Diagnosis"],"picked":"ats:Mental Burst+1","floor":47},{"not_picked":["ats:Curse Doll","ats:Healing Drone"],"picked":"ats:Directed Diagnosis","floor":48}],"player_experience":97716,"relics_obtained":[{"floor":9,"key":"StrikeDummy"},{"floor":20,"key":"AntiCross"},{"floor":26,"key":"Blood Vial"},{"floor":41,"key":"ats:Originium"},{"floor":41,"key":"ats:Emergency Defibrillator"},{"floor":43,"key":"ScarletDevilRocket"},{"floor":45,"key":"Gambling Chip"}],"event_choices":[{"damage_healed":0,"gold_gain":0,"player_choice":"Take Wound","damage_taken":0,"relics_obtained":["Golden Idol"],"max_hp_gain":0,"max_hp_loss":0,"event_name":"Golden Idol","floor":2,"gold_loss":0,"cards_obtained":["Injury"]},{"damage_healed":0,"gold_gain":0,"player_choice":"Got Potions","damage_taken":0,"max_hp_gain":0,"max_hp_loss":0,"event_name":"Lab","floor":3,"gold_loss":0},{"damage_healed":0,"gold_gain":75,"player_choice":"Gather Gold","damage_taken":11,"max_hp_gain":0,"max_hp_loss":0,"event_name":"World of Goop","floor":14,"gold_loss":0},{"damage_healed":0,"gold_gain":0,"player_choice":"Paid","damage_taken":0,"relics_obtained":["Red Mask"],"max_hp_gain":0,"max_hp_loss":0,"event_name":"Tomb of Lord Red Mask","floor":44,"gold_loss":211},{"damage_healed":0,"gold_gain":0,"player_choice":"Fight","damage_taken":0,"max_hp_gain":0,"max_hp_loss":0,"event_name":"Mysterious Sphere","floor":45,"gold_loss":0}],"is_beta":false,"boss_relics":[{"not_picked":["SlaversCollar","Sozu"],"picked":"Philosopher\u0027s Stone"},{"not_picked":["Cursed Key","Empty Cage"],"picked":"ats:Sanity Plus"}],"items_purged_floors":[],"is_endless":false,"potions_floor_spawned":[4,5,10,16,18,27,29,35,41,42,46],"ascension_level":0}}