{"host":"3e3mwsgb9gfqiuxm","time":1612599696,"event":{"mods":["Act Like it!","BaseMod","BetterRewards","Colored Map","Colored Powertips","Downfall","Gensokyo","Hermit","Infinite Spire","Koishi","Marisa????????","Minty Spire (QoL Compilation)","Quick Restart","Reimu??????","Remilia??????","Replay The Spire","Shop Mod","StSLib","SuperFastMode","The Animator","The Bug Knight","The Cursed","The Jungle","The Servant 0.9.4","everything is the same but u backflip on backflip"],"gold_per_floor":[113,113,113,113,38,69,69,101,128,159,159,177,17,27,27,132,132,142,160,160,180,8,8,41,41,110,135,135,169,205,205,205,219,219],"floor_reached":33,"language":"ENG","playtime":1014,"items_purged":["Pain","Clumsy"],"score":462,"play_id":"af37ac31-27a8-4a71-90c3-f5c61a7ce2ef","local_time":"20210206032136","is_ascension_mode":true,"campfire_choices":[{"data":"Moonlight","floor":11.0,"key":"SMITH"},{"data":"Spin","floor":15.0,"key":"SMITH"},{"data":"KillingDoll","floor":23.0,"key":"SMITH"},{"data":"SilverBlades","floor":25.0,"key":"SMITH"},{"data":"BottledTime","floor":32.0,"key":"SMITH"}],"circlet_count":0,"master_deck":["Strike_S","Strike_S","Strike_S","Strike_S","Defend_S","Defend_S","Defend_S","Defend_S","Exchange","FastForward","Unruled","Spin+1","Moonlight+1","Misdirection","Rearm","KillingDoll+1","DoubleEdge","SilverBlades+1","Misdirection+1","SilverBlades+1","BottledTime+1","BottledTime+1","Defy","Rewind+1","BinaryStars+1"],"relics":["Uniform","NeowsBlessing","Gensokyo:NagashiBinaDoll","Happy Flower","Gensokyo:LunaticRedEyes","Pet Ghost","PreservedInsect","Bag of Preparation","Gremlin Food","Enchiridion","infinitespire:Cupcake","Gensokyo:RedStar","InkBottle","Ornamental Fan","Replay:Multitool","Replay:Bandana"],"acts_visited":["Gensokyo:Gensokyo","Gensokyo:Gensokyoer"],"potions_floor_usage":[33,33,33],"damage_taken":[{"damage":0.0,"enemies":"Gensokyo:3_Fairies","floor":1.0,"turns":1.0},{"damage":0.0,"enemies":"Gensokyo:Aya","floor":6.0,"turns":1.0},{"damage":0.0,"enemies":"Gensokyo:Cirno","floor":8.0,"turns":2.0},{"damage":12.0,"enemies":"Gensokyo:Aya","floor":10.0,"turns":4.0},{"damage":0.0,"enemies":"Gensokyo:Python","floor":12.0,"turns":2.0},{"damage":0.0,"enemies":"Gensokyo:Gryphon","floor":14.0,"turns":3.0},{"damage":46.0,"enemies":"Gensokyo:Reimu","floor":16.0,"turns":10.0},{"damage":0.0,"enemies":"Gensokyo:AngelMirror","floor":18.0,"turns":3.0},{"damage":0.0,"enemies":"Gensokyo:3_Dogs","floor":19.0,"turns":3.0},{"damage":14.0,"enemies":"Gensokyo:Wraith","floor":21.0,"turns":3.0},{"damage":0.0,"enemies":"Gensokyo:Tenshi","floor":24.0,"turns":2.0},{"damage":0.0,"enemies":"Gensokyo:Reisen","floor":27.0,"turns":3.0},{"damage":0.0,"enemies":"Gensokyo:Tenshi","floor":29.0,"turns":2.0},{"damage":5.0,"enemies":"Gensokyo:Chomper_and_Gloop","floor":30.0,"turns":5.0},{"damage":33,"enemies":"Gensokyo:Kaguya","floor":33,"turns":7}],"seed_played":"-5604735784359000374","potions_obtained":[{"floor":10.0,"key":"MagicPotion:ReiMu"},{"floor":12.0,"key":"Block Potion"},{"floor":14.0,"key":"Ancient Potion"},{"floor":18.0,"key":"Languid Potion"},{"floor":19.0,"key":"Milkshake"}],"is_trial":false,"path_per_floor":["M","?","?","?","$","E","T","E","T","E","R","M","?","M","R","B",null,"M","M","?","M","$","R","E","R","T","E","?","E","M","?","R","B"],"character_chosen":"THE_SERVANT","items_purchased":["SilverBlades"],"campfire_rested":0,"item_purchase_floors":[22],"current_hp_per_floor":[65,65,65,65,65,65,65,65,65,53,53,53,53,53,53,7,65,65,65,65,51,51,51,51,51,51,51,51,51,46,46,46,0,0],"gold":219,"neow_bonus":"THREE_ENEMY_KILL","is_daily":false,"chose_seed":false,"campfire_upgraded":5,"win_rate":0.0,"timestamp":1612599696,"path_taken":["M","?","?","?","?","E","?","E","T","E","R","M","?","?","R","BOSS","M","M","?","M","$","R","E","R","T","E","?","E","M","?","R","BOSS"],"items_purchased_type":["Card"],"build_version":"2020-12-22","purchased_purges":2,"victory":false,"max_hp_per_floor":[65,65,65,65,65,65,65,65,65,65,65,65,65,65,65,65,65,65,65,65,65,65,65,65,65,65,65,65,65,65,65,65,33,33],"card_choices":[{"not_picked":["Revamp","TimeWarp"],"picked":"FastForward","floor":1.0},{"not_picked":["Read","Rewind"],"picked":"Unruled","floor":6.0},{"not_picked":["ReturningBlade","FastForward"],"picked":"Spin","floor":8.0},{"not_picked":["Barrier","Gouge"],"picked":"Moonlight","floor":10.0},{"not_picked":["Hightail","Revamp"],"picked":"Misdirection","floor":12.0},{"not_picked":["Revamp","FastForward"],"picked":"Rearm","floor":14.0},{"not_picked":["SoulSculpture","MurderousAura"],"picked":"KillingDoll","floor":16.0},{"not_picked":["Ricochet","Misdirection"],"picked":"DoubleEdge","floor":18.0},{"not_picked":["StarChef","Barrier"],"picked":"SilverBlades+1","floor":19.0},{"not_picked":["Advance","Rewind"],"picked":"Misdirection+1","floor":21.0},{"not_picked":["PendulumOfEternity","DoubleEdge"],"picked":"BottledTime+1","floor":24.0},{"not_picked":["Ricochet","Advance"],"picked":"BottledTime","floor":27.0},{"not_picked":["Revamp","Alleviate"],"picked":"Defy","floor":29.0},{"not_picked":["ShatteredReality","Contraction"],"picked":"Rewind+1","floor":30.0}],"player_experience":1360275,"relics_obtained":[{"floor":6.0,"key":"Pet Ghost"},{"floor":8.0,"key":"PreservedInsect"},{"floor":9.0,"key":"Bag of Preparation"},{"floor":10.0,"key":"Gremlin Food"},{"floor":24.0,"key":"InkBottle"},{"floor":26.0,"key":"Ornamental Fan"},{"floor":27.0,"key":"Replay:Multitool"},{"floor":29.0,"key":"Replay:Bandana"}],"event_choices":[],"is_beta":false,"boss_relics":[{"not_picked":["Cursed Key","Painkiller Herb"],"picked":"infinitespire:Cupcake"}],"items_purged_floors":[5,22],"is_endless":false,"potions_floor_spawned":[10,12,14,16,18,19,27],"killed_by":"Gensokyo:Kaguya","ascension_level":1}}