{"host":"yiwf5cuj7e45awf3","time":1612619107,"event":{"mods":["BaseMod","Downfall","Hermit","Highlight Path","Hubris","Infinite Spire","Lobotomy","Marisa£®ÏF”Í°°ƒß¿Ì…≥£©","Minty Spire (QoL Compilation)","READ ME - Guardian Mod","Remilia£®¿Ÿ√◊¿Ú—«£©","Replay The Spire","StSLib","The Animator","The Construct","The Cursed","The Disciple","The Hierophant","The Jungle","The Necromancer","The Runesmith","The Servant 0.9.4"],"gold_per_floor":[118,131,131,131,144,144,170,181,181,191,210,210,239,204,204,308,308,324,324,306,306,326,354,367,367,367,367,367,380,405,424,424,521,521,531,581,581,598,70,101,54,79,150,176,189,189,0,90,90,90],"floor_reached":51,"language":"ZHS","playtime":3283,"items_purged":[],"score":897,"play_id":"30771341-8040-4158-8dd0-5ff6c6de8f39","local_time":"20210206214507","is_ascension_mode":true,"campfire_choices":[{"data":"TheCursedMod:SpitefulPlan","floor":6,"key":"SMITH"},{"floor":12,"key":"REST"},{"floor":15,"key":"REST"},{"floor":25,"key":"REST"},{"floor":28,"key":"REST"},{"data":"TheCursedMod:FleshFromBone","floor":46,"key":"SMITH"},{"data":"TheCursedMod:LuckyCharm","floor":46,"key":"SMITH"},{"floor":49,"key":"RECALL"}],"circlet_count":0,"master_deck":["TheCursedMod:Strike_TheCursed","TheCursedMod:Strike_TheCursed","TheCursedMod:Strike_TheCursed","TheCursedMod:Strike_TheCursed","TheCursedMod:Defend_TheCursed","TheCursedMod:Defend_TheCursed","TheCursedMod:Defend_TheCursed","TheCursedMod:CursedWand","TheCursedMod:CleanUpWorkshop","TheCursedMod:Dregs","TheCursedMod:CircleOfFlame","TheCursedMod:CircleOfBlood","TheCursedMod:SpitefulPlan+1","TheCursedMod:CursedShiv","TheCursedMod:TroublousMinions","TheCursedMod:FleshFromBone+1","TheCursedMod:CursedShiv","TheCursedMod:Obscuration","TheCursedMod:Neurasthenia","TheCursedMod:Wield","TheCursedMod:CircleOfFlame","TheCursedMod:CursedBlade+1","TheCursedMod:AshesToAshes+1","TheCursedMod:CursedShiv+1","TheCursedMod:BloodBarrier","TheCursedMod:CircleOfBlood","TheCursedMod:ReleasedKnowledge","TheCursedMod:ReleasedStrength","TheCursedMod:DemonicPact+1","CurseOfTheBell","TheCursedMod:CircleOfCorruption","TheCursedMod:SpitefulStrike+1","TheCursedMod:LuckyCharm+1","TheCursedMod:HellfireBreathing","TheCursedMod:CursedShiv+1","TheCursedMod:CircleOfFlame+1","TheCursedMod:FuryStrike+1","TheCursedMod:CircleOfCorruption+1","ReplayTheSpireMod:Splinters","TheCursedMod:StingEye+1","TheCursedMod:CursedShiv+1","TheCursedMod:CursedBlade+1"],"relics":["TheCursedMod:BlackMagic101","hubris:TenFootPole","Unceasing Top","Bag of Marbles","construct:BoolHorns","TheCursedMod:Tack","TheCursedMod:OminousMark","GremlinMask","Incense Burner","hubris:Potato","Snack Pack","Blood Vial","Matryoshka","Calling Bell","Oddly Smooth Stone","Molten Egg 2","infinitespire:Magic Flask","Replay:Arrowhead","Replay:Bottled Eggs","CaptainsWheel","TheCursedMod:DemonicMark","Bottled Flame","Blue Doll","Runesmith:Nanobots","Pet Ghost","Red Mask","Ancient Tea Set","infinitespire:PuzzleCube"],"acts_visited":["Exordium","TheCity","TheBeyond"],"potions_floor_usage":[7,16,23,30,33,33,38,40,40,45,50,50,50],"damage_taken":[{"damage":0,"enemies":"Cultist","floor":1,"turns":3},{"damage":0,"enemies":"Small Slimes","floor":2,"turns":3},{"damage":1,"enemies":"2 Louse","floor":5,"turns":4},{"damage":37,"enemies":"Lagavulin","floor":7,"turns":9},{"damage":6,"enemies":"Red Slaver","floor":8,"turns":3},{"damage":12,"enemies":"Blue Slaver","floor":10,"turns":3},{"damage":4,"enemies":"Exordium Wildlife","floor":11,"turns":5},{"damage":44,"enemies":"Gremlin Nob","floor":13,"turns":5},{"damage":1,"enemies":"Hexaghost","floor":16,"turns":13},{"damage":2,"enemies":"Chosen","floor":18,"turns":7},{"damage":13,"enemies":"2 Thieves","floor":20,"turns":4},{"damage":29,"enemies":"Cultist and Chosen","floor":22,"turns":11},{"damage":4,"enemies":"Gremlin Leader","floor":23,"turns":6},{"damage":25,"enemies":"Centurion and Healer","floor":24,"turns":9},{"damage":3,"enemies":"Shelled Parasite and Fungi","floor":29,"turns":3},{"damage":11,"enemies":"Slavers","floor":30,"turns":4},{"damage":0,"enemies":"Snake Plant","floor":31,"turns":4},{"damage":75,"enemies":"hubris:MusketHawk","floor":33,"turns":13},{"damage":13,"enemies":"Orb Walker","floor":35,"turns":4},{"damage":14,"enemies":"Mind Bloom Boss Battle","floor":36,"turns":8},{"damage":21,"enemies":"3 Darklings","floor":38,"turns":4},{"damage":22,"enemies":"R_Hoarder","floor":40,"turns":10},{"damage":12,"enemies":"Nightmare","floor":42,"turns":9},{"damage":15,"enemies":"R_Hoarder","floor":44,"turns":7},{"damage":14,"enemies":"Transient","floor":45,"turns":5},{"damage":21,"enemies":"Time Eater","floor":50,"turns":11}],"seed_played":"5007129417552343260","potions_obtained":[{"floor":1,"key":"EntropicBrew"},{"floor":5,"key":"Fire Potion"},{"floor":10,"key":"TheCursedMod:DregsPotion"},{"floor":13,"key":"DistilledChaos"},{"floor":18,"key":"PowerPotion"},{"floor":24,"key":"champ:CounterPotion"},{"floor":30,"key":"Block Potion"},{"floor":31,"key":"construct:ShiftPotion"},{"floor":33,"key":"Swift Potion"},{"floor":36,"key":"ColorlessPotion"},{"floor":40,"key":"LiquidBronze"},{"floor":44,"key":"Fruit Juice"},{"floor":48,"key":"Ancient Potion"},{"floor":48,"key":"Guardian:BlockOnCardUsePotion"}],"is_trial":false,"path_per_floor":["M","M","?","$","M","R","E","M","T","M","M","R","E","?","R","B",null,"M","?","M","AVR","M","E","M","R","T","?","R","M","E","M","R","B",null,"M","?","?","M","$","E","$","NM","T","E","M","R","?","?","R","B",null],"character_chosen":"THE_CURSED","items_purchased":["Replay:Bottled Eggs","CaptainsWheel","TheCursedMod:CursedShiv+1"],"campfire_rested":4,"item_purchase_floors":[39,39,41],"current_hp_per_floor":[75,75,75,75,74,74,38,36,36,28,26,48,6,24,46,49,75,73,73,62,62,33,33,14,36,36,36,58,65,66,75,75,13,75,68,66,66,66,66,58,58,69,69,75,80,80,80,80,80,75],"gold":90,"neow_bonus":"RANDOM_COMMON_RELIC","is_daily":false,"chose_seed":false,"campfire_upgraded":3,"win_rate":0.0,"timestamp":1612619107,"path_taken":["M","M","?","?","M","R","E","M","T","M","M","R","E","?","R","BOSS","M","?","?","AVR","M","E","M","R","T","?","R","M","E","M","R","BOSS","M","?","?","M","$","E","$","NM","T","E","?","R","?","?","R","BOSS"],"items_purchased_type":["Relic","Relic","Card"],"build_version":"2020-12-22","purchased_purges":0,"victory":true,"max_hp_per_floor":[75,75,75,75,75,75,75,75,75,75,75,75,75,75,75,75,75,75,75,75,75,75,75,75,75,75,75,75,75,75,75,75,75,75,75,75,75,75,75,75,75,75,75,75,80,80,80,80,80,80],"card_choices":[{"not_picked":["TheCursedMod:SmokeScreen","TheCursedMod:CursedStaff"],"picked":"TheCursedMod:CircleOfFlame","floor":1},{"not_picked":["TheCursedMod:RapidMovement","TheCursedMod:CursedMace"],"picked":"TheCursedMod:CircleOfBlood","floor":2},{"not_picked":["TheCursedMod:WearCloak","TheCursedMod:CircleOfFlame"],"picked":"TheCursedMod:SpitefulPlan","floor":5},{"not_picked":["TheCursedMod:VitalStrike","TheCursedMod:Obscuration"],"picked":"TheCursedMod:CursedShiv","floor":7},{"not_picked":["TheCursedMod:CursedBlade","TheCursedMod:VitalStrike"],"picked":"TheCursedMod:TroublousMinions","floor":8},{"not_picked":["TheCursedMod:CursedMace","TheCursedMod:VitalStrike"],"picked":"TheCursedMod:FleshFromBone","floor":10},{"not_picked":["TheCursedMod:Stretching","TheCursedMod:CursedBlade"],"picked":"TheCursedMod:CursedShiv","floor":11},{"not_picked":["TheCursedMod:CursedArmor","TheCursedMod:AshesToAshes"],"picked":"TheCursedMod:Obscuration","floor":13},{"not_picked":["TheCursedMod:CircleOfAbyss","TheCursedMod:CursedRelics"],"picked":"TheCursedMod:Neurasthenia","floor":16},{"not_picked":["TheCursedMod:SaltUponWound","TheCursedMod:Mangle"],"picked":"TheCursedMod:Wield","floor":18},{"not_picked":["TheCursedMod:Obscuration+1","TheCursedMod:RavingStaff"],"picked":"TheCursedMod:CircleOfFlame","floor":20},{"not_picked":["TheCursedMod:Wield","TheCursedMod:SurpriseAttack+1"],"picked":"TheCursedMod:CursedBlade+1","floor":22},{"not_picked":["TheCursedMod:TacticalStrike+1","TheCursedMod:Stretching+1"],"picked":"TheCursedMod:AshesToAshes+1","floor":23},{"not_picked":["TheCursedMod:HellsGateOpen","TheCursedMod:StunningStrike"],"picked":"TheCursedMod:CursedShiv+1","floor":24},{"not_picked":["TheCursedMod:SoulCrush","TheCursedMod:Stretching+1"],"picked":"TheCursedMod:BloodBarrier","floor":29},{"not_picked":["TheCursedMod:CursedAmulet","TheCursedMod:Stretching"],"picked":"TheCursedMod:CircleOfBlood","floor":30},{"not_picked":["TheCursedMod:WearCloak","TheCursedMod:CircleOfFlame"],"picked":"TheCursedMod:ReleasedKnowledge","floor":31},{"not_picked":["TheCursedMod:CircleOfAbyss","TheCursedMod:ShockAndAwe"],"picked":"TheCursedMod:DemonicPact","floor":33},{"not_picked":["TheCursedMod:StingEye+1","TheCursedMod:SurpriseAttack+1"],"picked":"TheCursedMod:CircleOfCorruption","floor":35},{"not_picked":["TheCursedMod:TacticalStrike+1","TheCursedMod:Stigma+1"],"picked":"TheCursedMod:SpitefulStrike+1","floor":36},{"not_picked":["TheCursedMod:CircleOfBlood+1","TheCursedMod:ReleasedKnowledge"],"picked":"TheCursedMod:LuckyCharm","floor":38},{"not_picked":["TheCursedMod:SpitefulStrike+1","TheCursedMod:Obscuration+1"],"picked":"TheCursedMod:HellfireBreathing","floor":40},{"not_picked":["TheCursedMod:CursedArmor+1","TheCursedMod:AbyssShockwave+1"],"picked":"TheCursedMod:CircleOfFlame+1","floor":42},{"not_picked":["TheCursedMod:SmokeScreen","TheCursedMod:SaltUponWound+1"],"picked":"TheCursedMod:FuryStrike+1","floor":44},{"not_picked":["TheCursedMod:Obscuration","TheCursedMod:Wield+1"],"picked":"TheCursedMod:CircleOfCorruption+1","floor":45},{"not_picked":["TheCursedMod:SurpriseAttack+1","TheCursedMod:CursedStaff+1"],"picked":"TheCursedMod:StingEye+1","floor":48},{"not_picked":["TheCursedMod:CursedMace+1","TheCursedMod:SurpriseAttack+1"],"picked":"TheCursedMod:CursedShiv+1","floor":48},{"not_picked":["TheCursedMod:ManaBullet+1","TheCursedMod:RavingStaff+1"],"picked":"TheCursedMod:CursedBlade+1","floor":48}],"player_experience":85914,"relics_obtained":[{"floor":7,"key":"Bag of Marbles"},{"floor":9,"key":"construct:BoolHorns"},{"floor":13,"key":"TheCursedMod:Tack"},{"floor":23,"key":"hubris:Potato"},{"floor":26,"key":"Snack Pack"},{"floor":30,"key":"Matryoshka"},{"floor":34,"key":"Oddly Smooth Stone"},{"floor":34,"key":"Molten Egg 2"},{"floor":34,"key":"infinitespire:Magic Flask"},{"floor":36,"key":"Replay:Arrowhead"},{"floor":40,"key":"TheCursedMod:DemonicMark"},{"floor":42,"key":"Bottled Flame"},{"floor":43,"key":"Blue Doll"},{"floor":43,"key":"Runesmith:Nanobots"},{"floor":44,"key":"Pet Ghost"},{"floor":48,"key":"Ancient Tea Set"},{"floor":48,"key":"infinitespire:PuzzleCube"}],"event_choices":[{"damage_healed":0,"gold_gain":0,"player_choice":"Gave Potion","damage_taken":0,"relics_obtained":["Unceasing Top"],"max_hp_gain":0,"max_hp_loss":0,"event_name":"WeMeetAgain","floor":3,"gold_loss":0},{"damage_healed":18,"gold_gain":0,"player_choice":"Healed","damage_taken":0,"max_hp_gain":0,"max_hp_loss":0,"event_name":"The Cleric","floor":14,"gold_loss":35},{"damage_healed":0,"gold_gain":0,"player_choice":"Trade","damage_taken":0,"relics_obtained":["GremlinMask"],"max_hp_gain":0,"max_hp_loss":0,"event_name":"FaceTrader","floor":19,"gold_loss":0},{"damage_healed":0,"gold_gain":0,"player_choice":"Opened","damage_taken":0,"relics_obtained":["Blood Vial"],"max_hp_gain":0,"max_hp_loss":0,"event_name":"The Mausoleum","floor":27,"gold_loss":0},{"damage_healed":0,"gold_gain":0,"player_choice":"Fight","damage_taken":0,"max_hp_gain":0,"max_hp_loss":0,"event_name":"MindBloom","floor":36,"gold_loss":0},{"damage_healed":0,"gold_gain":0,"player_choice":"Upgraded","damage_taken":0,"max_hp_gain":0,"max_hp_loss":0,"event_name":"Upgrade Shrine","floor":37,"gold_loss":0,"cards_upgraded":["TheCursedMod:DemonicPact"]},{"damage_healed":0,"gold_gain":0,"player_choice":"Paid","damage_taken":0,"relics_obtained":["Red Mask"],"max_hp_gain":0,"max_hp_loss":0,"event_name":"Tomb of Lord Red Mask","floor":47,"gold_loss":189}],"is_beta":false,"boss_relics":[{"not_picked":["Snecko Eye","hubris:TerracottaHorce"],"picked":"TheCursedMod:OminousMark"},{"not_picked":["ChewingGum","hubris:Backtick"],"picked":"Calling Bell"}],"items_purged_floors":[],"is_endless":false,"potions_floor_spawned":[1,5,10,13,18,24,30,31,33,36,40,44],"ascension_level":1}}