{"host":"gfxjwtol062e9znw","time":1612580575,"event":{"mods":["BaseMod","Colored Map","Minty Spire (QoL Compilation)","Rare Cards Sparkle"],"gold_per_floor":[115,125,140,153,171,171,137,163,240,240,240,265,281,300,300,405,405,419,419,44,44,64,64,84,109,136,156,156,156,110,124,124,222,222,232,232,250,170,184,209,209,209,209,209,219,236,236,256,256,256,256],"floor_reached":50,"language":"ENG","playtime":3455,"items_purged":["Strike_G"],"score":784,"play_id":"840da7d6-7d2d-4bc7-bd35-2d512268d5be","local_time":"20210206140255","is_ascension_mode":true,"campfire_choices":[{"data":"Footwork","floor":6.0,"key":"SMITH"},{"floor":10.0,"key":"REST"},{"floor":15,"key":"REST"},{"data":"Neutralize","floor":23,"key":"SMITH"},{"floor":28,"key":"REST"},{"floor":32,"key":"REST"},{"floor":41,"key":"REST"},{"floor":47,"key":"REST"},{"floor":49,"key":"REST"}],"circlet_count":0,"master_deck":["Strike_G","Defend_G","Defend_G","Defend_G","Defend_G","Survivor","Neutralize+1","Acrobatics","Blade Dance","Dash","Footwork+1","Dodge and Roll","Slice","Cloak And Dagger","Deflect","Footwork","Tools of the Trade","Endless Agony","All Out Attack","Footwork+1","Prepared","Crippling Poison","Adrenaline","Accuracy+1","PiercingWail","Dodge and Roll","Burst","Masterful Stab+1","Blade Dance+1","Sucker Punch+1","Blur+1","Writhe","Leg Sweep+1","Calculated Gamble","Footwork","Master of Strategy","Setup"],"relics":["Sozu","Unceasing Top","Letter Opener","TungstenRod","WristBlade","Question Card","Boot","Happy Flower","Astrolabe","Smiling Mask","Turnip"],"acts_visited":["Exordium","TheCity","TheBeyond"],"potions_floor_usage":[],"damage_taken":[{"damage":0.0,"enemies":"Small Slimes","floor":1.0,"turns":3.0},{"damage":0.0,"enemies":"2 Louse","floor":2.0,"turns":4.0},{"damage":0.0,"enemies":"Cultist","floor":3.0,"turns":3.0},{"damage":1.0,"enemies":"Large Slime","floor":4.0,"turns":7.0},{"damage":5.0,"enemies":"2 Fungi Beasts","floor":5.0,"turns":4.0},{"damage":41.0,"enemies":"Gremlin Nob","floor":8.0,"turns":7.0},{"damage":7.0,"enemies":"Lagavulin","floor":12.0,"turns":8.0},{"damage":0.0,"enemies":"Exordium Wildlife","floor":13.0,"turns":4.0},{"damage":0,"enemies":"Large Slime","floor":14,"turns":6},{"damage":18,"enemies":"Slime Boss","floor":16,"turns":14},{"damage":0,"enemies":"Spheric Guardian","floor":18,"turns":4},{"damage":0,"enemies":"2 Thieves","floor":22,"turns":3},{"damage":9,"enemies":"Shelled Parasite and Fungi","floor":24,"turns":7},{"damage":14,"enemies":"Slavers","floor":25,"turns":6},{"damage":8,"enemies":"Chosen and Byrds","floor":27,"turns":7},{"damage":0,"enemies":"Snake Plant","floor":31,"turns":4},{"damage":19,"enemies":"Collector","floor":33,"turns":11},{"damage":18,"enemies":"3 Shapes","floor":35,"turns":7},{"damage":24,"enemies":"3 Darklings","floor":37,"turns":4},{"damage":14,"enemies":"Writhing Mass","floor":39,"turns":9},{"damage":21,"enemies":"Giant Head","floor":40,"turns":8},{"damage":28,"enemies":"Jaw Worm Horde","floor":45,"turns":5},{"damage":0,"enemies":"Sphere and 2 Shapes","floor":46,"turns":5},{"damage":1,"enemies":"Maw","floor":48,"turns":7},{"damage":57,"enemies":"Time Eater","floor":50,"turns":11}],"seed_played":"-4626050642662155186","potions_obtained":[],"is_trial":false,"path_per_floor":["M","M","M","M","M","R","?","E","T","R","?","E","M","M","R","B",null,"M","?","$","?","M","R","M","E","T","M","R","?","$","M","R","B",null,"M","?","M","$","M","E","R","?","T","?","M","M","R","M","R","B"],"character_chosen":"THE_SILENT","items_purchased":["All Out Attack","Question Card","PiercingWail","Calculated Gamble"],"campfire_rested":7,"item_purchase_floors":[20,20,30,38],"current_hp_per_floor":[63,63,63,62,57,57,57,16,16,37,60,53,53,53,70,52,66,66,54,54,54,54,54,45,31,31,23,45,45,45,45,67,48,68,50,69,45,45,31,10,32,32,32,32,4,4,26,25,47,0,0],"gold":256,"neow_bonus":"BOSS_RELIC","is_daily":false,"chose_seed":false,"campfire_upgraded":2,"win_rate":0.0,"timestamp":1612580575,"path_taken":["M","M","M","M","M","R","?","E","T","R","?","E","M","M","R","BOSS","M","?","$","?","M","R","?","E","T","M","R","?","$","M","R","BOSS","M","?","M","$","M","E","R","?","T","?","M","M","R","?","R","BOSS"],"items_purchased_type":["Card","Relic","Card","Card"],"build_version":"2020-12-22","purchased_purges":1,"victory":false,"max_hp_per_floor":[70,70,70,70,70,70,70,70,70,70,70,70,70,70,70,70,70,70,75,75,75,75,75,75,75,75,75,75,75,75,75,75,75,75,75,75,75,75,75,75,75,75,75,75,75,75,75,75,75,75,75],"card_choices":[{"not_picked":["Underhanded Strike","Quick Slash"],"picked":"Acrobatics","floor":1.0},{"not_picked":["Quick Slash","Riddle With Holes"],"picked":"Blade Dance","floor":2.0},{"not_picked":["Prepared","Dagger Throw"],"picked":"Dash","floor":3.0},{"not_picked":["Outmaneuver","Dash"],"picked":"Footwork","floor":4.0},{"not_picked":["Setup","After Image"],"picked":"Dodge and Roll","floor":5.0},{"not_picked":["Noxious Fumes","Bane"],"picked":"Slice","floor":8.0},{"not_picked":["Heel Hook","PiercingWail"],"picked":"Cloak And Dagger","floor":12.0},{"not_picked":["Dash","Blade Dance"],"picked":"Deflect","floor":13.0},{"not_picked":["PiercingWail","Cloak And Dagger"],"picked":"Footwork","floor":14},{"not_picked":["Envenom","Venomology"],"picked":"Tools of the Trade","floor":16},{"not_picked":["Blade Dance","Outmaneuver"],"picked":"Endless Agony","floor":18},{"not_picked":["Caltrops+1","Flying Knee+1","Setup+1"],"picked":"Prepared","floor":22},{"not_picked":["Prepared","Predator","Dagger Spray"],"picked":"Crippling Poison","floor":24},{"not_picked":["Envenom","Slice+1","Dagger Throw"],"picked":"Adrenaline","floor":25},{"not_picked":["Dagger Throw","Crippling Poison","Calculated Gamble"],"picked":"Accuracy+1","floor":27},{"not_picked":["Masterful Stab+1","Infinite Blades","Prepared+1"],"picked":"Dodge and Roll","floor":31},{"not_picked":["A Thousand Cuts","Venomology","Unload"],"picked":"Burst","floor":33},{"not_picked":["Outmaneuver","Noxious Fumes+1","Escape Plan+1"],"picked":"Blur+1","floor":35},{"not_picked":["Dodge and Roll","Caltrops","Cloak And Dagger+1"],"picked":"Leg Sweep+1","floor":37},{"not_picked":["Unload","PiercingWail","Riddle With Holes+1"],"picked":"Footwork","floor":39},{"not_picked":["Concentrate","Tactician+1","Dodge and Roll+1","Endless Agony+1"],"picked":"SKIP","floor":40},{"not_picked":["Good Instincts","Panacea","Chrysalis"],"picked":"Master of Strategy","floor":42},{"not_picked":["Poisoned Stab+1","Slice+1","Flechettes+1","Bane"],"picked":"SKIP","floor":45},{"not_picked":["Eviscerate","Quick Slash","Sucker Punch","Noxious Fumes"],"picked":"SKIP","floor":46},{"not_picked":["Setup","Underhanded Strike","Bouncing Flask+1","Skewer"],"picked":"SKIP","floor":48}],"player_experience":106412,"relics_obtained":[{"floor":8.0,"key":"Unceasing Top"},{"floor":9.0,"key":"Letter Opener"},{"floor":12.0,"key":"TungstenRod"},{"floor":25,"key":"Boot"},{"floor":26,"key":"Happy Flower"},{"floor":40,"key":"Smiling Mask"},{"floor":43,"key":"Turnip"}],"event_choices":[{"damage_healed":0.0,"max_hp_gain":0.0,"max_hp_loss":0.0,"gold_gain":0.0,"event_name":"World of Goop","player_choice":"Left Gold","floor":7.0,"gold_loss":34.0,"damage_taken":0.0},{"damage_healed":23.0,"max_hp_gain":0.0,"max_hp_loss":0.0,"gold_gain":0.0,"event_name":"Big Fish","player_choice":"Banana","floor":11.0,"gold_loss":0.0,"damage_taken":0.0},{"damage_healed":0,"gold_gain":0,"player_choice":"Shed Blood","damage_taken":18,"max_hp_gain":5,"max_hp_loss":0,"event_name":"Forgotten Altar","floor":19,"gold_loss":0},{"damage_healed":0,"gold_gain":0,"player_choice":"Copied","damage_taken":0,"max_hp_gain":0,"max_hp_loss":0,"event_name":"Duplicator","floor":21,"gold_loss":0,"cards_obtained":["Footwork"]},{"damage_healed":0,"gold_gain":0,"player_choice":"Ignored","damage_taken":0,"max_hp_gain":0,"max_hp_loss":0,"event_name":"Vampires","floor":29,"gold_loss":0},{"damage_healed":19,"gold_gain":0,"player_choice":"Writhe","damage_taken":0,"max_hp_gain":0,"max_hp_loss":0,"event_name":"Winding Halls","floor":36,"gold_loss":0,"cards_obtained":["Writhe"]},{"damage_healed":0,"gold_gain":0,"player_choice":"Memory 1","damage_taken":0,"max_hp_gain":0,"max_hp_loss":0,"event_name":"SensoryStone","floor":42,"gold_loss":0},{"damage_healed":0,"gold_gain":0,"cards_transformed":["Strike_G"],"player_choice":"Transformed","damage_taken":0,"max_hp_gain":0,"max_hp_loss":0,"event_name":"Transmorgrifier","floor":44,"gold_loss":0,"cards_obtained":["Setup"]}],"is_beta":false,"boss_relics":[{"not_picked":["Cursed Key","Ectoplasm"],"picked":"WristBlade"},{"not_picked":["Snecko Eye","Runic Dome"],"picked":"Astrolabe"}],"items_purged_floors":[20],"is_endless":false,"potions_floor_spawned":[4,8,14,16,18,22,24,31,37,39,45],"killed_by":"Time Eater","ascension_level":9}}