{"host":"gg","time":1612598922,"event":{"mods":["BaseMod","Colored Map","Googly Eyes","Minty Spire (QoL Compilation)","Permanent Neow","Relic Stats","The IronCluck"],"gold_per_floor":[113,132,232,242,252,282,295,295,341,366,384,415,42,53,53,127,127,138,157,72,72,83,83,83,83],"floor_reached":24,"language":"ENG","playtime":1427,"items_purged":[],"score":440,"play_id":"44915d86-104c-4b45-9af2-d3f492664870","local_time":"20210206000842","is_ascension_mode":true,"campfire_choices":[{"data":"Eruption","floor":8.0,"key":"SMITH"},{"data":"Apotheosis","floor":15.0,"key":"SMITH"},{"floor":23,"key":"REST"}],"circlet_count":0,"master_deck":["AscendersBane","Strike_P","Strike_P+1","Strike_P","Strike_P","Defend_P","Defend_P","Defend_P","Defend_P+1","Eruption+1","Vigilance","Wallop","SashWhip","EmptyFist","WaveOfTheHand","CrushJoints","Sanctity","Ragnarok+1","MentalFortress","Consecrate","Apotheosis+1","LessonLearned","DevaForm","Halt","Indignation+1"],"relics":["Runic Pyramid","Blood Vial","White Beast Statue","Centennial Puzzle","ClockworkSouvenir","Black Star","StrikeDummy"],"acts_visited":["Exordium","TheCity"],"potions_floor_usage":[18,19,19,19,22,24,24],"damage_taken":[{"damage":4.0,"enemies":"Jaw Worm","floor":1.0,"turns":2.0},{"damage":0.0,"enemies":"Cultist","floor":2.0,"turns":3.0},{"damage":0.0,"enemies":"2 Louse","floor":4.0,"turns":2.0},{"damage":3.0,"enemies":"Looter","floor":5.0,"turns":3.0},{"damage":24.0,"enemies":"Gremlin Nob","floor":6.0,"turns":4.0},{"damage":0.0,"enemies":"Blue Slaver","floor":7.0,"turns":3.0},{"damage":12.0,"enemies":"3 Sentries","floor":10.0,"turns":9.0},{"damage":11.0,"enemies":"3 Louse","floor":11.0,"turns":3.0},{"damage":3.0,"enemies":"Lagavulin","floor":12.0,"turns":7.0},{"damage":2.0,"enemies":"Large Slime","floor":14.0,"turns":4.0},{"damage":10.0,"enemies":"Hexaghost","floor":16.0,"turns":8.0},{"damage":36,"enemies":"Shell Parasite","floor":18,"turns":6},{"damage":6,"enemies":"Spheric Guardian","floor":19,"turns":4},{"damage":8,"enemies":"Centurion and Healer","floor":22,"turns":6},{"damage":44,"enemies":"Gremlin Leader","floor":24,"turns":5}],"seed_played":"-7084144243485161928","potions_obtained":[{"floor":1.0,"key":"EssenceOfSteel"},{"floor":5.0,"key":"EssenceOfSteel"},{"floor":10.0,"key":"LiquidMemories"},{"floor":11.0,"key":"EntropicBrew"},{"floor":12.0,"key":"SpeedPotion"},{"floor":14.0,"key":"Weak Potion"},{"floor":16.0,"key":"PowerPotion"},{"floor":18,"key":"SpeedPotion"},{"floor":19,"key":"SteroidPotion"},{"floor":22,"key":"PowerPotion"}],"is_trial":false,"path_per_floor":["M","M","?","M","M","E","M","R","T","E","M","E","$","M","R","B",null,"M","M","?","$","M","R","E"],"character_chosen":"WATCHER","items_purchased":["ClockworkSouvenir","Apotheosis"],"campfire_rested":1,"item_purchase_floors":[13,13],"current_hp_per_floor":[57,57,57,57,54,30,32,32,32,22,13,12,12,12,12,4,52,18,14,14,14,8,28,0,0],"gold":83,"neow_bonus":"BOSS_RELIC","is_daily":false,"chose_seed":false,"campfire_upgraded":2,"win_rate":0.0,"timestamp":1612598922,"path_taken":["M","M","?","?","M","E","?","R","T","E","M","E","$","M","R","BOSS","M","M","?","$","M","R","E"],"items_purchased_type":["Relic","Card"],"build_version":"2020-12-18","purchased_purges":0,"victory":false,"max_hp_per_floor":[68,68,68,68,68,68,68,68,68,68,68,68,68,68,68,68,68,68,68,68,68,68,68,68,68],"relic_stats":{"Blood Vial":20,"Centennial Puzzle":[18],"counters":[15,69],"Black Star":0,"obtain_stats":[{"Blood Vial":6,"Centennial Puzzle":12,"Black Star":17,"PureWater":0,"StrikeDummy":20,"White Beast Statue":10,"Runic Pyramid":0,"ClockworkSouvenir":13},{"Blood Vial":5,"Centennial Puzzle":9,"Black Star":11,"PureWater":0,"StrikeDummy":13,"White Beast Statue":7,"Runic Pyramid":0,"ClockworkSouvenir":9},{"Blood Vial":14,"Centennial Puzzle":36,"Black Star":48,"PureWater":0,"StrikeDummy":58,"White Beast Statue":26,"Runic Pyramid":0,"ClockworkSouvenir":36}]},"card_choices":[{"not_picked":["EmptyBody","FearNoEvil"],"picked":"Wallop","floor":1.0},{"not_picked":["FollowUp","Wireheading"],"picked":"SashWhip","floor":2.0},{"not_picked":["BattleHymn","Protect"],"picked":"EmptyFist","floor":4.0},{"not_picked":["EmptyBody","Wireheading"],"picked":"WaveOfTheHand","floor":5.0},{"not_picked":["EmptyFist","Study"],"picked":"CrushJoints","floor":6.0},{"not_picked":["Worship","CarveReality"],"picked":"Sanctity","floor":7.0},{"not_picked":["Study","Prostrate"],"picked":"Ragnarok","floor":10.0},{"not_picked":["BowlingBash","Wireheading"],"picked":"MentalFortress","floor":11.0},{"not_picked":["ClearTheMind","EmptyBody"],"picked":"Consecrate","floor":12.0},{"not_picked":["Consecrate","CrushJoints"],"picked":"LessonLearned","floor":14.0},{"not_picked":["Brilliance","Ragnarok"],"picked":"DevaForm","floor":16.0},{"not_picked":["Protect","ForeignInfluence","CarveReality"],"picked":"SKIP","floor":18},{"not_picked":["BattleHymn","ThirdEye"],"picked":"Halt","floor":19},{"not_picked":["Consecrate","Swivel"],"picked":"Indignation+1","floor":22}],"player_experience":1305203,"relics_obtained":[{"floor":6.0,"key":"Blood Vial"},{"floor":10.0,"key":"White Beast Statue"},{"floor":12.0,"key":"Centennial Puzzle"}],"event_choices":[{"damage_healed":0.0,"max_hp_gain":0.0,"max_hp_loss":0.0,"gold_gain":100.0,"event_name":"Wheel of Change","player_choice":"Gold","floor":3.0,"gold_loss":0.0,"damage_taken":0.0},{"damage_healed":0,"gold_gain":0,"player_choice":"Obtained Relic","damage_taken":0,"relics_obtained":["StrikeDummy"],"max_hp_gain":0,"max_hp_loss":0,"event_name":"Addict","floor":20,"gold_loss":85}],"is_beta":true,"boss_relics":[{"not_picked":["Sozu","Velvet Choker"],"picked":"Black Star"}],"items_purged_floors":[],"is_endless":false,"potions_floor_spawned":[1,5,10,11,12,14,16,18,19,22],"killed_by":"Gremlin Leader","ascension_level":20}}