{"host":"mo4d2vii2wc3uyp7","time":1612600031,"event":{"mods":["AchievementEnabler","BaseMod","Colored Map","Highlight Path","Keyboard Shortcuts","Minty Spire (QoL Compilation)","Permanent Neow","Quick Restart","Shop Mod","StSLib","SuperFastMode","everything is the same but u backflip on backflip"],"gold_per_floor":[117,128,142,142,159,159,186,186,239,250,200,225,225,0,0,0,0],"floor_reached":16,"language":"KOR","playtime":900,"items_purged":["Defend_G"],"score":165,"play_id":"a4206b2b-071f-4961-aad2-e83503d6d3e2","local_time":"20210206172711","is_ascension_mode":true,"campfire_choices":[{"data":"Neutralize","floor":6.0,"key":"SMITH"},{"floor":8,"key":"REST"},{"floor":13,"key":"REST"},{"data":"Prepared","floor":15,"key":"SMITH"}],"circlet_count":0,"master_deck":["AscendersBane","Strike_G+1","Strike_G","Strike_G","Strike_G","Defend_G","Defend_G","Defend_G","Defend_G","Survivor+1","Neutralize+1","Dagger Spray+1","Backflip","Masterful Stab+1","Dagger Throw","Cloak And Dagger","Prepared+1","Dash"],"relics":["Ring of the Snake","Anchor","Singing Bowl","Snake Skull","Whetstone","Orichalcum"],"acts_visited":["Exordium"],"potions_floor_usage":[7,16],"damage_taken":[{"damage":3.0,"enemies":"2 Louse","floor":1.0,"turns":3.0},{"damage":6.0,"enemies":"Jaw Worm","floor":2.0,"turns":4.0},{"damage":0.0,"enemies":"Small Slimes","floor":3.0,"turns":2.0},{"damage":13.0,"enemies":"Exordium Wildlife","floor":5.0,"turns":7.0},{"damage":17,"enemies":"Lagavulin","floor":7,"turns":8},{"damage":0,"enemies":"Large Slime","floor":10,"turns":4},{"damage":30,"enemies":"Gremlin Nob","floor":12,"turns":5},{"damage":30,"enemies":"Hexaghost","floor":16,"turns":14}],"seed_played":"-1492059701304332348","potions_obtained":[{"floor":2.0,"key":"Fire Potion"},{"floor":3.0,"key":"Dexterity Potion"},{"floor":12,"key":"Block Potion"}],"is_trial":false,"path_per_floor":["M","M","M","?","M","R","E","R","T","M","?","E","R","$","R","B"],"character_chosen":"THE_SILENT","items_purchased":["Orichalcum"],"campfire_rested":2,"item_purchase_floors":[14],"current_hp_per_floor":[60,54,54,40,27,27,10,31,31,31,31,1,22,22,22,0,0],"gold":0,"neow_bonus":"RANDOM_COMMON_RELIC","is_daily":false,"chose_seed":false,"campfire_upgraded":2,"win_rate":0.0,"timestamp":1612600031,"path_taken":["M","M","M","?","M","R","E","R","T","M","?","E","R","$","R","BOSS"],"items_purchased_type":["Relic"],"build_version":"2020-12-22","purchased_purges":1,"victory":false,"max_hp_per_floor":[70,70,70,70,70,70,70,70,70,70,70,70,70,70,70,70,70],"card_choices":[{"not_picked":["Outmaneuver","Flechettes"],"picked":"Dagger Spray","floor":1.0},{"not_picked":["Acrobatics","Accuracy"],"picked":"Backflip","floor":2.0},{"not_picked":["Acrobatics","Terror"],"picked":"Masterful Stab","floor":3.0},{"not_picked":["Crippling Poison","Bane"],"picked":"Dagger Throw","floor":5.0},{"not_picked":["Deflect","Masterful Stab"],"picked":"Cloak And Dagger","floor":7},{"not_picked":["Accuracy","Dodge and Roll"],"picked":"Prepared","floor":10},{"not_picked":["Setup","Poisoned Stab"],"picked":"Dash","floor":12}],"player_experience":603381,"relics_obtained":[{"floor":7,"key":"Singing Bowl"},{"floor":9,"key":"Snake Skull"},{"floor":12,"key":"Whetstone"}],"event_choices":[{"damage_healed":0.0,"max_hp_gain":0.0,"max_hp_loss":0.0,"gold_gain":0.0,"event_name":"Shining Light","player_choice":"Entered Light","floor":4.0,"gold_loss":0.0,"damage_taken":14.0,"cards_upgraded":["Survivor","Masterful Stab"]},{"cards_removed":["Strike_G"],"damage_healed":0,"gold_gain":0,"player_choice":"Card Removal","damage_taken":0,"max_hp_gain":0,"max_hp_loss":0,"event_name":"The Cleric","floor":11,"gold_loss":50}],"is_beta":false,"boss_relics":[],"items_purged_floors":[14],"is_endless":false,"potions_floor_spawned":[2,3,12],"killed_by":"Hexaghost","ascension_level":10}}