{"host":"0ueeacaatm8t6jyh","time":1612615150,"event":{"mods":["AchievementEnabler","BaseMod","Colored Powertips","Minty Spire (QoL Compilation)","Quick Restart","Rare Cards Sparkle","Shop Mod","StSLib"],"gold_per_floor":[113,128,128,53,68,68,94,113,113,38,58,58,70,103,103,103,182,182,198,98,112,112,127,147,147,179,198,222,222,222,222,253,253,266,297,307,127,127,127,199,249,268,118,138,138,138,138,165,165,165,199,223,223,241,241,286,304,304,304,304],"floor_reached":61,"language":"ZHS","playtime":2124,"items_purged":["Strike_P","Strike_P","Conclude","Defend_P"],"score":1857,"play_id":"49a24004-c65c-40a3-8b6e-c22ac6c2e913","local_time":"20210206203910","is_ascension_mode":true,"campfire_choices":[{"data":"Eruption","floor":6.0,"key":"SMITH"},{"floor":15.0,"key":"REST"},{"data":"TalkToTheHand","floor":16.0,"key":"SMITH"},{"data":"Adaptation","floor":25.0,"key":"SMITH"},{"data":"Scrawl","floor":30.0,"key":"SMITH"},{"floor":33.0,"key":"REST"},{"data":"DeusExMachina","floor":38.0,"key":"SMITH"},{"data":"FollowUp","floor":39.0,"key":"SMITH"},{"data":"Madness","floor":49.0,"key":"SMITH"},{"data":"Madness","floor":53.0,"key":"SMITH"},{"data":"Brilliance","floor":55.0,"key":"SMITH"},{"data":"Indignation","floor":58,"key":"SMITH"},{"floor":59,"key":"REST"}],"circlet_count":0,"master_deck":["AscendersBane","Strike_P","Eruption+1","Vigilance","TalkToTheHand+1","FlurryOfBlows","InnerPeace+1","DeusExMachina+1","ClearTheMind","FlurryOfBlows","Scrawl+1","Adaptation+1","FollowUp+1","Blasphemy","Madness+1","Madness+1","Brilliance+1","MentalFortress+1","Indignation+1","Halt"],"relics":["PureWater","Shuriken","Unceasing Top","FossilizedHelix","Runic Pyramid","Turnip","Pen Nib","Frozen Egg 2","White Beast Statue","Akabeko","Tiny House","Bottled Tornado","Mercury Hourglass","Lantern","Dead Branch"],"acts_visited":["Exordium","TheCity","TheBeyond"],"potions_floor_usage":[56,60,60],"damage_taken":[{"damage":0.0,"enemies":"2 Louse","floor":1.0,"turns":3.0},{"damage":7.0,"enemies":"Jaw Worm","floor":2.0,"turns":4.0},{"damage":0.0,"enemies":"Cultist","floor":5.0,"turns":4.0},{"damage":15.0,"enemies":"Lagavulin","floor":7.0,"turns":7.0},{"damage":0.0,"enemies":"Lots of Slimes","floor":8.0,"turns":2.0},{"damage":6.0,"enemies":"Large Slime","floor":11.0,"turns":3.0},{"damage":28.0,"enemies":"Exordium Wildlife","floor":13.0,"turns":5.0},{"damage":0.0,"enemies":"Gremlin Nob","floor":14.0,"turns":3.0},{"damage":0.0,"enemies":"Slime Boss","floor":17.0,"turns":5.0},{"damage":6.0,"enemies":"Chosen","floor":19.0,"turns":2.0},{"damage":0.0,"enemies":"3 Byrds","floor":21.0,"turns":2.0},{"damage":0.0,"enemies":"Centurion and Healer","floor":23.0,"turns":3.0},{"damage":0.0,"enemies":"Snake Plant","floor":24.0,"turns":2.0},{"damage":0.0,"enemies":"Book of Stabbing","floor":26.0,"turns":3.0},{"damage":0.0,"enemies":"3 Cultists","floor":27.0,"turns":4.0},{"damage":6.0,"enemies":"Gremlin Leader","floor":32.0,"turns":3.0},{"damage":0.0,"enemies":"Cultist and Chosen","floor":34.0,"turns":3.0},{"damage":0.0,"enemies":"Book of Stabbing","floor":35.0,"turns":2.0},{"damage":0.0,"enemies":"Snecko","floor":36.0,"turns":2.0},{"damage":0.0,"enemies":"Collector","floor":40.0,"turns":3.0},{"damage":0.0,"enemies":"Orb Walker","floor":42.0,"turns":2.0},{"damage":0.0,"enemies":"3 Shapes","floor":44.0,"turns":1.0},{"damage":11.0,"enemies":"Nemesis","floor":48.0,"turns":3.0},{"damage":0.0,"enemies":"Giant Head","floor":51.0,"turns":3.0},{"damage":0.0,"enemies":"Transient","floor":54.0,"turns":5.0},{"damage":8,"enemies":"2 Orb Walkers","floor":56,"turns":3},{"damage":0,"enemies":"Sphere and 2 Shapes","floor":57,"turns":2},{"damage":36,"enemies":"Donu and Deca","floor":60,"turns":3}],"seed_played":"3617807896512354506","potions_obtained":[{"floor":2.0,"key":"Explosive Potion"},{"floor":8.0,"key":"Fruit Juice"},{"floor":11.0,"key":"DuplicationPotion"},{"floor":24.0,"key":"SkillPotion"},{"floor":26.0,"key":"Explosive Potion"},{"floor":27.0,"key":"DistilledChaos"},{"floor":34.0,"key":"LiquidMemories"},{"floor":35.0,"key":"AttackPotion"},{"floor":46.0,"key":"PowerPotion"},{"floor":54.0,"key":"ColorlessPotion"},{"floor":56,"key":"StancePotion"}],"is_trial":false,"path_per_floor":["M","M","?","$","M","R","E","M","T","?","M","$","M","E","R","R","B",null,"M","$","M","$","M","M","R","E","M","T","T","R","?","E","R","M","E","M","$","R","R","B",null,"M","$","M","?","?","$","E","R","$","E","T","R","M","R","?","M","R","R","B",null],"character_chosen":"WATCHER","items_purchased":["FollowUp"],"campfire_rested":3,"item_purchase_floors":[37],"current_hp_per_floor":[61,54,47,47,47,47,32,37,37,37,31,31,3,3,23,23,23,56,50,50,50,50,50,50,50,50,50,50,50,50,32,26,47,47,47,47,47,47,47,47,71,71,71,71,57,57,57,46,46,46,46,46,46,46,46,38,38,38,61,25],"gold":304,"neow_bonus":"REMOVE_TWO","is_daily":false,"chose_seed":false,"campfire_upgraded":10,"win_rate":0.0,"timestamp":1612615150,"path_taken":["M","M","?","$","M","R","E","M","T","?","M","?","?","E","R","R","BOSS","M","?","M","$","M","M","R","E","M","T","T","R","?","E","R","M","E","M","?","R","R","BOSS","M","$","M","?","?","$","E","R","$","E","T","R","?","R","?","M","R","R","BOSS"],"items_purchased_type":["Card"],"build_version":"2020-12-22","purchased_purges":4,"victory":true,"max_hp_per_floor":[62,62,62,62,62,62,62,67,67,67,67,67,67,67,67,67,67,67,67,67,67,67,67,67,67,67,67,67,67,67,72,72,72,72,72,72,72,72,72,72,77,77,77,77,77,77,77,77,77,77,77,77,77,77,77,77,77,77,77,77],"card_choices":[{"not_picked":["CutThroughFate","Vengeance"],"picked":"TalkToTheHand","floor":1.0},{"not_picked":["Fasting2","Prostrate"],"picked":"FlurryOfBlows","floor":2.0},{"not_picked":["ThirdEye","Consecrate","Prostrate"],"picked":"SKIP","floor":5.0},{"not_picked":["EmptyBody","Prostrate"],"picked":"InnerPeace","floor":7.0},{"not_picked":["BowlingBash","Vengeance"],"picked":"DeusExMachina","floor":8.0},{"not_picked":["EmptyBody","JustLucky"],"picked":"ClearTheMind","floor":11.0},{"not_picked":["Evaluate","EmptyFist"],"picked":"Conclude","floor":13.0},{"not_picked":["Conclude","Sanctity"],"picked":"FlurryOfBlows","floor":14.0},{"not_picked":["Ragnarok","ConjureBlade"],"picked":"Scrawl","floor":17.0},{"not_picked":["Nirvana","InnerPeace"],"picked":"Adaptation","floor":19.0},{"not_picked":["Consecrate","SashWhip+1","EmptyFist"],"picked":"SKIP","floor":21.0},{"not_picked":["EmptyBody","Protect","FlyingSleeves"],"picked":"SKIP","floor":23.0},{"not_picked":["WindmillStrike","EmptyBody+1","SashWhip"],"picked":"SKIP","floor":24.0},{"not_picked":["Protect","EmptyBody","CutThroughFate"],"picked":"SKIP","floor":26.0},{"not_picked":["DeceiveReality","CrushJoints","FearNoEvil"],"picked":"SKIP","floor":27.0},{"not_picked":["Sanctity","BattleHymn+1","WaveOfTheHand"],"picked":"SKIP","floor":32.0},{"not_picked":["FlyingSleeves","Wireheading+1","SashWhip+1"],"picked":"SKIP","floor":34.0},{"not_picked":["InnerPeace","Judgement","WindmillStrike"],"picked":"SKIP","floor":35.0},{"not_picked":["InnerPeace","Judgement","WindmillStrike"],"picked":"SKIP","floor":35.0},{"not_picked":["SashWhip","Protect","FlyingSleeves"],"picked":"SKIP","floor":36.0},{"not_picked":["DeusExMachina","Alpha"],"picked":"Blasphemy","floor":40.0},{"not_picked":["PathToVictory","EmptyBody+1","Worship"],"picked":"SKIP","floor":42.0},{"not_picked":["BowlingBash","Worship","Evaluate"],"picked":"SKIP","floor":44.0},{"not_picked":["Prostrate","BattleHymn+1"],"picked":"Brilliance","floor":48.0},{"not_picked":["EmptyBody","Establishment+1"],"picked":"MentalFortress+1","floor":51.0},{"not_picked":["CutThroughFate","FlyingSleeves+1","Crescendo"],"picked":"SKIP","floor":54.0},{"not_picked":["InnerPeace","CarveReality"],"picked":"Indignation","floor":56},{"not_picked":["Sanctity","SashWhip"],"picked":"Halt","floor":57}],"player_experience":502159,"relics_obtained":[{"floor":7.0,"key":"Shuriken"},{"floor":9.0,"key":"Unceasing Top"},{"floor":14.0,"key":"FossilizedHelix"},{"floor":26.0,"key":"Turnip"},{"floor":28.0,"key":"Pen Nib"},{"floor":29.0,"key":"Frozen Egg 2"},{"floor":32.0,"key":"White Beast Statue"},{"floor":35.0,"key":"Akabeko"},{"floor":48.0,"key":"Bottled Tornado"},{"floor":51.0,"key":"Mercury Hourglass"},{"floor":52.0,"key":"Lantern"},{"floor":56,"key":"Dead Branch"}],"event_choices":[{"cards_removed":["Defend_P"],"damage_healed":0.0,"max_hp_gain":0.0,"max_hp_loss":0.0,"gold_gain":0.0,"event_name":"Golden Wing","player_choice":"Card Removal","floor":3.0,"gold_loss":0.0,"damage_taken":7.0},{"cards_removed":["Defend_P"],"damage_healed":0.0,"max_hp_gain":0.0,"max_hp_loss":0.0,"gold_gain":0.0,"event_name":"The Cleric","player_choice":"Card Removal","floor":10.0,"gold_loss":75.0,"damage_taken":0.0},{"damage_healed":0.0,"max_hp_gain":5.0,"max_hp_loss":0.0,"gold_gain":0.0,"event_name":"Forgotten Altar","player_choice":"Shed Blood","floor":31.0,"gold_loss":0.0,"damage_taken":23.0},{"damage_healed":0.0,"max_hp_gain":0.0,"max_hp_loss":0.0,"gold_gain":0.0,"event_name":"Winding Halls","player_choice":"Embrace Madness","floor":45.0,"gold_loss":0.0,"damage_taken":14.0,"cards_obtained":["Madness","Madness"]},{"damage_healed":0.0,"max_hp_gain":0.0,"max_hp_loss":0.0,"gold_gain":0.0,"event_name":"Lab","player_choice":"Got Potions","floor":46.0,"gold_loss":0.0,"damage_taken":0.0},{"damage_healed":0,"gold_gain":0,"player_choice":"Fight","damage_taken":0,"max_hp_gain":0,"max_hp_loss":0,"event_name":"Mysterious Sphere","floor":56,"gold_loss":0}],"is_beta":false,"boss_relics":[{"not_picked":["Calling Bell","Runic Dome"],"picked":"Runic Pyramid"},{"not_picked":["Snecko Eye","Velvet Choker"],"picked":"Tiny House"}],"items_purged_floors":[4,20,37,43],"is_endless":false,"potions_floor_spawned":[2,8,11,24,26,27,32,34,35,36,40,42,44,48,51,54,56,57],"ascension_level":16}}