{"host":"Black","time":1612613861,"event":{"mods":["Act Like it!","Always Whale","AlwaysNeverKeys","Aspiration","BaseMod","Beta Mode","BetterRewards","Colored Map","Colored Powertips","Custom Start","DeckTracker","Downfall","FetchMod","Highlight Path","Hubris","Minty Spire (QoL Compilation)","MoreRelics","Quick Restart","Random Character Button","Shop Mod","StSLib","SuperFastMode","Unceasing Turn Reminder","everything is the same but u backflip on backflip"],"gold_per_floor":[99,117,117,117,134,144,194,209,209,219,219,252,14,34,51,147,147,147,160,45,56,71,71,71,71,89,89,101,134,150,100,118,219,219,219,235,283,298,322,322,322,322,338,438,455,471,771,68,81,81],"floor_reached":51,"language":"ENG","playtime":3162,"items_purged":["Slimebound:Strike_Slimebound","Slimebound:Strike_Slimebound","Slimebound:Strike_Slimebound","Slimebound:Tackle"],"score":706,"play_id":"5884e332-740f-44e8-b20a-3386252ee12d","local_time":"20210206131741","is_ascension_mode":true,"campfire_choices":[{"data":"Slimebound:CheckThePlaybook","floor":1,"key":"SMITH"},{"data":"Slimebound:Gluttony","floor":9,"key":"SMITH"},{"data":"Slimebound:LivingWall","floor":11,"key":"SMITH"},{"data":"Slimebound:RollThrough","floor":18,"key":"SMITH"},{"data":"Slimebound:AcidTongue","floor":23,"key":"SMITH"},{"data":"Slimebound:CorrosiveSpit","floor":25,"key":"SMITH"},{"data":"Slimebound:OozeBath","floor":27,"key":"SMITH"},{"data":"Slimebound:GoopSpray","floor":35,"key":"SMITH"},{"data":"Coolheaded","floor":42,"key":"SMITH"},{"data":"Slimebound:ItLooksTasty","floor":47,"key":"SMITH"}],"circlet_count":0,"master_deck":["Slimebound:Defend_Slimebound","Slimebound:Defend_Slimebound","Slimebound:Defend_Slimebound","Slimebound:Defend_Slimebound","Slimebound:Split","Slimebound:CorrosiveSpit+1","Slimebound:CheckThePlaybook+1","Slimebound:GoopSpray+1","Slimebound:Gluttony+1","Slimebound:LeechingTouch","Slimebound:TongueLash","Slimebound:LivingWall+1","Slimebound:Repurpose","Slimebound:AcidTongue+1","Slimebound:RollThrough+1","Slimebound:OozeBath+1","Slimebound:SplitMire+1","Slimebound:LevelUp+1","Slimebound:ItLooksTasty+1","Slimebound:SlimeSpikes+1","Slimebound:GoopSpray+1","Slimebound:LeechEnergy+1","Slimebound:LeechLife","Slimebound:LeadByExample+1","Coolheaded+1","Go for the Eyes+1","Slimebound:SlimeTap","Slimebound:GoopSpray+1","Slimebound:SplitLeeching+1","Redo+1","Skim","Slimebound:LeadByExample","Slimebound:SlimeTap+1"],"relics":["Slimebound:AbsorbEndCombat","Centennial Puzzle","Gremlin Horn","Juzu Bracelet","Coffee Dripper","aspiration:FetidBarrel","Shuriken","aspiration:DefectSkillbook","Lizard Tail","Bag of Marbles","hubris:Towel","aspiration:HiddenCompartment","downfall:GremlinWheel","aspiration:StickyExplosives_weak","Medical Kit"],"acts_visited":["Exordium","TheCity","TheBeyond"],"potions_floor_usage":[19,22,29,29,29,30,37,37,50,50,50,50,50,50],"damage_taken":[{"damage":2,"enemies":"Jaw Worm","floor":2,"turns":2},{"damage":0,"enemies":"2 Louse","floor":5,"turns":3},{"damage":4,"enemies":"Cultist","floor":6,"turns":4},{"damage":3,"enemies":"Exordium Thugs","floor":8,"turns":3},{"damage":14,"enemies":"Red Slaver","floor":10,"turns":3},{"damage":17,"enemies":"Gremlin Nob","floor":12,"turns":4},{"damage":7,"enemies":"downfall:FleeingMerchant","floor":13,"turns":4},{"damage":10,"enemies":"Lots of Slimes","floor":14,"turns":2},{"damage":6,"enemies":"2 Fungi Beasts","floor":15,"turns":3},{"damage":19,"enemies":"SI_SHIV_ARCHETYPE","floor":16,"turns":7},{"damage":8,"enemies":"Spheric Guardian","floor":19,"turns":4},{"damage":3,"enemies":"downfall:FleeingMerchant","floor":20,"turns":4},{"damage":5,"enemies":"Shell Parasite","floor":21,"turns":4},{"damage":4,"enemies":"Snake Plant","floor":22,"turns":4},{"damage":17,"enemies":"Sentry and Sphere","floor":26,"turns":4},{"damage":7,"enemies":"Centurion and Healer","floor":28,"turns":5},{"damage":12,"enemies":"Slavers","floor":29,"turns":2},{"damage":9,"enemies":"3 Cultists","floor":30,"turns":3},{"damage":3,"enemies":"Cultist and Chosen","floor":32,"turns":3},{"damage":63,"enemies":"DF_ARCHETYPE_CLAW","floor":33,"turns":6},{"damage":12,"enemies":"3 Darklings","floor":36,"turns":3},{"damage":10,"enemies":"2 Orb Walkers","floor":37,"turns":4},{"damage":6,"enemies":"3 Shapes","floor":38,"turns":3},{"damage":1,"enemies":"downfall:FleeingMerchant","floor":39,"turns":3},{"damage":11,"enemies":"Spire Growth","floor":43,"turns":3},{"damage":0,"enemies":"Spire Growth","floor":44,"turns":3},{"damage":9,"enemies":"Sphere and 2 Shapes","floor":45,"turns":2},{"damage":1,"enemies":"Transient","floor":46,"turns":5},{"damage":0,"enemies":"Maw","floor":49,"turns":5},{"damage":43,"enemies":"WA_ARCHETYPE_DIVINITY","floor":50,"turns":6}],"seed_played":"6671823654801392459","potions_obtained":[{"floor":10,"key":"Dexterity Potion"},{"floor":14,"key":"Swift Potion"},{"floor":15,"key":"LiquidMemories"},{"floor":16,"key":"Block Potion"},{"floor":19,"key":"AttackPotion"},{"floor":28,"key":"sneckomod:MuddlingPotion"},{"floor":29,"key":"LiquidMemories"},{"floor":33,"key":"Swift Potion"},{"floor":36,"key":"FearPotion"},{"floor":43,"key":"EntropicBrew"},{"floor":44,"key":"BlessingOfTheForge"}],"is_trial":false,"path_per_floor":["R","M","?","?","M","M","T","M","R","M","R","E","$","M","M","B",null,"R","M","$","M","M","R","T","R","M","R","M","E","M","?","M","B",null,"R","M","?","M","$","?","T","R","M","?","M","M","R","$","M","B",null],"character_chosen":"SLIMEBOUND","items_purchased":["Juzu Bracelet","Slimebound:SlimeTap","Bag of Marbles","Skim","aspiration:StickyExplosives_weak","Medical Kit","FearPotion","Slimebound:LeadByExample"],"campfire_rested":0,"item_purchase_floors":[13,39,39,48,48,48,48,48],"current_hp_per_floor":[65,63,63,63,65,61,61,62,62,52,52,43,44,42,40,29,65,65,57,62,63,65,65,65,65,52,52,51,47,46,65,65,4,65,65,65,65,65,65,65,65,65,62,65,60,64,64,64,65,24],"gold":81,"neow_bonus":"ONE_RANDOM_RARE_CARD","is_daily":false,"chose_seed":false,"campfire_upgraded":10,"win_rate":0.0,"timestamp":1612613861,"path_taken":["R","M","?","?","M","M","T","M","R","M","R","E","$","M","M","BOSS","R","M","$","M","M","R","T","R","M","R","M","E","M","?","M","BOSS","R","M","?","M","$","?","T","R","M","?","M","M","R","$","M","BOSS"],"items_purchased_type":["Relic","Card","Relic","Card","Relic","Relic","Potion","Card"],"build_version":"2020-12-22","purchased_purges":4,"victory":true,"max_hp_per_floor":[65,65,65,65,65,65,65,65,65,65,65,65,65,65,65,65,65,65,65,65,65,65,65,65,65,65,65,65,65,65,65,65,65,65,65,65,65,65,65,65,65,65,65,65,65,65,65,65,65,65],"card_choices":[{"not_picked":["Slimebound:SpikyOuterGoop","Slimebound:FinishingTackle"],"picked":"Slimebound:GoopSpray","floor":2},{"not_picked":["Slimebound:FinishingTackle","Slimebound:Repurpose"],"picked":"Slimebound:Gluttony","floor":5},{"not_picked":["Slimebound:Gluttony","Slimebound:DisruptingSlam"],"picked":"Slimebound:LeechingTouch","floor":6},{"not_picked":["Slimebound:LeadByExample","Slimebound:FinishingTackle"],"picked":"Slimebound:TongueLash","floor":8},{"not_picked":["Slimebound:PressTheAttack","Slimebound:SplitAcid"],"picked":"Slimebound:LivingWall","floor":10},{"not_picked":["Slimebound:FormOfPuddle","Slimebound:GoopSpray","Slimebound:FinishingTackle"],"picked":"SKIP","floor":12},{"not_picked":["Slimebound:LivingWall","Slimebound:ViciousTackle"],"picked":"Slimebound:Repurpose","floor":13},{"not_picked":["Slimebound:SlimeBarrage","Slimebound:SplitMire"],"picked":"Slimebound:AcidTongue","floor":14},{"not_picked":["Slimebound:BestDefense","Slimebound:AcidTongue"],"picked":"Slimebound:RollThrough","floor":15},{"not_picked":["Slimebound:CheckThePlaybook","Slimebound:OneTwoCombo"],"picked":"Slimebound:OozeBath","floor":16},{"not_picked":["Slimebound:SplitBruiser+1","Slimebound:ForwardTackle+1"],"picked":"Slimebound:SplitMire+1","floor":19},{"not_picked":["Slimebound:Chomp+1","Slimebound:RallyTheTroops"],"picked":"Slimebound:LevelUp+1","floor":20},{"not_picked":["Slimebound:SplitMire","Slimebound:GoopSpray+1","Slimebound:SamplingLick"],"picked":"SKIP","floor":21},{"not_picked":["Slimebound:DivideAndConquer","Slimebound:Dissolve","Slimebound:GrowthPunch"],"picked":"SKIP","floor":22},{"not_picked":["Slimebound:DivideAndConquer","Slimebound:Dissolve","Slimebound:GrowthPunch"],"picked":"SKIP","floor":22},{"not_picked":["Slimebound:DivideAndConquer","Slimebound:Chomp"],"picked":"Slimebound:ItLooksTasty","floor":26},{"not_picked":["Slimebound:DisruptingSlam","Slimebound:RollThrough"],"picked":"Slimebound:SlimeSpikes+1","floor":28},{"not_picked":["Slimebound:RainOfGoop","Slimebound:Equalize","Slimebound:SlimeBrawl"],"picked":"SKIP","floor":29},{"not_picked":["Slimebound:FinishingTackle+1","Slimebound:LivingWall"],"picked":"Slimebound:GoopSpray","floor":30},{"not_picked":["Slimebound:SlimeSpikes","Slimebound:PressTheAttack"],"picked":"Slimebound:LeechEnergy+1","floor":32},{"not_picked":["Slimebound:CheckThePlaybook","Slimebound:Teamwork"],"picked":"Slimebound:LeechLife","floor":33},{"not_picked":["Slimebound:SplitMire+1","Leap","Slimebound:ItLooksTasty"],"picked":"Slimebound:LeadByExample+1","floor":36},{"not_picked":["Slimebound:LevelUp+1","Slimebound:ProtectTheBoss","Slimebound:GoopTackle"],"picked":"Coolheaded","floor":37},{"not_picked":["Slimebound:ProtectTheBoss","Slimebound:ViciousTackle+1","Sweeping Beam","Slimebound:Nibble"],"picked":"SKIP","floor":38},{"not_picked":["Slimebound:FormOfPuddle+1","Stack+1","Slimebound:ItLooksTasty"],"picked":"Go for the Eyes+1","floor":39},{"not_picked":["Steam","Ball Lightning+1","Streamline+1"],"picked":"Slimebound:GoopSpray+1","floor":43},{"not_picked":["Darkness+1","Stack","Slimebound:AcidTongue+1"],"picked":"Slimebound:SplitLeeching+1","floor":45},{"not_picked":["Undo+1","Slimebound:OneTwoCombo","Slimebound:RollThrough+1"],"picked":"Redo+1","floor":46},{"not_picked":["Slimebound:Repurpose+1","Slimebound:Chomp+1","hubris:Ukulele"],"picked":"Slimebound:SlimeTap+1","floor":49}],"player_experience":484125,"relics_obtained":[{"floor":7,"key":"Centennial Puzzle"},{"floor":12,"key":"Gremlin Horn"},{"floor":24,"key":"aspiration:FetidBarrel"},{"floor":29,"key":"Shuriken"},{"floor":37,"key":"Lizard Tail"},{"floor":41,"key":"aspiration:HiddenCompartment"},{"floor":44,"key":"downfall:GremlinWheel"}],"event_choices":[{"damage_healed":0,"gold_gain":0,"player_choice":"Fight","damage_taken":0,"max_hp_gain":0,"max_hp_loss":0,"event_name":"Mysterious Sphere","floor":37,"gold_loss":0},{"damage_healed":0,"gold_gain":300,"player_choice":"Gold","damage_taken":0,"max_hp_gain":0,"max_hp_loss":0,"event_name":"Wheel of Change","floor":47,"gold_loss":0}],"is_beta":true,"boss_relics":[{"not_picked":["Astrolabe","Busted Crown"],"picked":"Coffee Dripper"},{"not_picked":["Runic Pyramid","Slimebound:AbsorbEndCombatUpgraded"],"picked":"aspiration:DefectSkillbook"}],"items_purged_floors":[13,20,39,48],"is_endless":false,"potions_floor_spawned":[10,14,15,16,19,28,29,33,36,43,44],"ascension_level":1}}