{"host":"i9o3eksapkmftcbs","time":1612596401,"event":{"mods":["2.2 Compatiblity","AchievementEnabler","Act Like it!","Arknights","Bard","BaseMod","BetterRewards","Colored Map","Colored Powertips","Conspire","Duelist Mod","Halation","Hubris","Infinite Spire","Lobotomy","Minty Spire (QoL Compilation)","Rare Cards Sparkle","Reliquary","Robot Space Explorer","StSLib","The Blackbeard","The Clintock","The Dragon Tamer","The Mystic","Transform Curses"],"gold_per_floor":[115,129,129,140,1,30,47,47,47,67,67,67,67,94,94,191,191,205,218,218,236,27,27,27,27,27,27,40,40,40,54,54,149,149,165,165,180,180,180,180,197,197,197,228,255,255,268,279,279,290,290,290,0,46,81,81],"floor_reached":55,"language":"ENG","playtime":4265,"items_purged":["hubris:Compulsion"],"score":765,"play_id":"05aa2e98-023f-43ca-bd4e-7784361cf75e","local_time":"20210206012641","is_ascension_mode":true,"campfire_choices":[{"floor":8.0,"key":"REST"},{"floor":12.0,"key":"REST"},{"floor":15.0,"key":"REST"},{"floor":23.0,"key":"REST"},{"floor":27.0,"key":"REST"},{"data":"hubris:Rewind","floor":29.0,"key":"SMITH"},{"floor":32.0,"key":"REST"},{"floor":40.0,"key":"REST"},{"floor":42.0,"key":"REST"},{"floor":46.0,"key":"RECALL"},{"data":"hubris:InfiniteBlow+20","floor":49.0,"key":"SMITH"},{"data":"hubris:InfiniteBlow+21","floor":52.0,"key":"SMITH"}],"circlet_count":0,"master_deck":["bard:Riposte","bard:Inspire","bard:Solo","bard:CovetousAura+1","bard:SixFourTime","bard:ReverseGravity","bard:GuardPoint","bard:BucklerBash","bard:Rhapsody","bard:HarmoniousVoice","bard:PhantasmalForce","bard:Improv","bard:Focused","bard:SongBolt","bard:InspiringSong","bard:HarmoniousVoice","bard:Heroism","bard:Rhapsody","bard:TinyHut","bard:Shout+1","bard:HideousLaughter","bard:Solo","bard:SixFourTime","Mind Blast","hubris:Rewind+1","bard:Doot+1","bard:Solo","bard:Encore","bard:LingeringPerformance","hubris:InfiniteBlow+40","bard:LocateObject+1","Panacea","Sadistic Nature","Finesse","bard:Shout","bard:SplendidForm","bard:FirstStrike","bard:Flourish+1","bard:Fermata","bard:Shout","bard:Silence","hubris:DuctTapeCard"],"relics":["bard:PitchPipe","bard:BagPipes","Gambling Chip","hubris:Potato","Pocketwatch","halation:Toothbrush","Centennial Puzzle","Pandora\u0027s Box","halation:PinkSoulGem","Mummified Hand","reliquary:WritOfMandamus","conspire:SlowCooker","hubris:FruitBowl","hubris:SlimyHat","hubris:KleinBottle","conspire:GiftBox","halation:IllGainedPizza","reliquary:Buckler","hubris:DuctTape","infinitespire:FocusingShard"],"acts_visited":["Exordium","TheCity","TheBeyond","TheEnding"],"potions_floor_usage":[],"damage_taken":[{"damage":0.0,"enemies":"Small Slimes","floor":1.0,"turns":4.0},{"damage":23.0,"enemies":"infinitespire:Voidling","floor":2.0,"turns":5.0},{"damage":6.0,"enemies":"Jaw Worm","floor":4.0,"turns":3.0},{"damage":16.0,"enemies":"Gremlin Nob","floor":6.0,"turns":5.0},{"damage":19.0,"enemies":"2 Fungi Beasts","floor":7.0,"turns":5.0},{"damage":0.0,"enemies":"Lots of Slimes","floor":10.0,"turns":1.0},{"damage":18.0,"enemies":"Lagavulin","floor":14.0,"turns":9.0},{"damage":28.0,"enemies":"Hexaghost","floor":16.0,"turns":16.0},{"damage":14.0,"enemies":"2 Thieves","floor":18.0,"turns":3.0},{"damage":5.0,"enemies":"Shell Parasite","floor":19.0,"turns":8.0},{"damage":41.0,"enemies":"Sentry and Sphere","floor":21.0,"turns":11.0},{"damage":0.0,"enemies":"3 Cultists","floor":28.0,"turns":3.0},{"damage":15.0,"enemies":"Snecko","floor":31.0,"turns":5.0},{"damage":10.0,"enemies":"hubris:MusketHawk","floor":33.0,"turns":9.0},{"damage":15.0,"enemies":"Orb Walker","floor":35.0,"turns":3.0},{"damage":13.0,"enemies":"3 Darklings","floor":37.0,"turns":3.0},{"damage":5.0,"enemies":"Transient","floor":41.0,"turns":5.0},{"damage":0.0,"enemies":"Nemesis","floor":44.0,"turns":1.0},{"damage":0.0,"enemies":"conspire:MimicChest","floor":45.0,"turns":2.0},{"damage":0.0,"enemies":"Writhing Mass","floor":47.0,"turns":1.0},{"damage":0.0,"enemies":"Spire Growth","floor":48.0,"turns":1.0},{"damage":70.0,"enemies":"Awakened One","floor":50.0,"turns":7.0},{"damage":39.0,"enemies":"Shield and Spear","floor":54.0,"turns":6.0},{"damage":49,"enemies":"The Heart","floor":55,"turns":5}],"seed_played":"4255518145085043194","potions_obtained":[{"floor":4.0,"key":"FairyPotion"},{"floor":6.0,"key":"bard:InspiredBrew"},{"floor":14.0,"key":"SpeedPotion"},{"floor":16.0,"key":"ColorlessPotion"},{"floor":31.0,"key":"Energy Potion"},{"floor":33.0,"key":"Explosive Potion"},{"floor":37.0,"key":"Swift Potion"},{"floor":41.0,"key":"DuplicationPotion"},{"floor":47.0,"key":"Swift Potion"}],"is_trial":false,"path_per_floor":["M","M","?","M","$","E","M","R","T","M","?","R","?","E","R","B",null,"M","M","?","M","$","R","AVR","?","T","R","M","R","?","M","R","B",null,"M","$","M","?","?","R","M","R","T","E","?","R","M","M","R","B",null,"R","$","E","B"],"character_chosen":"BARD","items_purchased":["bard:ReverseGravity","bard:GuardPoint","bard:SixFourTime","Mind Blast","hubris:FruitBowl","hubris:SlimyHat","hubris:KleinBottle","hubris:DuctTape","bard:Shout"],"campfire_rested":8,"item_purchase_floors":[5,5,22,22,36,36,36,53,53],"current_hp_per_floor":[70,56,49,43,43,27,8,29,29,29,29,50,32,14,35,7,70,56,51,51,10,13,34,34,37,37,59,59,59,62,47,70,60,79,64,16,3,23,13,36,31,54,54,54,54,54,54,54,54,7,79,79,79,40,0,0],"gold":81,"neow_bonus":"ONE_RARE_RELIC","is_daily":false,"chose_seed":false,"campfire_upgraded":3,"win_rate":0.0,"timestamp":1612596401,"path_taken":["M","M","?","M","$","E","M","R","T","?","?","R","?","E","R","BOSS","M","M","?","M","$","R","AVR","?","T","R","M","R","?","M","R","BOSS","M","?","?","?","?","R","M","R","T","E","?","R","M","M","R","BOSS","R","$","E","BOSS"],"items_purchased_type":["Card","Card","Card","Card","Relic","Relic","Relic","Relic","Card"],"build_version":"2020-12-22","purchased_purges":1,"victory":false,"max_hp_per_floor":[70,70,70,70,70,70,70,70,70,70,70,70,70,70,70,70,70,70,70,70,70,73,73,73,76,76,76,76,76,79,79,79,79,79,79,79,79,79,79,79,79,79,79,79,79,79,79,79,79,79,79,79,79,79,79,79],"card_choices":[{"not_picked":["bard:Fermata","bard:Sift"],"picked":"bard:Solo","floor":1.0},{"not_picked":["bard:Fermata","bard:InspiringSong"],"picked":"bard:CovetousAura","floor":2.0},{"not_picked":["bard:InspiringSong","bard:Thunderwave"],"picked":"bard:SixFourTime","floor":4.0},{"not_picked":["bard:CuttingWords","bard:StudiedStrike"],"picked":"bard:BucklerBash","floor":6.0},{"not_picked":["bard:StudiedStrike","bard:FeastOnFear"],"picked":"bard:Rhapsody","floor":7.0},{"not_picked":["bard:SixFourTime","bard:Fermata"],"picked":"bard:HarmoniousVoice","floor":10.0},{"not_picked":["bard:ThickOfTheFight","bard:TinyHut"],"picked":"bard:PhantasmalForce","floor":14.0},{"not_picked":["bard:Haste","bard:Rhapsody"],"picked":"bard:Improv","floor":16.0},{"not_picked":["bard:FeastOnFear","bard:QuickSong"],"picked":"bard:Shout+1","floor":18.0},{"not_picked":["bard:Blink","bard:Fermata"],"picked":"bard:HideousLaughter","floor":19.0},{"not_picked":["bard:Fermata","bard:InspiringSong+1"],"picked":"bard:Solo","floor":21.0},{"not_picked":["bard:Thunderwave","bard:ThickOfTheFight"],"picked":"bard:Doot+1","floor":28.0},{"not_picked":["bard:Aphasia","bard:CuttingWords"],"picked":"bard:Solo","floor":31.0},{"not_picked":["bard:Haste","bard:PowerWordStun"],"picked":"bard:Encore","floor":33.0},{"not_picked":["bard:HideousLaughter+1","bard:CuttingWords"],"picked":"bard:LingeringPerformance","floor":35.0},{"not_picked":["infinitespire:TheBestDefense","hubris:Fate"],"picked":"hubris:InfiniteBlow+18","floor":36.0},{"not_picked":["bard:Thunderwave+1","bard:Parry"],"picked":"bard:LocateObject+1","floor":37.0},{"not_picked":["Impatience","Finesse"],"picked":"Panacea","floor":39.0},{"not_picked":["Secret Weapon","Magnetism"],"picked":"Sadistic Nature","floor":39.0},{"not_picked":["Trip","The Bomb"],"picked":"Finesse","floor":39.0},{"not_picked":["bard:BestowCurse","bard:LingeringPerformance"],"picked":"bard:Shout","floor":41.0},{"not_picked":["bard:Sonata","bard:DeathMetal"],"picked":"bard:SplendidForm","floor":43.0},{"not_picked":["bard:CuttingWords","bard:BucklerBash"],"picked":"bard:FirstStrike","floor":44.0},{"not_picked":["bard:Heroism+1","bard:Fermata+1"],"picked":"bard:Flourish+1","floor":45.0},{"not_picked":["bard:Greatness","bard:PhantasmalForce+1"],"picked":"bard:Fermata","floor":47.0},{"not_picked":["bard:Solo","bard:Demoralize"],"picked":"bard:MnemonicVestments","floor":48.0},{"not_picked":["bard:Gamble","bard:Thunderwave"],"picked":"bard:Silence","floor":54.0}],"player_experience":396155,"relics_obtained":[{"floor":6.0,"key":"hubris:Potato"},{"floor":9.0,"key":"Pocketwatch"},{"floor":14.0,"key":"Centennial Puzzle"},{"floor":43.0,"key":"conspire:GiftBox"},{"floor":44.0,"key":"halation:IllGainedPizza"},{"floor":45.0,"key":"reliquary:Buckler"},{"floor":54.0,"key":"infinitespire:FocusingShard"}],"event_choices":[{"damage_healed":0.0,"max_hp_gain":0.0,"max_hp_loss":0.0,"gold_gain":0.0,"event_name":"Wheel of Change","player_choice":"Damaged","floor":3.0,"gold_loss":0.0,"damage_taken":7.0},{"damage_healed":0.0,"max_hp_gain":0.0,"max_hp_loss":0.0,"gold_gain":0.0,"event_name":"Living Wall","player_choice":"Grow","floor":11.0,"gold_loss":0.0,"damage_taken":0.0,"cards_upgraded":["bard:CovetousAura"]},{"damage_healed":0.0,"max_hp_gain":0.0,"max_hp_loss":0.0,"gold_gain":0.0,"event_name":"Scrap Ooze","player_choice":"Success","floor":13.0,"gold_loss":0.0,"damage_taken":18.0,"relics_obtained":["halation:Toothbrush"]},{"cards_removed":["bard:PhantasmalForce"],"damage_healed":0.0,"max_hp_gain":0.0,"max_hp_loss":0.0,"gold_gain":0.0,"event_name":"Purifier","player_choice":"Purged","floor":30.0,"gold_loss":0.0,"damage_taken":0.0},{"damage_healed":20.0,"max_hp_gain":0.0,"max_hp_loss":0.0,"gold_gain":0.0,"event_name":"Winding Halls","player_choice":"Writhe","floor":38.0,"gold_loss":0.0,"damage_taken":0.0,"cards_obtained":["Writhe"]},{"damage_healed":0.0,"max_hp_gain":0.0,"max_hp_loss":0.0,"gold_gain":0.0,"event_name":"SensoryStone","player_choice":"Memory 3","floor":39.0,"gold_loss":0.0,"damage_taken":10.0}],"is_beta":false,"boss_relics":[{"not_picked":["reliquary:Ember","Sozu"],"picked":"Pandora\u0027s Box"},{"not_picked":["SlaversCollar","halation:MonkeysPaw"],"picked":"conspire:SlowCooker"}],"items_purged_floors":[22],"is_endless":false,"potions_floor_spawned":[4,6,14,16,31,33,37,41,47],"killed_by":"The Heart","ascension_level":1}}