{"host":"0cm5wy4nhuju7tij","time":1612651489,"event":{"mods":["100% Spire Juice","2.2 Compatiblity","AchievementEnabler","Aspiration","BaseMod","Better Third Choice","BetterRewards","CCEM2","CapriCore","Colored Powertips","Curses Come First","Displayed Cursed Tome","Downfall","Energized Spire","Evolution","Filter the Spire","Highlight Path","Jess\u0027s Bottle","Minty Spire (QoL Compilation)","Permanent Neow","Poor People Problems","Relic Filter Mod","Relic Stats","Shop Mod","Spicy Shops","StSLib","The Cursed","TheSurvivalist","Weighted Paths"],"gold_per_floor":[116,116,127,127,140,174,174,236,284,296,331,343,370,27,27,122,122,141,157,174,184,194,194,194],"floor_reached":23,"language":"ENG","playtime":1894,"items_purged":[],"score":371,"play_id":"7beb62bc-f590-4774-8187-9309604fdcd0","local_time":"20210206174449","is_ascension_mode":true,"campfire_choices":[{"floor":7,"key":"REST"},{"floor":15,"key":"REST"}],"circlet_count":0,"master_deck":["TheCursedMod:CleanUpWorkshop","TheCursedMod:CursedAmulet","TheCursedMod:HellfireBreathing","TheCursedMod:HellfireBreathing","TheCursedMod:SpitefulPlan","TheCursedMod:LuckyCharm+1","TheCursedMod:CursedSpellbook+1","TheCursedMod:NeowsMight","TheCursedMod:ParallelWorld+1","TheCursedMod:CircleOfAmplification","TheCursedMod:RapidMovement","TheCursedMod:SurpriseAttack","TheCursedMod:SpitefulStrike","TheCursedMod:CursedStaff","TheCursedMod:ShockAndAwe","Panache+1","TheCursedMod:WearCloak","Trip+1","TheCursedMod:BlessingInDisguise","Flash of Steel+1","TheCursedMod:WearCloak","TheCursedMod:VoidForm","TheCursedMod:HellfireBreathing","TheCursedMod:CollectTribute","TheCursedMod:CursedArmor","TheCursedMod:HellsGateOpen","TheCursedMod:CircleOfFocus+1","TheCursedMod:VoidForm","TheCursedMod:CursedArmor"],"relics":["TheCursedMod:BlackMagicAdvanced","EVO:Axolotl","aspiration:Nostalgia","champ:ChampionCrown","CCEMRelics:JestersCrown","CCEMRelics:PocketTank","CCEMRelics:FestiveHat","Potion Belt","PreservedInsect","Membership Card","CCEMRelics:PowerPill","Snecko Eye"],"acts_visited":["Exordium","TheCity"],"potions_floor_usage":[22,22,22,22],"damage_taken":[{"damage":0,"enemies":"Small Slimes","floor":1,"turns":1},{"damage":0,"enemies":"Jaw Worm","floor":3,"turns":2},{"damage":6,"enemies":"2 Louse","floor":5,"turns":2},{"damage":40,"enemies":"Lagavulin","floor":6,"turns":8},{"damage":10,"enemies":"3 Sentries","floor":8,"turns":3},{"damage":0,"enemies":"Large Slime","floor":10,"turns":2},{"damage":0,"enemies":"Gremlin Nob","floor":11,"turns":2},{"damage":8,"enemies":"Exordium Thugs","floor":12,"turns":2},{"damage":0,"enemies":"Lagavulin","floor":13,"turns":3},{"damage":20,"enemies":"Hexaghost","floor":16,"turns":5},{"damage":0,"enemies":"2 Thieves","floor":18,"turns":2},{"damage":2,"enemies":"Spheric Guardian","floor":19,"turns":3},{"damage":18,"enemies":"Chosen and Byrds","floor":20,"turns":4},{"damage":24,"enemies":"Snake Plant","floor":21,"turns":3},{"damage":13,"enemies":"Shelled Parasite and Fungi","floor":22,"turns":3},{"damage":3,"enemies":"Book of Stabbing","floor":23,"turns":1}],"seed_played":"-1788608788318989426","potions_obtained":[{"floor":1,"key":"SteroidPotion"},{"floor":6,"key":"Explosive Potion"},{"floor":8,"key":"Block Potion"},{"floor":12,"key":"EssenceOfSteel"},{"floor":19,"key":"LiquidMemories"}],"is_trial":false,"path_per_floor":["M","?","M","?","M","E","R","?","T","M","E","M","E","$","R","B",null,"M","M","M","M","M","E"],"character_chosen":"THE_CURSED","items_purchased":["Membership Card","CCEMRelics:PowerPill","TheCursedMod:HellfireBreathing"],"campfire_rested":2,"item_purchase_floors":[14,14,14],"current_hp_per_floor":[68,53,53,53,47,7,29,19,19,19,19,11,11,11,33,13,60,60,58,40,16,3,0,0],"gold":194,"neow_bonus":"NOSTALGIA","is_daily":false,"chose_seed":false,"campfire_upgraded":0,"win_rate":0.0,"timestamp":1612651489,"path_taken":["M","?","M","?","M","E","R","?","T","M","E","M","E","$","R","BOSS","M","M","M","M","M","E"],"items_purchased_type":["Relic","Relic","Card"],"build_version":"2020-12-22","purchased_purges":0,"victory":false,"max_hp_per_floor":[75,75,75,75,75,75,75,75,75,75,75,75,75,75,75,75,75,75,75,75,75,75,75,75],"relic_stats":{"counters":[16,42],"Snecko Eye":[38,29,38,33],"PreservedInsect":42,"obtain_stats":[{"Potion Belt":11,"TheCursedMod:BlackMagicAdvanced":0,"CCEMRelics:FestiveHat":9,"CCEMRelics:PowerPill":14,"aspiration:Nostalgia":0,"Snecko Eye":17,"champ:ChampionCrown":0,"CCEMRelics:PocketTank":8,"PreservedInsect":13,"EVO:Axolotl":0,"Membership Card":14,"CCEMRelics:JestersCrown":6},{"Potion Belt":7,"TheCursedMod:BlackMagicAdvanced":0,"CCEMRelics:FestiveHat":5,"CCEMRelics:PowerPill":9,"aspiration:Nostalgia":0,"Snecko Eye":10,"champ:ChampionCrown":0,"CCEMRelics:PocketTank":5,"PreservedInsect":9,"EVO:Axolotl":0,"Membership Card":9,"CCEMRelics:JestersCrown":4},{"Potion Belt":18,"TheCursedMod:BlackMagicAdvanced":0,"CCEMRelics:FestiveHat":14,"CCEMRelics:PowerPill":23,"aspiration:Nostalgia":0,"Snecko Eye":28,"champ:ChampionCrown":0,"CCEMRelics:PocketTank":14,"PreservedInsect":23,"EVO:Axolotl":0,"Membership Card":23,"CCEMRelics:JestersCrown":12}]},"card_choices":[{"not_picked":["TheCursedMod:AshesToAshes","TheCursedMod:ReleasedKnowledge"],"picked":"TheCursedMod:RapidMovement","floor":1},{"not_picked":["TheCursedMod:FuryStrike","TheCursedMod:BloodBarrier"],"picked":"TheCursedMod:SurpriseAttack","floor":3},{"not_picked":["TheCursedMod:CircleOfFlame","TheCursedMod:CircleOfAmplification"],"picked":"TheCursedMod:SpitefulStrike","floor":5},{"not_picked":["TheCursedMod:RapidMovement","TheCursedMod:CircleOfCorruption"],"picked":"TheCursedMod:CursedStaff","floor":6},{"not_picked":["TheCursedMod:VitalStrike","TheCursedMod:Wield"],"picked":"TheCursedMod:ShockAndAwe","floor":8},{"not_picked":["Master of Strategy+1","Violence+1"],"picked":"Panache+1","floor":10},{"not_picked":["TheCursedMod:VitalStrike","TheCursedMod:RapidMovement"],"picked":"TheCursedMod:WearCloak","floor":10},{"not_picked":["Transmutation+1","Sadistic Nature+1"],"picked":"Trip+1","floor":11},{"not_picked":["TheCursedMod:SpitefulStrike","TheCursedMod:FleshFromBone"],"picked":"TheCursedMod:BlessingInDisguise","floor":11},{"not_picked":["Transmutation+1","Blind+1"],"picked":"Flash of Steel+1","floor":12},{"not_picked":["TheCursedMod:Stigma","TheCursedMod:CursedStaff"],"picked":"TheCursedMod:WearCloak","floor":12},{"not_picked":["TheCursedMod:CircleOfCorruption","TheCursedMod:CircleOfFlame"],"picked":"TheCursedMod:VoidForm","floor":13},{"not_picked":["TheCursedMod:ShockAndAwe","TheCursedMod:NeowsMight"],"picked":"TheCursedMod:CollectTribute","floor":16},{"not_picked":["TheCursedMod:Torture","TheCursedMod:ReleasedKnowledge"],"picked":"TheCursedMod:CursedArmor","floor":18},{"not_picked":["TheCursedMod:CircleOfFocus","TheCursedMod:Wield+1"],"picked":"TheCursedMod:HellsGateOpen","floor":19},{"not_picked":["TheCursedMod:CircleOfFlame","TheCursedMod:VitalStrike"],"picked":"TheCursedMod:CircleOfFocus+1","floor":20},{"not_picked":["TheCursedMod:Grudge","TheCursedMod:Stretching"],"picked":"TheCursedMod:VoidForm","floor":21},{"not_picked":["TheCursedMod:TacticalStrike","TheCursedMod:CursedAmulet"],"picked":"TheCursedMod:CursedArmor","floor":22}],"player_experience":281295,"relics_obtained":[{"floor":6,"key":"CCEMRelics:JestersCrown"},{"floor":8,"key":"CCEMRelics:PocketTank"},{"floor":9,"key":"CCEMRelics:FestiveHat"},{"floor":11,"key":"Potion Belt"},{"floor":13,"key":"PreservedInsect"}],"event_choices":[{"damage_healed":68,"gold_gain":0,"player_choice":"Upgrade","damage_taken":15,"max_hp_gain":0,"max_hp_loss":75,"event_name":"betterThird:BetterShining","floor":2,"gold_loss":0,"cards_upgraded":["TheCursedMod:CursedSpellbook","TheCursedMod:LuckyCharm"]},{"damage_healed":0,"gold_gain":0,"player_choice":"Grow","damage_taken":0,"max_hp_gain":0,"max_hp_loss":0,"event_name":"Living Wall","floor":4,"gold_loss":0,"cards_upgraded":["TheCursedMod:ParallelWorld"]},{"damage_healed":0,"gold_gain":30,"player_choice":"Searched \u00272\u0027 times","damage_taken":0,"max_hp_gain":0,"max_hp_loss":0,"event_name":"Dead Adventurer","floor":8,"gold_loss":0}],"is_beta":false,"boss_relics":[{"not_picked":["energizedSpire:RedRose","Calling Bell"],"picked":"Snecko Eye"}],"items_purged_floors":[],"is_endless":false,"potions_floor_spawned":[1,6,8,12,19,20],"killed_by":"Book of Stabbing","ascension_level":8}}