{"host":"Jinnai","time":1612625854,"event":{"mods":["BaseMod","Bestiary","Block Reminder","Colored Map","Colored Powertips","Curses Come First","Highlight Path","Minty Spire (QoL Compilation)","Permanent Neow","Potion Indicator Mod","Quick Restart","Random Character Button","Relic Stats","StSLib","ojb\u0027s Info Mod"],"gold_per_floor":[114,128,403,33,49,49,84,84,84,104,104,104],"floor_reached":11,"language":"ENG","playtime":307,"items_purged":["Regret"],"score":146,"play_id":"b6bab099-4410-4b6b-8ffc-ff0736723040","local_time":"20210206103734","is_ascension_mode":true,"campfire_choices":[{"data":"Blood for Blood","floor":6.0,"key":"SMITH"},{"data":"Inflame","floor":8.0,"key":"SMITH"}],"circlet_count":0,"master_deck":["AscendersBane","Strike_R","Strike_R","Strike_R","Strike_R","Strike_R","Defend_R","Defend_R","Defend_R","Bash","Blood for Blood+1","Combust","Headbutt","Metallicize","Flame Barrier","Inflame+1","Feel No Pain","Second Wind+1"],"relics":["Burning Blood","Membership Card","Vajra","Letter Opener","Toxic Egg 2"],"acts_visited":["Exordium"],"potions_floor_usage":[11,11],"damage_taken":[{"damage":16.0,"enemies":"Small Slimes","floor":1.0,"turns":4.0},{"damage":6.0,"enemies":"Cultist","floor":2.0,"turns":3.0},{"damage":3.0,"enemies":"2 Louse","floor":5.0,"turns":3.0},{"damage":34.0,"enemies":"Lagavulin","floor":7.0,"turns":6.0},{"damage":19,"enemies":"Exordium Wildlife","floor":10,"turns":3},{"damage":31,"enemies":"Gremlin Nob","floor":11,"turns":4}],"seed_played":"-7976227189523200585","potions_obtained":[{"floor":2.0,"key":"Block Potion"}],"is_trial":false,"path_per_floor":["M","M","?","$","M","R","E","R","T","M","E"],"character_chosen":"IRONCLAD","items_purchased":["Membership Card","Vajra","Metallicize","Flame Barrier","PowerPotion"],"campfire_rested":0,"item_purchase_floors":[4,4,4,4,4],"current_hp_per_floor":[58,58,58,58,61,61,33,33,33,20,0,0],"gold":104,"neow_bonus":"TRANSFORM_CARD","is_daily":false,"chose_seed":false,"campfire_upgraded":2,"win_rate":0.0,"timestamp":1612625854,"path_taken":["M","M","?","$","M","R","E","R","T","M","E"],"items_purchased_type":["Relic","Relic","Card","Card","Potion"],"build_version":"2020-12-18","purchased_purges":1,"victory":false,"max_hp_per_floor":[75,75,75,75,75,75,75,75,75,75,75,75],"relic_stats":{"counters":[6,23],"Letter Opener":[0],"obtain_stats":[{"Vajra":4,"Membership Card":4,"Letter Opener":7,"Toxic Egg 2":9,"Burning Blood":0},{"Vajra":2,"Membership Card":2,"Letter Opener":4,"Toxic Egg 2":4,"Burning Blood":0},{"Vajra":7,"Membership Card":7,"Letter Opener":16,"Toxic Egg 2":16,"Burning Blood":0}],"Burning Blood":30},"card_choices":[{"not_picked":["Shrug It Off","Flex"],"picked":"Combust","floor":1.0},{"not_picked":["Reckless Charge","Thunderclap"],"picked":"Headbutt","floor":2.0},{"not_picked":["Clash","Thunderclap"],"picked":"Inflame","floor":5.0},{"not_picked":["Havoc","Twin Strike"],"picked":"Feel No Pain","floor":7.0},{"not_picked":["Thunderclap","Rampage"],"picked":"Second Wind+1","floor":10}],"player_experience":1657280,"relics_obtained":[{"floor":7.0,"key":"Letter Opener"},{"floor":9.0,"key":"Toxic Egg 2"}],"event_choices":[{"damage_healed":0.0,"max_hp_gain":0.0,"max_hp_loss":0.0,"gold_gain":275.0,"event_name":"Golden Shrine","player_choice":"Desecrate","floor":3.0,"gold_loss":0.0,"damage_taken":0.0,"cards_obtained":["Regret"]}],"is_beta":true,"boss_relics":[],"items_purged_floors":[4],"is_endless":false,"potions_floor_spawned":[2,7],"killed_by":"Gremlin Nob","ascension_level":20}}