{"host":"my77oq6kb6j47rwl","time":1612650778,"event":{"mods":["BaseMod","Better Third Choice","Curses Come First","Displayed Cursed Tome","Emptier Cage","Hermit","Ironclad Rager","Minty Spire (QoL Compilation)","Quick Restart","Rare Cards Sparkle","StSLib"],"gold_per_floor":[18,34,47,58,58,91,107,107,107,131,131,166,185,224,224,317,317,341,355,137,137,157,157,157],"floor_reached":23,"language":"ENG","playtime":1893,"items_purged":["Twin Strike"],"score":366,"play_id":"dc966436-8c82-4066-9458-d599935cd891","local_time":"20210206173258","is_ascension_mode":true,"campfire_choices":[{"data":"Metallicize","floor":8,"key":"SMITH"},{"data":"Metallicize","floor":15,"key":"SMITH"}],"circlet_count":0,"master_deck":["AscendersBane","Bash","Clumsy","Twin Strike","Twin Strike","Twin Strike","Twin Strike","Iron Wave","Iron Wave","Iron Wave","Iron Wave","Metallicize+1","Thunderclap","Metallicize+1","Pommel Strike","Flex","Intimidate","Feed","Metallicize","Thunderclap+1","Disarm","Armaments"],"relics":["Black Blood","Golden Idol","Pantograph","Ginger","GremlinMask","WingedGreaves","Turnip","Membership Card"],"acts_visited":["Exordium","TheCity"],"potions_floor_usage":[12,14,23,23],"damage_taken":[{"damage":3,"enemies":"2 Louse","floor":1,"turns":2},{"damage":0,"enemies":"Cultist","floor":2,"turns":3},{"damage":0,"enemies":"Jaw Worm","floor":3,"turns":3},{"damage":3,"enemies":"Looter","floor":4,"turns":3},{"damage":15,"enemies":"3 Sentries","floor":6,"turns":7},{"damage":12,"enemies":"Gremlin Gang","floor":7,"turns":4},{"damage":9,"enemies":"Blue Slaver","floor":10,"turns":4},{"damage":14,"enemies":"Lagavulin","floor":12,"turns":5},{"damage":8,"enemies":"Lots of Slimes","floor":13,"turns":4},{"damage":7,"enemies":"3 Sentries","floor":14,"turns":6},{"damage":34,"enemies":"Slime Boss","floor":16,"turns":11},{"damage":10,"enemies":"Chosen","floor":18,"turns":5},{"damage":21,"enemies":"Shell Parasite","floor":19,"turns":7},{"damage":22,"enemies":"Sentry and Sphere","floor":22,"turns":7},{"damage":63,"enemies":"Book of Stabbing","floor":23,"turns":7}],"seed_played":"-6925627362759785857","potions_obtained":[{"floor":1,"key":"PowerPotion"},{"floor":2,"key":"ElixirPotion"},{"floor":13,"key":"ColorlessPotion"},{"floor":16,"key":"Regen Potion"}],"is_trial":false,"path_per_floor":["M","M","M","M","?","E","M","R","T","M","?","E","M","E","R","B",null,"M","M","$","?","M","E"],"character_chosen":"IRONCLAD","items_purchased":["Membership Card"],"campfire_rested":0,"item_purchase_floors":[20],"current_hp_per_floor":[53,59,65,68,51,42,36,36,36,33,33,25,23,22,22,19,56,61,52,52,52,45,0,0],"gold":157,"neow_bonus":"IRONCLAD_BERSERKER","is_daily":false,"chose_seed":false,"campfire_upgraded":2,"win_rate":0.0,"timestamp":1612650778,"path_taken":["M","M","M","M","?","E","M","R","T","M","?","E","?","E","R","BOSS","M","M","$","?","M","E"],"items_purchased_type":["Relic"],"build_version":"2020-12-22","purchased_purges":1,"victory":false,"max_hp_per_floor":[68,68,68,68,68,68,68,68,68,68,68,68,68,68,68,68,68,71,71,71,71,74,74,74],"card_choices":[{"not_picked":["Pummel","Body Slam"],"picked":"Metallicize","floor":1},{"not_picked":["Evolve","Headbutt"],"picked":"Thunderclap","floor":2},{"not_picked":["Armaments","Pommel Strike"],"picked":"Metallicize","floor":3},{"not_picked":["Blood for Blood","Sword Boomerang","Carnage"],"picked":"SKIP","floor":4},{"not_picked":["Iron Wave","Feel No Pain","Burning Pact"],"picked":"SKIP","floor":6},{"not_picked":["Headbutt","Hemokinesis","Uppercut"],"picked":"SKIP","floor":7},{"not_picked":["Clothesline","Pummel"],"picked":"Pommel Strike","floor":10},{"not_picked":["Thunderclap","Ghostly Armor"],"picked":"Flex","floor":12},{"not_picked":["Dark Embrace","Clothesline","Perfected Strike"],"picked":"SKIP","floor":13},{"not_picked":["Searing Blow","Pummel"],"picked":"Intimidate","floor":14},{"not_picked":["Double Tap","Brutality"],"picked":"Feed","floor":16},{"not_picked":["Warcry","Battle Trance"],"picked":"Metallicize","floor":18},{"not_picked":["Havoc","Blood for Blood"],"picked":"Thunderclap+1","floor":19},{"not_picked":["Twin Strike+1","Dropkick"],"picked":"Armaments","floor":22}],"player_experience":1081883,"relics_obtained":[{"floor":6,"key":"Pantograph"},{"floor":9,"key":"Ginger"},{"floor":12,"key":"WingedGreaves"},{"floor":14,"key":"Turnip"}],"event_choices":[{"damage_healed":0,"gold_gain":0,"player_choice":"Take Damage","damage_taken":17,"relics_obtained":["Golden Idol"],"max_hp_gain":0,"max_hp_loss":0,"event_name":"Golden Idol","floor":5,"gold_loss":0},{"damage_healed":0,"gold_gain":0,"player_choice":"Trade","damage_taken":0,"relics_obtained":["GremlinMask"],"max_hp_gain":0,"max_hp_loss":0,"event_name":"FaceTrader","floor":11,"gold_loss":0},{"damage_healed":0,"gold_gain":0,"player_choice":"Read","damage_taken":0,"max_hp_gain":0,"max_hp_loss":0,"event_name":"The Library","floor":21,"gold_loss":0,"cards_obtained":["Disarm"]}],"is_beta":false,"boss_relics":[{"not_picked":["Runic Dome","Coffee Dripper"],"picked":"Black Blood"}],"items_purged_floors":[20],"is_endless":false,"potions_floor_spawned":[1,2,7,13,16,19],"killed_by":"Book of Stabbing","ascension_level":14}}