{"host":"htr0t6l50g7s3p2f","time":1612594518,"event":{"mods":["BaseMod","Better Note","Minty Spire (QoL Compilation)","Rare Cards Sparkle","StSLib","The IronCluck"],"gold_per_floor":[117,131,131,209,27,27,102,102,147,175,201,213,179,204,216,228,228],"floor_reached":16,"language":"ENG","playtime":795,"items_purged":["Strike_G"],"score":170,"play_id":"08d714a6-515b-483f-b412-ae3a5b5662a0","local_time":"20210206175518","is_ascension_mode":true,"campfire_choices":[{"floor":6,"key":"REST"},{"floor":8,"key":"REST"},{"data":"Crippling Poison","floor":15,"key":"SMITH"}],"circlet_count":0,"master_deck":["AscendersBane","Strike_G","Strike_G","Strike_G","Defend_G","Defend_G","Defend_G","Defend_G","Defend_G","Survivor","Neutralize","Leg Sweep","Bandage Up","All Out Attack","Crippling Poison+1"],"relics":["Ring of the Snake","Golden Idol","Mummified Hand","MawBank"],"acts_visited":["Exordium"],"potions_floor_usage":[11,16],"damage_taken":[{"damage":4,"enemies":"2 Louse","floor":1,"turns":6},{"damage":19,"enemies":"Jaw Worm","floor":2,"turns":9},{"damage":0,"enemies":"Small Slimes","floor":10,"turns":5},{"damage":0,"enemies":"2 Fungi Beasts","floor":11,"turns":3},{"damage":24,"enemies":"Exordium Thugs","floor":13,"turns":5},{"damage":7,"enemies":"Gremlin Gang","floor":14,"turns":3},{"damage":47,"enemies":"Hexaghost","floor":16,"turns":16}],"seed_played":"8799748307734648232","potions_obtained":[{"floor":10,"key":"DistilledChaos"},{"floor":13,"key":"DistilledChaos"}],"is_trial":false,"path_per_floor":["M","M","?","T","$","R","?","R","T","M","M","?","M","M","R","B"],"character_chosen":"THE_SILENT","items_purchased":["Bandage Up"],"campfire_rested":2,"item_purchase_floors":[5],"current_hp_per_floor":[52,33,33,33,33,54,43,64,64,68,71,64,44,41,41,0,0],"gold":228,"neow_bonus":"TWENTY_PERCENT_HP_BONUS","is_daily":false,"chose_seed":false,"campfire_upgraded":1,"win_rate":0.0,"timestamp":1612594518,"path_taken":["M","M","?","?","$","R","?","R","T","M","M","?","M","M","R","BOSS"],"items_purchased_type":["Card"],"build_version":"2020-12-22","purchased_purges":1,"victory":false,"max_hp_per_floor":[78,78,71,71,71,71,71,71,71,71,71,71,71,71,71,71,71],"card_choices":[{"not_picked":["Quick Slash","Bane","PiercingWail"],"picked":"SKIP","floor":1},{"not_picked":["Backflip","Underhanded Strike"],"picked":"Leg Sweep","floor":2},{"not_picked":["Bane","Terror"],"picked":"All Out Attack","floor":10},{"not_picked":["PiercingWail","Wraith Form v2","Deadly Poison"],"picked":"SKIP","floor":11},{"not_picked":["Masterful Stab","Deflect"],"picked":"Crippling Poison","floor":13},{"not_picked":["Sucker Punch","Deflect","Cloak And Dagger"],"picked":"SKIP","floor":14}],"player_experience":956154,"relics_obtained":[{"floor":4,"key":"Mummified Hand"},{"floor":9,"key":"MawBank"}],"event_choices":[{"damage_healed":0,"gold_gain":0,"player_choice":"Lose Max HP","damage_taken":0,"relics_obtained":["Golden Idol"],"max_hp_gain":0,"max_hp_loss":7,"event_name":"Golden Idol","floor":3,"gold_loss":0},{"damage_healed":0,"gold_gain":75,"player_choice":"Gather Gold","damage_taken":11,"max_hp_gain":0,"max_hp_loss":0,"event_name":"World of Goop","floor":7,"gold_loss":0},{"cards_removed":["Strike_G"],"damage_healed":0,"gold_gain":0,"player_choice":"Card Removal","damage_taken":7,"max_hp_gain":0,"max_hp_loss":0,"event_name":"Golden Wing","floor":12,"gold_loss":0}],"is_beta":false,"boss_relics":[],"items_purged_floors":[5],"is_endless":false,"potions_floor_spawned":[10,13],"killed_by":"Hexaghost","ascension_level":17}}