{"host":"ws4mzzemcqsz5e2k","time":1612588503,"event":{"mods":["Act Like it!","BaseMod","Colored Powertips","Minty Spire (QoL Compilation)","Quick Restart","Relic Filter Mod","RumiaBox-露米娅的神秘盒子","StSLib","【功能Mod】混沌之环修复补丁","没有小屋子和绿帽子啦"],"gold_per_floor":[115,85,102,113,123,150,150,163,188,188,113,146,207,218,218,292,292,311,311,211,230,242,276,276,288,364,364,395,408,427,427,427,504,504,517,416,416,416,426,426,451,451,477,477,487,498,510,535,535,607,683,683,694,694,708,627,642,667,667,667,667,692,692,706,785,797,797,868,868,881,796,809,822,697,697,708,721,747,747,747,747],"floor_reached":80,"language":"ZHS","playtime":3079,"items_purged":["Conclude","SandsOfTime","Prostrate+1"],"score":3803,"play_id":"713b0390-86b0-4fad-9bef-261e5c46102c","local_time":"20210206131503","daily_mods":["SealedDeck","Heirloom","Uncertain Future"],"is_ascension_mode":true,"campfire_choices":[{"data":"Consecrate","floor":7.0,"key":"PURGE"},{"data":"Consecrate","floor":10.0,"key":"PURGE"},{"data":"PathToVictory","floor":15.0,"key":"SMITH"},{"data":"PathToVictory","floor":24.0,"key":"SMITH"},{"data":"Protect","floor":27.0,"key":"PURGE"},{"data":"MasterReality","floor":32.0,"key":"SMITH"},{"data":"Madness","floor":40.0,"key":"SMITH"},{"data":"Wallop","floor":44.0,"key":"SMITH"},{"data":"Prostrate","floor":49.0,"key":"SMITH"},{"floor":60.0,"key":"REST"},{"data":"Wireheading","floor":63.0,"key":"SMITH"},{"data":"DevaForm","floor":67.0,"key":"SMITH"},{"data":"Devotion","floor":75.0,"key":"SMITH"}],"circlet_count":0,"master_deck":["AscendersBane","DeceiveReality+1","Wireheading+1","PathToVictory+1","PathToVictory+1","Wallop+1","MasterReality+1","Madness+1","PathToVictory+1","DevaForm+1","Devotion+1","Judgement"],"relics":["PureWater","Peace Pipe","AddBug","SecretRecord","SecretRecord","SecretRecord","SecretRecord","SecretRecord","SecretRecord","SecretRecord","SecretRecord","SecretRecord"],"acts_visited":["Exordium","TheCity","TheBeyond","Exordium","TheCity"],"potions_floor_usage":[80],"damage_taken":[{"damage":10.0,"enemies":"Small Slimes","floor":1.0,"turns":2.0},{"damage":0.0,"enemies":"Cultist","floor":3.0,"turns":3.0},{"damage":0.0,"enemies":"2 Louse","floor":4.0,"turns":2.0},{"damage":6.0,"enemies":"2 Fungi Beasts","floor":5.0,"turns":2.0},{"damage":0.0,"enemies":"Lagavulin","floor":6.0,"turns":4.0},{"damage":5.0,"enemies":"Gremlin Gang","floor":8.0,"turns":3.0},{"damage":11.0,"enemies":"Gremlin Nob","floor":12.0,"turns":3.0},{"damage":0.0,"enemies":"Gremlin Nob","floor":13.0,"turns":2.0},{"damage":0.0,"enemies":"Exordium Wildlife","floor":14.0,"turns":2.0},{"damage":8.0,"enemies":"Hexaghost","floor":16.0,"turns":4.0},{"damage":4.0,"enemies":"Spheric Guardian","floor":18.0,"turns":4.0},{"damage":1.0,"enemies":"Shell Parasite","floor":21.0,"turns":3.0},{"damage":8.0,"enemies":"Cultist and Chosen","floor":22.0,"turns":6.0},{"damage":9.0,"enemies":"Book of Stabbing","floor":23.0,"turns":4.0},{"damage":0.0,"enemies":"Snake Plant","floor":25.0,"turns":2.0},{"damage":0.0,"enemies":"Gremlin Leader","floor":28.0,"turns":3.0},{"damage":2.0,"enemies":"Centurion and Healer","floor":29.0,"turns":4.0},{"damage":0.0,"enemies":"Snecko","floor":30.0,"turns":3.0},{"damage":0.0,"enemies":"Collector","floor":33.0,"turns":4.0},{"damage":0.0,"enemies":"3 Shapes","floor":35.0,"turns":4.0},{"damage":1.0,"enemies":"Orb Walker","floor":39.0,"turns":3.0},{"damage":0.0,"enemies":"Reptomancer","floor":41.0,"turns":2.0},{"damage":0.0,"enemies":"Writhing Mass","floor":45.0,"turns":3.0},{"damage":0.0,"enemies":"Maw","floor":46.0,"turns":4.0},{"damage":0.0,"enemies":"4 Shapes","floor":47.0,"turns":3.0},{"damage":9.0,"enemies":"Giant Head","floor":48.0,"turns":4.0},{"damage":12.0,"enemies":"Awakened One","floor":50.0,"turns":6.0},{"damage":36.0,"enemies":"Donu and Deca","floor":51.0,"turns":8.0},{"damage":0.0,"enemies":"Cultist","floor":53.0,"turns":2.0},{"damage":0.0,"enemies":"2 Louse","floor":55.0,"turns":1.0},{"damage":0.0,"enemies":"Small Slimes","floor":57.0,"turns":2.0},{"damage":24.0,"enemies":"3 Sentries","floor":58.0,"turns":4.0},{"damage":0.0,"enemies":"Lagavulin","floor":62.0,"turns":4.0},{"damage":0.0,"enemies":"Red Slaver","floor":64.0,"turns":2.0},{"damage":0.0,"enemies":"2 Fungi Beasts","floor":66.0,"turns":1.0},{"damage":0.0,"enemies":"Slime Boss","floor":68.0,"turns":3.0},{"damage":0.0,"enemies":"Chosen","floor":70.0,"turns":3.0},{"damage":18.0,"enemies":"3 Byrds","floor":72.0,"turns":2.0},{"damage":0.0,"enemies":"Centurion and Healer","floor":73.0,"turns":3.0},{"damage":0.0,"enemies":"Snake Plant","floor":76.0,"turns":2.0},{"damage":11.0,"enemies":"Shelled Parasite and Fungi","floor":77.0,"turns":3.0},{"damage":28.0,"enemies":"Book of Stabbing","floor":78.0,"turns":2.0},{"damage":17,"enemies":"Gremlin Leader","floor":80,"turns":2}],"seed_played":"5975655842467948334","potions_obtained":[{"floor":2.0,"key":"SneckoOil"},{"floor":2.0,"key":"EssenceOfSteel"},{"floor":5.0,"key":"Swift Potion"},{"floor":16.0,"key":"Ambrosia"},{"floor":18.0,"key":"Block Potion"},{"floor":19.0,"key":"PowerPotion"},{"floor":22.0,"key":"Swift Potion"},{"floor":29.0,"key":"BottledMiracle"},{"floor":30.0,"key":"AttackPotion"},{"floor":45.0,"key":"ColorlessPotion"},{"floor":46.0,"key":"SpeedPotion"},{"floor":51.0,"key":"PowerPotion"},{"floor":53.0,"key":"SteroidPotion"},{"floor":64.0,"key":"Dexterity Potion"},{"floor":73.0,"key":"Regen Potion"},{"floor":78.0,"key":"Energy Potion"}],"is_trial":true,"path_per_floor":["M","?","M","M","M","E","R","M","T","R","$","E","?","M","R","B",null,"M","?","$","M","M","E","R","M","T","R","E","M","M","?","R","B",null,"M","$","?","?","M","R","E","?","T","R","M","M","M","E","R","B","B",null,"M","?","M","$","M","E","?","R","T","E","R","M","?","M","R","B",null,"M","?","M","M","$","R","M","M","E","?","E"],"character_chosen":"WATCHER","items_purchased":["Madness","Regen Potion"],"campfire_rested":1,"item_purchase_floors":[36,56],"current_hp_per_floor":[51,51,51,51,45,45,45,40,40,40,40,29,29,29,29,21,56,52,52,52,51,43,34,34,34,34,34,34,32,32,32,32,32,59,59,59,59,59,58,58,58,58,58,58,58,58,58,49,49,37,1,49,49,31,31,31,31,16,16,35,35,35,35,35,35,35,35,35,58,58,58,40,40,40,40,40,29,6,6,0,0],"gold":747,"neow_bonus":"","is_daily":false,"chose_seed":false,"campfire_upgraded":9,"win_rate":0.0,"timestamp":1612588503,"path_taken":["M","?","M","?","M","E","R","M","T","R","$","E","?","M","R","BOSS","M","?","$","M","M","E","R","M","T","R","E","?","M","?","R","BOSS","M","$","?","?","M","R","E","?","T","R","M","M","M","E","R","BOSS","BOSS","M","?","M","$","M","E","?","R","T","E","R","M","?","M","R","BOSS","M","?","M","M","$","R","M","M","E","?","E"],"items_purchased_type":["Card","Potion"],"build_version":"2020-12-22","purchased_purges":3,"victory":false,"max_hp_per_floor":[68,68,68,68,68,68,68,68,68,68,68,68,68,68,68,68,68,68,68,68,68,68,68,68,68,68,68,68,68,68,68,68,68,68,68,68,68,65,65,65,65,65,65,65,65,65,65,65,65,65,65,65,65,65,65,65,65,65,65,65,65,65,65,65,65,65,65,65,65,65,65,65,65,65,65,65,65,65,65,65,65],"card_choices":[{"not_picked":["Conclude","WaveOfTheHand"],"picked":"Prostrate","floor":1.0},{"not_picked":["Consecrate","ClearTheMind","BowlingBash"],"picked":"SKIP","floor":3.0},{"not_picked":["Swivel","CrushJoints","CutThroughFate"],"picked":"SKIP","floor":4.0},{"not_picked":["Prostrate","TalkToTheHand","Protect"],"picked":"SKIP","floor":5.0},{"not_picked":["Crescendo","PathToVictory"],"picked":"Wallop","floor":6.0},{"not_picked":["ReachHeaven","FlurryOfBlows","WindmillStrike"],"picked":"SKIP","floor":8.0},{"not_picked":["DeusExMachina","Nirvana","ReachHeaven"],"picked":"SKIP","floor":12.0},{"not_picked":["FlyingSleeves","Vengeance","EmptyBody"],"picked":"SKIP","floor":14.0},{"not_picked":["Establishment","ConjureBlade"],"picked":"MasterReality","floor":16.0},{"not_picked":["EmptyBody","ThirdEye","SashWhip"],"picked":"SKIP","floor":18.0},{"not_picked":["WheelKick","Consecrate","Adaptation"],"picked":"SKIP","floor":21.0},{"not_picked":["EmptyFist","Fasting2","FlyingSleeves"],"picked":"SKIP","floor":22.0},{"not_picked":["Adaptation","Collect","EmptyFist+1"],"picked":"SKIP","floor":23.0},{"not_picked":["JustLucky","Collect","Prostrate"],"picked":"SKIP","floor":25.0},{"not_picked":["Prostrate","Ragnarok","EmptyFist"],"picked":"SKIP","floor":28.0},{"not_picked":["ThirdEye+1","Consecrate+1","ForeignInfluence"],"picked":"SKIP","floor":29.0},{"not_picked":["EmptyFist","BowlingBash","SashWhip+1"],"picked":"SKIP","floor":30.0},{"not_picked":["JustLucky+1","WaveOfTheHand","EmptyFist"],"picked":"SKIP","floor":35.0},{"not_picked":["PathToVictory","EmptyBody+1","Perseverance"],"picked":"SKIP","floor":39.0},{"not_picked":["Weave+1","Evaluate","ClearTheMind"],"picked":"SKIP","floor":41.0},{"not_picked":["Halt","ClearTheMind","DeceiveReality"],"picked":"SKIP","floor":45.0},{"not_picked":["Crescendo","CrushJoints+1"],"picked":"PathToVictory+1","floor":46.0},{"not_picked":["Wallop","ThirdEye","CutThroughFate"],"picked":"SKIP","floor":47.0},{"not_picked":["JustLucky","SashWhip+1","ClearTheMind+1"],"picked":"SKIP","floor":48.0},{"not_picked":["Brilliance","Omniscience"],"picked":"DevaForm","floor":51.0},{"not_picked":["Halt","BowlingBash","PathToVictory"],"picked":"SKIP","floor":53.0},{"not_picked":["ThirdEye","FollowUp","EmptyFist"],"picked":"SKIP","floor":55.0},{"not_picked":["ForeignInfluence","Tantrum","Wireheading"],"picked":"SKIP","floor":57.0},{"not_picked":["Fasting2","Brilliance","CutThroughFate"],"picked":"SKIP","floor":58.0},{"not_picked":["FlurryOfBlows","Adaptation","SignatureMove"],"picked":"SKIP","floor":62.0},{"not_picked":["Halt","FlurryOfBlows","FollowUp"],"picked":"SKIP","floor":64.0},{"not_picked":["Crescendo","JustLucky","ThirdEye"],"picked":"SKIP","floor":66.0},{"not_picked":["SpiritShield","MasterReality"],"picked":"Devotion","floor":68.0},{"not_picked":["Evaluate","FlurryOfBlows","Crescendo+1"],"picked":"SKIP","floor":70.0},{"not_picked":["FlurryOfBlows+1","ClearTheMind","EmptyFist"],"picked":"SKIP","floor":72.0},{"not_picked":["Adaptation","Halt","FlyingSleeves"],"picked":"SKIP","floor":73.0},{"not_picked":["Halt","JustLucky"],"picked":"Judgement","floor":76.0},{"not_picked":["Prostrate","FlyingSleeves","Consecrate"],"picked":"SKIP","floor":77.0},{"not_picked":["TalkToTheHand","Sanctity","EmptyBody"],"picked":"SKIP","floor":78.0}],"player_experience":1521371,"relics_obtained":[{"floor":1.0,"key":"AddBug"},{"floor":6.0,"key":"Toxic Egg 2"},{"floor":9.0,"key":"Centennial Puzzle"},{"floor":12.0,"key":"Whetstone"},{"floor":13.0,"key":"Happy Flower"},{"floor":13.0,"key":"SecretRecord"},{"floor":21.0,"key":"SecretRecord"},{"floor":23.0,"key":"MealTicket"},{"floor":26.0,"key":"HornCleat"},{"floor":28.0,"key":"FossilizedHelix"},{"floor":33.0,"key":"SecretRecord"},{"floor":41.0,"key":"GodSword4"},{"floor":43.0,"key":"Oddly Smooth Stone"},{"floor":46.0,"key":"SecretRecord"},{"floor":48.0,"key":"SecretRecord"},{"floor":48.0,"key":"GodSword7"},{"floor":55.0,"key":"SecretRecord"},{"floor":61.0,"key":"Torii"},{"floor":66.0,"key":"SecretRecord"},{"floor":73.0,"key":"SecretRecord"}],"event_choices":[{"damage_healed":0.0,"max_hp_gain":0.0,"max_hp_loss":0.0,"gold_gain":0.0,"event_name":"The Woman in Blue","player_choice":"Bought 2 Potions","floor":2.0,"gold_loss":0.0,"damage_taken":0.0},{"damage_healed":0.0,"max_hp_gain":0.0,"max_hp_loss":0.0,"gold_gain":30.0,"event_name":"Dead Adventurer","player_choice":"Searched \u00273\u0027 times","floor":13.0,"gold_loss":0.0,"damage_taken":0.0},{"damage_healed":0.0,"max_hp_gain":0.0,"max_hp_loss":0.0,"gold_gain":0.0,"event_name":"Lab","player_choice":"Got Potions","floor":19.0,"gold_loss":0.0,"damage_taken":0.0},{"cards_removed":["Protect"],"damage_healed":0.0,"max_hp_gain":0.0,"max_hp_loss":0.0,"gold_gain":0.0,"event_name":"Back to Basics","player_choice":"Elegance","floor":31.0,"gold_loss":0.0,"damage_taken":0.0},{"damage_healed":0.0,"max_hp_gain":0.0,"max_hp_loss":0.0,"gold_gain":0.0,"event_name":"Tomb of Lord Red Mask","player_choice":"Ignored","floor":37.0,"gold_loss":0.0,"damage_taken":0.0},{"damage_healed":0.0,"max_hp_gain":0.0,"max_hp_loss":3.0,"gold_gain":0.0,"event_name":"Winding Halls","player_choice":"Max HP","floor":38.0,"gold_loss":0.0,"damage_taken":0.0},{"damage_healed":0.0,"max_hp_gain":0.0,"max_hp_loss":0.0,"gold_gain":0.0,"event_name":"Mysterious Sphere","player_choice":"Ignored","floor":42.0,"gold_loss":0.0,"damage_taken":0.0},{"damage_healed":0.0,"max_hp_gain":0.0,"max_hp_loss":0.0,"gold_gain":0.0,"event_name":"Scrap Ooze","player_choice":"Success","floor":54.0,"gold_loss":0.0,"damage_taken":18.0,"relics_obtained":["Vajra"]},{"damage_healed":0.0,"max_hp_gain":0.0,"max_hp_loss":0.0,"gold_gain":0.0,"event_name":"Living Wall","player_choice":"Grow","floor":59.0,"gold_loss":0.0,"damage_taken":0.0,"cards_upgraded":["DeceiveReality"]},{"damage_healed":0.0,"max_hp_gain":0.0,"max_hp_loss":0.0,"gold_gain":79.0,"event_name":"Golden Wing","player_choice":"Gained Gold","floor":65.0,"gold_loss":0.0,"damage_taken":0.0},{"damage_healed":0.0,"max_hp_gain":0.0,"max_hp_loss":0.0,"gold_gain":0.0,"event_name":"Addict","player_choice":"Obtained Relic","floor":71.0,"gold_loss":85.0,"damage_taken":0.0,"relics_obtained":["Shuriken"]},{"damage_healed":0,"gold_gain":0,"player_choice":"Ignored","damage_taken":0,"max_hp_gain":0,"max_hp_loss":0,"event_name":"Cursed Tome","floor":79,"gold_loss":0}],"is_beta":false,"boss_relics":[{"not_picked":["Black Star","Empty Cage"],"picked":"VioletLotus"},{"not_picked":["HolyWater","EasyGame_NEW"],"picked":"Calling Bell"},{"not_picked":["Runic Pyramid","SacredBark"],"picked":"SoulBox"},{"not_picked":["SoulBox","VioletLotus"],"picked":"Calling Bell"}],"items_purged_floors":[11,20,74],"is_endless":true,"potions_floor_spawned":[3,5,6,12,16,18,22,28,29,30,39,45,46,48,51,53,57,64,66,72,73,78],"killed_by":"Gremlin Leader","ascension_level":20}}