{"host":"i0m6ffz3lpe3z1ky","time":1612625499,"event":{"mods":["Aspiration","BaseMod","Bestiary","BetterRewards","Colored Map","Conspire","Energized Spire","Highlight Path","Hubris","Ironclad Rager","Minty Spire (QoL Compilation)","Quick Restart","Reliquary","Shop Mod","Spicy Shops","StSLib","Thieving Mod"],"gold_per_floor":[113,113,113,127,144,144,144,144,144,144,144],"floor_reached":10,"language":"KOR","playtime":881,"items_purged":[],"score":112,"play_id":"0f98ec9d-a1a9-41b5-9d60-40ee179b0ce6","local_time":"20210207003139","is_ascension_mode":true,"campfire_choices":[{"data":"Feed","floor":6,"key":"SMITH"}],"circlet_count":0,"master_deck":["AscendersBane","Strike_R","Strike_R","Strike_R","Strike_R","Strike_R","Defend_R","Defend_R","Defend_R","Defend_R","Bash","Pommel Strike","Feed+1"],"relics":["Burning Blood","reliquary:RoseTintedGlasses","reliquary:RosewoodLute","Vajra","hubris:Towel","reliquary:PartyBalloon","Nunchaku"],"acts_visited":["Exordium"],"potions_floor_usage":[3],"damage_taken":[{"damage":7,"enemies":"Small Slimes","floor":1,"turns":4},{"damage":2,"enemies":"Jaw Worm","floor":4,"turns":5},{"damage":6,"enemies":"2 Louse","floor":5,"turns":3},{"damage":0,"enemies":"3 Sentries","floor":10,"turns":1}],"seed_played":"-6842641647329190140","potions_obtained":[{"floor":1,"key":"BloodPotion"}],"is_trial":false,"path_per_floor":["M","?","$","M","M","R","?","$","T","E"],"character_chosen":"IRONCLAD","items_purchased":["reliquary:RoseTintedGlasses","reliquary:RosewoodLute","Vajra","Fruit Juice"],"campfire_rested":0,"item_purchase_floors":[0,0,0,0],"current_hp_per_floor":[32,32,37,41,41,41,23,3,3,3,3],"gold":144,"neow_bonus":"","is_daily":false,"chose_seed":false,"campfire_upgraded":1,"win_rate":0.0,"timestamp":1612625499,"path_taken":["M","?","?","M","M","R","?","?","T","E"],"items_purchased_type":["Relic","Relic","Relic","Potion"],"build_version":"2020-12-22","purchased_purges":0,"victory":false,"max_hp_per_floor":[75,75,80,80,80,80,80,80,80,80,80],"card_choices":[{"not_picked":["Anger","Heavy Blade","Twin Strike"],"picked":"SKIP","floor":1},{"not_picked":["hubris:SharpeningStone","Iron Wave"],"picked":"Pommel Strike","floor":4},{"not_picked":["Shockwave","Warcry"],"picked":"Feed","floor":5}],"player_experience":500137,"relics_obtained":[{"floor":9,"key":"Nunchaku"}],"event_choices":[{"damage_healed":0,"gold_gain":0,"player_choice":"Success","damage_taken":18,"relics_obtained":["reliquary:PartyBalloon"],"max_hp_gain":0,"max_hp_loss":0,"event_name":"Scrap Ooze","floor":7,"gold_loss":0}],"is_beta":false,"boss_relics":[],"items_purged_floors":[],"is_endless":false,"potions_floor_spawned":[1],"killed_by":"3 Sentries","ascension_level":20}}