{"host":"qc268ltokmxwqyrx","time":1612647625,"event":{"mods":["BaseMod","Colored Map","Colored Powertips","Minty Spire (QoL Compilation)","Relic Stats","Slay the Relics Exporter","StSLib","ojb\u0027s Info Mod"],"gold_per_floor":[116,116,132,149,169,196,196,223,293,318,318,318,335,355,355,434,434,452,377,377,395,395,395,395,43,70,101,123,123,196,215,215,298,298,314,342,342,364,386,386,420,420,472,496,528,49,76,96,96,96,96,96,96,17,55,55,55],"floor_reached":56,"language":"ENG","playtime":3974,"items_purged":["Defend_G"],"score":2129,"play_id":"f6024f80-7891-4a55-b424-a135f9ce5b2b","local_time":"20210206154025","is_ascension_mode":true,"campfire_choices":[{"data":"Well Laid Plans","floor":7.0,"key":"SMITH"},{"data":"Eviscerate","floor":15.0,"key":"SMITH"},{"data":"Wraith Form v2","floor":23.0,"key":"SMITH"},{"data":"Doppelganger","floor":29.0,"key":"SMITH"},{"data":"Leg Sweep","floor":32.0,"key":"SMITH"},{"data":"Wraith Form v2","floor":40.0,"key":"SMITH"},{"floor":49.0,"key":"RECALL"},{"data":"Acrobatics","floor":53.0,"key":"SMITH"}],"circlet_count":0,"master_deck":["AscendersBane","Strike_G","Defend_G","Defend_G","Defend_G","Survivor","Neutralize","Riddle With Holes","Venomology","Acrobatics+1","Dash","Well Laid Plans+1","Quick Slash","Adrenaline","Parasite","Eviscerate+1","Dagger Spray","Wraith Form v2+1","Leg Sweep+1","Doppelganger+1","Wraith Form v2+1","Tactician+1","Bouncing Flask+1","Backflip","Reflex+1","Crippling Poison","Acrobatics"],"relics":["Runic Dome","Ninja Scroll","Du-Vu Doll","Tiny Chest","Blue Candle","Snecko Eye","Meat on the Bone","Paper Crane","CeramicFish","Toy Ornithopter","Mercury Hourglass","Empty Cage","HornCleat","Lantern","Question Card","Membership Card","InkBottle","Ginger","White Beast Statue","ClockworkSouvenir","Pantograph"],"acts_visited":["Exordium","TheCity","TheBeyond","TheEnding"],"potions_floor_usage":[56,56],"damage_taken":[{"damage":7.0,"enemies":"Jaw Worm","floor":1.0,"turns":4.0},{"damage":0.0,"enemies":"2 Louse","floor":3.0,"turns":2.0},{"damage":4.0,"enemies":"Small Slimes","floor":4.0,"turns":3.0},{"damage":1.0,"enemies":"Looter","floor":5.0,"turns":4.0},{"damage":8.0,"enemies":"Gremlin Nob","floor":6.0,"turns":4.0},{"damage":3.0,"enemies":"3 Sentries","floor":8.0,"turns":12.0},{"damage":21.0,"enemies":"Lagavulin","floor":10.0,"turns":7.0},{"damage":0.0,"enemies":"Large Slime","floor":13.0,"turns":3.0},{"damage":1.0,"enemies":"Red Slaver","floor":14.0,"turns":3.0},{"damage":0.0,"enemies":"Slime Boss","floor":16.0,"turns":5.0},{"damage":0.0,"enemies":"Shell Parasite","floor":18.0,"turns":2.0},{"damage":0.0,"enemies":"3 Byrds","floor":21.0,"turns":4.0},{"damage":4.0,"enemies":"Gremlin Leader","floor":27.0,"turns":6.0},{"damage":0.0,"enemies":"Shelled Parasite and Fungi","floor":28.0,"turns":3.0},{"damage":0.0,"enemies":"Cultist and Chosen","floor":31.0,"turns":4.0},{"damage":14.0,"enemies":"Automaton","floor":33.0,"turns":10.0},{"damage":4.0,"enemies":"3 Darklings","floor":35.0,"turns":3.0},{"damage":2.0,"enemies":"Orb Walker","floor":36.0,"turns":4.0},{"damage":0.0,"enemies":"3 Darklings","floor":38.0,"turns":3.0},{"damage":0.0,"enemies":"Spire Growth","floor":39.0,"turns":5.0},{"damage":0.0,"enemies":"Giant Head","floor":41.0,"turns":8.0},{"damage":0.0,"enemies":"Transient","floor":44.0,"turns":6.0},{"damage":6.0,"enemies":"Nemesis","floor":45.0,"turns":7.0},{"damage":1.0,"enemies":"Reptomancer","floor":47.0,"turns":6.0},{"damage":3.0,"enemies":"4 Shapes","floor":48.0,"turns":6.0},{"damage":41.0,"enemies":"Awakened One","floor":50.0,"turns":12.0},{"damage":7.0,"enemies":"Time Eater","floor":51.0,"turns":11.0},{"damage":17.0,"enemies":"Shield and Spear","floor":55.0,"turns":9.0},{"damage":78,"enemies":"The Heart","floor":56,"turns":8}],"seed_played":"5212635284216782830","potions_obtained":[{"floor":1.0,"key":"BlessingOfTheForge"},{"floor":5.0,"key":"PowerPotion"},{"floor":13.0,"key":"Strength Potion"},{"floor":18.0,"key":"LiquidBronze"},{"floor":36.0,"key":"BlessingOfTheForge"},{"floor":39.0,"key":"DuplicationPotion"},{"floor":44.0,"key":"PowerPotion"},{"floor":55.0,"key":"SkillPotion"}],"is_trial":false,"path_per_floor":["M","?","M","M","M","E","R","E","T","E","?","?","M","M","R","B",null,"M","?","T","M","?","R","?","$","T","E","M","R","T","M","R","B",null,"M","M","?","M","M","R","E","?","T","M","E","$","E","M","R","B","B",null,"R","$","E","B"],"character_chosen":"THE_SILENT","items_purchased":["Paper Crane","Membership Card","InkBottle","Ginger","ClockworkSouvenir"],"campfire_rested":0,"item_purchase_floors":[25,46,46,46,54],"current_hp_per_floor":[52,52,52,48,47,39,39,36,36,15,31,26,26,25,25,25,56,56,56,56,56,56,56,56,56,56,52,57,57,57,62,62,53,63,59,62,62,66,66,66,66,66,66,66,60,60,59,61,61,35,45,61,61,61,49,0,0],"gold":55,"neow_bonus":"BOSS_RELIC","is_daily":false,"chose_seed":false,"campfire_upgraded":7,"win_rate":0.0,"timestamp":1612647625,"path_taken":["M","?","M","M","M","E","R","E","T","E","?","?","M","M","R","BOSS","M","?","?","?","?","R","?","$","T","E","M","R","?","M","R","BOSS","M","M","?","M","M","R","E","?","T","M","E","$","E","M","R","BOSS","BOSS","R","$","E","BOSS"],"items_purchased_type":["Relic","Relic","Relic","Relic","Relic"],"build_version":"2020-12-22","purchased_purges":1,"victory":false,"max_hp_per_floor":[66,66,66,66,66,66,66,66,66,66,66,66,66,66,66,66,66,66,66,66,66,66,66,66,66,66,66,66,66,66,66,66,66,66,66,66,66,66,66,66,66,66,66,66,66,66,66,66,66,66,66,66,66,66,66,66,66],"relic_stats":{"counters":[29,163],"Blue Candle":[6],"CeramicFish":72,"Ginger":[7],"Question Card":3,"Mercury Hourglass":[391],"Pantograph":17,"Snecko Eye":[237,212,254,222],"Tiny Chest":2,"obtain_stats":[{"Lantern":43,"Blue Candle":12,"CeramicFish":26,"Ginger":46,"Paper Crane":25,"Empty Cage":34,"Question Card":45,"White Beast Statue":47,"Mercury Hourglass":30,"ClockworkSouvenir":54,"Du-Vu Doll":8,"Runic Dome":0,"HornCleat":41,"Ninja Scroll":6,"Pantograph":55,"Snecko Eye":17,"Tiny Chest":10,"Membership Card":46,"Toy Ornithopter":27,"InkBottle":46,"Ring of the Snake":0,"Meat on the Bone":20},{"Lantern":21,"Blue Candle":7,"CeramicFish":12,"Ginger":23,"Paper Crane":12,"Empty Cage":16,"Question Card":23,"White Beast Statue":24,"Mercury Hourglass":14,"ClockworkSouvenir":27,"Du-Vu Doll":6,"Runic Dome":0,"HornCleat":21,"Ninja Scroll":5,"Pantograph":28,"Snecko Eye":10,"Tiny Chest":7,"Membership Card":23,"Toy Ornithopter":13,"InkBottle":23,"Ring of the Snake":0,"Meat on the Bone":11},{"Lantern":99,"Blue Candle":36,"CeramicFish":53,"Ginger":112,"Paper Crane":53,"Empty Cage":76,"Question Card":112,"White Beast Statue":118,"Mercury Hourglass":62,"ClockworkSouvenir":146,"Du-Vu Doll":29,"Runic Dome":0,"HornCleat":99,"Ninja Scroll":17,"Pantograph":155,"Snecko Eye":47,"Tiny Chest":36,"Membership Card":112,"Toy Ornithopter":59,"InkBottle":112,"Ring of the Snake":0,"Meat on the Bone":49}],"Toy Ornithopter":64,"InkBottle":[27],"Meat on the Bone":12},"card_choices":[{"not_picked":["Caltrops","Acrobatics"],"picked":"Riddle With Holes","floor":1.0},{"not_picked":["Noxious Fumes","Deflect"],"picked":"Acrobatics","floor":3.0},{"not_picked":["Caltrops","Bane"],"picked":"Dash","floor":4.0},{"not_picked":["Finisher","Bane"],"picked":"Footwork","floor":5.0},{"not_picked":["Finisher","Tools of the Trade"],"picked":"Well Laid Plans","floor":6.0},{"not_picked":["Masterful Stab","PiercingWail"],"picked":"Quick Slash","floor":8.0},{"not_picked":["Acrobatics","Blur"],"picked":"Adrenaline","floor":10.0},{"not_picked":["Dagger Spray","Terror"],"picked":"Eviscerate","floor":13.0},{"not_picked":["Masterful Stab","Escape Plan"],"picked":"Dagger Spray","floor":14.0},{"not_picked":["Corpse Explosion","Malaise"],"picked":"Wraith Form v2","floor":16.0},{"not_picked":["Well Laid Plans","Sucker Punch"],"picked":"Leg Sweep","floor":18.0},{"not_picked":["Well Laid Plans+1","Outmaneuver","Noxious Fumes"],"picked":"SKIP","floor":21.0},{"not_picked":["Well Laid Plans+1","Outmaneuver","Noxious Fumes"],"picked":"SKIP","floor":21.0},{"not_picked":["Deflect","Backstab","Dodge and Roll"],"picked":"SKIP","floor":27.0},{"not_picked":["Flying Knee","Calculated Gamble"],"picked":"Doppelganger","floor":28.0},{"not_picked":["Flying Knee","Distraction","Deadly Poison"],"picked":"SKIP","floor":31.0},{"not_picked":["Venomology","Die Die Die"],"picked":"Wraith Form v2","floor":33.0},{"not_picked":["Blade Dance","Quick Slash","Sucker Punch"],"picked":"SKIP","floor":35.0},{"not_picked":["Flechettes","Backstab"],"picked":"Tactician+1","floor":36.0},{"not_picked":["Noxious Fumes+1","Slice"],"picked":"Bouncing Flask+1","floor":38.0},{"not_picked":["Concentrate","Cloak And Dagger"],"picked":"Backflip","floor":39.0},{"not_picked":["Flying Knee","Bane"],"picked":"Reflex+1","floor":41.0},{"not_picked":["Footwork","Backflip"],"picked":"Crippling Poison","floor":44.0},{"not_picked":["Riddle With Holes","Backstab","Infinite Blades+1"],"picked":"SKIP","floor":45.0},{"not_picked":["Catalyst","Bane","Slice+1","Deflect"],"picked":"SKIP","floor":47.0},{"not_picked":["Sucker Punch","Outmaneuver","Endless Agony","Masterful Stab+1"],"picked":"SKIP","floor":48.0},{"not_picked":["Concentrate+1","Doppelganger","PiercingWail+1"],"picked":"Acrobatics","floor":55.0}],"player_experience":1802570,"relics_obtained":[{"floor":6.0,"key":"Ninja Scroll"},{"floor":8.0,"key":"Du-Vu Doll"},{"floor":10.0,"key":"Tiny Chest"},{"floor":20.0,"key":"Meat on the Bone"},{"floor":26.0,"key":"CeramicFish"},{"floor":27.0,"key":"Toy Ornithopter"},{"floor":30.0,"key":"Mercury Hourglass"},{"floor":41.0,"key":"HornCleat"},{"floor":43.0,"key":"Lantern"},{"floor":45.0,"key":"Question Card"},{"floor":47.0,"key":"White Beast Statue"},{"floor":55.0,"key":"Pantograph"}],"event_choices":[{"damage_healed":0.0,"max_hp_gain":0.0,"max_hp_loss":0.0,"gold_gain":0.0,"cards_transformed":["Strike_G"],"event_name":"Living Wall","player_choice":"Change","floor":2.0,"gold_loss":0.0,"damage_taken":0.0,"cards_obtained":["Venomology"]},{"damage_healed":16.0,"max_hp_gain":0.0,"max_hp_loss":0.0,"gold_gain":0.0,"event_name":"Mushrooms","player_choice":"Healed and dodged fight","floor":11.0,"gold_loss":0.0,"damage_taken":0.0,"cards_obtained":["Parasite"]},{"damage_healed":0.0,"max_hp_gain":0.0,"max_hp_loss":0.0,"gold_gain":0.0,"event_name":"Scrap Ooze","player_choice":"Success","floor":12.0,"gold_loss":0.0,"damage_taken":5.0,"relics_obtained":["Blue Candle"]},{"cards_removed":["Strike_G"],"damage_healed":0.0,"max_hp_gain":0.0,"max_hp_loss":0.0,"gold_gain":0.0,"event_name":"Beggar","player_choice":"Gave Gold","floor":19.0,"gold_loss":75.0,"damage_taken":0.0},{"damage_healed":0.0,"max_hp_gain":0.0,"max_hp_loss":0.0,"gold_gain":0.0,"event_name":"Vampires","player_choice":"Ignored","floor":22.0,"gold_loss":0.0,"damage_taken":0.0},{"cards_removed":["Strike_G"],"damage_healed":0.0,"max_hp_gain":0.0,"max_hp_loss":0.0,"gold_gain":0.0,"event_name":"Purifier","player_choice":"Purged","floor":24.0,"gold_loss":0.0,"damage_taken":0.0},{"damage_healed":0.0,"max_hp_gain":0.0,"max_hp_loss":0.0,"gold_gain":0.0,"event_name":"Tomb of Lord Red Mask","player_choice":"Ignored","floor":37.0,"gold_loss":0.0,"damage_taken":0.0},{"cards_removed":["Footwork"],"damage_healed":0.0,"max_hp_gain":0.0,"max_hp_loss":0.0,"gold_gain":0.0,"event_name":"Falling","player_choice":"Removed Power","floor":42.0,"gold_loss":0.0,"damage_taken":0.0}],"is_beta":false,"boss_relics":[{"not_picked":["Black Star","Astrolabe"],"picked":"Snecko Eye"},{"not_picked":["Tiny House","WristBlade"],"picked":"Empty Cage"}],"items_purged_floors":[25],"is_endless":false,"potions_floor_spawned":[1,3,5,13,14,18,36,39,41,44,48,55],"killed_by":"The Heart","ascension_level":20}}