{"host":"v4tuy5ykrbdcm9o9","time":1612639595,"event":{"mods":["BaseMod","Duelist Mod","Minty Spire (QoL Compilation)","Replay The Spire","StSLib"],"gold_per_floor":[119,119,131,131,145,178,191,226,275,275,290,303,478,496,496,496,496],"floor_reached":16,"language":"ENG","playtime":2234,"items_purged":[],"score":160,"play_id":"4cd82fb1-e915-4ec7-968c-cd570b004765","local_time":"20210206142635","is_ascension_mode":true,"campfire_choices":[{"floor":10,"key":"REST"},{"floor":15,"key":"RECALL"}],"circlet_count":0,"master_deck":["Strike_R","Strike_R","Strike_R","Strike_R","Strike_R","Defend_R","Defend_R","Defend_R","Defend_R","Bash","Inflame","Cleave","Rage","Armaments","Flex","Cleave","Fire Breathing","Anger","Doubt","Perfected Strike"],"relics":["Burning Blood","ReplayFunnel","Meat on the Bone","Oddly Smooth Stone"],"acts_visited":["Exordium"],"potions_floor_usage":[3,5,6,6,8,16],"damage_taken":[{"damage":4,"enemies":"Small Slimes","floor":1,"turns":3},{"damage":1,"enemies":"Cultist","floor":3,"turns":4},{"damage":14,"enemies":"Jaw Worm","floor":5,"turns":4},{"damage":20,"enemies":"Gremlin Nob","floor":6,"turns":4},{"damage":6,"enemies":"Looter","floor":7,"turns":3},{"damage":49,"enemies":"3 Sentries","floor":8,"turns":15},{"damage":5,"enemies":"Blue Slaver","floor":11,"turns":4},{"damage":0,"enemies":"3 Louse","floor":12,"turns":4},{"damage":0,"enemies":"Large Slime","floor":14,"turns":3},{"damage":86,"enemies":"The Guardian","floor":16,"turns":13}],"seed_played":"306584592697394568","potions_obtained":[{"floor":2,"key":"LiquidMemories"},{"floor":2,"key":"LiquidBronze"},{"floor":2,"key":"LiquidBronze"},{"floor":3,"key":"PowerPotion"},{"floor":6,"key":"Ancient Potion"},{"floor":7,"key":"SpeedPotion"},{"floor":12,"key":"SpeedPotion"}],"is_trial":false,"path_per_floor":["M","?","M","?","M","E","M","E","T","R","M","M","?","M","R","B"],"character_chosen":"IRONCLAD","items_purchased":[],"campfire_rested":1,"item_purchase_floors":[],"current_hp_per_floor":[82,82,87,62,54,40,52,21,21,47,60,66,66,72,72,0,0],"gold":496,"neow_bonus":"TEN_PERCENT_HP_BONUS","is_daily":false,"chose_seed":false,"campfire_upgraded":0,"win_rate":0.0,"timestamp":1612639595,"path_taken":["M","?","?","?","M","E","M","E","T","R","M","M","?","M","R","BOSS"],"items_purchased_type":[],"build_version":"2020-12-22","purchased_purges":0,"victory":false,"max_hp_per_floor":[88,88,88,88,88,88,88,88,88,88,88,88,88,88,88,88,88],"card_choices":[{"not_picked":["Clash","Infernal Blade"],"picked":"Inflame","floor":1},{"not_picked":["Flex","Twin Strike"],"picked":"Cleave","floor":3},{"not_picked":["Replay:Undeath\u0027s Touch","Battle Trance"],"picked":"Rage","floor":5},{"not_picked":["Heavy Blade","Double Tap"],"picked":"Armaments","floor":6},{"not_picked":["ReplayTheSpireMod:Stacked","Headbutt"],"picked":"Flex","floor":7},{"not_picked":["True Grit","Warcry"],"picked":"Cleave","floor":8},{"not_picked":["True Grit","Juggernaut"],"picked":"Fire Breathing","floor":11},{"not_picked":["Twin Strike","Whirlwind"],"picked":"Anger","floor":12},{"not_picked":["Headbutt","Wild Strike"],"picked":"Perfected Strike","floor":14}],"player_experience":788171,"relics_obtained":[{"floor":6,"key":"Meat on the Bone"},{"floor":8,"key":"Oddly Smooth Stone"}],"event_choices":[{"damage_healed":0,"gold_gain":0,"player_choice":"Got Potions","damage_taken":0,"max_hp_gain":0,"max_hp_loss":0,"event_name":"Lab","floor":2,"gold_loss":0},{"damage_healed":0,"gold_gain":0,"player_choice":"Success","damage_taken":25,"relics_obtained":["ReplayFunnel"],"max_hp_gain":0,"max_hp_loss":0,"event_name":"Scrap Ooze","floor":4,"gold_loss":0},{"damage_healed":0,"gold_gain":175,"player_choice":"AGREE","damage_taken":0,"max_hp_gain":0,"max_hp_loss":0,"event_name":"Liars Game","floor":13,"gold_loss":0,"cards_obtained":["Doubt"]}],"is_beta":false,"boss_relics":[],"items_purged_floors":[],"is_endless":false,"potions_floor_spawned":[3,6,7,12],"killed_by":"The Guardian","ascension_level":8}}