{"host":"1focbxb2e8qu7ccd","time":1612584349,"event":{"mods":["BaseMod","Bestiary","Highlight Path","Minty Spire (QoL Compilation)","Relic Stats"],"gold_per_floor":[113,38,58,58,58,97,97,97,97,97,115,148,148,168,168,262,262,283,198,211,211,236,236,250,250,250,52,52,97,22,22,22],"floor_reached":31,"language":"ENG","playtime":1541,"items_purged":[],"score":522,"play_id":"5149c190-9538-4fe4-8ca9-f9f34bf0b8ae","local_time":"20210205230549","is_ascension_mode":true,"campfire_choices":[{"data":"Poisoned Stab","floor":7,"key":"SMITH"},{"data":"Dagger Throw","floor":10,"key":"SMITH"},{"data":"Dagger Spray","floor":13,"key":"SMITH"},{"data":"Bane","floor":15,"key":"SMITH"},{"floor":23,"key":"REST"},{"data":"Dash","floor":25,"key":"SMITH"},{"data":"Envenom","floor":28,"key":"SMITH"}],"circlet_count":0,"master_deck":["AscendersBane","Defend_G","Defend_G","Defend_G","Survivor","Neutralize","Poisoned Stab+1","Dash+1","Dagger Throw+1","Backstab","Bane+1","Dagger Spray+1","Acrobatics","Die Die Die","Distraction+1","Storm of Steel+1","Well Laid Plans+1","Poisoned Stab+1","Envenom+1","Sucker Punch","Blade Dance"],"relics":["Ring of the Snake","Golden Idol","Blue Candle","Boot","Anchor","Blood Vial","Astrolabe","CeramicFish","Bottled Tornado","Mummified Hand","Dream Catcher"],"acts_visited":["Exordium","TheCity"],"potions_floor_usage":[16,29],"damage_taken":[{"damage":3,"enemies":"2 Louse","floor":1,"turns":3},{"damage":0,"enemies":"Small Slimes","floor":3,"turns":5},{"damage":17,"enemies":"3 Sentries","floor":6,"turns":13},{"damage":0,"enemies":"Jaw Worm","floor":11,"turns":2},{"damage":3,"enemies":"Gremlin Nob","floor":12,"turns":3},{"damage":0,"enemies":"Exordium Wildlife","floor":14,"turns":3},{"damage":7,"enemies":"Slime Boss","floor":16,"turns":8},{"damage":4,"enemies":"2 Thieves","floor":18,"turns":3},{"damage":0,"enemies":"3 Byrds","floor":20,"turns":4},{"damage":40,"enemies":"Sentry and Sphere","floor":22,"turns":8},{"damage":2,"enemies":"Chosen and Byrds","floor":24,"turns":5},{"damage":25,"enemies":"Book of Stabbing","floor":29,"turns":4},{"damage":12,"enemies":"Snake Plant","floor":31,"turns":2}],"seed_played":"-512722976665951980","potions_obtained":[{"floor":1,"key":"Weak Potion"},{"floor":6,"key":"Fire Potion"},{"floor":18,"key":"SteroidPotion"},{"floor":22,"key":"Explosive Potion"}],"is_trial":false,"path_per_floor":["M","?","M","?","?","E","R","?","T","R","M","E","R","M","R","B",null,"M","?","M","T","M","R","M","R","T","$","R","E","?","M"],"character_chosen":"THE_SILENT","items_purchased":["Envenom","Sucker Punch"],"campfire_rested":1,"item_purchase_floors":[27,27],"current_hp_per_floor":[56,56,56,49,49,32,32,27,27,27,27,24,24,26,26,21,50,48,48,50,50,12,30,30,30,30,30,30,7,7,0,0],"gold":22,"neow_bonus":"TRANSFORM_CARD","is_daily":false,"chose_seed":false,"campfire_upgraded":6,"win_rate":0.0,"timestamp":1612584349,"path_taken":["M","?","M","?","?","E","R","?","T","R","M","E","R","?","R","BOSS","M","?","M","?","?","R","M","R","T","$","R","E","?","M"],"items_purchased_type":["Card","Card"],"build_version":"2020-12-22","purchased_purges":0,"victory":false,"max_hp_per_floor":[66,66,66,66,60,60,60,60,60,60,60,60,60,60,60,60,60,60,60,60,60,60,60,60,60,60,60,60,60,60,60,60],"relic_stats":{"Blood Vial":16,"Dream Catcher":0,"counters":[13,63],"Golden Idol":62,"Mummified Hand":[4],"Blue Candle":[0],"Astrolabe":["Distraction","Storm of Steel","Well Laid Plans"],"CeramicFish":36,"Boot":[42],"obtain_stats":[{"Blood Vial":12,"Anchor":9,"Dream Catcher":29,"Golden Idol":5,"Mummified Hand":26,"Blue Candle":6,"Astrolabe":17,"CeramicFish":19,"Bottled Tornado":21,"Boot":8,"Ring of the Snake":0},{"Blood Vial":5,"Anchor":3,"Dream Catcher":12,"Golden Idol":2,"Mummified Hand":11,"Blue Candle":3,"Astrolabe":7,"CeramicFish":8,"Bottled Tornado":9,"Boot":3,"Ring of the Snake":0},{"Blood Vial":26,"Anchor":21,"Dream Catcher":61,"Golden Idol":8,"Mummified Hand":57,"Blue Candle":21,"Astrolabe":37,"CeramicFish":40,"Bottled Tornado":44,"Boot":21,"Ring of the Snake":0}],"Ring of the Snake":[26]},"card_choices":[{"not_picked":["Riddle With Holes","Quick Slash"],"picked":"Dash","floor":1},{"not_picked":["Leg Sweep","Underhanded Strike"],"picked":"Dagger Throw","floor":3},{"not_picked":["Backflip","Leg Sweep"],"picked":"Backstab","floor":6},{"not_picked":["Caltrops","Cloak And Dagger"],"picked":"Bane","floor":11},{"not_picked":["Blade Dance","Caltrops"],"picked":"Dagger Spray","floor":12},{"not_picked":["Setup","Endless Agony"],"picked":"Acrobatics","floor":14},{"not_picked":["Glass Knife","Envenom"],"picked":"Die Die Die","floor":16},{"not_picked":["Outmaneuver","Eviscerate","Predator"],"picked":"SKIP","floor":18},{"not_picked":["Quick Slash","Terror","Prepared"],"picked":"SKIP","floor":20},{"not_picked":["Deadly Poison","Dodge and Roll"],"picked":"Poisoned Stab+1","floor":22},{"not_picked":["Deadly Poison","Poisoned Stab","Backflip"],"picked":"SKIP","floor":24},{"not_picked":["Tactician+1","Skewer"],"picked":"Blade Dance","floor":29}],"player_experience":882860,"relics_obtained":[{"floor":6,"key":"Blue Candle"},{"floor":9,"key":"Anchor"},{"floor":12,"key":"Blood Vial"},{"floor":21,"key":"Bottled Tornado"},{"floor":26,"key":"Mummified Hand"},{"floor":29,"key":"Dream Catcher"}],"event_choices":[{"cards_removed":["Strike_G"],"damage_healed":0,"gold_gain":0,"player_choice":"Card Removal","damage_taken":0,"max_hp_gain":0,"max_hp_loss":0,"event_name":"The Cleric","floor":2,"gold_loss":75},{"cards_removed":["Strike_G"],"damage_healed":0,"gold_gain":0,"player_choice":"Card Removal","damage_taken":7,"max_hp_gain":0,"max_hp_loss":0,"event_name":"Golden Wing","floor":4,"gold_loss":0},{"damage_healed":0,"gold_gain":0,"player_choice":"Lose Max HP","damage_taken":0,"relics_obtained":["Golden Idol"],"max_hp_gain":0,"max_hp_loss":6,"event_name":"Golden Idol","floor":5,"gold_loss":0},{"damage_healed":0,"gold_gain":0,"player_choice":"Success","damage_taken":5,"relics_obtained":["Boot"],"max_hp_gain":0,"max_hp_loss":0,"event_name":"Scrap Ooze","floor":8,"gold_loss":0},{"damage_healed":0,"gold_gain":0,"player_choice":"Obtained Relic","damage_taken":0,"relics_obtained":["CeramicFish"],"max_hp_gain":0,"max_hp_loss":0,"event_name":"Addict","floor":19,"gold_loss":85},{"cards_removed":["Defend_G"],"damage_healed":0,"gold_gain":0,"player_choice":"Gave Gold","damage_taken":0,"max_hp_gain":0,"max_hp_loss":0,"event_name":"Beggar","floor":30,"gold_loss":75}],"is_beta":false,"boss_relics":[{"not_picked":["HoveringKite","SlaversCollar"],"picked":"Astrolabe"}],"items_purged_floors":[],"is_endless":false,"potions_floor_spawned":[1,6,11,12,18,22],"killed_by":"Snake Plant","ascension_level":20}}