{"host":"820xk69ekh5gtclf","time":1612574419,"event":{"mods":["Ascension Unlocker","BaseMod","Curses Come First","Custom Start","Downfall","Filter the Spire","Minty Spire (QoL Compilation)","Relic Stats","StSLib"],"gold_per_floor":[113,113,38,51,51,85,85,101,101,101,139,158,191,141,141,231,231,246,161,111,111,111,150,150,3,58,98,98,112,127,158,158,252,315,329,350,683,692,692,692,721,353,429,429,429,442,239,252,252,252,252,252,130,157,157],"floor_reached":56,"language":"ENG","playtime":4928,"items_purged":["bronze:Strike","bronze:Strike","bronze:BurnOut","bronze:Replicate","bronze:WhirlingStrike+1","bronze:Shield"],"score":2495,"play_id":"4bc3321c-7512-4026-a7c5-41a554be1367","local_time":"20210205202019","is_ascension_mode":true,"campfire_choices":[{"data":"bronze:NullPointer","floor":7.0,"key":"SMITH"},{"data":"bronze:WhirlingStrike","floor":15.0,"key":"SMITH"},{"data":"bronze:Goto","floor":24.0,"key":"SMITH"},{"floor":28.0,"key":"RECALL"},{"data":"Blind","floor":32.0,"key":"SMITH"},{"data":"bronze:BitShift","floor":40.0,"key":"SMITH"},{"data":"bronze:Terminator","floor":45.0,"key":"SMITH"},{"data":"Dark Shackles","floor":49.0,"key":"SMITH"},{"data":"bronze:Defend","floor":52.0,"key":"SMITH"}],"circlet_count":0,"master_deck":["AscendersBane","bronze:Defend+1","bronze:Defend","bronze:Goto+1","bronze:NullPointer+1","bronze:BitShift+1","bronze:Overheat","bronze:Terminator+1","bronze:FindAndReplace+1","Blind+1","Dark Shackles+1","bronze:Refactor"],"relics":["bronze:BronzeCore","NeowsBlessing","Pocketwatch","TungstenRod","Bird Faced Urn","Smiling Mask","Busted Crown","Turnip","Juzu Bracelet","Happy Flower","CeramicFish","Matryoshka","Tiny House","Omamori","Sundial","Eternal Feather","Bag of Preparation","Kunai"],"acts_visited":["Exordium","TheCity","TheBeyond","TheEnding"],"potions_floor_usage":[55,55],"damage_taken":[{"damage":0.0,"enemies":"Jaw Worm","floor":1.0,"turns":1.0},{"damage":0.0,"enemies":"2 Louse","floor":4.0,"turns":1.0},{"damage":0.0,"enemies":"Gremlin Nob","floor":6.0,"turns":1.0},{"damage":0.0,"enemies":"Small Slimes","floor":8.0,"turns":4.0},{"damage":9.0,"enemies":"Lagavulin","floor":11.0,"turns":8.0},{"damage":0.0,"enemies":"3 Louse","floor":12.0,"turns":3.0},{"damage":0.0,"enemies":"3 Sentries","floor":13.0,"turns":3.0},{"damage":0.0,"enemies":"The Guardian","floor":16.0,"turns":7.0},{"damage":0.0,"enemies":"3 Byrds","floor":18.0,"turns":4.0},{"damage":8.0,"enemies":"Slavers","floor":23.0,"turns":4.0},{"damage":0.0,"enemies":"Gremlin Leader","floor":27.0,"turns":4.0},{"damage":0.0,"enemies":"Shell Parasite","floor":29.0,"turns":2.0},{"damage":0.0,"enemies":"3 Cultists","floor":30.0,"turns":2.0},{"damage":0.0,"enemies":"Book of Stabbing","floor":31.0,"turns":4.0},{"damage":5.0,"enemies":"Automaton","floor":33.0,"turns":8.0},{"damage":0.0,"enemies":"3 Darklings","floor":35.0,"turns":2.0},{"damage":8.0,"enemies":"3 Shapes","floor":36.0,"turns":2.0},{"damage":0.0,"enemies":"Giant Head","floor":41.0,"turns":4.0},{"damage":0.0,"enemies":"Maw","floor":46.0,"turns":5.0},{"damage":0.0,"enemies":"Spire Growth","floor":48.0,"turns":2.0},{"damage":2.0,"enemies":"Time Eater","floor":50.0,"turns":8.0},{"damage":0.0,"enemies":"Shield and Spear","floor":54.0,"turns":3.0},{"damage":0,"enemies":"The Heart","floor":55,"turns":5}],"seed_played":"2714608749903365521","potions_obtained":[{"floor":6.0,"key":"Dexterity Potion"},{"floor":11.0,"key":"EntropicBrew"},{"floor":12.0,"key":"LiquidBronze"},{"floor":18.0,"key":"Swift Potion"},{"floor":33.0,"key":"FearPotion"},{"floor":34.0,"key":"Fruit Juice"},{"floor":35.0,"key":"bronze:CleanCodePotion"},{"floor":41.0,"key":"ColorlessPotion"}],"is_trial":false,"path_per_floor":["M","?","?","M","?","E","R","M","T","?","E","M","E","$","R","B",null,"M","?","$","?","?","E","R","$","T","E","R","M","M","E","R","B",null,"M","M","?","?","?","R","E","$","T","?","R","M","$","M","R","B",null,"R","$","E","B",null],"character_chosen":"THE_AUTOMATON","items_purchased":["Blind","Sundial","Dark Shackles","Bag of Preparation","bronze:Refactor"],"campfire_rested":0,"item_purchase_floors":[25,42,42,47,53],"current_hp_per_floor":[57,35,35,35,35,35,35,35,35,40,31,31,31,31,31,31,59,59,59,59,59,59,51,51,51,51,51,51,51,51,51,51,46,68,73,65,65,65,88,88,88,88,88,88,88,88,88,88,88,86,88,88,88,88,88],"gold":157,"neow_bonus":"THREE_ENEMY_KILL","is_daily":false,"chose_seed":false,"campfire_upgraded":8,"win_rate":0.0,"timestamp":1612574419,"path_taken":["M","?","?","M","?","E","R","M","T","?","E","M","E","$","R","BOSS","M","?","$","?","?","E","R","$","T","E","R","M","M","E","R","BOSS","M","M","?","?","?","R","E","$","T","?","R","M","$","M","R","BOSS","R","$","E","BOSS"],"items_purchased_type":["Card","Relic","Card","Relic","Card"],"build_version":"2020-12-22","purchased_purges":6,"victory":true,"max_hp_per_floor":[63,63,63,63,63,63,63,63,63,68,68,68,68,68,68,68,68,68,68,68,68,68,68,68,68,68,68,68,68,68,68,68,68,73,78,78,78,78,88,88,88,88,88,88,88,88,88,88,88,88,88,88,88,88,88],"relic_stats":{"Happy Flower":[17],"counters":[23,87],"CeramicFish":27,"Eternal Feather":0,"Juzu Bracelet":1,"Bag of Preparation":[8],"Smiling Mask":525,"Busted Crown":30,"Sundial":[104],"Bird Faced Urn":[0],"Turnip":[5],"Kunai":[13],"obtain_stats":[{"bronze:BronzeCore":0,"Tiny House":34,"NeowsBlessing":0,"Happy Flower":26,"Golden Idol":2,"CeramicFish":27,"Eternal Feather":43,"Juzu Bracelet":23,"Omamori":41,"Bag of Preparation":47,"Smiling Mask":13,"Busted Crown":17,"Matryoshka":31,"Sundial":42,"Bird Faced Urn":11,"Turnip":19,"Kunai":54,"TungstenRod":9,"Pocketwatch":6},{"bronze:BronzeCore":0,"Tiny House":15,"NeowsBlessing":0,"Happy Flower":10,"Golden Idol":1,"CeramicFish":11,"Eternal Feather":18,"Juzu Bracelet":10,"Omamori":18,"Bag of Preparation":19,"Smiling Mask":7,"Busted Crown":8,"Matryoshka":14,"Sundial":18,"Bird Faced Urn":5,"Turnip":9,"Kunai":22,"TungstenRod":4,"Pocketwatch":3},{"bronze:BronzeCore":0,"Tiny House":56,"NeowsBlessing":0,"Happy Flower":36,"Golden Idol":1,"CeramicFish":40,"Eternal Feather":64,"Juzu Bracelet":36,"Omamori":64,"Bag of Preparation":69,"Smiling Mask":21,"Busted Crown":28,"Matryoshka":48,"Sundial":64,"Bird Faced Urn":15,"Turnip":32,"Kunai":82,"TungstenRod":7,"Pocketwatch":3}],"TungstenRod":15,"Pocketwatch":[78]},"card_choices":[{"not_picked":["bronze:Frontload","bronze:Turbo"],"picked":"bronze:WhirlingStrike","floor":1.0},{"not_picked":["bronze:Optimize","bronze:Repulsor"],"picked":"bronze:Shield","floor":4.0},{"not_picked":["bronze:Iterate","bronze:Deprecate"],"picked":"bronze:NullPointer","floor":6.0},{"not_picked":["bronze:Return","bronze:Refactor"],"picked":"bronze:BitShift","floor":8.0},{"not_picked":["bronze:Overload","bronze:BronzeArmor"],"picked":"bronze:Overheat","floor":11.0},{"not_picked":["bronze:Turbo","bronze:ChildClass"],"picked":"bronze:Terminator","floor":12.0},{"not_picked":["bronze:Iterate","bronze:CutThrough","bronze:BuggyMess"],"picked":"SKIP","floor":13.0},{"not_picked":["bronze:Assembly","bronze:ShipIt"],"picked":"bronze:Break","floor":16.0},{"not_picked":["bronze:WildBeam"],"picked":"SKIP","floor":18.0},{"not_picked":["bronze:FollowUp"],"picked":"SKIP","floor":23.0},{"not_picked":["bronze:Backtrace+1"],"picked":"SKIP","floor":27.0},{"not_picked":["bronze:Branch"],"picked":"SKIP","floor":29.0},{"not_picked":["bronze:BugBarrage"],"picked":"SKIP","floor":30.0},{"not_picked":["bronze:Frontload+1"],"picked":"SKIP","floor":31.0},{"not_picked":["bronze:Frontload"],"picked":"SKIP","floor":35.0},{"not_picked":["bronze:Frontload"],"picked":"SKIP","floor":35.0},{"not_picked":["bronze:Branch+1"],"picked":"SKIP","floor":36.0},{"not_picked":["bronze:FollowUp"],"picked":"SKIP","floor":41.0},{"not_picked":["bronze:Shield+1"],"picked":"SKIP","floor":46.0},{"not_picked":["bronze:DigitalCarnage"],"picked":"SKIP","floor":48.0},{"not_picked":["bronze:ItsAFeature"],"picked":"SKIP","floor":54.0}],"player_experience":2343854,"relics_obtained":[{"floor":6.0,"key":"Pocketwatch"},{"floor":9.0,"key":"TungstenRod"},{"floor":11.0,"key":"Bird Faced Urn"},{"floor":13.0,"key":"Smiling Mask"},{"floor":23.0,"key":"Juzu Bracelet"},{"floor":26.0,"key":"Happy Flower"},{"floor":27.0,"key":"CeramicFish"},{"floor":31.0,"key":"Matryoshka"},{"floor":41.0,"key":"Omamori"},{"floor":43.0,"key":"Eternal Feather"},{"floor":54.0,"key":"Kunai"}],"event_choices":[{"damage_healed":0.0,"max_hp_gain":0.0,"max_hp_loss":0.0,"gold_gain":0.0,"event_name":"Golden Idol","player_choice":"Take Damage","floor":2.0,"gold_loss":0.0,"damage_taken":22.0,"relics_obtained":["Golden Idol"]},{"cards_removed":["bronze:Strike"],"damage_healed":0.0,"max_hp_gain":0.0,"max_hp_loss":0.0,"gold_gain":0.0,"event_name":"The Cleric","player_choice":"Card Removal","floor":3.0,"gold_loss":75.0,"damage_taken":0.0},{"damage_healed":0.0,"max_hp_gain":0.0,"max_hp_loss":0.0,"gold_gain":0.0,"event_name":"Liars Game","player_choice":"Ignored","floor":5.0,"gold_loss":0.0,"damage_taken":0.0},{"damage_healed":0.0,"max_hp_gain":5.0,"max_hp_loss":0.0,"gold_gain":0.0,"event_name":"Big Fish","player_choice":"Donut","floor":10.0,"gold_loss":0.0,"damage_taken":0.0},{"damage_healed":0.0,"max_hp_gain":0.0,"max_hp_loss":0.0,"gold_gain":0.0,"event_name":"Addict","player_choice":"Obtained Relic","floor":19.0,"gold_loss":85.0,"damage_taken":0.0,"relics_obtained":["Turnip"]},{"damage_healed":0.0,"max_hp_gain":0.0,"max_hp_loss":0.0,"gold_gain":0.0,"cards_transformed":["bronze:Defend","bronze:Defend"],"event_name":"Drug Dealer","player_choice":"Became Test Subject","floor":22.0,"gold_loss":0.0,"damage_taken":0.0,"cards_obtained":["bronze:FindAndReplace","bronze:BurnOut"]},{"damage_healed":0.0,"max_hp_gain":0.0,"max_hp_loss":0.0,"gold_gain":333.0,"event_name":"The Moai Head","player_choice":"Gave Idol","floor":37.0,"relics_lost":["Golden Idol"],"gold_loss":0.0,"damage_taken":0.0},{"damage_healed":0.0,"max_hp_gain":0.0,"max_hp_loss":0.0,"gold_gain":0.0,"event_name":"Duplicator","player_choice":"Copied","floor":38.0,"gold_loss":0.0,"damage_taken":0.0,"cards_obtained":["bronze:FindAndReplace"]},{"cards_removed":["bronze:FindAndReplace"],"damage_healed":0.0,"max_hp_gain":0.0,"max_hp_loss":0.0,"gold_gain":0.0,"event_name":"Falling","player_choice":"Removed Skill","floor":44.0,"gold_loss":0.0,"damage_taken":0.0}],"is_beta":false,"boss_relics":[{"not_picked":["Runic Dome","Sozu"],"picked":"Busted Crown"},{"not_picked":["Pandora\u0027s Box","Empty Cage"],"picked":"Tiny House"}],"items_purged_floors":[14,20,25,42,47,53],"is_endless":false,"potions_floor_spawned":[6,11,12,16,18,30,33,35,41,46],"ascension_level":15}}