{"host":"rolltorest","time":1612601309,"event":{"mods":["BaseMod","Minty Spire (QoL Compilation)","Relic Stats","Slay the Relics Exporter","StSLib"],"gold_per_floor":[117,131,57,74,74,106,121,151,176,208,208,283,309,37,37,108,108,118,118,128,53,53,53,71,104,104,131,31,45,45,73,73,148,148,165,212,47,66,83,112,122,150,232,246,246,246,246],"floor_reached":46,"language":"ENG","playtime":1723,"items_purged":["Decay","Pain"],"score":1357,"play_id":"a8f6a8ef-dbd0-4469-b109-bc18fa0d7c46","local_time":"20210206004829","is_ascension_mode":true,"campfire_choices":[{"floor":11,"key":"REST"},{"data":"Uppercut","floor":15,"key":"SMITH"},{"data":"Bludgeon","floor":23,"key":"SMITH"},{"data":"Clothesline","floor":30,"key":"SMITH"},{"data":"Burning Pact","floor":32,"key":"SMITH"}],"circlet_count":0,"master_deck":["AscendersBane","Strike_R","Strike_R","Strike_R","Strike_R+1","Strike_R","Defend_R","Defend_R","Defend_R","Defend_R","Bash","Clothesline+1","Ghostly Armor","Blood for Blood+1","Bludgeon+1","Burning Pact+1","Reaper+1"],"relics":["Busted Crown","Bronze Scales","Anchor","Oddly Smooth Stone","Potion Belt","Sundial","Whetstone","Eternal Feather","Snecko Eye","WarpedTongs","Molten Egg 2","Question Card","Strawberry","Centennial Puzzle","Philosopher\u0027s Stone","Lantern","Membership Card","Mango","Gambling Chip"],"acts_visited":["Exordium","TheCity","TheBeyond"],"potions_floor_usage":[8,10,10,33,39,46],"damage_taken":[{"damage":0,"enemies":"Cultist","floor":1,"turns":2},{"damage":4,"enemies":"Jaw Worm","floor":2,"turns":3},{"damage":0,"enemies":"2 Louse","floor":4,"turns":2},{"damage":35,"enemies":"3 Sentries","floor":6,"turns":8},{"damage":0,"enemies":"Exordium Wildlife","floor":7,"turns":3},{"damage":0,"enemies":"Lagavulin","floor":8,"turns":6},{"damage":15,"enemies":"3 Sentries","floor":10,"turns":8},{"damage":0,"enemies":"Gremlin Nob","floor":13,"turns":3},{"damage":9,"enemies":"Hexaghost","floor":16,"turns":8},{"damage":0,"enemies":"3 Byrds","floor":18,"turns":3},{"damage":0,"enemies":"Chosen","floor":20,"turns":2},{"damage":13,"enemies":"Snake Plant","floor":24,"turns":3},{"damage":13,"enemies":"Slavers","floor":25,"turns":5},{"damage":8,"enemies":"Book of Stabbing","floor":27,"turns":3},{"damage":0,"enemies":"Chosen and Byrds","floor":29,"turns":2},{"damage":0,"enemies":"Slavers","floor":31,"turns":4},{"damage":14,"enemies":"Champ","floor":33,"turns":6},{"damage":3,"enemies":"3 Shapes","floor":35,"turns":4},{"damage":5,"enemies":"3 Darklings","floor":38,"turns":5},{"damage":6,"enemies":"Jaw Worm Horde","floor":39,"turns":3},{"damage":54,"enemies":"Nemesis","floor":40,"turns":7},{"damage":5,"enemies":"Writhing Mass","floor":41,"turns":3},{"damage":31,"enemies":"Giant Head","floor":42,"turns":6},{"damage":0,"enemies":"Sphere and 2 Shapes","floor":44,"turns":3},{"damage":25,"enemies":"Reptomancer","floor":46,"turns":3}],"seed_played":"3133648713693067313","potions_obtained":[{"floor":1,"key":"BlessingOfTheForge"},{"floor":2,"key":"Energy Potion"},{"floor":8,"key":"PowerPotion"},{"floor":10,"key":"Ancient Potion"},{"floor":18,"key":"Strength Potion"},{"floor":25,"key":"Fire Potion"},{"floor":29,"key":"SteroidPotion"},{"floor":31,"key":"LiquidMemories"},{"floor":35,"key":"Dexterity Potion"},{"floor":39,"key":"BlessingOfTheForge"},{"floor":40,"key":"FearPotion"}],"is_trial":false,"path_per_floor":["M","M","$","M","?","E","M","E","T","E","R","?","E","$","R","B",null,"M","?","M","$","?","R","M","E","T","E","$","M","R","E","R","B",null,"M","T","$","M","M","E","M","E","T","M","?","E"],"character_chosen":"IRONCLAD","items_purchased":["Uppercut","Eternal Feather","Membership Card"],"campfire_rested":1,"item_purchase_floors":[3,14,37],"current_hp_per_floor":[68,64,64,64,53,18,18,18,18,3,25,14,14,14,23,14,60,60,60,60,60,60,69,56,43,43,42,42,42,51,51,60,46,73,70,70,70,77,76,42,40,18,18,23,23,13,13],"gold":246,"neow_bonus":"BOSS_RELIC","is_daily":false,"chose_seed":false,"campfire_upgraded":4,"win_rate":0.0,"timestamp":1612601309,"path_taken":["M","M","$","?","?","E","M","E","T","E","R","?","E","$","R","BOSS","M","?","M","$","?","R","?","E","T","E","$","M","R","E","R","BOSS","M","?","$","M","M","E","M","E","T","M","?","E"],"items_purchased_type":["Card","Relic","Relic"],"build_version":"2020-12-18","purchased_purges":2,"victory":false,"max_hp_per_floor":[75,75,75,75,75,75,75,75,75,75,75,75,75,75,75,75,75,75,75,75,75,75,75,75,75,75,82,82,82,82,82,82,82,82,82,82,82,82,82,96,96,96,96,96,96,96,96],"relic_stats":{"Centennial Puzzle":[21],"Busted Crown":48,"counters":[25,105],"Sundial":[18],"Bronze Scales":[319],"Gambling Chip":[5],"Snecko Eye":[122,106,107,125],"Eternal Feather":36,"Whetstone":["Strike_R","Blood for Blood"],"Question Card":11,"obtain_stats":[{"Potion Belt":9,"Lantern":36,"Oddly Smooth Stone":8,"Eternal Feather":14,"Mango":40,"Whetstone":13,"Question Card":26,"Burning Blood":0,"WarpedTongs":22,"Anchor":6,"Centennial Puzzle":31,"Busted Crown":0,"Sundial":10,"Bronze Scales":5,"Strawberry":27,"Gambling Chip":42,"Snecko Eye":17,"Molten Egg 2":25,"Philosopher\u0027s Stone":34,"Membership Card":37},{"Potion Belt":6,"Lantern":18,"Oddly Smooth Stone":6,"Eternal Feather":8,"Mango":21,"Whetstone":8,"Question Card":13,"Burning Blood":0,"WarpedTongs":11,"Anchor":4,"Centennial Puzzle":16,"Busted Crown":0,"Sundial":7,"Bronze Scales":3,"Strawberry":14,"Gambling Chip":23,"Snecko Eye":9,"Molten Egg 2":13,"Philosopher\u0027s Stone":17,"Membership Card":18},{"Potion Belt":24,"Lantern":75,"Oddly Smooth Stone":24,"Eternal Feather":35,"Mango":90,"Whetstone":35,"Question Card":56,"Burning Blood":0,"WarpedTongs":48,"Anchor":15,"Centennial Puzzle":65,"Busted Crown":0,"Sundial":32,"Bronze Scales":7,"Strawberry":59,"Gambling Chip":99,"Snecko Eye":43,"Molten Egg 2":56,"Philosopher\u0027s Stone":71,"Membership Card":75}],"WarpedTongs":[57]},"card_choices":[{"not_picked":[],"picked":"Clothesline","floor":1},{"not_picked":[],"picked":"Ghostly Armor","floor":2},{"not_picked":[],"picked":"Blood for Blood","floor":4},{"not_picked":["Cleave"],"picked":"SKIP","floor":6},{"not_picked":["Wild Strike"],"picked":"SKIP","floor":7},{"not_picked":["True Grit"],"picked":"SKIP","floor":8},{"not_picked":["Uppercut"],"picked":"SKIP","floor":10},{"not_picked":["Whirlwind"],"picked":"SKIP","floor":13},{"not_picked":[],"picked":"Bludgeon","floor":16},{"not_picked":["Armaments+1"],"picked":"SKIP","floor":18},{"not_picked":["Pummel+1"],"picked":"SKIP","floor":20},{"not_picked":["Sever Soul"],"picked":"SKIP","floor":24},{"not_picked":["Infernal Blade"],"picked":"SKIP","floor":25},{"not_picked":["Flex","Intimidate"],"picked":"SKIP","floor":27},{"not_picked":["Havoc","Twin Strike+1"],"picked":"SKIP","floor":29},{"not_picked":["Clash+1"],"picked":"Burning Pact","floor":31},{"not_picked":["Impervious"],"picked":"Reaper+1","floor":33},{"not_picked":["Iron Wave+1","Perfected Strike+1"],"picked":"SKIP","floor":35},{"not_picked":["Clash+1","Twin Strike+1"],"picked":"SKIP","floor":38},{"not_picked":["Anger+1","Wild Strike+1"],"picked":"SKIP","floor":39},{"not_picked":["Combust","Thunderclap+1"],"picked":"SKIP","floor":40},{"not_picked":["Flex","Body Slam+1"],"picked":"SKIP","floor":41},{"not_picked":["Perfected Strike+1","True Grit+1"],"picked":"SKIP","floor":42},{"not_picked":["Entrench","Rampage+1"],"picked":"SKIP","floor":44}],"player_experience":1887126,"relics_obtained":[{"floor":6,"key":"Anchor"},{"floor":8,"key":"Oddly Smooth Stone"},{"floor":9,"key":"Potion Belt"},{"floor":10,"key":"Sundial"},{"floor":13,"key":"Whetstone"},{"floor":25,"key":"Molten Egg 2"},{"floor":26,"key":"Question Card"},{"floor":27,"key":"Strawberry"},{"floor":31,"key":"Centennial Puzzle"},{"floor":36,"key":"Lantern"},{"floor":40,"key":"Mango"},{"floor":42,"key":"Gambling Chip"}],"event_choices":[{"damage_healed":0,"gold_gain":0,"player_choice":"Success","damage_taken":11,"relics_obtained":["Bronze Scales"],"max_hp_gain":0,"max_hp_loss":0,"event_name":"Scrap Ooze","floor":5,"gold_loss":0},{"damage_healed":0,"gold_gain":75,"player_choice":"Gather Gold","damage_taken":11,"max_hp_gain":0,"max_hp_loss":0,"event_name":"World of Goop","floor":12,"gold_loss":0},{"damage_healed":0,"gold_gain":0,"player_choice":"Smashed Altar","damage_taken":0,"max_hp_gain":0,"max_hp_loss":0,"event_name":"Forgotten Altar","floor":19,"gold_loss":0,"cards_obtained":["Decay"]},{"damage_healed":0,"gold_gain":0,"player_choice":"Rummage","damage_taken":0,"relics_obtained":["WarpedTongs"],"max_hp_gain":0,"max_hp_loss":0,"event_name":"Accursed Blacksmith","floor":22,"gold_loss":0,"cards_obtained":["Pain"]},{"cards_removed":["Uppercut"],"damage_healed":0,"gold_gain":0,"player_choice":"Removed Attack","damage_taken":0,"max_hp_gain":0,"max_hp_loss":0,"event_name":"Falling","floor":45,"gold_loss":0}],"is_beta":true,"boss_relics":[{"not_picked":["Calling Bell","Runic Cube"],"picked":"Snecko Eye"},{"not_picked":["Mark of Pain","Astrolabe"],"picked":"Philosopher\u0027s Stone"}],"items_purged_floors":[21,28],"is_endless":false,"potions_floor_spawned":[1,2,8,10,18,25,29,31,35,39,40,44],"killed_by":"Reptomancer","ascension_level":20}}