{"host":"rtnsay39s46sdx80","time":1612628219,"event":{"mods":["2.2 Compatiblity","BaseMod","KinomotoSakuraMod(????)","Lobotomy","Marisa????????","Minty Spire (QoL Compilation)","Rare Cards Sparkle","Reimu??????","Remilia??????","Replay The Spire","StSLib","The Senshi"],"gold_per_floor":[10,10,22,40,17,17,117,117,117],"floor_reached":8,"language":"ENG","playtime":460,"items_purged":[],"score":46,"play_id":"93485794-6642-4c1f-8765-cfd1f102ec8b","local_time":"20210206231659","is_ascension_mode":false,"campfire_choices":[{"data":"PiercingWail","floor":6,"key":"SMITH"}],"circlet_count":0,"master_deck":["Strike_G","Strike_G","Strike_G","Strike_G","Strike_G","Defend_G","Defend_G","Defend_G","Defend_G","Defend_G","Survivor","Neutralize","Backflip","Backflip","Backflip","PiercingWail+1"],"relics":["Ring of the Snake","NlothsMask"],"acts_visited":["Exordium"],"potions_floor_usage":[],"damage_taken":[{"damage":7,"enemies":"2 Louse","floor":1,"turns":3},{"damage":2,"enemies":"Cultist","floor":3,"turns":4},{"damage":0,"enemies":"Small Slimes","floor":4,"turns":3},{"damage":51,"enemies":"Lagavulin","floor":8,"turns":12}],"seed_played":"7264652280190717872","potions_obtained":[{"floor":3,"key":"LiquidMemories"}],"is_trial":false,"path_per_floor":["M","?","M","M","$","R","?","E"],"character_chosen":"THE_SILENT","items_purchased":["PiercingWail"],"campfire_rested":0,"item_purchase_floors":[5],"current_hp_per_floor":[77,77,75,75,75,75,75,24,24],"gold":117,"neow_bonus":"TWENTY_PERCENT_HP_BONUS","is_daily":false,"chose_seed":false,"campfire_upgraded":1,"win_rate":0.0,"timestamp":1612628219,"path_taken":["M","?","?","M","?","R","?","E"],"items_purchased_type":["Card"],"build_version":"2020-12-22","purchased_purges":0,"victory":false,"max_hp_per_floor":[84,84,84,84,84,84,84,84,84],"card_choices":[{"not_picked":["Slice","Deflect"],"picked":"Backflip","floor":1},{"not_picked":["Flechettes","Tactician"],"picked":"Backflip","floor":3},{"not_picked":["Sneak Up","Slice"],"picked":"Backflip","floor":4}],"player_experience":270829,"relics_obtained":[],"event_choices":[{"damage_healed":0,"gold_gain":0,"player_choice":"Trade","damage_taken":0,"relics_obtained":["NlothsMask"],"max_hp_gain":0,"max_hp_loss":0,"event_name":"FaceTrader","floor":2,"gold_loss":0},{"damage_healed":0,"gold_gain":100,"player_choice":"Pray","damage_taken":0,"max_hp_gain":0,"max_hp_loss":0,"event_name":"Golden Shrine","floor":7,"gold_loss":0}],"is_beta":false,"boss_relics":[],"items_purged_floors":[],"is_endless":false,"potions_floor_spawned":[3],"killed_by":"Lagavulin","ascension_level":0}}