{"host":"l5zfpd2l2htson6l","time":1612611838,"event":{"mods":["AchievementEnabler","BaseMod","Colored Map","Colored Powertips","Minty Spire (QoL Compilation)","Permanent Neow","Quick Restart","Rare Cards Sparkle","Relic Stats","SuperFastMode"],"gold_per_floor":[110,130,143,153,153,153,179,179,204,222,0,19,49,60,60,133,133,150,150,170,220,66,95,95,120,120,120,135,150,175,8,8,8,8],"floor_reached":33,"language":"ENG","playtime":1501,"items_purged":["Strike_R"],"score":634,"play_id":"7ac2f0f3-5621-471c-89c3-01c3cc4ea6ef","local_time":"20210206034358","is_ascension_mode":true,"campfire_choices":[{"data":"Armaments","floor":6.0,"key":"SMITH"},{"floor":15.0,"key":"REST"},{"floor":27.0,"key":"REST"},{"floor":32.0,"key":"REST"}],"circlet_count":0,"master_deck":["AscendersBane","Strike_R","Strike_R","Strike_R","Defend_R+1","Defend_R","Defend_R","Defend_R","Bash+1","Iron Wave","Armaments+1","Dropkick","Shockwave","Flame Barrier","Double Tap","Burning Pact","Blood for Blood+1","Twin Strike","Bludgeon","Spot Weakness","Exhume","Sentinel","Disarm+1","Whirlwind","Flame Barrier+1"],"relics":["Runic Pyramid","Red Skull","Orichalcum","Orrery","Omamori","Velvet Choker","Centennial Puzzle","Tiny Chest","War Paint","Whetstone","Vajra"],"acts_visited":["Exordium","TheCity"],"potions_floor_usage":[33,33],"damage_taken":[{"damage":6.0,"enemies":"Jaw Worm","floor":1.0,"turns":8.0},{"damage":0.0,"enemies":"2 Louse","floor":2.0,"turns":3.0},{"damage":1.0,"enemies":"Cultist","floor":3.0,"turns":4.0},{"damage":4.0,"enemies":"3 Louse","floor":4.0,"turns":5.0},{"damage":34.0,"enemies":"Gremlin Nob","floor":7.0,"turns":5.0},{"damage":6.0,"enemies":"Gremlin Gang","floor":10.0,"turns":4.0},{"damage":7.0,"enemies":"Blue Slaver","floor":12.0,"turns":2.0},{"damage":9.0,"enemies":"Lagavulin","floor":13.0,"turns":5.0},{"damage":5.0,"enemies":"Exordium Thugs","floor":14.0,"turns":5.0},{"damage":21.0,"enemies":"The Guardian","floor":16.0,"turns":10.0},{"damage":13.0,"enemies":"Chosen","floor":18.0,"turns":5.0},{"damage":8.0,"enemies":"3 Byrds","floor":20.0,"turns":5.0},{"damage":27.0,"enemies":"Slavers","floor":23.0,"turns":5.0},{"damage":21.0,"enemies":"Gremlin Leader","floor":25.0,"turns":5.0},{"damage":3.0,"enemies":"Cultist and Chosen","floor":28.0,"turns":5.0},{"damage":9.0,"enemies":"Centurion and Healer","floor":29.0,"turns":4.0},{"damage":7.0,"enemies":"Book of Stabbing","floor":30.0,"turns":3.0},{"damage":37,"enemies":"Automaton","floor":33,"turns":6}],"seed_played":"-5371214456650733828","potions_obtained":[{"floor":1.0,"key":"ElixirPotion"},{"floor":2.0,"key":"Block Potion"},{"floor":14.0,"key":"SpeedPotion"},{"floor":18.0,"key":"SkillPotion"},{"floor":23.0,"key":"Strength Potion"},{"floor":29.0,"key":"AttackPotion"}],"is_trial":false,"path_per_floor":["M","M","M","M","?","R","E","?","T","M","$","M","E","M","R","B",null,"M","?","M","?","$","E","?","E","T","R","M","M","E","$","R","B"],"character_chosen":"IRONCLAD","items_purchased":["Orrery","Weak Potion","Whirlwind","Vajra"],"campfire_rested":3,"item_purchase_floors":[11,11,22,31],"current_hp_per_floor":[62,62,61,57,62,62,28,28,28,22,22,15,6,1,25,4,61,48,48,40,40,40,13,29,8,8,32,29,20,13,13,37,0,0],"gold":8,"neow_bonus":"BOSS_RELIC","is_daily":false,"chose_seed":false,"campfire_upgraded":1,"win_rate":0.0,"timestamp":1612611838,"path_taken":["M","M","M","M","?","R","E","?","T","M","$","M","E","?","R","BOSS","M","?","?","?","?","E","?","E","T","R","M","M","E","$","R","BOSS"],"items_purchased_type":["Relic","Potion","Card","Relic"],"build_version":"2020-12-22","purchased_purges":1,"victory":false,"max_hp_per_floor":[75,75,75,75,80,80,80,80,80,80,80,80,80,80,80,80,80,80,80,80,80,80,80,80,80,80,80,80,80,80,80,80,80,80],"relic_stats":{"Centennial Puzzle":[15],"counters":[18,89],"Tiny Chest":0,"Whetstone":["Blood for Blood","Bash"],"Orichalcum":[78],"War Paint":["Defend_R","Disarm"],"obtain_stats":[{"Centennial Puzzle":23,"Orrery":11,"Velvet Choker":17,"Vajra":31,"Tiny Chest":25,"Omamori":13,"Whetstone":30,"Orichalcum":9,"War Paint":26,"Burning Blood":0,"Red Skull":7,"Runic Pyramid":0},{"Centennial Puzzle":13,"Orrery":6,"Velvet Choker":10,"Vajra":17,"Tiny Chest":14,"Omamori":8,"Whetstone":17,"Orichalcum":5,"War Paint":14,"Burning Blood":0,"Red Skull":5,"Runic Pyramid":0},{"Centennial Puzzle":66,"Orrery":29,"Velvet Choker":51,"Vajra":83,"Tiny Chest":71,"Omamori":36,"Whetstone":83,"Orichalcum":25,"War Paint":71,"Burning Blood":0,"Red Skull":25,"Runic Pyramid":0}]},"card_choices":[{"not_picked":["Intimidate","Metallicize"],"picked":"Iron Wave","floor":1.0},{"not_picked":["Clothesline","Heavy Blade"],"picked":"Armaments","floor":2.0},{"not_picked":["Headbutt","Clash"],"picked":"Dropkick","floor":3.0},{"not_picked":["Warcry","Fire Breathing"],"picked":"Shockwave","floor":4.0},{"not_picked":["Berserk","Flex"],"picked":"Flame Barrier","floor":7.0},{"not_picked":["Flex","Reckless Charge","Havoc"],"picked":"SKIP","floor":10.0},{"not_picked":["Flex","Reckless Charge","Havoc"],"picked":"SKIP","floor":10.0},{"not_picked":["Anger","Iron Wave"],"picked":"Burning Pact","floor":11.0},{"not_picked":["Warcry","Twin Strike"],"picked":"Blood for Blood","floor":11.0},{"not_picked":["Dropkick","Battle Trance"],"picked":"Twin Strike","floor":11.0},{"not_picked":["Ghostly Armor","Cleave"],"picked":"Bludgeon","floor":12.0},{"not_picked":["Cleave","Perfected Strike"],"picked":"Spot Weakness","floor":13.0},{"not_picked":["Wild Strike","Twin Strike","Headbutt"],"picked":"SKIP","floor":14.0},{"not_picked":["Juggernaut","Double Tap"],"picked":"Exhume","floor":16.0},{"not_picked":["Rage","Heavy Blade","Entrench"],"picked":"SKIP","floor":18.0},{"not_picked":["Perfected Strike","Headbutt"],"picked":"Disarm","floor":20.0},{"not_picked":["Warcry","Twin Strike","Reckless Charge"],"picked":"SKIP","floor":23.0},{"not_picked":["Sever Soul","Infernal Blade","Dark Embrace+1"],"picked":"SKIP","floor":25.0},{"not_picked":["Twin Strike","Whirlwind","Pommel Strike"],"picked":"SKIP","floor":28.0},{"not_picked":["Headbutt","Entrench"],"picked":"Flame Barrier+1","floor":29.0},{"not_picked":["Warcry","Thunderclap","Sever Soul"],"picked":"SKIP","floor":30.0}],"player_experience":921414,"relics_obtained":[{"floor":7.0,"key":"Red Skull"},{"floor":9.0,"key":"Orichalcum"},{"floor":13.0,"key":"Omamori"},{"floor":23.0,"key":"Centennial Puzzle"},{"floor":25.0,"key":"Tiny Chest"},{"floor":26.0,"key":"War Paint"},{"floor":30.0,"key":"Whetstone"}],"event_choices":[{"damage_healed":0.0,"max_hp_gain":5.0,"max_hp_loss":0.0,"gold_gain":0.0,"event_name":"Big Fish","player_choice":"Donut","floor":5.0,"gold_loss":0.0,"damage_taken":0.0},{"damage_healed":0.0,"max_hp_gain":0.0,"max_hp_loss":0.0,"gold_gain":0.0,"event_name":"Match and Keep!","player_choice":"1 cards matched","floor":8.0,"gold_loss":0.0,"damage_taken":0.0,"cards_obtained":["Double Tap"]},{"damage_healed":0.0,"max_hp_gain":0.0,"max_hp_loss":0.0,"gold_gain":0.0,"cards_transformed":["Strike_R"],"event_name":"Transmorgrifier","player_choice":"Transformed","floor":19.0,"gold_loss":0.0,"damage_taken":0.0,"cards_obtained":["Sentinel"]},{"damage_healed":0.0,"max_hp_gain":0.0,"max_hp_loss":0.0,"gold_gain":50.0,"event_name":"Golden Shrine","player_choice":"Pray","floor":21.0,"gold_loss":0.0,"damage_taken":0.0},{"damage_healed":16.0,"max_hp_gain":0.0,"max_hp_loss":0.0,"gold_gain":0.0,"event_name":"The Library","player_choice":"Heal","floor":24.0,"gold_loss":0.0,"damage_taken":0.0}],"is_beta":false,"boss_relics":[{"not_picked":["Coffee Dripper","Busted Crown"],"picked":"Velvet Choker"}],"items_purged_floors":[22],"is_endless":false,"potions_floor_spawned":[1,2,14,18,23,25,29,30],"killed_by":"Automaton","ascension_level":20}}