{"host":"n23juj4d9qam5hh1","time":1612617318,"event":{"mods":["BaseMod","Better Note","BetterRewards","Displayed Cursed Tome","Infinite Spire","Minty Spire (QoL Compilation)","Relic Stats","StSLib","Thieving Mod"],"gold_per_floor":[116,127,103,115,127,127,141,141,141,141,161,161,173,173,173,277,277,288,288,308,233,233,233,261,261,261,278,244,344,344,358,358,460,460,475,249,264,279,299,299,309,309,360,360,691,710,722,735,735,735,735],"floor_reached":50,"language":"ENG","playtime":2259,"items_purged":["Beam Cell"],"score":611,"play_id":"709e0e02-9a87-45ed-87c7-dc4739996b5e","local_time":"20210206081518","is_ascension_mode":true,"campfire_choices":[{"data":"Dualcast","floor":6.0,"key":"SMITH"},{"data":"Zap","floor":10.0,"key":"SMITH"},{"data":"Capacitor","floor":15.0,"key":"SMITH"},{"floor":23.0,"key":"REST"},{"data":"Echo Form","floor":25.0,"key":"SMITH"},{"floor":30.0,"key":"REST"},{"data":"Redo","floor":32.0,"key":"SMITH"},{"floor":40.0,"key":"REST"},{"floor":42.0,"key":"REST"},{"data":"Buffer","floor":49.0,"key":"SMITH"}],"circlet_count":0,"master_deck":["Zap+1","Dualcast+1","BootSequence","Conserve Battery","Redo+1","Machine Learning","Cold Snap","Capacitor+1","Coolheaded","Barrage","Electrodynamics","Chaos+1","Chaos+1","Echo Form+1","Ball Lightning+1","FTL","Self Repair+1","Buffer+1","Hologram","Rebound","Capacitor","Thunder Strike","Glacier","Force Field","Barrage+1","Storm+1","Parasite","Auto Shields+1","BootSequence+1"],"relics":["Cracked Core","NeowsBlessing","HornCleat","NlothsMask","Singing Bowl","Black Star","Enchiridion","infinitespire:WardingShard","Pear","Pandora\u0027s Box","Runic Capacitor","Juzu Bracelet","White Beast Statue","Old Coin"],"acts_visited":["Exordium","TheCity","TheBeyond"],"potions_floor_usage":[50,50],"damage_taken":[{"damage":0.0,"enemies":"Cultist","floor":1.0,"turns":1.0},{"damage":0.0,"enemies":"2 Louse","floor":2.0,"turns":1.0},{"damage":0.0,"enemies":"Jaw Worm","floor":4.0,"turns":1.0},{"damage":5.0,"enemies":"Exordium Wildlife","floor":5.0,"turns":4.0},{"damage":2.0,"enemies":"2 Fungi Beasts","floor":7.0,"turns":4.0},{"damage":0.0,"enemies":"Large Slime","floor":11.0,"turns":7.0},{"damage":5.0,"enemies":"Gremlin Gang","floor":13.0,"turns":4.0},{"damage":36.0,"enemies":"Slime Boss","floor":16.0,"turns":13.0},{"damage":14.0,"enemies":"Chosen","floor":18.0,"turns":5.0},{"damage":4.0,"enemies":"Shell Parasite","floor":20.0,"turns":5.0},{"damage":19.0,"enemies":"Slavers","floor":24.0,"turns":4.0},{"damage":14.0,"enemies":"Snecko","floor":27.0,"turns":6.0},{"damage":5.0,"enemies":"Shelled Parasite and Fungi","floor":31.0,"turns":4.0},{"damage":47.0,"enemies":"Collector","floor":33.0,"turns":8.0},{"damage":0.0,"enemies":"Orb Walker","floor":35.0,"turns":4.0},{"damage":11.0,"enemies":"3 Darklings","floor":37.0,"turns":6.0},{"damage":43.0,"enemies":"Spire Growth","floor":38.0,"turns":6.0},{"damage":42.0,"enemies":"Writhing Mass","floor":39.0,"turns":7.0},{"damage":21.0,"enemies":"Sphere and 2 Shapes","floor":41.0,"turns":4.0},{"damage":4.0,"enemies":"Nemesis","floor":45.0,"turns":7.0},{"damage":3.0,"enemies":"Maw","floor":46.0,"turns":7.0},{"damage":17.0,"enemies":"Jaw Worm Horde","floor":47.0,"turns":5.0},{"damage":7.0,"enemies":"3 Darklings","floor":48.0,"turns":3.0},{"damage":90,"enemies":"infinitespire:MassOfShapes","floor":50,"turns":10}],"seed_played":"-802127145294511592","potions_obtained":[{"floor":2.0,"key":"Swift Potion"},{"floor":4.0,"key":"SkillPotion"},{"floor":7.0,"key":"Explosive Potion"},{"floor":18.0,"key":"infinitespire:BlackPotion"},{"floor":20.0,"key":"Ancient Potion"},{"floor":31.0,"key":"GamblersBrew"},{"floor":41.0,"key":"DistilledChaos"},{"floor":46.0,"key":"Energy Potion"},{"floor":47.0,"key":"EssenceOfDarkness"},{"floor":48.0,"key":"Explosive Potion"}],"is_trial":false,"path_per_floor":["M","M","$","M","M","R","M","$","T","R","M","?","M","?","R","B",null,"M","?","M","?","?","R","E","R","T","M","$","?","R","M","R","B",null,"M","$","M","M","M","R","M","R","T","?","E","M","M","M","R","B"],"character_chosen":"DEFECT","items_purchased":["Redo","FTL","Runic Capacitor"],"campfire_rested":4,"item_purchase_floors":[3,28,36],"current_hp_per_floor":[75,75,75,75,70,70,68,68,68,68,68,68,63,56,56,20,75,61,61,57,57,41,63,54,54,54,40,40,40,65,60,60,23,85,85,85,86,53,23,49,50,77,77,77,86,86,81,86,86,0,0],"gold":735,"neow_bonus":"THREE_ENEMY_KILL","is_daily":false,"chose_seed":false,"campfire_upgraded":6,"win_rate":0.0,"timestamp":1612617318,"path_taken":["M","M","?","M","M","R","M","$","T","R","M","?","?","?","R","BOSS","M","?","M","?","?","R","E","R","T","M","$","?","R","M","R","BOSS","M","$","M","M","M","R","M","R","T","?","E","M","M","M","R","BOSS"],"items_purchased_type":["Card","Card","Relic"],"build_version":"2020-12-22","purchased_purges":1,"victory":false,"max_hp_per_floor":[75,75,75,75,75,75,75,75,75,75,75,75,75,75,75,75,75,75,75,75,75,75,75,85,85,85,85,85,85,85,85,85,85,85,85,85,87,87,89,89,91,91,91,86,86,86,88,90,90,90,90],"relic_stats":{"Singing Bowl":10,"counters":[24,126],"Pandora\u0027s Box":["Hologram","Rebound","Beam Cell","Capacitor","Thunder Strike","Glacier","Force Field"],"Black Star":2,"Juzu Bracelet":1,"obtain_stats":[{"Pear":24,"NeowsBlessing":0,"Singing Bowl":14,"Enchiridion":22,"Runic Capacitor":36,"Juzu Bracelet":43,"White Beast Statue":45,"Old Coin":45,"HornCleat":9,"infinitespire:WardingShard":24,"Pandora\u0027s Box":34,"Black Star":17,"Cracked Core":0,"NlothsMask":12},{"Pear":11,"NeowsBlessing":0,"Singing Bowl":7,"Enchiridion":10,"Runic Capacitor":15,"Juzu Bracelet":19,"White Beast Statue":20,"Old Coin":20,"HornCleat":5,"infinitespire:WardingShard":11,"Pandora\u0027s Box":14,"Black Star":8,"Cracked Core":0,"NlothsMask":6},{"Pear":49,"NeowsBlessing":0,"Singing Bowl":22,"Enchiridion":45,"Runic Capacitor":71,"Juzu Bracelet":94,"White Beast Statue":101,"Old Coin":101,"HornCleat":11,"infinitespire:WardingShard":49,"Pandora\u0027s Box":67,"Black Star":35,"Cracked Core":0,"NlothsMask":18}]},"card_choices":[{"not_picked":["Skim","Streamline"],"picked":"BootSequence","floor":1.0},{"not_picked":["Barrage","Hologram"],"picked":"Conserve Battery","floor":2.0},{"not_picked":["Go for the Eyes","Gash"],"picked":"Machine Learning","floor":4.0},{"not_picked":["Genetic Algorithm","Sweeping Beam"],"picked":"Cold Snap","floor":5.0},{"not_picked":["Tempest","Turbo"],"picked":"Capacitor","floor":7.0},{"not_picked":["Compile Driver","Darkness"],"picked":"Coolheaded","floor":11.0},{"not_picked":["Genetic Algorithm","Beam Cell"],"picked":"Barrage","floor":13.0},{"not_picked":["Amplify","Core Surge"],"picked":"Electrodynamics","floor":16.0},{"not_picked":["FTL","Compile Driver"],"picked":"Chaos+1","floor":18.0},{"not_picked":["Leap+1","Darkness"],"picked":"Chaos+1","floor":20.0},{"not_picked":["Cold Snap","Rebound+1"],"picked":"Echo Form","floor":24.0},{"not_picked":["Redo","Skim"],"picked":"Ball Lightning+1","floor":27.0},{"not_picked":["Go for the Eyes+1","Turbo"],"picked":"Self Repair+1","floor":31.0},{"not_picked":["Thunder Strike","Core Surge"],"picked":"Buffer","floor":33.0},{"not_picked":["Redo","Streamline"],"picked":"Barrage+1","floor":35.0},{"not_picked":["Lockon","Gash","Blizzard+1"],"picked":"Singing Bowl","floor":37.0},{"not_picked":["Redo+1","Fusion"],"picked":"Storm+1","floor":38.0},{"not_picked":["Beam Cell+1","Lockon","Fusion"],"picked":"Singing Bowl","floor":39.0},{"not_picked":["Stack+1","Melter","Sweeping Beam+1"],"picked":"Singing Bowl","floor":41.0},{"not_picked":["Recycle","Turbo"],"picked":"Auto Shields+1","floor":45.0},{"not_picked":["Recycle","Hologram"],"picked":"BootSequence+1","floor":46.0},{"not_picked":["Auto Shields","Beam Cell+1","Turbo"],"picked":"Singing Bowl","floor":47.0},{"not_picked":["Rebound+1","Hologram+1","Double Energy"],"picked":"Singing Bowl","floor":48.0}],"player_experience":284766,"relics_obtained":[{"floor":9.0,"key":"HornCleat"},{"floor":24.0,"key":"infinitespire:WardingShard"},{"floor":24.0,"key":"Pear"},{"floor":43.0,"key":"Juzu Bracelet"},{"floor":45.0,"key":"White Beast Statue"},{"floor":45.0,"key":"Old Coin"}],"event_choices":[{"damage_healed":0.0,"max_hp_gain":0.0,"max_hp_loss":0.0,"gold_gain":0.0,"event_name":"FaceTrader","player_choice":"Trade","floor":12.0,"gold_loss":0.0,"damage_taken":0.0,"relics_obtained":["NlothsMask"]},{"damage_healed":0.0,"max_hp_gain":0.0,"max_hp_loss":0.0,"gold_gain":0.0,"event_name":"Scrap Ooze","player_choice":"Success","floor":14.0,"gold_loss":0.0,"damage_taken":7.0,"relics_obtained":["Singing Bowl"]},{"damage_healed":0.0,"max_hp_gain":0.0,"max_hp_loss":0.0,"gold_gain":0.0,"event_name":"Vampires","player_choice":"Ignored","floor":19.0,"gold_loss":0.0,"damage_taken":0.0},{"cards_removed":["Strike_B"],"damage_healed":0.0,"max_hp_gain":0.0,"max_hp_loss":0.0,"gold_gain":0.0,"event_name":"Beggar","player_choice":"Gave Gold","floor":21.0,"gold_loss":75.0,"damage_taken":0.0},{"damage_healed":0.0,"max_hp_gain":0.0,"max_hp_loss":0.0,"gold_gain":0.0,"event_name":"Cursed Tome","player_choice":"Obtained Book","floor":22.0,"gold_loss":0.0,"damage_taken":16.0},{"damage_healed":0.0,"max_hp_gain":0.0,"max_hp_loss":0.0,"gold_gain":100.0,"event_name":"Golden Shrine","player_choice":"Pray","floor":29.0,"gold_loss":0.0,"damage_taken":0.0},{"damage_healed":0.0,"max_hp_gain":0.0,"max_hp_loss":5.0,"gold_gain":0.0,"event_name":"Winding Halls","player_choice":"Max HP","floor":44.0,"gold_loss":0.0,"damage_taken":0.0}],"is_beta":false,"boss_relics":[{"not_picked":["Runic Dome","Runic Pyramid"],"picked":"Black Star"},{"not_picked":["Nuclear Battery","Philosopher\u0027s Stone"],"picked":"Pandora\u0027s Box"}],"items_purged_floors":[36],"is_endless":false,"potions_floor_spawned":[2,4,7,18,20,31,41,46,47,48],"killed_by":"infinitespire:MassOfShapes","ascension_level":4}}