{"host":"1ooxfz79hmpvpehx","time":1612622069,"event":{"mods":["BaseMod","Minty Spire (QoL Compilation)","Quick Restart","Replay The Spire","StSLib","SuperFastMode"],"gold_per_floor":[119,44,63,101,101,101,130,30,30,40,54,73,90,107,107,208,208,218,218,238,255,435,435,72,89,89,89,89],"floor_reached":27,"language":"ENG","playtime":577,"items_purged":["Strike_B","Strike_B","Dualcast"],"score":217,"play_id":"6d22822b-734e-4574-be7b-c045d87a56c9","local_time":"20210206113429","is_ascension_mode":false,"campfire_choices":[{"floor":6,"key":"RECALL"},{"floor":23,"key":"REST"}],"circlet_count":0,"master_deck":["Defend_B","Defend_B","Defend_B","Defend_B","Zap","Streamline+1","ReplayGash","Seek","Self Repair"],"relics":["Fusion Hammer","Letter Opener","Cables","Empty Cage","ReplayTheSpireMod:Shallot","Du-Vu Doll"],"acts_visited":["Exordium","TheCity"],"potions_floor_usage":[7,7,13,16,16,16,20,21],"damage_taken":[{"damage":1,"enemies":"Jaw Worm","floor":1,"turns":2},{"damage":4,"enemies":"2 Louse","floor":3,"turns":2},{"damage":6,"enemies":"3 Sentries","floor":7,"turns":6},{"damage":1,"enemies":"Cultist","floor":10,"turns":3},{"damage":8,"enemies":"Lots of Slimes","floor":11,"turns":3},{"damage":0,"enemies":"Exordium Wildlife","floor":12,"turns":2},{"damage":3,"enemies":"Red Slaver","floor":13,"turns":3},{"damage":2,"enemies":"2 Fungi Beasts","floor":14,"turns":3},{"damage":25,"enemies":"Slime Boss","floor":16,"turns":9},{"damage":15,"enemies":"2 Thieves","floor":18,"turns":4},{"damage":25,"enemies":"Shell Parasite","floor":20,"turns":5},{"damage":7,"enemies":"Snecko","floor":21,"turns":4},{"damage":10,"enemies":"Centurion and Healer","floor":25,"turns":6},{"damage":22,"enemies":"Chosen and Byrds","floor":27,"turns":4}],"seed_played":"-6512026336024117041","potions_obtained":[{"floor":3,"key":"Ancient Potion"},{"floor":5,"key":"SkillPotion"},{"floor":5,"key":"Dexterity Potion"},{"floor":11,"key":"BlessingOfTheForge"},{"floor":12,"key":"BlessingOfTheForge"},{"floor":13,"key":"Strength Potion"},{"floor":16,"key":"FocusPotion"},{"floor":18,"key":"SkillPotion"}],"is_trial":false,"path_per_floor":["M","$","M","?","?","R","E","$","T","M","M","M","M","M","R","B",null,"M","?","M","M","?","R","$","M","T","M"],"character_chosen":"DEFECT","items_purchased":["ReplayTheSpireMod:Shallot"],"campfire_rested":1,"item_purchase_floors":[24],"current_hp_per_floor":[74,74,70,70,70,70,64,64,64,63,55,55,52,50,72,47,75,60,60,35,28,9,31,31,21,21,0,0],"gold":89,"neow_bonus":"BOSS_RELIC","is_daily":false,"chose_seed":false,"campfire_upgraded":0,"win_rate":0.0,"timestamp":1612622069,"path_taken":["M","$","M","?","?","R","E","$","T","M","M","M","?","?","R","BOSS","M","?","?","M","?","R","$","M","T","?"],"items_purchased_type":["Relic"],"build_version":"2020-12-22","purchased_purges":3,"victory":false,"max_hp_per_floor":[75,75,75,75,75,75,75,75,75,75,75,75,75,75,75,75,75,75,75,75,75,75,75,75,75,75,75,75],"card_choices":[{"not_picked":["Barrage","ReplayTheSpireMod:Repulse"],"picked":"Streamline","floor":1},{"not_picked":["Lockon","Steam","Leap"],"picked":"SKIP","floor":3},{"not_picked":["Tempest","Time Bomb","Conserve Battery"],"picked":"SKIP","floor":7},{"not_picked":["Streamline","Turbo"],"picked":"ReplayGash","floor":10},{"not_picked":["Gash","ReplayTheSpireMod:System Scan","Rip and Tear"],"picked":"SKIP","floor":11},{"not_picked":["Barrage","Reinforced Body","Loop"],"picked":"SKIP","floor":12},{"not_picked":["Fusion","Sweeping Beam","Turbo"],"picked":"SKIP","floor":13},{"not_picked":["ReplayTheSpireMod:System Scan","BootSequence","Barrage"],"picked":"SKIP","floor":14},{"not_picked":["Machine Learning","All For One"],"picked":"Seek","floor":16},{"not_picked":["Force Field","Rebound","White Noise"],"picked":"SKIP","floor":18},{"not_picked":["Turbo","Steam","Hologram"],"picked":"SKIP","floor":20},{"not_picked":["Crystallizer+1","Conserve Battery","Coolheaded"],"picked":"SKIP","floor":21},{"not_picked":["Rebound","Panic Button"],"picked":"Self Repair","floor":25}],"player_experience":19648,"relics_obtained":[{"floor":4,"key":"Letter Opener"},{"floor":7,"key":"Cables"},{"floor":26,"key":"Du-Vu Doll"}],"event_choices":[{"damage_healed":0,"gold_gain":0,"player_choice":"Got Potions","damage_taken":0,"max_hp_gain":0,"max_hp_loss":0,"event_name":"Lab","floor":5,"gold_loss":0},{"damage_healed":0,"gold_gain":0,"player_choice":"Ignored","damage_taken":0,"max_hp_gain":0,"max_hp_loss":0,"event_name":"NoteForYourself","floor":19,"gold_loss":0},{"damage_healed":0,"gold_gain":180,"player_choice":"GOLD GOLD ","damage_taken":19,"max_hp_gain":0,"max_hp_loss":0,"event_name":"Knowing Skull","floor":22,"potions_obtained":[],"gold_loss":0,"cards_obtained":[]}],"is_beta":false,"boss_relics":[{"not_picked":["Abe\u0027s Treasure","SacredBark"],"picked":"Empty Cage"}],"items_purged_floors":[2,8,24],"is_endless":false,"potions_floor_spawned":[3,11,12,13,14,16,18],"killed_by":"Chosen and Byrds","ascension_level":0}}