{"host":"p0hktren06injwdf","time":1612612267,"event":{"mods":["AchievementEnabler","BaseMod","Colored Map","DeckTracker","Minty Spire (QoL Compilation)","Permanent Neow","StSLib","SuperFastMode"],"gold_per_floor":[114,127,42,42,42,42,72,72,98,129,129,139,156,172,172,172,172],"floor_reached":16,"language":"KOR","playtime":185,"items_purged":[],"score":220,"play_id":"cf28e573-d003-4309-b0c7-acc54b4830f5","local_time":"20210206205107","is_ascension_mode":true,"campfire_choices":[{"data":"Sword Boomerang","floor":6.0,"key":"SMITH"},{"data":"Perfected Strike","floor":8.0,"key":"SMITH"},{"data":"Cleave","floor":11.0,"key":"SMITH"},{"data":"Perfected Strike","floor":15.0,"key":"SMITH"}],"circlet_count":0,"master_deck":["AscendersBane","Strike_R","Strike_R","Strike_R","Strike_R","Defend_R","Defend_R","Defend_R","Defend_R","Bash","Twin Strike","Shrug It Off","Sword Boomerang+1","Evolve","Perfected Strike+1","Cleave+1","Perfected Strike+1","Second Wind","Immolate"],"relics":["Burning Blood","Tiny Chest","Happy Flower","Mercury Hourglass"],"acts_visited":["Exordium"],"potions_floor_usage":[16],"damage_taken":[{"damage":11.0,"enemies":"Jaw Worm","floor":1.0,"turns":4.0},{"damage":2.0,"enemies":"2 Louse","floor":2.0,"turns":3.0},{"damage":32.0,"enemies":"Gremlin Nob","floor":7.0,"turns":4.0},{"damage":27.0,"enemies":"Lagavulin","floor":10.0,"turns":7.0},{"damage":0.0,"enemies":"Cultist","floor":12.0,"turns":2.0},{"damage":6.0,"enemies":"Looter","floor":13.0,"turns":2.0},{"damage":0.0,"enemies":"Large Slime","floor":14.0,"turns":3.0},{"damage":35,"enemies":"The Guardian","floor":16,"turns":7}],"seed_played":"4432328441492745743","potions_obtained":[{"floor":2.0,"key":"BlessingOfTheForge"},{"floor":7.0,"key":"DistilledChaos"},{"floor":12.0,"key":"ColorlessPotion"}],"is_trial":false,"path_per_floor":["M","M","$","?","?","R","E","R","T","E","R","M","M","M","R","B"],"character_chosen":"IRONCLAD","items_purchased":["Evolve"],"campfire_rested":0,"item_purchase_floors":[3],"current_hp_per_floor":[63,67,67,67,67,67,41,41,41,20,20,26,26,32,32,0,0],"gold":172,"neow_bonus":"THREE_CARDS","is_daily":false,"chose_seed":false,"campfire_upgraded":4,"win_rate":0.0,"timestamp":1612612267,"path_taken":["M","M","$","?","?","R","E","R","T","E","R","M","M","M","R","BOSS"],"items_purchased_type":["Card"],"build_version":"2020-12-22","purchased_purges":0,"victory":false,"max_hp_per_floor":[75,75,75,75,75,75,75,75,75,75,75,75,75,75,75,75,75],"card_choices":[{"not_picked":["Pommel Strike","True Grit"],"picked":"Twin Strike","floor":0.0},{"not_picked":["Pummel","Blood for Blood"],"picked":"Shrug It Off","floor":1.0},{"not_picked":["Searing Blow","True Grit"],"picked":"Sword Boomerang","floor":2.0},{"not_picked":["True Grit","Dual Wield"],"picked":"Perfected Strike","floor":7.0},{"not_picked":["Entrench","Uppercut"],"picked":"Cleave","floor":10.0},{"not_picked":["Power Through","Flame Barrier"],"picked":"Perfected Strike","floor":12.0},{"not_picked":["Sword Boomerang","Ghostly Armor"],"picked":"Second Wind","floor":13.0},{"not_picked":["Sword Boomerang","Iron Wave"],"picked":"Immolate","floor":14.0}],"player_experience":1020937,"relics_obtained":[{"floor":7.0,"key":"Tiny Chest"},{"floor":9.0,"key":"Happy Flower"},{"floor":10.0,"key":"Mercury Hourglass"}],"event_choices":[{"damage_healed":0.0,"max_hp_gain":0.0,"max_hp_loss":0.0,"gold_gain":0.0,"event_name":"Liars Game","player_choice":"Ignored","floor":4.0,"gold_loss":0.0,"damage_taken":0.0},{"cards_removed":["Strike_R"],"damage_healed":0.0,"max_hp_gain":0.0,"max_hp_loss":0.0,"gold_gain":0.0,"event_name":"Purifier","player_choice":"Purged","floor":5.0,"gold_loss":0.0,"damage_taken":0.0}],"is_beta":false,"boss_relics":[],"items_purged_floors":[],"is_endless":false,"potions_floor_spawned":[2,7,12],"killed_by":"The Guardian","ascension_level":20}}