{"host":"wuernuywc9gl215o","time":1612635593,"event":{"mods":["AchievementEnabler","BaseMod","Block Reminder","Highlight Path","Key Reminder","Minty Spire (QoL Compilation)","Permanent Neow","Potion Indicator Mod","Quick Restart","Relic Stats"],"gold_per_floor":[117,117,130,142,155,155,186,206,206,206,206,224,238,252,252,330,330,343,360,374,374,46,46,46,76,102,136,136,147,19,38,38,116,116,134,144,144,46,59,59,85,96,175,175,201,218,218,0,0,0,0,0,0,31,31,31],"floor_reached":55,"language":"ENG","playtime":6111,"items_purged":["Strike_G+1"],"score":1378,"play_id":"883467a8-e8e1-4577-905f-197f4f36a7dd","local_time":"20210206181953","is_ascension_mode":true,"campfire_choices":[{"data":"Cloak And Dagger","floor":6.0,"key":"SMITH"},{"floor":10.0,"key":"REST"},{"data":"Deflect","floor":15.0,"key":"SMITH"},{"floor":23,"key":"REST"},{"data":"Well Laid Plans","floor":28,"key":"SMITH"},{"floor":32,"key":"REST"},{"data":"Caltrops","floor":40,"key":"SMITH"},{"floor":44,"key":"REST"},{"floor":47,"key":"REST"},{"floor":49,"key":"RECALL"},{"data":"Finisher","floor":52,"key":"SMITH"}],"circlet_count":0,"master_deck":["AscendersBane","Strike_G+1","Strike_G+1","Defend_G+1","Defend_G+1","Defend_G+1","Defend_G+1","Defend_G+1","Survivor","Neutralize+1","Finisher+1","Caltrops+1","Cloak And Dagger+1","Deflect+1","Flying Knee","Backflip","Phantasmal Killer","PiercingWail","Well Laid Plans+1","Escape Plan","Doppelganger","Dagger Throw","Dash","Leg Sweep","Heel Hook","Cloak And Dagger+1","Underhanded Strike+1","Infinite Blades+1","Blur+1","Crippling Poison+1","Finesse+1","Backflip+1","Burst+1","Outmaneuver+1","PiercingWail+1","Acrobatics+1","Calculated Gamble+1","Well Laid Plans+1","Skewer+1","Outmaneuver+1"],"relics":["Ring of the Snake","Bronze Scales","Ice Cream","Sozu","Toxic Egg 2","StoneCalendar","Dream Catcher","Ornamental Fan","SlaversCollar","Kunai","Strawberry","Red Mask","Nunchaku"],"acts_visited":["Exordium","TheCity","TheBeyond","TheEnding"],"potions_floor_usage":[25],"damage_taken":[{"damage":4.0,"enemies":"Small Slimes","floor":1.0,"turns":4.0},{"damage":0.0,"enemies":"Cultist","floor":3.0,"turns":4.0},{"damage":0.0,"enemies":"2 Louse","floor":4.0,"turns":4.0},{"damage":0.0,"enemies":"Looter","floor":5.0,"turns":5.0},{"damage":42.0,"enemies":"3 Sentries","floor":7.0,"turns":11.0},{"damage":5.0,"enemies":"Red Slaver","floor":8.0,"turns":4.0},{"damage":0.0,"enemies":"Exordium Wildlife","floor":12.0,"turns":3.0},{"damage":1.0,"enemies":"Exordium Thugs","floor":13.0,"turns":4.0},{"damage":5.0,"enemies":"Red Slaver","floor":14.0,"turns":3.0},{"damage":0.0,"enemies":"Hexaghost","floor":16.0,"turns":7.0},{"damage":1,"enemies":"Shell Parasite","floor":18,"turns":4},{"damage":15,"enemies":"2 Thieves","floor":19,"turns":5},{"damage":2,"enemies":"Shelled Parasite and Fungi","floor":20,"turns":5},{"damage":4,"enemies":"Gremlin Leader","floor":25,"turns":8},{"damage":13,"enemies":"Slavers","floor":27,"turns":7},{"damage":9,"enemies":"Sentry and Sphere","floor":29,"turns":5},{"damage":0,"enemies":"Snecko","floor":31,"turns":5},{"damage":8,"enemies":"Collector","floor":33,"turns":10},{"damage":3,"enemies":"3 Darklings","floor":35,"turns":5},{"damage":5,"enemies":"Orb Walker","floor":36,"turns":5},{"damage":9,"enemies":"Sphere and 2 Shapes","floor":39,"turns":5},{"damage":23,"enemies":"Reptomancer","floor":41,"turns":7},{"damage":0,"enemies":"Writhing Mass","floor":42,"turns":7},{"damage":2,"enemies":"Nemesis","floor":45,"turns":7},{"damage":5,"enemies":"Spire Growth","floor":46,"turns":7},{"damage":4,"enemies":"Awakened One","floor":50,"turns":14},{"damage":13,"enemies":"Shield and Spear","floor":54,"turns":9},{"damage":56,"enemies":"The Heart","floor":55,"turns":3}],"seed_played":"4292896302052534515","potions_obtained":[{"floor":1.0,"key":"CultistPotion"},{"floor":3.0,"key":"FearPotion"},{"floor":12.0,"key":"SteroidPotion"},{"floor":13.0,"key":"DistilledChaos"}],"is_trial":false,"path_per_floor":["M","?","M","M","M","R","E","M","T","R","?","M","M","M","R","B",null,"M","M","M","?","$","R","?","E","T","E","R","M","$","M","R","B",null,"M","M","?","$","M","R","E","M","T","R","E","M","R","?","R","B",null,"R","$","E","B"],"character_chosen":"THE_SILENT","items_purchased":["Toxic Egg 2","Heel Hook","Crippling Poison+1","Finesse+1","PiercingWail+1"],"campfire_rested":5,"item_purchase_floors":[22,22,30,30,38],"current_hp_per_floor":[55,55,55,55,55,55,13,8,8,27,27,27,26,21,21,21,55,54,39,37,37,37,56,56,52,52,39,39,30,30,30,49,41,60,57,52,52,52,43,43,20,20,20,39,44,39,60,60,60,56,69,69,69,56,0,0],"gold":31,"neow_bonus":"UPGRADE_CARD","is_daily":false,"chose_seed":false,"campfire_upgraded":5,"win_rate":0.0,"timestamp":1612635593,"path_taken":["M","?","M","M","M","R","E","M","T","R","?","?","M","M","R","BOSS","M","M","M","?","$","R","?","E","T","E","R","?","$","M","R","BOSS","M","M","?","?","M","R","E","?","T","R","E","M","R","?","R","BOSS","R","$","E","BOSS"],"items_purchased_type":["Relic","Card","Card","Card","Card"],"build_version":"2020-12-22","purchased_purges":1,"victory":false,"max_hp_per_floor":[66,66,66,66,66,66,66,66,66,66,66,66,66,66,66,66,66,66,66,66,66,66,66,66,66,66,66,66,66,66,66,66,66,66,66,66,66,66,66,66,66,66,66,66,73,73,73,73,73,73,73,73,73,73,73,73],"relic_stats":{"Sozu":8,"Dream Catcher":3,"Nunchaku":[0],"counters":[28,167],"Ornamental Fan":[236],"Bronze Scales":[517],"StoneCalendar":[221],"Kunai":[34],"obtain_stats":[{"Ice Cream":9,"StoneCalendar":25,"Sozu":17,"keyreminder:keyreminder":41,"SlaversCollar":34,"Dream Catcher":26,"Nunchaku":54,"Ornamental Fan":27,"Bronze Scales":7,"Strawberry":45,"Red Mask":48,"Kunai":41,"Toxic Egg 2":22,"Ring of the Snake":0},{"Ice Cream":6,"StoneCalendar":14,"Sozu":10,"keyreminder:keyreminder":22,"SlaversCollar":18,"Dream Catcher":14,"Nunchaku":27,"Ornamental Fan":15,"Bronze Scales":5,"Strawberry":24,"Red Mask":25,"Kunai":22,"Toxic Egg 2":13,"Ring of the Snake":0},{"Ice Cream":32,"StoneCalendar":71,"Sozu":49,"keyreminder:keyreminder":120,"SlaversCollar":98,"Dream Catcher":71,"Nunchaku":164,"Ornamental Fan":78,"Bronze Scales":28,"Strawberry":134,"Red Mask":141,"Kunai":120,"Toxic Egg 2":63,"Ring of the Snake":0}],"Ring of the Snake":[56]},"card_choices":[{"not_picked":["Bane","Outmaneuver"],"picked":"Finisher","floor":1.0},{"not_picked":["Flechettes","Prepared"],"picked":"Cloak And Dagger","floor":3.0},{"not_picked":["Underhanded Strike","Bane"],"picked":"Deflect","floor":4.0},{"not_picked":["Reflex","Prepared","Concentrate"],"picked":"SKIP","floor":5.0},{"not_picked":["Calculated Gamble","Flechettes"],"picked":"Flying Knee","floor":7.0},{"not_picked":["Bane","Concentrate"],"picked":"Backflip","floor":8.0},{"not_picked":["Skewer","A Thousand Cuts"],"picked":"PiercingWail","floor":12.0},{"not_picked":["Skewer","Dagger Throw"],"picked":"Well Laid Plans","floor":13.0},{"not_picked":["Distraction","Deflect"],"picked":"Escape Plan","floor":14.0},{"not_picked":["Envenom","Glass Knife"],"picked":"Doppelganger","floor":16.0},{"not_picked":["Masterful Stab","Backflip"],"picked":"Dagger Throw","floor":18},{"not_picked":["Flechettes","Underhanded Strike"],"picked":"Dash","floor":19},{"not_picked":["Calculated Gamble","Noxious Fumes"],"picked":"Leg Sweep","floor":20},{"not_picked":["Quick Slash","Tools of the Trade"],"picked":"Underhanded Strike+1","floor":25},{"not_picked":["Outmaneuver+1","Cloak And Dagger+1"],"picked":"Infinite Blades+1","floor":27},{"not_picked":["Eviscerate","Caltrops"],"picked":"Blur+1","floor":29},{"not_picked":["Flechettes","Deadly Poison+1"],"picked":"Backflip+1","floor":31},{"not_picked":["Phantasmal Killer+1","Unload"],"picked":"Burst+1","floor":33},{"not_picked":["Predator","Flying Knee"],"picked":"Outmaneuver+1","floor":35},{"not_picked":["Bane+1","Poisoned Stab","Die Die Die"],"picked":"SKIP","floor":36},{"not_picked":["Deflect+1","Well Laid Plans"],"picked":"Acrobatics+1","floor":39},{"not_picked":["Eviscerate","Noxious Fumes"],"picked":"Calculated Gamble+1","floor":41},{"not_picked":["Eviscerate","Dagger Throw"],"picked":"Well Laid Plans+1","floor":42},{"not_picked":["Dagger Spray","Leg Sweep+1"],"picked":"Skewer+1","floor":44},{"not_picked":["Riddle With Holes","Grand Finale","Slice"],"picked":"SKIP","floor":45},{"not_picked":["Slice+1","Bane","Skewer+1"],"picked":"SKIP","floor":46},{"not_picked":["Leg Sweep+1","Sucker Punch+1"],"picked":"Outmaneuver+1","floor":54}],"player_experience":839591,"relics_obtained":[{"floor":7.0,"key":"Bronze Scales"},{"floor":9.0,"key":"Ice Cream"},{"floor":25,"key":"StoneCalendar"},{"floor":26,"key":"Dream Catcher"},{"floor":27,"key":"Ornamental Fan"},{"floor":41,"key":"Kunai"},{"floor":45,"key":"Strawberry"},{"floor":54,"key":"Nunchaku"}],"event_choices":[{"damage_healed":0.0,"max_hp_gain":0.0,"max_hp_loss":0.0,"gold_gain":0.0,"cards_transformed":["Strike_G"],"event_name":"Living Wall","player_choice":"Change","floor":2.0,"gold_loss":0.0,"damage_taken":0.0,"cards_obtained":["Caltrops"]},{"damage_healed":0.0,"max_hp_gain":0.0,"max_hp_loss":0.0,"gold_gain":0.0,"cards_transformed":["Strike_G"],"event_name":"Transmorgrifier","player_choice":"Transformed","floor":11.0,"gold_loss":0.0,"damage_taken":0.0,"cards_obtained":["Phantasmal Killer"]},{"damage_healed":0,"gold_gain":0,"player_choice":"Simplicity","damage_taken":0,"max_hp_gain":0,"max_hp_loss":0,"event_name":"Back to Basics","floor":21,"gold_loss":0,"cards_upgraded":["Strike_G","Strike_G","Strike_G","Defend_G","Defend_G","Defend_G","Defend_G","Defend_G"]},{"damage_healed":0,"gold_gain":0,"player_choice":"Copied","damage_taken":0,"max_hp_gain":0,"max_hp_loss":0,"event_name":"Duplicator","floor":24,"gold_loss":0,"cards_obtained":["Cloak And Dagger"]},{"damage_healed":0,"gold_gain":0,"player_choice":"Bought 0 Potions","damage_taken":0,"max_hp_gain":0,"max_hp_loss":0,"event_name":"The Woman in Blue","floor":37,"gold_loss":0},{"damage_healed":0,"gold_gain":0,"player_choice":"Paid","damage_taken":0,"relics_obtained":["Red Mask"],"max_hp_gain":0,"max_hp_loss":0,"event_name":"Tomb of Lord Red Mask","floor":48,"gold_loss":218}],"is_beta":false,"boss_relics":[{"not_picked":["Empty Cage","Runic Dome"],"picked":"Sozu"},{"not_picked":["Cursed Key","Runic Pyramid"],"picked":"SlaversCollar"}],"items_purged_floors":[38],"is_endless":false,"potions_floor_spawned":[1,3,12,13,18,20,27,33,36,42,46,54],"killed_by":"The Heart","ascension_level":14}}