{"host":"hw9lt6p3yhr90vz0","time":1612630208,"event":{"mods":["BaseMod","DeckTracker","Minty Spire (QoL Compilation)","Relic Stats"],"gold_per_floor":[119,139,139,153,167,198,198,214,214,240,256,256,288,299,299,400,400,389,398,407,317,81,81,119,119,119],"floor_reached":25,"language":"ENG","playtime":1981,"items_purged":["Shame"],"score":313,"play_id":"0f0b1dfd-de3c-4c61-952c-fd6c743e4b40","local_time":"20210206115008","is_ascension_mode":true,"campfire_choices":[{"floor":7,"key":"RECALL"},{"floor":12,"key":"REST"},{"data":"Barricade","floor":15,"key":"SMITH"},{"floor":23,"key":"REST"}],"circlet_count":0,"master_deck":["Bash","Discovery+1","Combust","Anger","Juggernaut","Rupture","Barricade+1","Body Slam","Impervious","Metallicize","Dual Wield","Berserk","Rage","Entrench","Body Slam","Cleave","Demon Form","Corruption","Metallicize","Seeing Red","Demon Form","Combust","Flex","Inflame"],"relics":["Burning Blood","Shuriken","PreservedInsect","Thread and Needle","Pandora\u0027s Box","CeramicFish","Vajra","Happy Flower"],"acts_visited":["Exordium","TheCity"],"potions_floor_usage":[6,11,13,16,18],"damage_taken":[{"damage":4,"enemies":"2 Louse","floor":1,"turns":3},{"damage":0,"enemies":"Small Slimes","floor":2,"turns":3},{"damage":3,"enemies":"Cultist","floor":4,"turns":3},{"damage":3,"enemies":"Large Slime","floor":5,"turns":5},{"damage":21,"enemies":"Lagavulin","floor":6,"turns":7},{"damage":13,"enemies":"Blue Slaver","floor":8,"turns":4},{"damage":37,"enemies":"Gremlin Nob","floor":10,"turns":4},{"damage":8,"enemies":"Looter","floor":11,"turns":3},{"damage":18,"enemies":"Lagavulin","floor":13,"turns":6},{"damage":2,"enemies":"2 Fungi Beasts","floor":14,"turns":3},{"damage":29,"enemies":"Hexaghost","floor":16,"turns":8},{"damage":21,"enemies":"2 Thieves","floor":18,"turns":4},{"damage":57,"enemies":"Gremlin Leader","floor":24,"turns":6},{"damage":29,"enemies":"3 Byrds","floor":25,"turns":2}],"seed_played":"3581097002612406030","potions_obtained":[{"floor":5,"key":"Weak Potion"},{"floor":8,"key":"GamblersBrew"},{"floor":10,"key":"ColorlessPotion"},{"floor":11,"key":"Fire Potion"},{"floor":13,"key":"SteroidPotion"}],"is_trial":false,"path_per_floor":["M","M","$","M","M","E","R","M","T","E","M","R","E","M","R","B",null,"M","?","?","?","$","R","E","M"],"character_chosen":"IRONCLAD","items_purchased":["Vajra","Flex"],"campfire_rested":2,"item_purchase_floors":[22,22],"current_hp_per_floor":[74,80,80,80,80,65,65,58,58,27,25,49,37,41,41,18,65,50,50,50,50,50,74,23,0,0],"gold":119,"neow_bonus":"RANDOM_COLORLESS","is_daily":false,"chose_seed":false,"campfire_upgraded":1,"win_rate":0.0,"timestamp":1612630208,"path_taken":["M","M","$","M","M","E","R","M","T","E","M","R","E","M","R","BOSS","M","?","?","?","$","R","E","M"],"items_purchased_type":["Relic","Card"],"build_version":"2020-12-22","purchased_purges":1,"victory":false,"max_hp_per_floor":[80,80,80,80,80,80,80,80,80,80,80,80,80,80,80,80,80,80,80,80,80,80,80,80,80,80],"relic_stats":{"Happy Flower":[0],"counters":[14,61],"Shuriken":[5],"CeramicFish":36,"Pandora\u0027s Box":["Rage","Entrench","Body Slam","Cleave","Demon Form","Corruption","Metallicize","Seeing Red","Demon Form"],"PreservedInsect":76,"obtain_stats":[{"Happy Flower":24,"Shuriken":6,"CeramicFish":19,"Vajra":22,"Thread and Needle":13,"Pandora\u0027s Box":17,"PreservedInsect":10,"Burning Blood":0},{"Happy Flower":13,"Shuriken":5,"CeramicFish":12,"Vajra":12,"Thread and Needle":9,"Pandora\u0027s Box":11,"PreservedInsect":7,"Burning Blood":0},{"Happy Flower":59,"Shuriken":21,"CeramicFish":53,"Vajra":53,"Thread and Needle":38,"Pandora\u0027s Box":49,"PreservedInsect":29,"Burning Blood":0}],"Burning Blood":72},"card_choices":[{"not_picked":["Trip","Bandage Up"],"picked":"Discovery","floor":0},{"not_picked":["True Grit","Shrug It Off"],"picked":"Combust","floor":1},{"not_picked":["Shrug It Off","Havoc"],"picked":"Anger","floor":2},{"not_picked":["Shrug It Off","Sword Boomerang"],"picked":"Juggernaut","floor":4},{"not_picked":["True Grit","Headbutt"],"picked":"Rupture","floor":5},{"not_picked":["Warcry","Headbutt"],"picked":"Barricade","floor":6},{"not_picked":["Havoc","Twin Strike","Uppercut"],"picked":"SKIP","floor":8},{"not_picked":["Hemokinesis","Clothesline"],"picked":"Body Slam","floor":10},{"not_picked":["Cleave","Clash"],"picked":"Impervious","floor":11},{"not_picked":["Inflame","Heavy Blade"],"picked":"Metallicize","floor":13},{"not_picked":["Searing Blow","Anger"],"picked":"Dual Wield","floor":14},{"not_picked":["Barricade","Feed"],"picked":"Berserk","floor":16},{"not_picked":["Warcry","Thunderclap"],"picked":"Combust","floor":18},{"not_picked":["Searing Blow","Uppercut"],"picked":"Inflame","floor":24}],"player_experience":1310303,"relics_obtained":[{"floor":6,"key":"Shuriken"},{"floor":10,"key":"PreservedInsect"},{"floor":13,"key":"Thread and Needle"},{"floor":24,"key":"Happy Flower"}],"event_choices":[{"damage_healed":0,"gold_gain":0,"player_choice":"Stole Relic","damage_taken":0,"relics_obtained":["CeramicFish"],"max_hp_gain":0,"max_hp_loss":0,"event_name":"Addict","floor":19,"gold_loss":0,"cards_obtained":["Shame"]},{"damage_healed":0,"gold_gain":0,"player_choice":"Smashed Altar","damage_taken":0,"max_hp_gain":0,"max_hp_loss":0,"event_name":"Forgotten Altar","floor":20,"gold_loss":0,"cards_obtained":["Decay"]},{"cards_removed":["Decay"],"damage_healed":0,"gold_gain":0,"player_choice":"Upgrade and Remove","damage_taken":0,"max_hp_gain":0,"max_hp_loss":0,"event_name":"Designer","floor":21,"gold_loss":90,"cards_upgraded":["Discovery"]}],"is_beta":false,"boss_relics":[{"not_picked":["Runic Dome","Cursed Key"],"picked":"Pandora\u0027s Box"}],"items_purged_floors":[22],"is_endless":false,"potions_floor_spawned":[5,8,10,11,13],"killed_by":"3 Byrds","ascension_level":6}}