{"host":"Lucas","time":1612644989,"event":{"mods":["BaseMod","Downfall","Minty Spire (QoL Compilation)","READ ME - Guardian Mod","StSLib","The Cursed","The Disciple","The Necromancer","The Servant 0.9.4"],"gold_per_floor":[99,114,114,128,139,157,183,183,95,115,129,129,129,304,314,410,460,460,470,570,570,570,570,570,570,599,499,511,529,135,145,163,266,266,266,388,403,453,472,522,522,522,538,550,568,580,593,308,321,321,321,321],"floor_reached":50,"language":"ENG","playtime":3971,"items_purged":["Doubt","downfall:Bewildered"],"score":585,"play_id":"6888f91c-f103-4591-a00d-be920e6c1d03","local_time":"20210206205629","is_ascension_mode":false,"campfire_choices":[{"data":"bronze:RecursiveStrike","floor":1.0,"key":"SMITH"},{"data":"bronze:Frontload","floor":8.0,"key":"SMITH"},{"floor":13.0,"key":"REST"},{"data":"bronze:Optimize","floor":18.0,"key":"SMITH"},{"floor":23.0,"key":"REST"},{"data":"bronze:DecaBeam","floor":25.0,"key":"SMITH"},{"data":"bronze:HardenedForm","floor":27.0,"key":"SMITH"},{"data":"bronze:ClassDefault","floor":35.0,"key":"SMITH"}],"circlet_count":0,"master_deck":["bronze:Strike+1","bronze:Strike+1","bronze:Strike+1","bronze:Defend+1","bronze:Defend+1","bronze:Defend+1","bronze:Defend+1","bronze:Replicate+1","bronze:Goto","bronze:RecursiveStrike+1","bronze:Fortify","bronze:CloningBeam","bronze:DelayedGuard","bronze:Frontload+1","bronze:ChildClass+1","bronze:Optimize+1","bronze:Iterate","bronze:FineTuning","bronze:Goto","bronze:DelayedSlice","bronze:HardenedForm+1","bronze:Overheat","bronze:DelayedSlice","bronze:DecaBeam+1","bronze:ThunderWave","bronze:BuggyMess+1","bronze:ForceShield","bronze:ClassDefault+1","bronze:Turbo","bronze:Optimize","bronze:Turbo","bronze:Shell+1","bronze:HyperBeam","bronze:Allocate+1","The Bomb","bronze:DelayedGuard+1","bronze:WildBeam+1","bronze:FineTuning+1","bronze:CutThrough+1","bronze:Fortify+1","Parasite","bronze:Turbo+1","bronze:FineTuning+1","bronze:ChosenStrike","bronze:CutThrough+1","expansioncontent:DashGenerateEvil","bronze:Separator+1"],"relics":["bronze:PlatinumCore","Regal Pillow","Tiny House","sneckomod:BabySnecko","Lantern","Guardian:PocketSentry","downfall:HeartBlessingGreen","Membership Card","Dead Branch","ClockworkSouvenir","Mango","Pocketwatch","Pear","Meat on the Bone","TheAbacus"],"acts_visited":["Exordium","TheCity","TheBeyond"],"potions_floor_usage":[50,50],"damage_taken":[{"damage":0.0,"enemies":"Small Slimes","floor":2.0,"turns":3.0},{"damage":0.0,"enemies":"Cultist","floor":4.0,"turns":2.0},{"damage":6.0,"enemies":"2 Louse","floor":5.0,"turns":3.0},{"damage":0.0,"enemies":"Large Slime","floor":6.0,"turns":3.0},{"damage":3.0,"enemies":"downfall:FleeingMerchant","floor":9.0,"turns":4.0},{"damage":12.0,"enemies":"Blue Slaver","floor":10.0,"turns":2.0},{"damage":5.0,"enemies":"Exordium Wildlife","floor":11.0,"turns":4.0},{"damage":0.0,"enemies":"3 Louse","floor":15.0,"turns":3.0},{"damage":0.0,"enemies":"WA_ARCHETYPE_RETAIN","floor":16.0,"turns":4.0},{"damage":5.0,"enemies":"Chosen","floor":19.0,"turns":3.0},{"damage":13.0,"enemies":"Chosen","floor":20.0,"turns":5.0},{"damage":18.0,"enemies":"Book of Stabbing","floor":26.0,"turns":7.0},{"damage":2.0,"enemies":"Spheric Guardian","floor":28.0,"turns":4.0},{"damage":6.0,"enemies":"Snecko","floor":29.0,"turns":5.0},{"damage":0.0,"enemies":"downfall:FleeingMerchant","floor":30.0,"turns":4.0},{"damage":1.0,"enemies":"Chosen and Byrds","floor":31.0,"turns":4.0},{"damage":0.0,"enemies":"Centurion and Healer","floor":32.0,"turns":6.0},{"damage":33.0,"enemies":"DF_ARCHETYPE_CLAW","floor":33.0,"turns":9.0},{"damage":11.0,"enemies":"downfall:FleeingMerchant","floor":36.0,"turns":4.0},{"damage":6.0,"enemies":"3 Darklings","floor":37.0,"turns":6.0},{"damage":15.0,"enemies":"2 Orb Walkers","floor":38.0,"turns":4.0},{"damage":7.0,"enemies":"Orb Walker","floor":39.0,"turns":3.0},{"damage":5.0,"enemies":"Orb Walker","floor":40.0,"turns":4.0},{"damage":3.0,"enemies":"Maw","floor":43.0,"turns":7.0},{"damage":17.0,"enemies":"Writhing Mass","floor":44.0,"turns":6.0},{"damage":7.0,"enemies":"3 Darklings","floor":45.0,"turns":3.0},{"damage":0.0,"enemies":"Maw","floor":46.0,"turns":7.0},{"damage":0.0,"enemies":"Sphere and 2 Shapes","floor":47.0,"turns":6.0},{"damage":16.0,"enemies":"Writhing Mass","floor":49.0,"turns":5.0},{"damage":106,"enemies":"IC_BLOCK_ARCHETYPE","floor":50,"turns":12}],"seed_played":"-5796110641331190872","potions_obtained":[{"floor":6.0,"key":"bronze:FreeFunctionsPotion"},{"floor":10.0,"key":"FearPotion"},{"floor":15.0,"key":"LiquidBronze"},{"floor":17.0,"key":"EntropicBrew"},{"floor":20.0,"key":"Regen Potion"},{"floor":26.0,"key":"DistilledChaos"},{"floor":29.0,"key":"EssenceOfSteel"},{"floor":39.0,"key":"Swift Potion"},{"floor":46.0,"key":"FairyPotion"},{"floor":47.0,"key":"SteroidPotion"}],"is_trial":false,"path_per_floor":["R","M","?","M","M","M","T","R","$","M","M","?","R","?","M","B",null,"R","M","?","?","?","R","T","R","E","R","M","M","$","M","M","B",null,"R","$","M","?","M","?","T","?","M","M","M","M","M","$","M","B"],"character_chosen":"THE_AUTOMATON","items_purchased":["bronze:Optimize","Membership Card","Dead Branch","bronze:Optimize","ClockworkSouvenir","The Bomb","expansioncontent:DashGenerateEvil","Meat on the Bone","TheAbacus"],"campfire_rested":2,"item_purchase_floors":[9,30,30,30,36,36,48,48,48],"current_hp_per_floor":[70,70,70,70,64,64,64,64,61,49,44,44,70,70,70,70,75,75,70,57,57,57,75,75,75,69,69,67,61,61,60,60,27,75,75,64,58,57,50,45,55,55,52,35,28,28,28,28,24,0,0,0],"gold":321,"neow_bonus":"ONE_RANDOM_RARE_CARD","is_daily":false,"chose_seed":false,"campfire_upgraded":6,"win_rate":0.0,"timestamp":1612644989,"path_taken":["R","M","?","?","M","M","T","R","$","M","M","?","R","?","M","BOSS","R","M","?","?","?","R","T","R","E","R","M","M","$","?","M","BOSS","R","$","M","?","M","?","T","?","?","M","M","M","M","?","M","BOSS"],"items_purchased_type":["Card","Relic","Relic","Card","Relic","Card","Card","Relic","Relic"],"build_version":"2020-12-18","purchased_purges":2,"victory":false,"max_hp_per_floor":[70,70,70,70,70,70,70,70,70,70,70,70,70,70,70,70,75,75,75,75,75,75,75,75,75,75,75,75,75,75,75,75,75,75,75,75,75,89,89,89,99,99,99,99,99,99,99,99,99,99,99,99],"card_choices":[{"not_picked":["bronze:Turbo","bronze:OilSpill"],"picked":"bronze:Fortify","floor":2.0},{"not_picked":["bronze:DelayedGuard","bronze:Deprecate"],"picked":"bronze:CloningBeam","floor":4.0},{"not_picked":["bronze:BugBarrage","bronze:Philosophize"],"picked":"bronze:DelayedGuard","floor":5.0},{"not_picked":["bronze:BugBarrage","bronze:DelayedSlice"],"picked":"bronze:Frontload","floor":6.0},{"not_picked":["bronze:BuggyMess","bronze:CutThrough"],"picked":"bronze:ChildClass","floor":9.0},{"not_picked":["bronze:DigitalCarnage","bronze:ForceShield"],"picked":"bronze:Iterate","floor":10.0},{"not_picked":["bronze:BurnOut","bronze:Constructor"],"picked":"bronze:FineTuning","floor":11.0},{"not_picked":["bronze:BuggyMess","bronze:Overheat"],"picked":"bronze:DelayedSlice","floor":15.0},{"not_picked":["bronze:Format","bronze:RecursiveStrike"],"picked":"bronze:HardenedForm","floor":16.0},{"not_picked":["bronze:OilSpill","bronze:DarkDash"],"picked":"bronze:Overheat","floor":17.0},{"not_picked":["bronze:BugBarrage","bronze:Deprecate+1"],"picked":"bronze:DelayedSlice","floor":19.0},{"not_picked":[],"picked":"bronze:DecaBeam","floor":20.0},{"not_picked":["bronze:Backtrace","bronze:BronzeArmor"],"picked":"bronze:ThunderWave","floor":20.0},{"not_picked":["bronze:OilSpill","bronze:DelayedSlice"],"picked":"bronze:BuggyMess+1","floor":26.0},{"not_picked":["bronze:DelayedSlice","bronze:Backtrace"],"picked":"bronze:ForceShield","floor":28.0},{"not_picked":["bronze:NullPointer+1","bronze:Branch"],"picked":"bronze:ClassDefault","floor":29.0},{"not_picked":["bronze:Branch","bronze:Overheat"],"picked":"bronze:Turbo","floor":30.0},{"not_picked":["bronze:CloningBeam","bronze:DelayedGuard"],"picked":"bronze:Turbo","floor":31.0},{"not_picked":["bronze:Frontload","bronze:Constructor"],"picked":"bronze:Shell","floor":32.0},{"not_picked":["bronze:FindAndReplace","bronze:ThunderWave"],"picked":"bronze:HyperBeam","floor":33.0},{"not_picked":["bronze:Fortify+1","bronze:Invalidate"],"picked":"bronze:Allocate+1","floor":36.0},{"not_picked":["bronze:Return","bronze:Deprecate"],"picked":"bronze:DelayedGuard","floor":37.0},{"not_picked":["bronze:Iterate","bronze:Invalidate"],"picked":"bronze:WildBeam+1","floor":38.0},{"not_picked":["bronze:Philosophize","bronze:BitShift+1"],"picked":"bronze:FineTuning+1","floor":39.0},{"not_picked":["bronze:WildBeam","bronze:Philosophize"],"picked":"bronze:CutThrough+1","floor":40.0},{"not_picked":["bronze:BuggyMess","bronze:DelayedGuard+1"],"picked":"bronze:Fortify+1","floor":43.0},{"not_picked":["bronze:Invalidate","bronze:Constructor"],"picked":"bronze:Turbo+1","floor":44.0},{"not_picked":["bronze:Format","bronze:ChosenStrike+1"],"picked":"bronze:FineTuning+1","floor":45.0},{"not_picked":["bronze:DarkDash","bronze:Separator+1"],"picked":"bronze:ChosenStrike","floor":46.0},{"not_picked":["bronze:Shield","bronze:DarkDash+1"],"picked":"bronze:CutThrough+1","floor":47.0},{"not_picked":["bronze:BronzeArmor+1","bronze:NullPointer+1"],"picked":"bronze:Separator+1","floor":49.0}],"player_experience":1277690,"relics_obtained":[{"floor":7.0,"key":"Regal Pillow"},{"floor":24.0,"key":"Lantern"},{"floor":26.0,"key":"Guardian:PocketSentry"},{"floor":38.0,"key":"Mango"},{"floor":40.0,"key":"Pocketwatch"},{"floor":41.0,"key":"Pear"}],"event_choices":[{"damage_healed":0.0,"max_hp_gain":0.0,"max_hp_loss":0.0,"gold_gain":0.0,"event_name":"NoteForYourself","player_choice":"Ignored","floor":3.0,"gold_loss":0.0,"damage_taken":0.0},{"damage_healed":0.0,"max_hp_gain":0.0,"max_hp_loss":0.0,"gold_gain":0.0,"event_name":"Mysterious Sphere","player_choice":"Fight","floor":38.0,"gold_loss":0.0,"damage_taken":0.0}],"is_beta":true,"boss_relics":[{"not_picked":["Sozu","Empty Cage"],"picked":"Tiny House"},{"not_picked":["Calling Bell","Runic Pyramid"],"picked":"bronze:PlatinumCore"}],"items_purged_floors":[30,36],"is_endless":false,"potions_floor_spawned":[6,10,15,20,26,29,33,39,43,46,47],"killed_by":"IC_BLOCK_ARCHETYPE","ascension_level":0}}