{"host":"0rw6szqh3yi1u2jw","time":1612593038,"event":{"mods":["BaseMod","Bestiary","Minty Spire (QoL Compilation)"],"gold_per_floor":[110,185,24,44,55,82,82,109,184,30,30,62,62,73,73,173,173,185,197,197,122,146,146,164,263,286,31,31,31],"floor_reached":28,"language":"ENG","playtime":1255,"items_purged":["Defend_G","Decay"],"score":246,"play_id":"50e21c77-ba0d-4ad8-a354-785eda6bed76","local_time":"20210206013038","is_ascension_mode":true,"campfire_choices":[{"floor":7,"key":"REST"},{"data":"Outmaneuver","floor":11,"key":"SMITH"},{"data":"Poisoned Stab","floor":15,"key":"SMITH"},{"data":"Venomology","floor":23,"key":"SMITH"}],"circlet_count":0,"master_deck":["Strike_G","Strike_G","Strike_G","Strike_G","Defend_G","Defend_G","Defend_G","Defend_G","Survivor","Neutralize","Deadly Poison","Corpse Explosion","Choke","Outmaneuver+1","PiercingWail","Skewer","Malaise","Poisoned Stab+1","Venomology+1","Leg Sweep+1","Crippling Poison","Wraith Form v2","Injury"],"relics":["Ring of the Snake","Ginger","TungstenRod","Blood Vial","Mercury Hourglass","Lee\u0027s Waffle","Snake Skull","Cursed Key","Pen Nib","Anchor","Omamori"],"acts_visited":["Exordium","TheCity"],"potions_floor_usage":[6,18,19,19,19,28,28,28,28],"damage_taken":[{"damage":2.0,"enemies":"Jaw Worm","floor":1.0,"turns":5.0},{"damage":0.0,"enemies":"Small Slimes","floor":4.0,"turns":3.0},{"damage":1,"enemies":"Cultist","floor":5,"turns":4},{"damage":26,"enemies":"Gremlin Nob","floor":6,"turns":4},{"damage":21,"enemies":"Lagavulin","floor":8,"turns":7},{"damage":12,"enemies":"3 Sentries","floor":12,"turns":3},{"damage":0,"enemies":"Exordium Wildlife","floor":14,"turns":2},{"damage":10,"enemies":"Slime Boss","floor":16,"turns":6},{"damage":11,"enemies":"Shell Parasite","floor":18,"turns":5},{"damage":19,"enemies":"Spheric Guardian","floor":19,"turns":4},{"damage":2,"enemies":"Centurion and Healer","floor":24,"turns":6},{"damage":47,"enemies":"Gremlin Leader","floor":28,"turns":6}],"seed_played":"1040081357663859884","potions_obtained":[{"floor":5,"key":"Energy Potion"},{"floor":6,"key":"SpeedPotion"},{"floor":8,"key":"CunningPotion"},{"floor":18,"key":"SpeedPotion"},{"floor":24,"key":"Dexterity Potion"}],"is_trial":false,"path_per_floor":["M","?","$","M","M","E","R","E","T","$","R","E","?","M","R","B",null,"M","M","?","$","T","R","M","?","T","$","E"],"character_chosen":"THE_SILENT","items_purchased":["Corpse Explosion","Lee\u0027s Waffle","Omamori"],"campfire_rested":1,"item_purchase_floors":[3,10,27],"current_hp_per_floor":[61,50,50,50,49,23,41,20,20,70,70,58,58,60,60,52,70,59,42,42,42,42,42,42,42,42,42,0,0],"gold":31,"neow_bonus":"ONE_RARE_RELIC","is_daily":false,"chose_seed":false,"campfire_upgraded":3,"win_rate":0.0,"timestamp":1612593038,"path_taken":["M","?","?","M","M","E","R","E","T","$","R","E","?","M","R","BOSS","M","?","?","?","?","R","M","?","T","$","E"],"items_purchased_type":["Card","Relic","Relic"],"build_version":"2020-12-22","purchased_purges":2,"victory":false,"max_hp_per_floor":[63,63,63,63,63,63,63,63,63,70,70,70,70,70,70,70,70,70,70,70,70,70,70,70,70,70,70,70,70],"card_choices":[{"not_picked":["Backflip","Bane"],"picked":"Deadly Poison","floor":1.0},{"not_picked":["Endless Agony","Prepared"],"picked":"Choke","floor":4.0},{"not_picked":["Blur","Cloak And Dagger"],"picked":"Outmaneuver","floor":5},{"not_picked":["Caltrops","Distraction"],"picked":"PiercingWail","floor":6},{"not_picked":["All Out Attack","Flying Knee"],"picked":"Skewer","floor":8},{"not_picked":["Dash","Dodge and Roll"],"picked":"Malaise","floor":12},{"not_picked":["PiercingWail","Reflex"],"picked":"Poisoned Stab","floor":14},{"not_picked":["Doppelganger","After Image"],"picked":"Venomology","floor":16},{"not_picked":["Outmaneuver","Flying Knee","Underhanded Strike+1"],"picked":"SKIP","floor":18},{"not_picked":["Poisoned Stab","Backstab"],"picked":"Leg Sweep+1","floor":19},{"not_picked":["Outmaneuver","Distraction"],"picked":"Wraith Form v2","floor":24}],"player_experience":124505,"relics_obtained":[{"floor":6,"key":"TungstenRod"},{"floor":8,"key":"Blood Vial"},{"floor":9,"key":"Mercury Hourglass"},{"floor":12,"key":"Snake Skull"},{"floor":22,"key":"Pen Nib"},{"floor":26,"key":"Anchor"}],"event_choices":[{"damage_healed":0.0,"max_hp_gain":0.0,"max_hp_loss":0.0,"gold_gain":75.0,"event_name":"World of Goop","player_choice":"Gather Gold","floor":2.0,"gold_loss":0.0,"damage_taken":11.0},{"cards_removed":["Strike_G"],"damage_healed":0,"gold_gain":0,"player_choice":"Purged","damage_taken":0,"max_hp_gain":0,"max_hp_loss":0,"event_name":"Purifier","floor":13,"gold_loss":0},{"damage_healed":0,"gold_gain":0,"player_choice":"1 cards matched","damage_taken":0,"max_hp_gain":0,"max_hp_loss":0,"event_name":"Match and Keep!","floor":20,"gold_loss":0,"cards_obtained":["Crippling Poison"]},{"damage_healed":0,"gold_gain":99,"player_choice":"Stole From Cult","damage_taken":0,"max_hp_gain":0,"max_hp_loss":0,"event_name":"Nest","floor":25,"gold_loss":0}],"is_beta":false,"boss_relics":[{"not_picked":["Black Star","Philosopher\u0027s Stone"],"picked":"Cursed Key"}],"items_purged_floors":[21,27],"is_endless":false,"potions_floor_spawned":[5,6,8,18,24],"killed_by":"Gremlin Leader","ascension_level":1}}