{"host":"rb2p2z6v6vieend5","time":1612650761,"event":{"mods":["BaseMod","Block Reminder","Colored Map","DeckTracker","Highlight Path","Minty Spire (QoL Compilation)","Random Character Button","Relic Stats"],"gold_per_floor":[118,118,136,136,31,60,60,76,76,90,40,50,84,84,84,155,155,166,186,201,230,247,247,263,275,302,66,66,86,105,205,205,205,205],"floor_reached":33,"language":"ENG","playtime":1806,"items_purged":[],"score":472,"play_id":"7a5bc728-de56-4da3-8c71-84d028227e4b","local_time":"20210206233241","is_ascension_mode":true,"campfire_choices":[{"data":"Footwork","floor":7,"key":"SMITH"},{"floor":15,"key":"REST"},{"floor":23,"key":"REST"},{"floor":32,"key":"REST"}],"circlet_count":0,"master_deck":["AscendersBane","Defend_G","Defend_G","Defend_G","Defend_G","Defend_G","Survivor","Neutralize","Sucker Punch","Footwork+1","All Out Attack","Backflip","Caltrops","All Out Attack+1","Backstab+1","Phantasmal Killer","Caltrops+1","Quick Slash+1","Crippling Poison+1","Escape Plan","Noxious Fumes","Leg Sweep","Glass Knife+1","Shame","Dagger Spray+1"],"relics":["Ring of the Snake","NeowsBlessing","Letter Opener","Molten Egg 2","Strawberry","Blue Candle","Astrolabe","Red Mask","Centennial Puzzle","Toy Ornithopter","MealTicket"],"acts_visited":["Exordium","TheCity"],"potions_floor_usage":[29,33],"damage_taken":[{"damage":0,"enemies":"Small Slimes","floor":1,"turns":1},{"damage":0,"enemies":"2 Louse","floor":3,"turns":1},{"damage":0,"enemies":"Lagavulin","floor":6,"turns":1},{"damage":0,"enemies":"Jaw Worm","floor":8,"turns":5},{"damage":18,"enemies":"Large Slime","floor":10,"turns":5},{"damage":0,"enemies":"Red Slaver","floor":12,"turns":2},{"damage":28,"enemies":"Gremlin Nob","floor":13,"turns":5},{"damage":13,"enemies":"Hexaghost","floor":16,"turns":15},{"damage":6,"enemies":"Shell Parasite","floor":18,"turns":12},{"damage":0,"enemies":"Chosen","floor":19,"turns":5},{"damage":13,"enemies":"Shelled Parasite and Fungi","floor":20,"turns":7},{"damage":25,"enemies":"Masked Bandits","floor":21,"turns":4},{"damage":16,"enemies":"Snecko","floor":22,"turns":6},{"damage":0,"enemies":"Centurion and Healer","floor":24,"turns":9},{"damage":4,"enemies":"Snake Plant","floor":25,"turns":6},{"damage":6,"enemies":"3 Cultists","floor":29,"turns":3},{"damage":20,"enemies":"Centurion and Healer","floor":30,"turns":7},{"damage":61,"enemies":"Collector","floor":33,"turns":6}],"seed_played":"475985966074782150","potions_obtained":[{"floor":6,"key":"AttackPotion"},{"floor":8,"key":"BlessingOfTheForge"},{"floor":19,"key":"FairyPotion"},{"floor":22,"key":"Regen Potion"},{"floor":25,"key":"PowerPotion"}],"is_trial":false,"path_per_floor":["M","?","M","?","$","E","R","M","T","M","?","M","E","?","R","B",null,"M","M","M","?","M","R","M","M","T","$","?","M","M","?","R","B"],"character_chosen":"THE_SILENT","items_purchased":["All Out Attack","Backflip","Glass Knife+1","Toy Ornithopter"],"campfire_rested":3,"item_purchase_floors":[5,5,27,27],"current_hp_per_floor":[63,56,56,49,49,49,49,49,56,38,38,38,10,10,33,20,63,57,57,44,19,3,26,26,22,22,22,22,33,13,13,36,0,0],"gold":205,"neow_bonus":"THREE_ENEMY_KILL","is_daily":false,"chose_seed":false,"campfire_upgraded":1,"win_rate":0.0,"timestamp":1612650761,"path_taken":["M","?","M","?","$","E","R","M","T","M","?","M","E","?","R","BOSS","M","M","M","?","M","R","M","M","T","$","?","M","M","?","R","BOSS"],"items_purchased_type":["Card","Card","Card","Relic"],"build_version":"2020-12-22","purchased_purges":0,"victory":false,"max_hp_per_floor":[70,70,70,70,70,70,70,70,77,77,77,77,77,77,77,77,77,77,77,77,77,77,77,77,77,77,77,77,77,77,77,77,77,77],"relic_stats":{"Centennial Puzzle":[9],"counters":[18,100],"Blue Candle":[2],"Astrolabe":["Caltrops","Quick Slash","Crippling Poison"],"MealTicket":0,"Letter Opener":[97],"obtain_stats":[{"Centennial Puzzle":26,"NeowsBlessing":0,"Strawberry":9,"Blue Candle":13,"Astrolabe":17,"Molten Egg 2":6,"MealTicket":28,"Red Mask":21,"Letter Opener":2,"Toy Ornithopter":27,"Ring of the Snake":0},{"Centennial Puzzle":15,"NeowsBlessing":0,"Strawberry":4,"Blue Candle":7,"Astrolabe":8,"Molten Egg 2":3,"MealTicket":15,"Red Mask":12,"Letter Opener":1,"Toy Ornithopter":15,"Ring of the Snake":0},{"Centennial Puzzle":84,"NeowsBlessing":0,"Strawberry":8,"Blue Candle":20,"Astrolabe":35,"Molten Egg 2":3,"MealTicket":84,"Red Mask":63,"Letter Opener":1,"Toy Ornithopter":84,"Ring of the Snake":0}],"Toy Ornithopter":10,"Ring of the Snake":[36]},"card_choices":[{"not_picked":["Accuracy","Dash"],"picked":"Sucker Punch","floor":1},{"not_picked":["Dodge and Roll","Poisoned Stab"],"picked":"Footwork","floor":3},{"not_picked":["Distraction","Slice+1"],"picked":"Caltrops","floor":6},{"not_picked":["Heel Hook+1","Noxious Fumes"],"picked":"All Out Attack+1","floor":8},{"not_picked":["Quick Slash+1","Concentrate"],"picked":"Backstab+1","floor":10},{"not_picked":["Deflect","Endless Agony+1","Deadly Poison"],"picked":"SKIP","floor":12},{"not_picked":["Poisoned Stab+1","Well Laid Plans","Accuracy"],"picked":"SKIP","floor":13},{"not_picked":["Tools of the Trade","Malaise"],"picked":"Phantasmal Killer","floor":16},{"not_picked":["Prepared","Catalyst"],"picked":"Escape Plan","floor":18},{"not_picked":["Blur","Eviscerate+1"],"picked":"Noxious Fumes","floor":19},{"not_picked":["Prepared","Deflect","Heel Hook+1"],"picked":"SKIP","floor":20},{"not_picked":["Endless Agony+1","PiercingWail"],"picked":"Leg Sweep","floor":22},{"not_picked":["Flechettes+1","Calculated Gamble","PiercingWail"],"picked":"SKIP","floor":24},{"not_picked":["Heel Hook+1","Sucker Punch+1","Prepared"],"picked":"SKIP","floor":25},{"not_picked":["Acrobatics","Poisoned Stab+1","Burst"],"picked":"SKIP","floor":29},{"not_picked":["Heel Hook+1","Dagger Throw+1"],"picked":"Dagger Spray+1","floor":30}],"player_experience":699474,"relics_obtained":[{"floor":6,"key":"Molten Egg 2"},{"floor":9,"key":"Strawberry"},{"floor":13,"key":"Blue Candle"},{"floor":21,"key":"Red Mask"},{"floor":26,"key":"Centennial Puzzle"}],"event_choices":[{"damage_healed":0,"gold_gain":0,"player_choice":"Success","damage_taken":7,"relics_obtained":["Letter Opener"],"max_hp_gain":0,"max_hp_loss":0,"event_name":"Scrap Ooze","floor":2,"gold_loss":0},{"cards_removed":["Strike_G"],"damage_healed":0,"gold_gain":0,"player_choice":"Card Removal","damage_taken":7,"max_hp_gain":0,"max_hp_loss":0,"event_name":"Golden Wing","floor":4,"gold_loss":0},{"cards_removed":["Strike_G"],"damage_healed":0,"gold_gain":0,"player_choice":"Card Removal","damage_taken":0,"max_hp_gain":0,"max_hp_loss":0,"event_name":"The Cleric","floor":11,"gold_loss":50},{"damage_healed":0,"gold_gain":0,"player_choice":"Ignored","damage_taken":0,"max_hp_gain":0,"max_hp_loss":0,"event_name":"Shining Light","floor":14,"gold_loss":0},{"damage_healed":0,"gold_gain":0,"player_choice":"Fought Bandits","damage_taken":0,"max_hp_gain":0,"max_hp_loss":0,"event_name":"Masked Bandits","floor":21,"gold_loss":0},{"damage_healed":0,"gold_gain":0,"player_choice":"Stole Relic","damage_taken":0,"relics_obtained":["MealTicket"],"max_hp_gain":0,"max_hp_loss":0,"event_name":"Addict","floor":28,"gold_loss":0,"cards_obtained":["Shame"]},{"damage_healed":0,"gold_gain":100,"player_choice":"Pray","damage_taken":0,"max_hp_gain":0,"max_hp_loss":0,"event_name":"Golden Shrine","floor":31,"gold_loss":0}],"is_beta":false,"boss_relics":[{"not_picked":["Ring of the Serpent","WristBlade"],"picked":"Astrolabe"}],"items_purged_floors":[],"is_endless":false,"potions_floor_spawned":[6,8,19,20,21,22,25],"killed_by":"Collector","ascension_level":13}}