{"host":"17u3w43rikeuspxs","time":1612593206,"event":{"mods":["BaseMod","Downfall","Minty Spire (QoL Compilation)","StSLib"],"gold_per_floor":[99,99,49,49,49,49,49,49,49,49,49,49,49,34,34,34,34,4,4,4,4,4,4,4,4,4,4,4,4,4],"floor_reached":29,"language":"ENG","playtime":1085,"items_purged":[],"score":341,"play_id":"b284c6a8-7946-4db4-8ce7-39d1e8738416","local_time":"20210206013326","is_ascension_mode":true,"campfire_choices":[{"data":"Shrug It Off","floor":11,"key":"SMITH"},{"data":"Body Slam","floor":13,"key":"SMITH"},{"floor":15,"key":"REST"},{"floor":23,"key":"REST"},{"data":"Limit Break","floor":25,"key":"SMITH"}],"circlet_count":0,"master_deck":["Defend_R","Defend_R","Defend_R","Defend_R","Bash","Sword Boomerang","Shrug It Off+1","Juggernaut","Metallicize","Shrug It Off","Body Slam+1","Limit Break+1","Combust+1","Hemokinesis+1","Immolate+1","True Grit","Limit Break"],"relics":["Ectoplasm","CultistMask","Ornamental Fan","Dream Catcher","Ancient Tea Set","Astrolabe","Centennial Puzzle","Bag of Marbles","Meat on the Bone"],"acts_visited":["Exordium","TheCity"],"potions_floor_usage":[6,14,16,22,24,27,27],"damage_taken":[{"damage":1,"enemies":"Jaw Worm","floor":1,"turns":3},{"damage":0,"enemies":"2 Louse","floor":2,"turns":3},{"damage":0,"enemies":"Cultist","floor":5,"turns":2},{"damage":18,"enemies":"Lagavulin","floor":6,"turns":4},{"damage":8,"enemies":"2 Fungi Beasts","floor":7,"turns":4},{"damage":0,"enemies":"3 Louse","floor":8,"turns":4},{"damage":0,"enemies":"3 Sentries","floor":12,"turns":7},{"damage":0,"enemies":"Exordium Thugs","floor":14,"turns":2},{"damage":7,"enemies":"The Guardian","floor":16,"turns":8},{"damage":19,"enemies":"2 Thieves","floor":18,"turns":2},{"damage":6,"enemies":"3 Byrds","floor":19,"turns":3},{"damage":14,"enemies":"Centurion and Healer","floor":21,"turns":8},{"damage":20,"enemies":"Sentry and Sphere","floor":22,"turns":4},{"damage":21,"enemies":"Gremlin Leader","floor":24,"turns":6},{"damage":2,"enemies":"Book of Stabbing","floor":27,"turns":5},{"damage":12,"enemies":"Shelled Parasite and Fungi","floor":29,"turns":3}],"seed_played":"3461119415818027709","potions_obtained":[{"floor":1,"key":"GamblersBrew"},{"floor":2,"key":"AttackPotion"},{"floor":5,"key":"EssenceOfSteel"},{"floor":12,"key":"DistilledChaos"},{"floor":21,"key":"ColorlessPotion"},{"floor":22,"key":"SpeedPotion"},{"floor":24,"key":"hexamod:SoulburnPotion"},{"floor":27,"key":"ElixirPotion"}],"is_trial":false,"path_per_floor":["M","M","?","?","M","E","M","M","T","?","R","E","R","M","R","B",null,"M","M","?","M","M","R","E","R","T","E","?","M"],"character_chosen":"IRONCLAD","items_purchased":[],"campfire_rested":2,"item_purchase_floors":[],"current_hp_per_floor":[79,79,79,79,79,61,53,53,53,58,58,58,58,58,83,76,85,66,60,60,46,26,51,30,30,30,28,12,0,0],"gold":4,"neow_bonus":"BOSS_RELIC","is_daily":false,"chose_seed":false,"campfire_upgraded":3,"win_rate":0.0,"timestamp":1612593206,"path_taken":["M","M","?","?","M","E","?","M","T","?","R","E","R","M","R","BOSS","M","M","?","?","M","R","E","R","T","E","?","M"],"items_purchased_type":[],"build_version":"2020-12-22","purchased_purges":0,"victory":false,"max_hp_per_floor":[80,80,80,80,80,80,80,80,80,85,85,85,85,85,85,85,85,85,85,85,85,85,85,85,85,85,85,90,90,90],"card_choices":[{"not_picked":["Searing Blow","Clash","Twin Strike"],"picked":"SKIP","floor":1},{"not_picked":["Clothesline","Thunderclap"],"picked":"Sword Boomerang","floor":2},{"not_picked":["Iron Wave","Clothesline"],"picked":"Shrug It Off","floor":5},{"not_picked":["Pommel Strike","Power Through"],"picked":"Juggernaut","floor":6},{"not_picked":["Seeing Red","Thunderclap"],"picked":"Metallicize","floor":7},{"not_picked":["Sentinel","Seeing Red"],"picked":"Shrug It Off","floor":8},{"not_picked":["Infernal Blade","Havoc"],"picked":"Body Slam","floor":12},{"not_picked":["Twin Strike","Pummel","Headbutt"],"picked":"SKIP","floor":14},{"not_picked":["Exhume","Reaper"],"picked":"Limit Break","floor":16},{"not_picked":["Flex","Warcry"],"picked":"True Grit","floor":18},{"not_picked":["Pummel","Headbutt","Evolve"],"picked":"SKIP","floor":19},{"not_picked":["Clash","Infernal Blade+1","Flex"],"picked":"SKIP","floor":21},{"not_picked":["Havoc","Seeing Red","Twin Strike"],"picked":"SKIP","floor":22},{"not_picked":["Brutality","Pommel Strike","Exhume"],"picked":"SKIP","floor":24},{"not_picked":["Cleave","Seeing Red+1","Iron Wave+1"],"picked":"SKIP","floor":27}],"player_experience":80810,"relics_obtained":[{"floor":6,"key":"Ornamental Fan"},{"floor":9,"key":"Dream Catcher"},{"floor":12,"key":"Ancient Tea Set"},{"floor":24,"key":"Centennial Puzzle"},{"floor":26,"key":"Bag of Marbles"},{"floor":27,"key":"Meat on the Bone"}],"event_choices":[{"cards_removed":["Strike_R"],"damage_healed":0,"gold_gain":0,"player_choice":"Card Removal","damage_taken":0,"max_hp_gain":0,"max_hp_loss":0,"event_name":"The Cleric","floor":3,"gold_loss":50},{"damage_healed":0,"gold_gain":0,"player_choice":"Trade","damage_taken":0,"relics_obtained":["CultistMask"],"max_hp_gain":0,"max_hp_loss":0,"event_name":"FaceTrader","floor":4,"gold_loss":0},{"damage_healed":0,"gold_gain":0,"player_choice":"Donut","damage_taken":0,"max_hp_gain":5,"max_hp_loss":0,"event_name":"Big Fish","floor":10,"gold_loss":0},{"damage_healed":0,"gold_gain":0,"cards_transformed":["Strike_R"],"player_choice":"Transformed","damage_taken":0,"max_hp_gain":0,"max_hp_loss":0,"event_name":"Transmorgrifier","floor":20,"gold_loss":0,"cards_obtained":["Limit Break"]},{"damage_healed":0,"gold_gain":0,"player_choice":"Shed Blood","damage_taken":21,"max_hp_gain":5,"max_hp_loss":0,"event_name":"Forgotten Altar","floor":28,"gold_loss":0}],"is_beta":false,"boss_relics":[{"not_picked":["Mark of Pain","Fusion Hammer"],"picked":"Astrolabe"}],"items_purged_floors":[],"is_endless":false,"potions_floor_spawned":[1,2,5,12,21,22,24,27],"killed_by":"Shelled Parasite and Fungi","ascension_level":1}}