{"host":"g907ck67u7c3hrs6","time":1612597468,"event":{"mods":["BaseMod","Colored Map","DeckTracker","Highlight Path","Keyboard Shortcuts","Minty Spire (QoL Compilation)","Permanent Neow","Say the Spire","SuperFastMode"],"gold_per_floor":[114,129,144,159,234,264,279,279,279],"floor_reached":8,"language":"KOR","playtime":320,"items_purged":[],"score":85,"play_id":"4e5e8413-8c86-4110-9a20-e10b5fa39ffc","local_time":"20210206164428","daily_mods":["Draft","Diverse","DeadlyEvents"],"is_ascension_mode":false,"campfire_choices":[],"circlet_count":0,"master_deck":["Rupture","Armaments","Escape Plan","Perseverance","Force Field","Auto Shields","Skewer","Cloak And Dagger","TalkToTheHand","Pommel Strike","Sweeping Beam","Rip and Tear","Rupture","Stack","Wild Strike","Headbutt","Burst","Conserve Battery"],"relics":["Ring of the Snake","Bottled Tornado"],"acts_visited":["Exordium"],"potions_floor_usage":[],"damage_taken":[{"damage":0,"enemies":"Small Slimes","floor":1,"turns":3},{"damage":0,"enemies":"2 Louse","floor":2,"turns":2},{"damage":0,"enemies":"Cultist","floor":3,"turns":3},{"damage":0,"enemies":"Red Slaver","floor":4,"turns":3},{"damage":0,"enemies":"Gremlin Nob","floor":6,"turns":4},{"damage":1,"enemies":"Looter","floor":7,"turns":3},{"damage":20,"enemies":"Lagavulin","floor":8,"turns":9}],"seed_played":"5285009320175426936","potions_obtained":[{"floor":2,"key":"Explosive Potion"},{"floor":4,"key":"EssenceOfSteel"},{"floor":6,"key":"Explosive Potion"}],"is_trial":false,"path_per_floor":["M","M","M","M","?","E","M","E"],"character_chosen":"THE_SILENT","items_purchased":[],"campfire_rested":0,"item_purchase_floors":[],"current_hp_per_floor":[70,70,70,70,59,59,58,38,38],"gold":279,"neow_bonus":"","is_daily":true,"chose_seed":false,"campfire_upgraded":0,"win_rate":0.0,"timestamp":1612597468,"path_taken":["M","M","M","M","?","E","M","E"],"items_purchased_type":[],"build_version":"2020-12-22","purchased_purges":0,"victory":false,"max_hp_per_floor":[70,70,70,70,70,70,70,70,70],"card_choices":[{"not_picked":["Havoc","Lockon"],"picked":"Rupture","floor":0},{"not_picked":["Clothesline","Iron Wave"],"picked":"Armaments","floor":0},{"not_picked":["PathToVictory","Hello World"],"picked":"Escape Plan","floor":0},{"not_picked":["Body Slam","Cloak And Dagger"],"picked":"Perseverance","floor":0},{"not_picked":["Clothesline","Prepared"],"picked":"Force Field","floor":0},{"not_picked":["Gash","Headbutt"],"picked":"Auto Shields","floor":0},{"not_picked":["Blizzard","Clash"],"picked":"Skewer","floor":0},{"not_picked":["Warcry","FollowUp"],"picked":"Cloak And Dagger","floor":0},{"not_picked":["Beam Cell","Cold Snap"],"picked":"TalkToTheHand","floor":0},{"not_picked":["Compile Driver","Entrench"],"picked":"Pommel Strike","floor":0},{"not_picked":["Deadly Poison","Clash"],"picked":"Sweeping Beam","floor":0},{"not_picked":["Quick Slash","Intimidate"],"picked":"Rip and Tear","floor":0},{"not_picked":["Deadly Poison","EmptyBody"],"picked":"Rupture","floor":0},{"not_picked":["EmptyFist","WreathOfFlame"],"picked":"Stack","floor":0},{"not_picked":["Flex","Underhanded Strike"],"picked":"Wild Strike","floor":0},{"not_picked":["Perfected Strike","SashWhip","Bane"],"picked":"SKIP","floor":1},{"not_picked":["Go for the Eyes","Havoc"],"picked":"Headbutt","floor":2},{"not_picked":["BowlingBash","Slice"],"picked":"Burst","floor":3},{"not_picked":["PiercingWail","Sweeping Beam","Adaptation"],"picked":"SKIP","floor":4},{"not_picked":["Thunderclap","Sucker Punch","Ball Lightning"],"picked":"SKIP","floor":6},{"not_picked":["Iron Wave","Chaos"],"picked":"Conserve Battery","floor":7}],"player_experience":258952,"relics_obtained":[{"floor":6,"key":"Bottled Tornado"}],"event_choices":[{"damage_healed":0,"gold_gain":75,"player_choice":"Gather Gold","damage_taken":11,"max_hp_gain":0,"max_hp_loss":0,"event_name":"World of Goop","floor":5,"gold_loss":0}],"is_beta":false,"boss_relics":[],"items_purged_floors":[],"is_endless":false,"potions_floor_spawned":[2,4,6],"killed_by":"Lagavulin","ascension_level":0}}