{"host":"hf83sijwe64ts2lm","time":1612634647,"event":{"mods":["2.2 Compatiblity","BaseMod","Better Altar","Better Match","Better Note","Better Sensory Stone","Better Skull","Better Third Choice","Colored Map","Colored Powertips","Highlight Path","Hubris","Infinite Spire","Minty Spire (QoL Compilation)","Quick Restart","Rare Cards Sparkle","Relic Stats","Reliquary","Replay The Spire","Shop Mod","Spicy Shops","Spire Arcade","StSLib","Thieving Mod"],"gold_per_floor":[117,171,171,185,203,203,218,238,307,339,339,110,140,58,58,154,154,49,49,66,66,66,66,95,95,95,115,115,33,33,33,33,130,130,45,57,57,57],"floor_reached":37,"language":"ENG","playtime":976,"items_purged":["Acrobatics"],"score":634,"play_id":"3cfe9d62-1d91-4050-8d0b-ef9774e53517","local_time":"20210206130407","is_ascension_mode":true,"campfire_choices":[{"floor":6,"key":"REST"},{"floor":15,"key":"REST"},{"floor":23,"key":"REST"},{"floor":25,"key":"REST"},{"floor":30,"key":"REST"},{"floor":32,"key":"REST"}],"circlet_count":0,"master_deck":["Strike_G","Strike_G","Strike_G","Strike_G","Strike_G","Defend_G","Defend_G","Defend_G","Defend_G","Defend_G","Survivor","Neutralize","Dash","ReplayTheSpireMod:Necrogeddon","Deflect","Deflect","ReplayTheSpireMod:IOU","ReplayTheSpireMod:IOU","ReplayTheSpireMod:IOU","ReplayTheSpireMod:IOU","ReplayTheSpireMod:Scrap Shanks","ReplayTheSpireMod:Speed Training","Bane","Accuracy","Blade Dance","Twin Strike","Doppelganger","Deflect+1","ReplayTheSpireMod:Private Reserves","Good Instincts","Replay:Fractal Strike","infinitespire:Menacing","infinitespire:Punishment","infinitespire:Collect","Hidden Blade","ReplayTheSpireMod:Limb From Limb","infinitespire:Pacifist","Draining Mist","Decay","Immolate","ReplayTheSpireMod:Scrap Shanks+1","Accuracy+1"],"relics":["Ring of the Snake","NeowsBlessing","hubris:DisguiseKit","Matryoshka","Replay:Wax Seal","PreservedInsect","Strange Spoon","HandDrill","hubris:GlazedTorus","reliquary:RedPaperclip","reliquary:RedCape","White Beast Statue","Replay:Rubber Ducky","infinitespire:Lucky Rock","hubris:BlackHole"],"acts_visited":["Exordium","TheCity","TheBeyond"],"potions_floor_usage":[7,8,10,10,13,13,13,24,27,33,33,35,36,36,36,36,37],"damage_taken":[{"damage":0,"enemies":"2 Louse","floor":1,"turns":1},{"damage":0,"enemies":"Small Slimes","floor":4,"turns":1},{"damage":0,"enemies":"Jaw Worm","floor":5,"turns":1},{"damage":0,"enemies":"Lots of Slimes","floor":7,"turns":1},{"damage":0,"enemies":"2 Fungi Beasts","floor":8,"turns":3},{"damage":27,"enemies":"3 Sentries","floor":10,"turns":8},{"damage":1,"enemies":"Lagavulin","floor":13,"turns":3},{"damage":1,"enemies":"Exordium Wildlife","floor":14,"turns":4},{"damage":59,"enemies":"Fading Forest","floor":16,"turns":11},{"damage":19,"enemies":"2 Thieves","floor":18,"turns":4},{"damage":39,"enemies":"3 Byrds","floor":20,"turns":8},{"damage":11,"enemies":"Book of Stabbing","floor":24,"turns":5},{"damage":5,"enemies":"Snake Plant","floor":27,"turns":6},{"damage":26,"enemies":"Snecko","floor":29,"turns":5},{"damage":34,"enemies":"Champ","floor":33,"turns":10},{"damage":57,"enemies":"3 Shapes","floor":35,"turns":4},{"damage":6,"enemies":"3 Darklings","floor":36,"turns":4},{"damage":29,"enemies":"Spire Growth","floor":37,"turns":3}],"seed_played":"8034202129939325122","potions_obtained":[{"floor":1,"key":"PowerPotion"},{"floor":2,"key":"Explosive Potion"},{"floor":3,"key":"DuplicationPotion"},{"floor":7,"key":"Fire Potion"},{"floor":16,"key":"GamblersBrew"},{"floor":20,"key":"AttackPotion"},{"floor":24,"key":"ColorlessPotion"},{"floor":27,"key":"SpeedPotion"},{"floor":29,"key":"SteroidPotion"},{"floor":33,"key":"Doom Potion"},{"floor":35,"key":"EntropicBrew"},{"floor":36,"key":"PowerPotion"}],"is_trial":false,"path_per_floor":["M","?","?","M","M","R","M","M","T","E","?","$","E","M","R","B",null,"M","?","M","?","AVR","R","E","R","T","M","?","M","R","?","R","B",null,"M","M","M"],"character_chosen":"THE_SILENT","items_purchased":["Replay:Wax Seal","ReplayTheSpireMod:Necrogeddon","Deflect","PreservedInsect","Strange Spoon","Oddly Smooth Stone","HandDrill","SteroidPotion","ColorlessPotion","Adrenaline Potion","ReplayTheSpireMod:Scrap Shanks"],"campfire_rested":6,"item_purchase_floors":[12,12,12,12,12,12,12,12,12,12,12],"current_hp_per_floor":[70,42,42,42,42,63,63,63,63,36,36,36,35,34,55,10,70,51,51,12,12,12,33,22,43,43,38,38,12,33,33,54,20,70,13,7,0,0],"gold":57,"neow_bonus":"THREE_ENEMY_KILL","is_daily":false,"chose_seed":false,"campfire_upgraded":0,"win_rate":0.0,"timestamp":1612634647,"path_taken":["M","?","?","M","?","R","M","M","T","E","?","?","E","M","R","BOSS","M","?","?","?","AVR","R","E","R","T","M","?","M","R","?","R","BOSS","M","M","M"],"items_purchased_type":["Relic","Card","Card","Relic","Relic","Relic","Relic","Potion","Potion","Potion","Card"],"build_version":"2020-12-22","purchased_purges":1,"victory":false,"max_hp_per_floor":[70,70,70,70,70,70,70,70,70,70,70,70,70,70,70,70,70,70,70,70,70,70,70,70,70,70,70,70,70,70,70,70,70,70,70,70,70,70],"relic_stats":{"Strange Spoon":[42],"counters":[18,82],"PreservedInsect":68,"HandDrill":[30],"obtain_stats":[{"hubris:DisguiseKit":9,"NeowsBlessing":0,"reliquary:Sideboard":2,"Oddly Smooth Stone":12,"PreservedInsect":12,"infinitespire:Lucky Rock":28,"reliquary:RedCape":22,"White Beast Statue":22,"Replay:Rubber Ducky":24,"hubris:BlackHole":34,"Strange Spoon":12,"Matryoshka":10,"reliquary:RedPaperclip":17,"HandDrill":12,"Replay:Wax Seal":12,"Ring of the Snake":0,"hubris:GlazedTorus":13},{"hubris:DisguiseKit":5,"NeowsBlessing":0,"reliquary:Sideboard":1,"Oddly Smooth Stone":6,"PreservedInsect":6,"infinitespire:Lucky Rock":13,"reliquary:RedCape":11,"White Beast Statue":11,"Replay:Rubber Ducky":12,"hubris:BlackHole":15,"Strange Spoon":6,"Matryoshka":6,"reliquary:RedPaperclip":9,"HandDrill":6,"Replay:Wax Seal":6,"Ring of the Snake":0,"hubris:GlazedTorus":7},{"hubris:DisguiseKit":7,"NeowsBlessing":0,"reliquary:Sideboard":1,"Oddly Smooth Stone":15,"PreservedInsect":15,"infinitespire:Lucky Rock":56,"reliquary:RedCape":45,"White Beast Statue":45,"Replay:Rubber Ducky":50,"hubris:BlackHole":71,"Strange Spoon":15,"Matryoshka":15,"reliquary:RedPaperclip":33,"HandDrill":15,"Replay:Wax Seal":15,"Ring of the Snake":0,"hubris:GlazedTorus":18}],"Ring of the Snake":[36]},"card_choices":[{"not_picked":["PiercingWail","Flying Knee"],"picked":"Dash","floor":1},{"not_picked":["Flying Knee","Deadly Poison"],"picked":"Accuracy","floor":2},{"not_picked":["Flying Knee","hubris:SlightOfHand"],"picked":"Bane","floor":4},{"not_picked":["Cloak And Dagger","Acrobatics"],"picked":"ReplayTheSpireMod:Speed Training","floor":5},{"not_picked":["Sucker Punch","Endless Agony"],"picked":"Blade Dance","floor":7},{"not_picked":["Flying Knee","Caltrops"],"picked":"Acrobatics","floor":8},{"not_picked":["Tools of the Trade","Underhanded Strike","Leg Sweep"],"picked":"Twin Strike","floor":10},{"not_picked":["Deflect","Outmaneuver","Prepared"],"picked":"Run Through","floor":13},{"not_picked":["hubris:Counter","Underhanded Strike","Dropkick"],"picked":"PiercingWail","floor":14},{"not_picked":["Adrenaline","Unload","Barricade"],"picked":"Venomology","floor":16},{"not_picked":["Poisoned Stab","hubris:SlightOfHand","Underhanded Strike"],"picked":"Rupture","floor":18},{"not_picked":["Hidden Blade","Flying Knee","Havoc"],"picked":"Deflect+1","floor":20},{"not_picked":["Finesse","Replay:Bootleg Shield Generator"],"picked":"ReplayTheSpireMod:Private Reserves","floor":21},{"not_picked":["Deep Breath","Purity"],"picked":"Good Instincts","floor":21},{"not_picked":["Noxious Fumes","Doppelganger","Sever Soul"],"picked":"Hidden Blade","floor":24},{"not_picked":["Blade Dance","Noxious Fumes","Prepared"],"picked":"ReplayTheSpireMod:Limb From Limb","floor":27},{"not_picked":["Prepared","Skewer","Bloodletting"],"picked":"Draining Mist","floor":29},{"not_picked":["Adrenaline","infinitespire:Neurotoxin","Poison Darts"],"picked":"Immolate","floor":33},{"not_picked":["Deadly Poison+1","Deflect+1","ReplayTheSpireMod:Corrosion Curse"],"picked":"ReplayTheSpireMod:Scrap Shanks+1","floor":35},{"not_picked":["Sucker Punch","Deadly Poison+1","ReplayReversal"],"picked":"Accuracy+1","floor":36}],"player_experience":144139,"relics_obtained":[{"floor":2,"key":"reliquary:Sideboard"},{"floor":9,"key":"hubris:DisguiseKit"},{"floor":10,"key":"Matryoshka"},{"floor":13,"key":"hubris:GlazedTorus"},{"floor":24,"key":"Replay:Rubber Ducky"}],"event_choices":[{"damage_healed":0,"gold_gain":0,"player_choice":"Got Potions","damage_taken":0,"max_hp_gain":0,"max_hp_loss":0,"event_name":"Lab","floor":3,"gold_loss":0},{"damage_healed":0,"gold_gain":0,"cards_transformed":["Rupture"],"player_choice":"Transformed","damage_taken":0,"max_hp_gain":0,"max_hp_loss":0,"event_name":"Transmorgrifier","floor":19,"gold_loss":0,"cards_obtained":["Doppelganger"]},{"damage_healed":0,"gold_gain":2,"player_choice":"1","damage_taken":0,"max_hp_gain":0,"max_hp_loss":0,"event_name":"betterStone:BetterStone","floor":21,"gold_loss":0},{"damage_healed":0,"gold_gain":0,"player_choice":" Defy","damage_taken":0,"max_hp_gain":0,"max_hp_loss":0,"event_name":"betterAltar:BetterAltar","floor":31,"gold_loss":0,"cards_obtained":["Decay"]}],"is_beta":false,"boss_relics":[{"not_picked":["Snecko Eye","reliquary:WritOfMandamus"],"picked":"reliquary:RedPaperclip"},{"not_picked":["Velvet Choker","Runic Pyramid"],"picked":"hubris:BlackHole"}],"items_purged_floors":[22],"is_endless":false,"potions_floor_spawned":[1,7,16,20,24,27,29,33,35,36],"killed_by":"Spire Growth","ascension_level":3}}