{"host":"sad04l3m69qtnhom","time":1612641680,"event":{"mods":["AchievementEnabler","BaseMod","Colored Map","Colored Powertips","DeckTracker","Highlight Path","Minty Spire (QoL Compilation)","Permanent Neow","Quick Restart","SuperFastMode","everything is the same but u backflip on backflip"],"gold_per_floor":[111,121,134,148,163,163,179,204,204,230,230,69,69,69,69,173,173,183,282,282,170,170,197,197,197,197,54,67,85,85,117,117,212,212,228,208,225,125,140,169,169,184,184,202,202,236,86,98,98,98,98,98,2,28,28,28],"floor_reached":55,"language":"KOR","playtime":12215,"items_purged":["Strike_B","Strike_B"],"score":1000,"play_id":"80b8af45-46fc-471f-b729-282064e58206","local_time":"20210207050120","is_ascension_mode":true,"campfire_choices":[{"data":"Electrodynamics","floor":6,"key":"SMITH"},{"floor":11,"key":"REST"},{"data":"Storm","floor":13,"key":"SMITH"},{"data":"Amplify","floor":15,"key":"SMITH"},{"data":"Fission","floor":25,"key":"SMITH"},{"data":"Thunder Strike","floor":30,"key":"SMITH"},{"data":"Biased Cognition","floor":32,"key":"SMITH"},{"data":"Electrodynamics","floor":41,"key":"SMITH"},{"data":"Heatsinks","floor":45,"key":"SMITH"},{"floor":49,"key":"RECALL"},{"data":"Leap","floor":52,"key":"SMITH"}],"circlet_count":0,"master_deck":["Strike_B","Defend_B","Defend_B","Defend_B","Defend_B","Zap","Dualcast+1","Electrodynamics+1","Leap+1","Ball Lightning","Barrage","Tempest+1","Amplify+1","Storm+1","Bandage Up","Fission+1","Self Repair","Thunder Strike+1","Heatsinks+1","Biased Cognition+1","Electrodynamics+1","Barrage+1","Fusion+1","Conserve Battery"],"relics":["Cracked Core","Art of War","HornCleat","Matryoshka","Nuclear Battery","Bottled Lightning","Boot","Bag of Preparation","Sundial","Busted Crown","Gremlin Horn","CaptainsWheel","Dream Catcher","Symbiotic Virus","War Paint","Mango"],"acts_visited":["Exordium","TheCity","TheBeyond","TheEnding"],"potions_floor_usage":[4,8,21,23,31,33,46,55,55],"damage_taken":[{"damage":1,"enemies":"Cultist","floor":1,"turns":3},{"damage":5,"enemies":"Small Slimes","floor":2,"turns":4},{"damage":7,"enemies":"Jaw Worm","floor":3,"turns":3},{"damage":7,"enemies":"Exordium Wildlife","floor":4,"turns":3},{"damage":13,"enemies":"Blue Slaver","floor":5,"turns":3},{"damage":1,"enemies":"2 Fungi Beasts","floor":7,"turns":2},{"damage":26,"enemies":"Lagavulin","floor":8,"turns":6},{"damage":2,"enemies":"Gremlin Nob","floor":10,"turns":3},{"damage":7,"enemies":"Slime Boss","floor":16,"turns":5},{"damage":18,"enemies":"3 Byrds","floor":18,"turns":2},{"damage":7,"enemies":"Slavers","floor":23,"turns":2},{"damage":0,"enemies":"Spheric Guardian","floor":28,"turns":1},{"damage":17,"enemies":"Chosen and Byrds","floor":29,"turns":5},{"damage":30,"enemies":"Gremlin Leader","floor":31,"turns":6},{"damage":23,"enemies":"Collector","floor":33,"turns":6},{"damage":4,"enemies":"3 Darklings","floor":35,"turns":2},{"damage":0,"enemies":"Orb Walker","floor":37,"turns":1},{"damage":0,"enemies":"Spire Growth","floor":39,"turns":1},{"damage":15,"enemies":"Reptomancer","floor":40,"turns":4},{"damage":0,"enemies":"3 Darklings","floor":42,"turns":1},{"damage":10,"enemies":"Maw","floor":44,"turns":3},{"damage":26,"enemies":"Giant Head","floor":46,"turns":6},{"damage":37,"enemies":"Transient","floor":48,"turns":5},{"damage":93,"enemies":"Awakened One","floor":50,"turns":6},{"damage":0,"enemies":"Shield and Spear","floor":54,"turns":2},{"damage":91,"enemies":"The Heart","floor":55,"turns":3}],"seed_played":"8862289054546147192","potions_obtained":[{"floor":2,"key":"Energy Potion"},{"floor":3,"key":"PotionOfCapacity"},{"floor":16,"key":"SkillPotion"},{"floor":18,"key":"Fruit Juice"},{"floor":28,"key":"FocusPotion"},{"floor":31,"key":"LiquidBronze"},{"floor":33,"key":"FairyPotion"},{"floor":36,"key":"PotionOfCapacity"},{"floor":40,"key":"LiquidBronze"},{"floor":44,"key":"Swift Potion"},{"floor":46,"key":"Dexterity Potion"},{"floor":48,"key":"FairyPotion"}],"is_trial":false,"path_per_floor":["M","M","M","M","M","R","M","E","T","E","R","$","R","?","R","B",null,"M","?","?","$","?","E","$","R","T","$","M","M","R","E","R","B",null,"M","?","M","$","M","E","R","M","T","M","R","E","$","M","R","B",null,"R","$","E","B"],"character_chosen":"DEFECT","items_purchased":["Storm","Bandage Up","Self Repair","Bag of Preparation","War Paint","SkillPotion","Conserve Battery"],"campfire_rested":1,"item_purchase_floors":[12,12,21,27,47,53,53],"current_hp_per_floor":[67,62,55,48,35,35,34,8,8,6,28,28,28,21,21,18,61,47,47,47,52,52,49,49,49,49,49,60,47,47,35,35,23,66,73,73,77,77,77,72,72,72,72,73,73,58,58,32,32,31,68,68,68,86,0,0],"gold":28,"neow_bonus":"ONE_RANDOM_RARE_CARD","is_daily":false,"chose_seed":false,"campfire_upgraded":9,"win_rate":0.0,"timestamp":1612641680,"path_taken":["M","?","M","M","M","R","M","E","T","E","R","$","R","?","R","BOSS","M","?","?","?","?","E","$","R","T","$","M","?","R","E","R","BOSS","M","?","?","$","M","E","R","M","T","M","R","E","$","M","R","BOSS","R","$","E","BOSS"],"items_purchased_type":["Card","Card","Card","Relic","Relic","Potion","Card"],"build_version":"2020-12-22","purchased_purges":2,"victory":false,"max_hp_per_floor":[75,75,75,75,75,75,75,75,75,75,75,75,75,75,75,75,75,75,75,75,80,80,80,80,80,80,80,80,80,80,80,80,80,80,80,80,80,80,80,80,80,80,80,80,80,80,80,80,80,80,80,80,80,94,94,94],"card_choices":[{"not_picked":["Rebound","Darkness"],"picked":"Leap","floor":1},{"not_picked":["Compile Driver","Stack"],"picked":"Ball Lightning","floor":2},{"not_picked":["Steam","Turbo","Cold Snap"],"picked":"SKIP","floor":3},{"not_picked":["Beam Cell","Go for the Eyes","Chaos"],"picked":"SKIP","floor":4},{"not_picked":["Rip and Tear","Hologram"],"picked":"Barrage","floor":5},{"not_picked":["Leap","Hello World","Hologram"],"picked":"SKIP","floor":7},{"not_picked":["Undo","Recycle"],"picked":"Tempest","floor":8},{"not_picked":["Cold Snap","Hello World"],"picked":"Amplify","floor":10},{"not_picked":["Core Surge","All For One"],"picked":"Fission","floor":16},{"not_picked":["Rebound+1","Compile Driver","Cold Snap"],"picked":"SKIP","floor":18},{"not_picked":["Blizzard","Fusion+1","Recycle"],"picked":"SKIP","floor":23},{"not_picked":["Double Energy","Beam Cell"],"picked":"Heatsinks","floor":28},{"not_picked":["Scrape+1","Stack","Reprogram"],"picked":"SKIP","floor":29},{"not_picked":["Go for the Eyes","Self Repair+1"],"picked":"Biased Cognition","floor":31},{"not_picked":["Meteor Strike","Fission"],"picked":"Electrodynamics","floor":33},{"not_picked":[],"picked":"Barrage+1","floor":35},{"not_picked":["Cold Snap+1"],"picked":"SKIP","floor":37},{"not_picked":["Rebound"],"picked":"SKIP","floor":39},{"not_picked":["Sunder+1"],"picked":"SKIP","floor":40},{"not_picked":["Sweeping Beam"],"picked":"SKIP","floor":42},{"not_picked":["Chaos"],"picked":"SKIP","floor":44},{"not_picked":[],"picked":"Fusion+1","floor":46},{"not_picked":["Undo"],"picked":"SKIP","floor":48},{"not_picked":["Amplify"],"picked":"SKIP","floor":54}],"player_experience":252090,"relics_obtained":[{"floor":8,"key":"Art of War"},{"floor":9,"key":"HornCleat"},{"floor":10,"key":"Matryoshka"},{"floor":23,"key":"Bottled Lightning"},{"floor":26,"key":"Boot"},{"floor":31,"key":"Sundial"},{"floor":40,"key":"Gremlin Horn"},{"floor":43,"key":"CaptainsWheel"},{"floor":43,"key":"Dream Catcher"},{"floor":46,"key":"Symbiotic Virus"},{"floor":54,"key":"Mango"}],"event_choices":[{"cards_removed":["Strike_B"],"damage_healed":0,"gold_gain":0,"player_choice":"Card Removal","damage_taken":7,"max_hp_gain":0,"max_hp_loss":0,"event_name":"Golden Wing","floor":14,"gold_loss":0},{"damage_healed":0,"gold_gain":99,"player_choice":"Stole From Cult","damage_taken":0,"max_hp_gain":0,"max_hp_loss":0,"event_name":"Nest","floor":19,"gold_loss":0},{"damage_healed":0,"gold_gain":0,"player_choice":"Ignored","damage_taken":0,"max_hp_gain":0,"max_hp_loss":0,"event_name":"Ghosts","floor":20,"gold_loss":0},{"damage_healed":0,"gold_gain":0,"player_choice":"Read","damage_taken":0,"max_hp_gain":0,"max_hp_loss":0,"event_name":"The Library","floor":22,"gold_loss":0,"cards_obtained":["Thunder Strike"]},{"damage_healed":0,"gold_gain":0,"player_choice":"Bought 1 Potion","damage_taken":0,"max_hp_gain":0,"max_hp_loss":0,"event_name":"The Woman in Blue","floor":36,"gold_loss":0}],"is_beta":false,"boss_relics":[{"not_picked":["Tiny House","FrozenCore"],"picked":"Nuclear Battery"},{"not_picked":["SlaversCollar","Runic Pyramid"],"picked":"Busted Crown"}],"items_purged_floors":[21,38],"is_endless":false,"potions_floor_spawned":[2,3,16,18,28,31,33,40,44,46,48],"killed_by":"The Heart","ascension_level":6}}