{"host":"ishme5wb80o83upk","time":1612632095,"event":{"mods":["BaseMod","HololiveMod","Minty Spire (QoL Compilation)","StSLib"],"gold_per_floor":[348,383,415,451,488,553,594,668,668,668,699,771,832,859,859,986,986,1059,1107,1107,1154,1204,1204,1264,1264,1334,1405,1405,1449,1449,1494,1494,1630,1630,1666,1666,1749,1749,1749,1841,1841,1911,1911,1995,2060,2102,2102,2194,2206,2242,2242],"floor_reached":50,"language":"KOR","playtime":2394,"items_purged":[],"score":1812,"play_id":"a145dc07-be0b-4571-8c28-2defda1be1af","local_time":"20210207022135","is_ascension_mode":true,"campfire_choices":[{"data":"Hololive_CallSakuraMiko","floor":15,"key":"SMITH"},{"data":"Hololive_CallSpadeEcho","floor":23,"key":"SMITH"},{"data":"Hololive_CallDoris","floor":25,"key":"SMITH"},{"data":"Hololive_CallHoushouMarine","floor":28,"key":"SMITH"},{"data":"Hololive_RevenueBasedLive","floor":32,"key":"SMITH"},{"data":"Hololive_CallYozoraMel","floor":41,"key":"SMITH"},{"floor":49,"key":"RECALL"}],"circlet_count":0,"master_deck":["AscendersBane","Hololive_Strike","Hololive_Strike","Hololive_Defend","Hololive_Defend","Hololive_CandyCastle","Hololive_CallAkaiHaato","Hololive_CallCivia","Hololive_CallHoushouMarine+1","Hololive_CallMurasakiShion","Hololive_CallMinatoAqua","Hololive_CallSakuraMiko+1","Hololive_CallUruhaRushia","Hololive_CallArtia+1","Hololive_RevenueBasedLive+1","Hololive_AWSL","Hololive_CallYozoraMel+1","Hololive_Thief","Hololive_CallDoris+1","Hololive_CallUsadaPekora","Hololive_CallSpadeEcho+1","Hololive_CallTsunomakiWatame+1","Hololive_CallYuzukiChoco+1","Hololive_Teleport","Hololive_CallShiroganeNoel","Hololive_CallNatsuiroMatsuri","Hololive_CallRosalyn","Hololive_RevenueBasedLive+1","Hololive_DiamondStrike+1"],"relics":["Hololive_TheStar","CeramicFish","Singing Bowl","Regal Pillow","Velvet Choker","MealTicket","Ginger","InkBottle","Sozu","Molten Egg 2","Ornamental Fan","Blood Vial","Bottled Tornado","Omamori","MawBank"],"acts_visited":["Exordium","TheCity","TheBeyond"],"potions_floor_usage":[8],"damage_taken":[{"damage":0,"enemies":"Jaw Worm","floor":1,"turns":3},{"damage":0,"enemies":"Cultist","floor":2,"turns":3},{"damage":0,"enemies":"2 Louse","floor":3,"turns":3},{"damage":0,"enemies":"Blue Slaver","floor":4,"turns":4},{"damage":0,"enemies":"3 Louse","floor":5,"turns":3},{"damage":0,"enemies":"Gremlin Nob","floor":6,"turns":4},{"damage":0,"enemies":"2 Fungi Beasts","floor":7,"turns":4},{"damage":0,"enemies":"3 Sentries","floor":8,"turns":5},{"damage":0,"enemies":"Blue Slaver","floor":11,"turns":4},{"damage":0,"enemies":"Lagavulin","floor":12,"turns":7},{"damage":0,"enemies":"3 Louse","floor":13,"turns":4},{"damage":0,"enemies":"Lots of Slimes","floor":14,"turns":2},{"damage":0,"enemies":"Hexaghost","floor":16,"turns":9},{"damage":0,"enemies":"3 Byrds","floor":18,"turns":5},{"damage":0,"enemies":"Shell Parasite","floor":19,"turns":3},{"damage":0,"enemies":"Centurion and Healer","floor":21,"turns":6},{"damage":0,"enemies":"Book of Stabbing","floor":24,"turns":4},{"damage":0,"enemies":"Slavers","floor":27,"turns":5},{"damage":0,"enemies":"Snake Plant","floor":29,"turns":4},{"damage":0,"enemies":"Shelled Parasite and Fungi","floor":31,"turns":5},{"damage":0,"enemies":"Collector","floor":33,"turns":8},{"damage":0,"enemies":"3 Shapes","floor":35,"turns":3},{"damage":13,"enemies":"3 Darklings","floor":37,"turns":6},{"damage":0,"enemies":"Reptomancer","floor":40,"turns":6},{"damage":0,"enemies":"Giant Head","floor":42,"turns":9},{"damage":0,"enemies":"Sphere and 2 Shapes","floor":44,"turns":3},{"damage":49,"enemies":"Reptomancer","floor":45,"turns":4},{"damage":0,"enemies":"Jaw Worm Horde","floor":46,"turns":3},{"damage":0,"enemies":"Nemesis","floor":48,"turns":7},{"damage":80,"enemies":"Awakened One","floor":50,"turns":5}],"seed_played":"-2299163684398889700","potions_obtained":[{"floor":3,"key":"Fruit Juice"},{"floor":4,"key":"Regen Potion"},{"floor":8,"key":"LiquidMemories"}],"is_trial":false,"path_per_floor":["M","M","M","M","M","E","M","E","T","?","M","E","M","M","R","B",null,"M","M","?","M","?","R","E","R","T","E","R","M","T","M","R","B",null,"M","?","M","?","T","E","R","E","T","M","E","M","?","E","R","B"],"character_chosen":"Hololive_HololiveCharacter","items_purchased":[],"campfire_rested":0,"item_purchase_floors":[],"current_hp_per_floor":[27,27,27,27,27,27,27,32,32,32,35,36,39,42,42,43,43,44,45,45,46,46,46,47,47,47,48,48,49,49,50,50,51,51,52,52,42,42,42,43,43,57,57,60,14,29,29,42,42,0,0],"gold":2242,"neow_bonus":"TWO_FIFTY_GOLD","is_daily":false,"chose_seed":false,"campfire_upgraded":6,"win_rate":0.0,"timestamp":1612632095,"path_taken":["M","M","M","M","M","E","M","E","T","?","M","E","M","M","R","BOSS","M","M","?","M","?","R","E","R","T","E","R","M","?","M","R","BOSS","M","?","M","?","?","E","R","E","T","M","E","M","?","E","R","BOSS"],"items_purchased_type":[],"build_version":"2020-12-22","purchased_purges":0,"victory":false,"max_hp_per_floor":[27,27,27,27,27,27,27,32,32,32,35,36,39,42,42,43,43,44,45,45,46,46,46,47,47,47,48,48,49,49,50,50,51,51,52,52,55,55,55,56,56,57,57,60,63,66,63,64,64,65,65],"card_choices":[{"not_picked":["Hololive_LuckPotion","Hololive_RevenueBasedLive","Hololive_Watashimo"],"picked":"Hololive_CallSakuraMiko","floor":1},{"not_picked":["Hololive_CallYuzukiChoco","Hololive_CallSpadeEcho","Hololive_Psychosis"],"picked":"Hololive_CallUruhaRushia","floor":2},{"not_picked":["Hololive_FlyingPonyTail","Hololive_OvertimeWork","Hololive_HuntDinosaur","Hololive_HighAtkLowDef"],"picked":"SKIP","floor":3},{"not_picked":["Hololive_StrengthChampion","Hololive_FlyingPonyTail","Hololive_DevilCharm"],"picked":"Hololive_CallArtia","floor":4},{"not_picked":["Hololive_CocoNews","Hololive_CallAmaneKanata","Hololive_StrengthChampion"],"picked":"Hololive_RevenueBasedLive","floor":5},{"not_picked":["Hololive_Drill","Hololive_Sequa","Hololive_ASMR","Hololive_BringToTrial"],"picked":"SKIP","floor":6},{"not_picked":["Hololive_OvertimeWork","Hololive_Breathe","Hololive_Trident","Hololive_Rebound"],"picked":"SKIP","floor":7},{"not_picked":["Hololive_StrengthChampion","Hololive_CallShishiroBotan","Hololive_HuntDinosaur"],"picked":"Hololive_AWSL","floor":8},{"not_picked":["Hololive_StrengthChampion","Hololive_Drill","Hololive_Sequa","Hololive_Breathe"],"picked":"Singing Bowl","floor":11},{"not_picked":["Hololive_FlyingPonyTail","Hololive_CocoNews","Hololive_OpenUp"],"picked":"Hololive_CallYozoraMel","floor":12},{"not_picked":["Hololive_OvertimeWork","Hololive_Trident","Hololive_Breathe","Hololive_CocoNews"],"picked":"Singing Bowl","floor":13},{"not_picked":["Hololive_CallMurasakiShion","Hololive_CallAkaiHaato","Hololive_CallMoonaHoshinova","Hololive_StrengthChampion"],"picked":"Singing Bowl","floor":14},{"not_picked":["Hololive_Recruit","Hololive_ASMR","Hololive_OpenUp"],"picked":"Hololive_Thief","floor":16},{"not_picked":["Hololive_CallSakuraMiko","Hololive_StrengthChampion","Hololive_CallInugamiKorone"],"picked":"Hololive_CallDoris","floor":18},{"not_picked":["Hololive_Psychosis","Hololive_CallHoushouMarine","Hololive_Sequa"],"picked":"Hololive_CallUsadaPekora","floor":19},{"not_picked":["Hololive_Trident","Hololive_HuntDinosaur","Hololive_FlyingPonyTail"],"picked":"Hololive_CallSpadeEcho","floor":21},{"not_picked":["Hololive_LuckPotion","Hololive_CallManoAloe","Hololive_RevenueBasedLive"],"picked":"Hololive_CallTsunomakiWatame+1","floor":24},{"not_picked":["Hololive_LuckPotion","Hololive_RevenueBasedLive","Hololive_CallYukihanaLamy"],"picked":"Hololive_CallYuzukiChoco+1","floor":27},{"not_picked":["Hololive_HuntDinosaur","Hololive_DurableLive","Hololive_SummonFox"],"picked":"Hololive_Teleport","floor":29},{"not_picked":["Hololive_FlyingPonyTail","Hololive_Drill","Hololive_OvertimeWork"],"picked":"Hololive_CallShiroganeNoel","floor":31},{"not_picked":["Hololive_BeCareful","Hololive_DurableLive","Hololive_OpenUp"],"picked":"Hololive_Nanodesu","floor":33},{"not_picked":["Hololive_Psychosis+1","Hololive_CallArtia","Hololive_CallNakiriAyame+1"],"picked":"Hololive_CallNatsuiroMatsuri","floor":35},{"not_picked":["Hololive_Psychosis","Hololive_Sequa+1","Hololive_StrengthChampion","Hololive_Breathe"],"picked":"Singing Bowl","floor":37},{"not_picked":["Hololive_Psychosis+1","Hololive_StrengthChampion+1","Hololive_FlyingPonyTail"],"picked":"Hololive_CallRosalyn","floor":40},{"not_picked":["Hololive_OvertimeWork+1","Hololive_CallMoonaHoshinova","Hololive_CallCivia+1"],"picked":"Hololive_RevenueBasedLive+1","floor":42},{"not_picked":["Hololive_Breathe","Hololive_Trident+1","Hololive_StrengthChampion+1","Hololive_CallYuzukiChoco+1"],"picked":"Singing Bowl","floor":44},{"not_picked":["Hololive_CallAkaiHaato+1","Hololive_StarCraft","Hololive_StrengthChampion+1","Hololive_Psychosis+1"],"picked":"Singing Bowl","floor":45},{"not_picked":["Hololive_Drill+1","Hololive_Sequa+1","Hololive_CallManoAloe","Hololive_StrengthChampion+1"],"picked":"Singing Bowl","floor":46},{"not_picked":["Hololive_LuckPotion","Hololive_CallNakiriAyame+1","Hololive_Drill+1"],"picked":"Hololive_DiamondStrike+1","floor":48}],"player_experience":1115186,"relics_obtained":[{"floor":8,"key":"CeramicFish"},{"floor":9,"key":"Singing Bowl"},{"floor":12,"key":"Regal Pillow"},{"floor":24,"key":"MealTicket"},{"floor":27,"key":"Ginger"},{"floor":30,"key":"InkBottle"},{"floor":39,"key":"Molten Egg 2"},{"floor":40,"key":"Ornamental Fan"},{"floor":42,"key":"Blood Vial"},{"floor":43,"key":"Bottled Tornado"},{"floor":45,"key":"Omamori"},{"floor":48,"key":"MawBank"}],"event_choices":[{"damage_healed":0,"gold_gain":0,"player_choice":"Upgraded","damage_taken":0,"max_hp_gain":0,"max_hp_loss":0,"event_name":"Upgrade Shrine","floor":10,"gold_loss":0,"cards_upgraded":["Hololive_CallArtia"]},{"damage_healed":0,"gold_gain":0,"player_choice":"Ignored","damage_taken":0,"max_hp_gain":0,"max_hp_loss":0,"event_name":"The Mausoleum","floor":20,"gold_loss":0},{"damage_healed":0,"gold_gain":50,"player_choice":"Stole From Cult","damage_taken":0,"max_hp_gain":0,"max_hp_loss":0,"event_name":"Nest","floor":22,"gold_loss":0},{"damage_healed":0,"gold_gain":0,"player_choice":"Ignored","damage_taken":0,"max_hp_gain":0,"max_hp_loss":0,"event_name":"Tomb of Lord Red Mask","floor":36,"gold_loss":0},{"cards_removed":["Hololive_Nanodesu"],"damage_healed":0,"gold_gain":0,"player_choice":"Removed Attack","damage_taken":0,"max_hp_gain":0,"max_hp_loss":0,"event_name":"Falling","floor":38,"gold_loss":0},{"damage_healed":0,"gold_gain":0,"player_choice":"Max HP","damage_taken":0,"max_hp_gain":0,"max_hp_loss":3,"event_name":"Winding Halls","floor":47,"gold_loss":0}],"is_beta":false,"boss_relics":[{"not_picked":["Calling Bell","Fusion Hammer"],"picked":"Velvet Choker"},{"not_picked":["SlaversCollar","Hololive_ChaosS"],"picked":"Sozu"}],"items_purged_floors":[],"is_endless":false,"potions_floor_spawned":[3,4,8,11,14,24,27,35,37,45,46,48],"killed_by":"Awakened One","ascension_level":16}}