{"host":"t8facflq355xg1wc","time":1612637845,"event":{"mods":["AchievementEnabler","BaseMod","DeckTracker","Minty Spire (QoL Compilation)","StSLib","SuperFastMode"],"gold_per_floor":[113,7,7,182,132,158,171,21,47,60,94,94,112,143,143,239,239,256,256,256,256,271,271,271,297,323,340,340,375,84,84,84,183,183,193,244,244,261,276,276,302,302,379,390,390,390,419,97,97,97],"floor_reached":51,"language":"KOR","playtime":5461,"items_purged":["Writhe","Defend_G"],"score":881,"play_id":"6317d8b7-a83c-4461-bb53-f6c4b8f3aae9","local_time":"20210207035725","is_ascension_mode":true,"campfire_choices":[{"data":"Neutralize","floor":12,"key":"SMITH"},{"data":"Calculated Gamble","floor":15,"key":"SMITH"},{"data":"Phantasmal Killer","floor":23,"key":"SMITH"},{"floor":28,"key":"REST"},{"floor":32,"key":"REST"},{"floor":40,"key":"REST"},{"floor":49,"key":"REST"}],"circlet_count":0,"master_deck":["Strike_G+1","Strike_G","Strike_G+1","Strike_G+1","Strike_G","Defend_G+1","Defend_G","Defend_G","Defend_G","Survivor+1","Neutralize+1","Blur","Calculated Gamble+1","Infinite Blades","Dagger Throw","Riddle With Holes+1","Phantasmal Killer+1","Footwork","RitualDagger","Footwork","Leg Sweep","PiercingWail+1","Cloak And Dagger+1","Footwork","Dodge and Roll+1","Backflip+1","Adrenaline+1","Tactician+1","Acrobatics+1","Venomology+1","Outmaneuver+1","Bullet Time+1"],"relics":["Ring of the Serpent","NeowsBlessing","Juzu Bracelet","The Courier","Nunchaku","Blood Vial","Mango","Whetstone","PreservedInsect","Toxic Egg 2","Bag of Preparation","Mercury Hourglass","War Paint","WristBlade","Lizard Tail","Kunai","Frozen Egg 2","Toy Ornithopter","Lantern","Frozen Eye"],"acts_visited":["Exordium","TheCity","TheBeyond"],"potions_floor_usage":[16,25,25,27,29,42,47,50,50,50,50],"damage_taken":[{"damage":0,"enemies":"2 Louse","floor":1,"turns":1},{"damage":0,"enemies":"Gremlin Nob","floor":6,"turns":1},{"damage":0,"enemies":"Cultist","floor":7,"turns":1},{"damage":1,"enemies":"Jaw Worm","floor":10,"turns":4},{"damage":12,"enemies":"3 Sentries","floor":11,"turns":9},{"damage":4,"enemies":"Large Slime","floor":13,"turns":5},{"damage":17,"enemies":"Lagavulin","floor":14,"turns":8},{"damage":23,"enemies":"The Guardian","floor":16,"turns":14},{"damage":15,"enemies":"Shell Parasite","floor":18,"turns":4},{"damage":5,"enemies":"Chosen","floor":22,"turns":5},{"damage":17,"enemies":"Slavers","floor":25,"turns":6},{"damage":41,"enemies":"Snecko","floor":27,"turns":9},{"damage":4,"enemies":"Gremlin Leader","floor":29,"turns":8},{"damage":22,"enemies":"Collector","floor":33,"turns":17},{"damage":10,"enemies":"3 Darklings","floor":35,"turns":5},{"damage":22,"enemies":"2 Orb Walkers","floor":36,"turns":6},{"damage":6,"enemies":"Orb Walker","floor":38,"turns":5},{"damage":9,"enemies":"Spire Growth","floor":39,"turns":6},{"damage":12,"enemies":"Reptomancer","floor":41,"turns":7},{"damage":0,"enemies":"Writhing Mass","floor":42,"turns":1},{"damage":4,"enemies":"Jaw Worm Horde","floor":44,"turns":4},{"damage":4,"enemies":"Nemesis","floor":47,"turns":7},{"damage":50,"enemies":"Time Eater","floor":50,"turns":14}],"seed_played":"7321648198115973825","potions_obtained":[{"floor":7,"key":"PowerPotion"},{"floor":14,"key":"EssenceOfSteel"},{"floor":16,"key":"Explosive Potion"},{"floor":18,"key":"SkillPotion"},{"floor":27,"key":"DuplicationPotion"},{"floor":41,"key":"PowerPotion"},{"floor":47,"key":"Energy Potion"}],"is_trial":false,"path_per_floor":["M","?","?","?","?","E","M","$","T","M","E","R","M","E","R","B",null,"M","?","?","?","M","R","?","E","T","M","R","E","$","?","R","B",null,"M","?","?","M","M","R","E","M","T","M","T","?","E","$","R","B",null],"character_chosen":"THE_SILENT","items_purchased":["Infinite Blades","Nunchaku","Footwork","Dodge and Roll+1","Backflip+1","War Paint","Bullet Time+1","Frozen Eye"],"campfire_rested":4,"item_purchase_floors":[8,8,30,30,30,30,48,48],"current_hp_per_floor":[70,70,56,56,56,56,56,56,56,57,61,61,59,44,44,23,84,69,63,63,63,60,60,60,45,45,6,31,29,29,29,54,34,84,74,54,54,50,43,68,58,60,60,58,58,58,61,61,84,44],"gold":97,"neow_bonus":"THREE_ENEMY_KILL","is_daily":false,"chose_seed":false,"campfire_upgraded":3,"win_rate":0.0,"timestamp":1612637845,"path_taken":["M","?","?","?","?","E","M","$","T","M","E","R","M","E","R","BOSS","M","?","?","?","M","R","?","E","T","M","R","E","$","?","R","BOSS","M","?","?","M","M","R","E","M","T","M","?","?","E","$","R","BOSS"],"items_purchased_type":["Card","Relic","Card","Card","Card","Relic","Card","Relic"],"build_version":"2020-12-22","purchased_purges":2,"victory":true,"max_hp_per_floor":[70,70,70,70,70,70,70,70,70,70,84,84,84,84,84,84,84,84,84,84,84,84,84,84,84,84,84,84,84,84,84,84,84,84,84,84,84,84,84,84,84,84,84,84,84,84,84,84,84,84],"card_choices":[{"not_picked":["Bane","Accuracy","Reflex"],"picked":"SKIP","floor":1},{"not_picked":["PiercingWail","Masterful Stab"],"picked":"Blur","floor":6},{"not_picked":["Prepared","Cloak And Dagger"],"picked":"Calculated Gamble","floor":7},{"not_picked":["Outmaneuver","Deflect"],"picked":"Dagger Throw","floor":10},{"not_picked":["Prepared","Tactician","Concentrate"],"picked":"SKIP","floor":11},{"not_picked":["Slice","Quick Slash"],"picked":"Riddle With Holes","floor":13},{"not_picked":["Slice","Finisher","Sucker Punch"],"picked":"SKIP","floor":14},{"not_picked":["Envenom","Bullet Time"],"picked":"Phantasmal Killer","floor":16},{"not_picked":["Poisoned Stab","Blur"],"picked":"Footwork","floor":18},{"not_picked":["Slice+1","Catalyst","Reflex"],"picked":"SKIP","floor":22},{"not_picked":["Masterful Stab+1","Predator+1","Deflect+1"],"picked":"SKIP","floor":25},{"not_picked":["Predator","Quick Slash"],"picked":"PiercingWail+1","floor":27},{"not_picked":["Doppelganger+1","Blade Dance+1"],"picked":"Cloak And Dagger+1","floor":29},{"not_picked":["Corpse Explosion+1","Wraith Form v2"],"picked":"Adrenaline+1","floor":33},{"not_picked":["Bane+1","Backflip+1","Noxious Fumes+1"],"picked":"SKIP","floor":35},{"not_picked":["Flying Knee+1","Heel Hook"],"picked":"Tactician+1","floor":36},{"not_picked":["Dodge and Roll+1","Catalyst+1","Masterful Stab"],"picked":"SKIP","floor":38},{"not_picked":["Deadly Poison+1","Escape Plan+1"],"picked":"Acrobatics+1","floor":39},{"not_picked":["Riddle With Holes+1","Choke+1"],"picked":"Venomology+1","floor":41},{"not_picked":["Deflect+1","Prepared+1","Acrobatics+1"],"picked":"SKIP","floor":44},{"not_picked":["Deflect+1","Prepared+1","Acrobatics+1"],"picked":"SKIP","floor":44},{"not_picked":["Expertise+1","Quick Slash"],"picked":"Outmaneuver+1","floor":47}],"player_experience":155174,"relics_obtained":[{"floor":6,"key":"The Courier"},{"floor":9,"key":"Blood Vial"},{"floor":11,"key":"Mango"},{"floor":14,"key":"Whetstone"},{"floor":25,"key":"Toxic Egg 2"},{"floor":26,"key":"Bag of Preparation"},{"floor":29,"key":"Mercury Hourglass"},{"floor":36,"key":"Lizard Tail"},{"floor":41,"key":"Kunai"},{"floor":43,"key":"Frozen Egg 2"},{"floor":45,"key":"Toy Ornithopter"},{"floor":47,"key":"Lantern"}],"event_choices":[{"damage_healed":0,"gold_gain":0,"player_choice":"Paid Gold","damage_taken":0,"relics_obtained":["Juzu Bracelet"],"max_hp_gain":0,"max_hp_loss":0,"event_name":"WeMeetAgain","floor":2,"gold_loss":106},{"damage_healed":0,"gold_gain":0,"player_choice":"Entered Light","damage_taken":14,"max_hp_gain":0,"max_hp_loss":0,"event_name":"Shining Light","floor":3,"gold_loss":0,"cards_upgraded":["Strike_G","Strike_G"]},{"damage_healed":0,"gold_gain":175,"player_choice":"AGREE","damage_taken":0,"max_hp_gain":0,"max_hp_loss":0,"event_name":"Liars Game","floor":4,"gold_loss":0,"cards_obtained":["Doubt"]},{"cards_removed":["Doubt"],"damage_healed":0,"gold_gain":0,"player_choice":"Card Removal","damage_taken":0,"max_hp_gain":0,"max_hp_loss":0,"event_name":"The Cleric","floor":5,"gold_loss":50},{"damage_healed":0,"gold_gain":0,"player_choice":"Joined the Cult","damage_taken":6,"max_hp_gain":0,"max_hp_loss":0,"event_name":"Nest","floor":19,"gold_loss":0,"cards_obtained":["RitualDagger"]},{"damage_healed":0,"gold_gain":0,"player_choice":"Opened","damage_taken":0,"relics_obtained":["PreservedInsect"],"max_hp_gain":0,"max_hp_loss":0,"event_name":"The Mausoleum","floor":20,"gold_loss":0,"cards_obtained":["Writhe"]},{"damage_healed":0,"gold_gain":0,"player_choice":"Copied","damage_taken":0,"max_hp_gain":0,"max_hp_loss":0,"event_name":"Duplicator","floor":21,"gold_loss":0,"cards_obtained":["Footwork"]},{"damage_healed":0,"gold_gain":0,"player_choice":"Read","damage_taken":0,"max_hp_gain":0,"max_hp_loss":0,"event_name":"The Library","floor":24,"gold_loss":0,"cards_obtained":["Leg Sweep"]},{"damage_healed":0,"gold_gain":0,"player_choice":"Fight","damage_taken":0,"max_hp_gain":0,"max_hp_loss":0,"event_name":"Mysterious Sphere","floor":36,"gold_loss":0},{"damage_healed":0,"gold_gain":0,"player_choice":"Ignored","damage_taken":0,"max_hp_gain":0,"max_hp_loss":0,"event_name":"Tomb of Lord Red Mask","floor":37,"gold_loss":0},{"damage_healed":0,"gold_gain":0,"player_choice":"0 cards matched","damage_taken":0,"max_hp_gain":0,"max_hp_loss":0,"event_name":"Match and Keep!","floor":46,"gold_loss":0,"cards_obtained":[]}],"is_beta":false,"boss_relics":[{"not_picked":["Fusion Hammer","Ectoplasm"],"picked":"Ring of the Serpent"},{"not_picked":["Runic Dome","Velvet Choker"],"picked":"WristBlade"}],"items_purged_floors":[30,48],"is_endless":false,"potions_floor_spawned":[7,14,16,18,27,41,42,47],"ascension_level":4}}