{"host":"7tvb1em0d2fx72q7","time":1612633458,"event":{"mods":["BaseMod","Challenge The Spire","Minty Spire (QoL Compilation)","StSLib","everything is the same but u backflip on backflip"],"gold_per_floor":[109,129,129,148,73,73,18,49,49,68,68,93,93,108,108,185,185,199,199,211,126,126,126,136,170,170,205,37,51,51,63,63,142,142,142],"floor_reached":34,"language":"ENG","playtime":2255,"items_purged":["Strike_B"],"score":800,"play_id":"7f1a9045-a4c2-48eb-aad3-9f4fd5896bfa","local_time":"20210206124418","is_ascension_mode":true,"campfire_choices":[{"data":"Barrage","floor":6.0,"key":"SMITH"},{"floor":11.0,"key":"REST"},{"data":"Undo","floor":13.0,"key":"SMITH"},{"data":"Coolheaded","floor":15.0,"key":"SMITH"},{"data":"Fission","floor":23.0,"key":"SMITH"},{"data":"Defragment","floor":32.0,"key":"SMITH"}],"circlet_count":0,"master_deck":["AscendersBane","Strike_B+1","Defend_B+1","Defend_B+1","Defend_B+1","Defend_B+1","Zap","Dualcast","Undo+1","Fusion+1","Barrage+1","Cold Snap","Coolheaded+1","Cold Snap","Compile Driver","Biased Cognition","Skim","FTL","Fission+1","Defragment+1","Ball Lightning","Storm+1","Chill+1","Biased Cognition+1","Coolheaded","Heatsinks+1","Buffer+1"],"relics":["Cracked Core","Cables","Centennial Puzzle","Pantograph","Nuclear Battery","Bag of Marbles","Frozen Egg 2","Question Card","White Beast Statue","DollysMirror","Sozu"],"acts_visited":["Exordium","TheCity"],"potions_floor_usage":[],"damage_taken":[{"damage":2.0,"enemies":"Jaw Worm","floor":1.0,"turns":3.0},{"damage":0.0,"enemies":"Cultist","floor":2.0,"turns":3.0},{"damage":0.0,"enemies":"2 Louse","floor":4.0,"turns":4.0},{"damage":47.0,"enemies":"3 Sentries","floor":8.0,"turns":7.0},{"damage":4.0,"enemies":"Blue Slaver","floor":10.0,"turns":3.0},{"damage":2.0,"enemies":"Gremlin Nob","floor":12.0,"turns":3.0},{"damage":1.0,"enemies":"2 Fungi Beasts","floor":14.0,"turns":3.0},{"damage":29.0,"enemies":"Slime Boss","floor":16.0,"turns":12.0},{"damage":0.0,"enemies":"Spheric Guardian","floor":18.0,"turns":3.0},{"damage":0.0,"enemies":"3 Byrds","floor":20.0,"turns":7.0},{"damage":6.0,"enemies":"Snecko","floor":24.0,"turns":5.0},{"damage":22.0,"enemies":"Gremlin Leader","floor":25.0,"turns":8.0},{"damage":13.0,"enemies":"Slavers","floor":27.0,"turns":4.0},{"damage":0.0,"enemies":"3 Cultists","floor":29.0,"turns":5.0},{"damage":0.0,"enemies":"Snake Plant","floor":31.0,"turns":2.0},{"damage":50.0,"enemies":"Champ","floor":33.0,"turns":20.0}],"seed_played":"7712452937966244707","potions_obtained":[{"floor":1.0,"key":"Strength Potion"},{"floor":8.0,"key":"AttackPotion"},{"floor":12.0,"key":"EssenceOfDarkness"},{"floor":14.0,"key":"AttackPotion"},{"floor":25.0,"key":"EssenceOfDarkness"},{"floor":29.0,"key":"SteroidPotion"},{"floor":31.0,"key":"SteroidPotion"},{"floor":33.0,"key":"LiquidBronze"}],"is_trial":false,"path_per_floor":["M","M","?","M","$","R","$","E","T","M","R","E","R","M","R","B",null,"M","?","M","?","?","R","M","E","T","E","$","M","?","M","R","B",null],"character_chosen":"DEFECT","items_purchased":["SkillPotion","DollysMirror"],"campfire_rested":1,"item_purchase_floors":[7,28],"current_hp_per_floor":[69,69,69,69,69,69,69,22,22,18,41,39,39,38,38,34,67,67,67,67,67,67,67,61,39,39,26,26,26,26,26,26,1,1,1],"gold":142,"neow_bonus":"TEN_PERCENT_HP_BONUS","is_daily":false,"chose_seed":false,"campfire_upgraded":5,"win_rate":0.0,"timestamp":1612633458,"path_taken":["M","M","?","M","?","R","?","E","T","?","R","E","R","M","R","BOSS","M","?","M","?","?","R","M","E","T","E","?","M","?","M","R","BOSS"],"items_purchased_type":["Potion","Relic"],"build_version":"2020-12-22","purchased_purges":1,"victory":false,"max_hp_per_floor":[78,78,78,78,78,78,78,78,78,78,78,78,78,78,78,78,78,78,78,78,78,78,78,78,78,78,78,78,78,78,78,78,78,78,78],"card_choices":[{"not_picked":["Auto Shields","Turbo"],"picked":"Undo","floor":1.0},{"not_picked":["Redo","Turbo"],"picked":"Fusion","floor":2.0},{"not_picked":["Loop","Turbo"],"picked":"Barrage","floor":4.0},{"not_picked":["Rebound","Heatsinks"],"picked":"Cold Snap","floor":8.0},{"not_picked":["Cold Snap","Go for the Eyes"],"picked":"Coolheaded","floor":10.0},{"not_picked":["Hologram","Rebound"],"picked":"Cold Snap","floor":12.0},{"not_picked":["Conserve Battery","Cold Snap"],"picked":"Compile Driver","floor":14.0},{"not_picked":["Buffer","Hyperbeam"],"picked":"Biased Cognition","floor":16.0},{"not_picked":["Turbo","Sweeping Beam"],"picked":"Skim","floor":18.0},{"not_picked":["Tempest","BootSequence"],"picked":"Defragment","floor":20.0},{"not_picked":["Sweeping Beam","Rip and Tear"],"picked":"Ball Lightning","floor":24.0},{"not_picked":["Beam Cell","Reprogram"],"picked":"Storm+1","floor":25.0},{"not_picked":["Auto Shields","Coolheaded","Genetic Algorithm"],"picked":"Chill+1","floor":27.0},{"not_picked":["FTL","Stack","Rip and Tear"],"picked":"Coolheaded","floor":29.0},{"not_picked":["Steam","Turbo","Gash"],"picked":"Heatsinks+1","floor":31.0},{"not_picked":["Thunder Strike","Amplify","Machine Learning+1"],"picked":"Buffer+1","floor":33.0}],"player_experience":2021824,"relics_obtained":[{"floor":8.0,"key":"Cables"},{"floor":9.0,"key":"Centennial Puzzle"},{"floor":12.0,"key":"Pantograph"},{"floor":25.0,"key":"Frozen Egg 2"},{"floor":26.0,"key":"Question Card"},{"floor":27.0,"key":"White Beast Statue"}],"event_choices":[{"damage_healed":0.0,"max_hp_gain":0.0,"max_hp_loss":0.0,"gold_gain":0.0,"event_name":"Upgrade Shrine","player_choice":"Upgraded","floor":3.0,"gold_loss":0.0,"damage_taken":0.0,"cards_upgraded":["Fusion"]},{"damage_healed":0.0,"max_hp_gain":0.0,"max_hp_loss":0.0,"gold_gain":0.0,"cards_transformed":["Strike_B","Strike_B"],"event_name":"Drug Dealer","player_choice":"Became Test Subject","floor":19.0,"gold_loss":0.0,"damage_taken":0.0,"cards_obtained":["FTL","Fission"]},{"damage_healed":0.0,"max_hp_gain":0.0,"max_hp_loss":0.0,"gold_gain":0.0,"event_name":"Addict","player_choice":"Obtained Relic","floor":21.0,"gold_loss":85.0,"damage_taken":0.0,"relics_obtained":["Bag of Marbles"]},{"damage_healed":0.0,"max_hp_gain":0.0,"max_hp_loss":0.0,"gold_gain":0.0,"event_name":"Back to Basics","player_choice":"Simplicity","floor":22.0,"gold_loss":0.0,"damage_taken":0.0,"cards_upgraded":["Strike_B","Defend_B","Defend_B","Defend_B","Defend_B"]},{"damage_healed":0.0,"max_hp_gain":0.0,"max_hp_loss":0.0,"gold_gain":0.0,"event_name":"Ghosts","player_choice":"Ignored","floor":30.0,"gold_loss":0.0,"damage_taken":0.0}],"is_beta":false,"boss_relics":[{"not_picked":["Cursed Key","Empty Cage"],"picked":"Nuclear Battery"},{"not_picked":["Philosopher\u0027s Stone","Runic Dome"],"picked":"Sozu"}],"items_purged_floors":[5],"is_endless":false,"potions_floor_spawned":[1,8,12,14,25,29,31,33],"ascension_level":20}}