{"host":"u1dfzl6o6mfmauc3","time":1612599586,"event":{"mods":["2.2 Compatiblity","AchievementEnabler","BaseMod","Bestiary","Block Reminder","Challenge The Spire","Colored Map","Dark Map","Hermit","Highlight Path","Marisa????????","Minty Spire (QoL Compilation)","Random Character Button","Rare Cards Sparkle","Relic Stats","Robot Space Explorer","StSLib","The Disciple"],"gold_per_floor":[119,119,67,67,85,117,117,143,162,236,261,279,32,46,57,57,57,158,158,178,178,192,192,210,210,210],"floor_reached":25,"language":"ENG","playtime":1701,"items_purged":["Regret"],"score":248,"play_id":"12205962-b602-4cfa-9128-205979b8abb9","local_time":"20210206031946","is_ascension_mode":false,"campfire_choices":[{"data":"Discovery","floor":7,"key":"SMITH"},{"data":"Stagnate","floor":16,"key":"SMITH"},{"data":"PatternShift","floor":17,"key":"SMITH"}],"circlet_count":0,"master_deck":["Strike_Br","Strike_Br","Strike_Br","Strike_Br","Defend_Br","Defend_Br","Defend_Br","Defend_Br","SecondHand+1","PatternShift+1","HandsUpC","PrimeTime","Discovery+1","FormalWear","SlimeSpray","ReapSow","HandsUpB","Stagnate+1","WakeUpCall","ExoVibe","Keepsakes","Pendulum","RageCommand","Backlash+1","Ghostly","Ghostly","Ghostly","Ghostly","Ghostly","Break+1","Ghostly"],"relics":["Cursed Key","Mango","Art of War","The Courier","Calipers","Omamori","SlaversCollar"],"acts_visited":["Exordium","TheCity"],"potions_floor_usage":[8,11,14,18],"damage_taken":[{"damage":0,"enemies":"2 Louse","floor":1,"turns":3},{"damage":1,"enemies":"Cultist","floor":5,"turns":4},{"damage":5,"enemies":"3 Sentries","floor":6,"turns":4},{"damage":22,"enemies":"Lagavulin","floor":8,"turns":7},{"damage":0,"enemies":"Small Slimes","floor":9,"turns":3},{"damage":16,"enemies":"3 Sentries","floor":11,"turns":6},{"damage":3,"enemies":"Blue Slaver","floor":12,"turns":4},{"damage":0,"enemies":"Exordium Thugs","floor":14,"turns":4},{"damage":5,"enemies":"Looter","floor":15,"turns":3},{"damage":32,"enemies":"Hexaghost","floor":18,"turns":14},{"damage":16,"enemies":"Chosen","floor":20,"turns":7},{"damage":11,"enemies":"2 Thieves","floor":22,"turns":5},{"damage":3,"enemies":"Shelled Parasite and Fungi","floor":24,"turns":8},{"damage":28,"enemies":"Gremlin Leader","floor":25,"turns":10}],"seed_played":"3518799601190494803","potions_obtained":[{"floor":1,"key":"Swift Potion"},{"floor":5,"key":"Fire Potion"},{"floor":8,"key":"CultistPotion"},{"floor":9,"key":"Regen Potion"},{"floor":12,"key":"AttackPotion"}],"is_trial":false,"path_per_floor":["M","?","$","?","M","E","R","E","M","T","E","M","$","M","M","R","R","B",null,"M","?","M","?","M","E"],"character_chosen":"CHRONO_CLASS","items_purchased":["PrimeTime","Omamori","ExoVibe","Keepsakes"],"campfire_rested":0,"item_purchase_floors":[3,13,13,13],"current_hp_per_floor":[65,65,65,65,64,73,73,51,51,51,47,44,44,44,39,39,39,7,79,63,39,28,28,25,0,0],"gold":210,"neow_bonus":"BOSS_RELIC","is_daily":false,"chose_seed":false,"campfire_upgraded":3,"win_rate":0.0,"timestamp":1612599586,"path_taken":["M","?","?","?","?","E","R","E","M","T","E","M","$","M","M","R","R","BOSS","M","?","M","?","M","E"],"items_purchased_type":["Card","Relic","Card","Card"],"build_version":"2020-12-22","purchased_purges":1,"victory":false,"max_hp_per_floor":[65,65,65,65,65,79,79,79,79,79,79,79,79,79,79,79,79,79,79,79,39,39,39,39,39,39],"relic_stats":{"counters":[14,82],"Art of War":[6],"Cursed Key":1,"obtain_stats":[{"SlaversCollar":19,"Calipers":11,"Chronometer":0,"Mango":6,"The Courier":10,"Art of War":8,"Omamori":13,"Cursed Key":0},{"SlaversCollar":10,"Calipers":6,"Chronometer":0,"Mango":3,"The Courier":5,"Art of War":4,"Omamori":7,"Cursed Key":0},{"SlaversCollar":52,"Calipers":27,"Chronometer":0,"Mango":11,"The Courier":21,"Art of War":18,"Omamori":31,"Cursed Key":0}]},"card_choices":[{"not_picked":["LockedMawBank","TickedOff"],"picked":"HandsUpC","floor":1},{"not_picked":["LockedScales","WindUp"],"picked":"FormalWear","floor":5},{"not_picked":["FormalWear","LockedTurtyl"],"picked":"SlimeSpray","floor":6},{"not_picked":["Echoward","PrimeTime"],"picked":"ReapSow","floor":8},{"not_picked":["Parity","DaylightSavings"],"picked":"HandsUpB","floor":9},{"not_picked":["CrunchTime","LockedBell"],"picked":"Stagnate","floor":11},{"not_picked":["AlternateTimeline","Tempo"],"picked":"WakeUpCall","floor":12},{"not_picked":["SlimeSpray","Echoward","WakeUpCall"],"picked":"SKIP","floor":14},{"not_picked":["LockedBlood","HandsUpB"],"picked":"Pendulum","floor":15},{"not_picked":["MasterKey","Pendulum"],"picked":"RageCommand","floor":18},{"not_picked":["BlueShift","LockedWhetstone"],"picked":"Backlash+1","floor":20},{"not_picked":["PrimeTime+1","ReapSow+1"],"picked":"Break+1","floor":22},{"not_picked":["Stagnate","BlueShift","WindUp"],"picked":"SKIP","floor":24}],"player_experience":235331,"relics_obtained":[{"floor":6,"key":"Mango"},{"floor":8,"key":"Art of War"},{"floor":10,"key":"The Courier"},{"floor":11,"key":"Calipers"}],"event_choices":[{"damage_healed":0,"gold_gain":0,"player_choice":"Upgraded","damage_taken":0,"max_hp_gain":0,"max_hp_loss":0,"event_name":"Upgrade Shrine","floor":2,"gold_loss":0,"cards_upgraded":["SecondHand"]},{"damage_healed":0,"gold_gain":0,"player_choice":"1 cards matched","damage_taken":0,"max_hp_gain":0,"max_hp_loss":0,"event_name":"Match and Keep!","floor":4,"gold_loss":0,"cards_obtained":["Discovery"]},{"damage_healed":0,"gold_gain":0,"player_choice":"Became a Ghost","damage_taken":0,"max_hp_gain":0,"max_hp_loss":40,"event_name":"Ghosts","floor":21,"gold_loss":0,"cards_obtained":["Ghostly","Ghostly","Ghostly","Ghostly","Ghostly"]},{"damage_healed":0,"gold_gain":0,"player_choice":"Copied","damage_taken":0,"max_hp_gain":0,"max_hp_loss":0,"event_name":"Duplicator","floor":23,"gold_loss":0,"cards_obtained":["Ghostly"]}],"is_beta":false,"boss_relics":[{"not_picked":["Sozu","Coffee Dripper"],"picked":"SlaversCollar"}],"items_purged_floors":[13],"is_endless":false,"potions_floor_spawned":[1,5,8,9,12,20],"killed_by":"Gremlin Leader","ascension_level":0}}