{"host":"8by3m8mve9y2rhh4","time":1612645680,"event":{"mods":["BaseMod","Minty Spire (QoL Compilation)","Quick Restart"],"gold_per_floor":[114,124,124,19,31,31,61,61,86,86,98,127,127,139,139,237,237,256,26,39,39,39,39,70,70,94,129,140,167,181,195,195,291,291,310,58,58,68,85,85,113,113,193,206,206,241,89,104,104,104,104,104,8,36,36],"floor_reached":56,"language":"ENG","playtime":2157,"items_purged":["Normality","Strike_G"],"score":1324,"play_id":"8a3d8b0f-523a-4a56-af45-e030a8b889b6","local_time":"20210206210800","is_ascension_mode":true,"campfire_choices":[{"data":"Noxious Fumes","floor":6,"key":"SMITH"},{"floor":8,"key":"REST"},{"floor":10,"key":"RECALL"},{"data":"Bane","floor":13,"key":"SMITH"},{"data":"Deadly Poison","floor":15,"key":"SMITH"},{"floor":23,"key":"REST"},{"data":"Burst","floor":25,"key":"SMITH"},{"floor":32,"key":"REST"},{"floor":40,"key":"REST"},{"data":"1","floor":42,"key":"LIFT"},{"data":"Catalyst","floor":45,"key":"SMITH"},{"data":"2","floor":49,"key":"LIFT"},{"data":"3","floor":52,"key":"LIFT"}],"circlet_count":0,"master_deck":["Strike_G","Strike_G","Defend_G+1","Defend_G","Defend_G","Defend_G","Defend_G","Survivor+1","Neutralize","Noxious Fumes+1","Deadly Poison+1","Neutralize","Jack Of All Trades","Backflip","Bane+1","Deadly Poison","Burst+1","Riddle With Holes","Acrobatics","After Image+1","Noxious Fumes","Blur+1","Catalyst+1","Deadly Poison+1","Distraction+1","Leg Sweep+1"],"relics":["Cursed Key","Lantern","War Paint","Shuriken","SlaversCollar","Omamori","MealTicket","Bag of Preparation","Girya","Philosopher\u0027s Stone","Oddly Smooth Stone","Pen Nib","White Beast Statue","Incense Burner","Lee\u0027s Waffle","Strawberry"],"acts_visited":["Exordium","TheCity","TheBeyond","TheEnding"],"potions_floor_usage":[24,27,27,30,33,39,46,50,50,55,55,55,55],"damage_taken":[{"damage":0,"enemies":"Small Slimes","floor":1,"turns":4},{"damage":0,"enemies":"Cultist","floor":2,"turns":4},{"damage":0,"enemies":"2 Louse","floor":5,"turns":2},{"damage":17,"enemies":"3 Sentries","floor":7,"turns":7},{"damage":1,"enemies":"Exordium Thugs","floor":11,"turns":6},{"damage":8,"enemies":"Lagavulin","floor":12,"turns":9},{"damage":0,"enemies":"3 Louse","floor":14,"turns":4},{"damage":32,"enemies":"The Guardian","floor":16,"turns":8},{"damage":16,"enemies":"Shell Parasite","floor":18,"turns":4},{"damage":10,"enemies":"Spheric Guardian","floor":20,"turns":4},{"damage":3,"enemies":"Gremlin Leader","floor":24,"turns":5},{"damage":22,"enemies":"Slavers","floor":27,"turns":5},{"damage":1,"enemies":"3 Cultists","floor":28,"turns":6},{"damage":8,"enemies":"Book of Stabbing","floor":29,"turns":4},{"damage":6,"enemies":"Chosen and Byrds","floor":30,"turns":6},{"damage":0,"enemies":"Cultist and Chosen","floor":31,"turns":7},{"damage":37,"enemies":"Champ","floor":33,"turns":9},{"damage":0,"enemies":"3 Shapes","floor":35,"turns":5},{"damage":0,"enemies":"Orb Walker","floor":38,"turns":2},{"damage":24,"enemies":"Sphere and 2 Shapes","floor":39,"turns":7},{"damage":16,"enemies":"Reptomancer","floor":41,"turns":7},{"damage":0,"enemies":"Writhing Mass","floor":44,"turns":5},{"damage":24,"enemies":"Nemesis","floor":46,"turns":5},{"damage":0,"enemies":"Transient","floor":48,"turns":5},{"damage":30,"enemies":"Time Eater","floor":50,"turns":5},{"damage":27,"enemies":"Shield and Spear","floor":54,"turns":5},{"damage":4,"enemies":"The Heart","floor":55,"turns":4}],"seed_played":"-1995574374206466443","potions_obtained":[{"floor":1,"key":"Energy Potion"},{"floor":12,"key":"Regen Potion"},{"floor":14,"key":"Fire Potion"},{"floor":24,"key":"ColorlessPotion"},{"floor":28,"key":"SpeedPotion"},{"floor":29,"key":"SteroidPotion"},{"floor":31,"key":"ColorlessPotion"},{"floor":41,"key":"Strength Potion"},{"floor":44,"key":"SpeedPotion"},{"floor":46,"key":"LiquidMemories"},{"floor":48,"key":"Dexterity Potion"},{"floor":54,"key":"Explosive Potion"}],"is_trial":false,"path_per_floor":["M","M","?","$","M","R","E","R","T","R","M","E","R","M","R","B",null,"M","$","M","$","?","R","E","R","T","E","M","E","M","M","R","B",null,"M","$","?","M","M","R","E","R","T","M","R","E","$","M","R","B",null,"R","$","E","B",null],"character_chosen":"THE_SILENT","items_purchased":["FairyPotion","Omamori","Oddly Smooth Stone","Lee\u0027s Waffle","EntropicBrew"],"campfire_rested":4,"item_purchase_floors":[4,19,36,47,53],"current_hp_per_floor":[70,70,70,70,70,70,53,70,70,70,69,61,61,61,61,29,70,54,54,44,44,44,65,62,62,62,54,53,45,39,39,60,23,70,70,70,70,70,46,67,51,51,51,51,51,27,77,77,77,47,77,77,77,57,53],"gold":36,"neow_bonus":"BOSS_RELIC","is_daily":false,"chose_seed":false,"campfire_upgraded":5,"win_rate":0.0,"timestamp":1612645680,"path_taken":["M","M","?","$","M","R","E","R","T","R","?","E","R","M","R","BOSS","M","$","M","$","?","R","E","R","T","E","M","E","M","M","R","BOSS","M","$","?","M","M","R","E","R","T","M","R","E","?","M","R","BOSS","R","$","E","BOSS"],"items_purchased_type":["Potion","Relic","Relic","Relic","Potion"],"build_version":"2020-12-22","purchased_purges":2,"victory":true,"max_hp_per_floor":[70,70,70,70,70,70,70,70,70,70,70,70,70,70,70,70,70,70,70,70,70,70,70,70,70,70,70,70,70,70,70,70,70,70,70,70,70,70,70,70,70,70,70,70,70,70,77,77,77,77,77,77,77,84,84],"card_choices":[{"not_picked":["Crippling Poison","Slice"],"picked":"Noxious Fumes","floor":1},{"not_picked":["Poisoned Stab","Eviscerate"],"picked":"Deadly Poison","floor":2},{"not_picked":["Slice","Acrobatics","Blade Dance"],"picked":"SKIP","floor":5},{"not_picked":["Reflex","Bullet Time"],"picked":"Backflip","floor":7},{"not_picked":["Cloak And Dagger","Underhanded Strike"],"picked":"Bane","floor":11},{"not_picked":["Expertise","Masterful Stab"],"picked":"Deadly Poison","floor":12},{"not_picked":["Finisher","Backflip","Masterful Stab"],"picked":"SKIP","floor":14},{"not_picked":["Night Terror","Venomology"],"picked":"Burst","floor":16},{"not_picked":["Infinite Blades+1","Skewer","Predator"],"picked":"SKIP","floor":18},{"not_picked":["Deflect","Endless Agony","Slice"],"picked":"SKIP","floor":20},{"not_picked":["Endless Agony","Wraith Form v2","Backflip"],"picked":"SKIP","floor":24},{"not_picked":["Skewer","Dagger Spray"],"picked":"After Image","floor":27},{"not_picked":["Heel Hook+1","Flying Knee+1"],"picked":"Noxious Fumes","floor":28},{"not_picked":["Heel Hook","Flying Knee","Calculated Gamble"],"picked":"SKIP","floor":29},{"not_picked":["Accuracy","Cloak And Dagger+1"],"picked":"Blur+1","floor":30},{"not_picked":["Underhanded Strike","Slice"],"picked":"Catalyst","floor":31},{"not_picked":["Calculated Gamble+1","All Out Attack+1","Blade Dance"],"picked":"SKIP","floor":35},{"not_picked":["Outmaneuver+1","Backflip","Poisoned Stab"],"picked":"SKIP","floor":38},{"not_picked":["Slice+1","Sucker Punch+1"],"picked":"Deadly Poison+1","floor":39},{"not_picked":["Endless Agony+1","Deflect","Underhanded Strike+1"],"picked":"SKIP","floor":41},{"not_picked":["Accuracy","Terror","Riddle With Holes+1"],"picked":"SKIP","floor":44},{"not_picked":["Envenom","Flechettes"],"picked":"Distraction+1","floor":46},{"not_picked":["Heel Hook","Poisoned Stab+1","PiercingWail"],"picked":"SKIP","floor":48},{"not_picked":["Dodge and Roll+1","Deflect"],"picked":"Leg Sweep+1","floor":54}],"player_experience":765712,"relics_obtained":[{"floor":7,"key":"Lantern"},{"floor":9,"key":"War Paint"},{"floor":12,"key":"Shuriken"},{"floor":24,"key":"MealTicket"},{"floor":27,"key":"Bag of Preparation"},{"floor":29,"key":"Girya"},{"floor":41,"key":"Pen Nib"},{"floor":43,"key":"White Beast Statue"},{"floor":46,"key":"Incense Burner"},{"floor":54,"key":"Strawberry"}],"event_choices":[{"damage_healed":0,"gold_gain":0,"player_choice":"2 cards matched","damage_taken":0,"max_hp_gain":0,"max_hp_loss":0,"event_name":"Match and Keep!","floor":3,"gold_loss":0,"cards_obtained":["Neutralize","Jack Of All Trades"]},{"damage_healed":0,"gold_gain":0,"cards_transformed":["Strike_G","Strike_G"],"player_choice":"Became Test Subject","damage_taken":0,"max_hp_gain":0,"max_hp_loss":0,"event_name":"Drug Dealer","floor":22,"gold_loss":0,"cards_obtained":["Riddle With Holes","Acrobatics"]},{"damage_healed":0,"gold_gain":0,"player_choice":"Upgraded","damage_taken":0,"max_hp_gain":0,"max_hp_loss":0,"event_name":"Upgrade Shrine","floor":37,"gold_loss":0,"cards_upgraded":["After Image"]}],"is_beta":false,"boss_relics":[{"not_picked":["Coffee Dripper","Runic Dome"],"picked":"SlaversCollar"},{"not_picked":["Sozu","Snecko Eye"],"picked":"Philosopher\u0027s Stone"}],"items_purged_floors":[19,36],"is_endless":false,"potions_floor_spawned":[1,12,14,18,24,28,29,31,41,44,46,48,54],"ascension_level":1}}