{"host":"onfdonezo2qmaex3","time":1612625987,"event":{"mods":["2.2 Compatiblity","AchievementEnabler","Aspiration","BaseMod","Better Altar","Better Match","Better Note","Better Sensory Stone","Better Skull","Better Third Choice","Colored Powertips","Downfall","Friendly Minions","Hermit","Highlight Path","Jorbs\u0027s Wanderer Trilogy","Marisa????????","Marked Mod","Minty Spire (QoL Compilation)","Quick Restart","Reliquary","Shop Mod","StSLib","The Disciple","The Hayseed","The Marked","The Runesmith"],"gold_per_floor":[114,64,64,82,82,108,108,127,127,52,52,69,69,69,69,173,173,173],"floor_reached":17,"language":"ENG","playtime":572,"items_purged":["hermit:Strike_Hermit"],"score":178,"play_id":"9a0f34aa-077b-4121-bbb5-3808ec7c621d","local_time":"20210206163947","is_ascension_mode":false,"campfire_choices":[{"floor":7,"key":"RECALL"},{"floor":15,"key":"REST"}],"circlet_count":0,"master_deck":["hermit:Strike_Hermit","hermit:Strike_Hermit","hermit:Strike_Hermit+1","hermit:Defend_Hermit","hermit:Defend_Hermit","hermit:Defend_Hermit+1","hermit:Snapshot","hermit:Covet","hermit:Dive","hermit:WideOpen","hermit:WideOpen","Violence","hermit:Deadeye","hermit:Magnum"],"relics":["hermit:Momento","NeowsBlessing","Dead Branch","Frozen Egg 2","aspiration:RunicSpoon"],"acts_visited":["Exordium","TheCity"],"potions_floor_usage":[],"damage_taken":[{"damage":0,"enemies":"Cultist","floor":1,"turns":1},{"damage":0,"enemies":"Small Slimes","floor":4,"turns":1},{"damage":0,"enemies":"Gremlin Nob","floor":6,"turns":1},{"damage":6,"enemies":"Jaw Worm","floor":8,"turns":2},{"damage":15,"enemies":"Exordium Wildlife","floor":12,"turns":3},{"damage":53,"enemies":"Hexaghost","floor":16,"turns":12}],"seed_played":"390488892118267145","potions_obtained":[{"floor":4,"key":"hermit:Tonic"},{"floor":8,"key":"Ancient Potion"},{"floor":16,"key":"LiquidMemories"}],"is_trial":false,"path_per_floor":["M","?","?","M","T","E","R","M","T","$","?","M","$","$","R","B",null],"character_chosen":"HERMIT","items_purchased":[],"campfire_rested":1,"item_purchase_floors":[],"current_hp_per_floor":[75,75,60,60,60,60,60,54,54,54,54,39,39,39,61,8,75,75],"gold":173,"neow_bonus":"THREE_ENEMY_KILL","is_daily":false,"chose_seed":false,"campfire_upgraded":0,"win_rate":0.0,"timestamp":1612625987,"path_taken":["M","?","?","M","?","E","R","?","T","$","?","M","?","$","R","BOSS"],"items_purchased_type":[],"build_version":"2020-12-22","purchased_purges":1,"victory":false,"max_hp_per_floor":[75,75,75,75,75,75,75,75,75,75,75,75,75,75,75,75,75,75],"card_choices":[{"not_picked":["hermit:Headshot","hermit:Brawl"],"picked":"hermit:Dive","floor":1},{"not_picked":["hermit:FullyLoaded","hermit:Gestalt"],"picked":"hermit:WideOpen","floor":4},{"not_picked":["hermit:TrackingShot","hermit:Ricochet","hermit:Shortfuse"],"picked":"SKIP","floor":6},{"not_picked":["hermit:Manifest","hermit:Shortfuse"],"picked":"hermit:WideOpen","floor":8},{"not_picked":["Forethought","Madness"],"picked":"Violence","floor":11},{"not_picked":["hermit:Glare","hermit:WideOpen"],"picked":"hermit:Deadeye","floor":12},{"not_picked":["hermit:HeroicBravado","hermit:DeadOrAlive"],"picked":"hermit:Magnum","floor":16}],"player_experience":163172,"relics_obtained":[{"floor":6,"key":"Dead Branch"},{"floor":9,"key":"Frozen Egg 2"}],"event_choices":[{"cards_removed":["hermit:Defend_Hermit"],"damage_healed":0,"gold_gain":0,"player_choice":"Card Removal","damage_taken":0,"max_hp_gain":0,"max_hp_loss":0,"event_name":"The Cleric","floor":2,"gold_loss":50},{"damage_healed":75,"gold_gain":0,"player_choice":"Upgrade","damage_taken":15,"max_hp_gain":0,"max_hp_loss":75,"event_name":"betterThird:BetterShining","floor":3,"gold_loss":0,"cards_upgraded":["hermit:Defend_Hermit","hermit:Strike_Hermit"]},{"damage_healed":0,"gold_gain":1,"player_choice":"1","damage_taken":0,"max_hp_gain":0,"max_hp_loss":0,"event_name":"betterStone:BetterStone","floor":11,"gold_loss":0}],"is_beta":false,"boss_relics":[{"not_picked":["Empty Cage","Tiny House"],"picked":"aspiration:RunicSpoon"}],"items_purged_floors":[10],"is_endless":false,"potions_floor_spawned":[4,8,16],"ascension_level":0}}