{"host":"9l1knhxfturzliqa","time":1612580137,"event":{"mods":["BaseMod","Colored Map","Colored Powertips","DeckTracker","Highlight Path","Keyboard Shortcuts","Minty Spire (QoL Compilation)","Random Character Button"],"gold_per_floor":[112,130,144,162,172,172,183,183,206,228,251,270,298,324,324,430,430,453,488,513,534,555,555,226,260,260,98,98,98,98,122,122,235,235,263,288,309,16,39,76,105,105,105,130,130,174,203,232,232,232,232],"floor_reached":50,"language":"KOR","playtime":4987,"items_purged":[],"score":888,"play_id":"1bb2f78c-f1ab-44cc-8491-2d64874f3f4d","local_time":"20210206115537","is_ascension_mode":true,"campfire_choices":[{"data":"Zap","floor":6.0,"key":"SMITH"},{"data":"Dualcast","floor":15.0,"key":"SMITH"},{"data":"Double Energy","floor":23.0,"key":"SMITH"},{"data":"Mind Blast","floor":28.0,"key":"SMITH"},{"data":"Reboot","floor":30.0,"key":"SMITH"},{"data":"Hello World","floor":32.0,"key":"SMITH"},{"data":"Chill","floor":45.0,"key":"SMITH"},{"data":"Beam Cell","floor":49.0,"key":"SMITH"}],"circlet_count":0,"master_deck":["Strike_B","Strike_B","Strike_B","Defend_B","Defend_B","Defend_B","Defend_B","Zap+1","Dualcast+1","Rebound","Gash","Hologram","Cold Snap","BootSequence","FTL","Chill+1","Beam Cell+1","Stack","Go for the Eyes","Leap","Echo Form","Double Energy+1","Gash+1","Leap+1","Conserve Battery","Gash","Mind Blast+1","Streamline","Reboot+1","Hello World+1","Skim+1","Core Surge","Recycle+1","Scrape+1","Sweeping Beam+1","Seek+1","Stack","Recycle+1","Steam+1","Glacier+1","Turbo","Beam Cell+1","Scrape+1"],"relics":["Cracked Core","TungstenRod","CeramicFish","Coffee Dripper","Red Mask","Toy Ornithopter","Potion Belt","HornCleat","Black Star","Happy Flower","Bag of Preparation","Bird Faced Urn","Boot","Ancient Tea Set"],"acts_visited":["Exordium","TheCity","TheBeyond"],"potions_floor_usage":[50,50,50],"damage_taken":[{"damage":4.0,"enemies":"Small Slimes","floor":1.0,"turns":4.0},{"damage":0.0,"enemies":"Cultist","floor":2.0,"turns":3.0},{"damage":7.0,"enemies":"Jaw Worm","floor":3.0,"turns":3.0},{"damage":3.0,"enemies":"Red Slaver","floor":4.0,"turns":3.0},{"damage":2.0,"enemies":"Exordium Thugs","floor":5.0,"turns":3.0},{"damage":0.0,"enemies":"Large Slime","floor":7.0,"turns":5.0},{"damage":0.0,"enemies":"Blue Slaver","floor":10.0,"turns":2.0},{"damage":0.0,"enemies":"Gremlin Gang","floor":11.0,"turns":4.0},{"damage":0.0,"enemies":"2 Fungi Beasts","floor":12.0,"turns":2.0},{"damage":0.0,"enemies":"Exordium Wildlife","floor":13.0,"turns":3.0},{"damage":0.0,"enemies":"Red Slaver","floor":14.0,"turns":3.0},{"damage":15.0,"enemies":"The Guardian","floor":16.0,"turns":14.0},{"damage":7.0,"enemies":"Shell Parasite","floor":18.0,"turns":7.0},{"damage":19.0,"enemies":"Masked Bandits","floor":19.0,"turns":6.0},{"damage":11.0,"enemies":"2 Thieves","floor":20.0,"turns":5.0},{"damage":8.0,"enemies":"Snake Plant","floor":21.0,"turns":5.0},{"damage":7.0,"enemies":"Shelled Parasite and Fungi","floor":22.0,"turns":8.0},{"damage":0.0,"enemies":"Gremlin Leader","floor":25.0,"turns":7.0},{"damage":0.0,"enemies":"Centurion and Healer","floor":31.0,"turns":2.0},{"damage":22.0,"enemies":"Champ","floor":33.0,"turns":9.0},{"damage":0.0,"enemies":"3 Shapes","floor":35.0,"turns":8.0},{"damage":5.0,"enemies":"3 Darklings","floor":36.0,"turns":10.0},{"damage":10.0,"enemies":"Writhing Mass","floor":37.0,"turns":7.0},{"damage":0.0,"enemies":"Maw","floor":39.0,"turns":7.0},{"damage":0.0,"enemies":"Nemesis","floor":40.0,"turns":5.0},{"damage":0.0,"enemies":"Jaw Worm Horde","floor":41.0,"turns":3.0},{"damage":0.0,"enemies":"Sphere and 2 Shapes","floor":44.0,"turns":5.0},{"damage":3.0,"enemies":"Giant Head","floor":46.0,"turns":4.0},{"damage":0.0,"enemies":"4 Shapes","floor":47.0,"turns":5.0},{"damage":5.0,"enemies":"Maw","floor":48.0,"turns":6.0},{"damage":80,"enemies":"Time Eater","floor":50,"turns":15}],"seed_played":"8412692295910956415","potions_obtained":[{"floor":1.0,"key":"ColorlessPotion"},{"floor":3.0,"key":"Fire Potion"},{"floor":11.0,"key":"Explosive Potion"},{"floor":14.0,"key":"Energy Potion"},{"floor":21.0,"key":"FearPotion"},{"floor":25.0,"key":"FearPotion"},{"floor":31.0,"key":"Explosive Potion"},{"floor":33.0,"key":"Weak Potion"},{"floor":36.0,"key":"SkillPotion"},{"floor":39.0,"key":"LiquidBronze"},{"floor":40.0,"key":"Dexterity Potion"},{"floor":47.0,"key":"SpeedPotion"}],"is_trial":false,"path_per_floor":["M","M","M","M","M","R","M","?","T","M","M","M","M","M","R","B",null,"M","?","M","M","M","R","$","E","T","$","R","?","R","M","R","B",null,"M","M","M","$","M","E","M","?","T","M","R","E","M","M","R","B"],"character_chosen":"DEFECT","items_purchased":["Toy Ornithopter","PowerPotion","Weak Potion","Mind Blast","Reboot","Hello World","Seek","EntropicBrew","Dexterity Potion"],"campfire_rested":0,"item_purchase_floors":[24,24,24,24,27,27,38,38,38],"current_hp_per_floor":[46,46,39,36,34,34,34,34,34,34,34,34,34,34,34,19,61,54,35,24,16,9,9,9,19,19,19,19,3,3,3,3,6,58,58,58,53,53,53,73,73,73,73,75,75,72,74,70,70,0,0],"gold":232,"neow_bonus":"ONE_RARE_RELIC","is_daily":false,"chose_seed":false,"campfire_upgraded":8,"win_rate":0.0,"timestamp":1612580137,"path_taken":["M","M","M","M","M","R","M","?","T","M","M","M","M","M","R","BOSS","M","?","M","M","M","R","$","E","T","$","R","?","R","M","R","BOSS","M","M","M","$","M","E","M","?","T","M","R","E","M","?","R","BOSS"],"items_purchased_type":["Relic","Potion","Potion","Card","Card","Card","Card","Potion","Potion"],"build_version":"2020-12-22","purchased_purges":0,"victory":false,"max_hp_per_floor":[75,75,75,75,75,75,75,75,75,75,75,75,75,75,75,75,75,75,75,75,75,75,75,75,75,75,75,75,75,75,75,75,75,75,75,75,75,75,75,75,75,75,75,75,75,75,75,75,75,75,75],"card_choices":[{"not_picked":["Aggregate","Blizzard"],"picked":"Rebound","floor":1.0},{"not_picked":["Hologram","Coolheaded"],"picked":"Gash","floor":2.0},{"not_picked":["Sweeping Beam","Leap"],"picked":"Hologram","floor":3.0},{"not_picked":["Ball Lightning","Static Discharge"],"picked":"Cold Snap","floor":4.0},{"not_picked":["Heatsinks","Cold Snap"],"picked":"BootSequence","floor":5.0},{"not_picked":["Leap","Turbo"],"picked":"FTL","floor":7.0},{"not_picked":["Reprogram","Reinforced Body"],"picked":"Chill","floor":10.0},{"not_picked":["Rip and Tear","Darkness"],"picked":"Beam Cell","floor":11.0},{"not_picked":["White Noise","Hologram"],"picked":"Stack","floor":12.0},{"not_picked":["Rebound","FTL"],"picked":"Go for the Eyes","floor":13.0},{"not_picked":["Tempest","Capacitor"],"picked":"Leap","floor":14.0},{"not_picked":["Buffer","Reboot"],"picked":"Echo Form","floor":16.0},{"not_picked":["Redo","Stack"],"picked":"Double Energy","floor":18.0},{"not_picked":["Hologram","Darkness+1"],"picked":"Gash+1","floor":19.0},{"not_picked":["Static Discharge","Recycle"],"picked":"Leap+1","floor":20.0},{"not_picked":["Go for the Eyes","Multi-Cast"],"picked":"Conserve Battery","floor":21.0},{"not_picked":["Redo","Doom and Gloom+1"],"picked":"Gash","floor":22.0},{"not_picked":["Leap","Darkness"],"picked":"Streamline","floor":25.0},{"not_picked":["Storm","Compile Driver+1"],"picked":"Skim+1","floor":31.0},{"not_picked":["Creative AI","Meteor Strike"],"picked":"Core Surge","floor":33.0},{"not_picked":["Gash+1","Ball Lightning+1"],"picked":"Recycle+1","floor":35.0},{"not_picked":["Self Repair+1","Stack+1"],"picked":"Scrape+1","floor":36.0},{"not_picked":["Ball Lightning+1","Gash"],"picked":"Sweeping Beam+1","floor":37.0},{"not_picked":["Conserve Battery","Barrage+1"],"picked":"Stack","floor":39.0},{"not_picked":["Capacitor+1","Ball Lightning+1"],"picked":"Recycle+1","floor":40.0},{"not_picked":["Conserve Battery","Tempest"],"picked":"Steam+1","floor":41.0},{"not_picked":["Redo","Steam+1"],"picked":"Glacier+1","floor":44.0},{"not_picked":["Doom and Gloom","Cold Snap"],"picked":"Turbo","floor":46.0},{"not_picked":["Doom and Gloom","Hello World"],"picked":"Beam Cell+1","floor":47.0},{"not_picked":["Cold Snap+1","Sweeping Beam"],"picked":"Scrape+1","floor":48.0}],"player_experience":616578,"relics_obtained":[{"floor":9.0,"key":"CeramicFish"},{"floor":19.0,"key":"Red Mask"},{"floor":25.0,"key":"Potion Belt"},{"floor":26.0,"key":"HornCleat"},{"floor":40.0,"key":"Happy Flower"},{"floor":40.0,"key":"Bag of Preparation"},{"floor":43.0,"key":"Bird Faced Urn"},{"floor":46.0,"key":"Boot"},{"floor":46.0,"key":"Ancient Tea Set"}],"event_choices":[{"cards_removed":["Strike_B"],"damage_healed":0.0,"max_hp_gain":0.0,"max_hp_loss":0.0,"gold_gain":0.0,"event_name":"Purifier","player_choice":"Purged","floor":8.0,"gold_loss":0.0,"damage_taken":0.0},{"damage_healed":0.0,"max_hp_gain":0.0,"max_hp_loss":0.0,"gold_gain":0.0,"event_name":"Masked Bandits","player_choice":"Fought Bandits","floor":19.0,"gold_loss":0.0,"damage_taken":0.0},{"damage_healed":0.0,"max_hp_gain":0.0,"max_hp_loss":0.0,"gold_gain":0.0,"event_name":"Knowing Skull","player_choice":"POTION POTION ","floor":29.0,"potions_obtained":["FocusPotion","Fire Potion"],"gold_loss":0.0,"damage_taken":19.0,"cards_obtained":[]},{"damage_healed":0.0,"max_hp_gain":0.0,"max_hp_loss":0.0,"gold_gain":0.0,"event_name":"Upgrade Shrine","player_choice":"Upgraded","floor":42.0,"gold_loss":0.0,"damage_taken":0.0,"cards_upgraded":["Seek"]}],"is_beta":false,"boss_relics":[{"not_picked":["Ectoplasm","Velvet Choker"],"picked":"Coffee Dripper"},{"not_picked":["SlaversCollar","Philosopher\u0027s Stone"],"picked":"Black Star"}],"items_purged_floors":[],"is_endless":false,"potions_floor_spawned":[1,3,11,14,21,25,31,33,36,39,40,47],"killed_by":"Time Eater","ascension_level":9}}