{"host":"rk1e5mmpnpniq13w","time":1612646288,"event":{"mods":["BaseMod","Colored Powertips","Downfall","Hubris","Minty Spire (QoL Compilation)","Replay The Spire","StSLib","The Bug Knight"],"gold_per_floor":[99,109,259,273,157,173,196,96,131,131,131,151,192,212,223,335,435,335,362,380,393,407,407,407,307,307,307,307,321,321,411,428,531,531,531,541,556,556,416,416,416,454,454,454,464,517,517,537,553,553,553,553],"floor_reached":50,"language":"ENG","playtime":3767,"items_purged":["downfall:Icky","hubris:Disease","hexamod:Strike","CommonCold"],"score":519,"play_id":"70690d0c-feda-4318-af33-8eb7b51da176","local_time":"20210206161808","is_ascension_mode":false,"campfire_choices":[{"floor":1,"key":"RECALL"},{"data":"hexamod:BurningTouch","floor":8,"key":"SMITH"},{"data":"hexamod:HeatCrush","floor":10,"key":"SMITH"},{"data":"hexamod:HexaLevel","floor":23,"key":"SMITH"},{"data":"hexamod:HexaLevel","floor":25,"key":"SMITH"},{"data":"hexamod:GhostflameBarrier","floor":28,"key":"SMITH"},{"data":"hexamod:WildfireWeapon","floor":30,"key":"SMITH"},{"data":"hexamod:SearingWound","floor":35,"key":"SMITH"},{"data":"hexamod:GhostShield","floor":44,"key":"SMITH"}],"circlet_count":0,"master_deck":["hexamod:Strike","hexamod:Strike","hexamod:Strike","hexamod:Defend","hexamod:Defend","hexamod:Defend","hexamod:Defend","hexamod:Sear","hexamod:Float","hexamod:BurningTouch+1","hexamod:Hexaguard+1","hexamod:GhostShield+1","hexamod:GhostflameBarrier+1","hexamod:HeatCrush+1","hexamod:WildfireWeapon+1","hexamod:ThermalTransfer","hexamod:BurningTouch","hexamod:Hexaguard+1","hexamod:HexaLevel+1","hexamod:HexaLevel+1","hexamod:ThermalTransfer","hexamod:ShieldOfDarkness+1","hexamod:RainOfEmbers","hexamod:RecurringNightmare+1","hexamod:SearingWound+1","hexamod:Firestarter+1","hexamod:HeatMetal+1","hexamod:GhostShield+1","hexamod:GhostflameBarrier","hexamod:WildfireWeapon","hexamod:InspiringFlames+1"],"relics":["hexamod:SpiritBrand","Blood Vial","downfall:HeartBlessingRed","ReplayTheSpireMod:CursedCoin","hubris:BottledRain","Replay:Wanted Poster","downfall:HeartBlessingGreen","hexamod:TheBrokenSeal","downfall:HeartBlessingBlue","hubris:Towel","Anchor","Sozu","hubris:Potato","ReplayTheSpireMod:Ring of Challenge","Blue Candle","Oddly Smooth Stone","hubris:Teleporter"],"acts_visited":["Exordium","TheCity","TheBeyond"],"potions_floor_usage":[16,33,33,39],"damage_taken":[{"damage":2,"enemies":"Jaw Worm","floor":2,"turns":4},{"damage":0,"enemies":"Small Slimes","floor":4,"turns":3},{"damage":10,"enemies":"downfall:FleeingMerchant","floor":5,"turns":4},{"damage":1,"enemies":"Cultist","floor":6,"turns":3},{"damage":0,"enemies":"downfall:FleeingMerchant","floor":9,"turns":4},{"damage":0,"enemies":"2 Fungi Beasts","floor":12,"turns":3},{"damage":2,"enemies":"Lagavulin","floor":13,"turns":8},{"damage":0,"enemies":"Red Slaver","floor":14,"turns":3},{"damage":12,"enemies":"2 Fungi Beasts","floor":15,"turns":5},{"damage":43,"enemies":"DF_ARCHETYPE_STREAMLINE","floor":16,"turns":9},{"damage":42,"enemies":"Snake Plant","floor":19,"turns":5},{"damage":3,"enemies":"Snecko","floor":20,"turns":7},{"damage":5,"enemies":"Shelled Parasite and Fungi","floor":21,"turns":6},{"damage":1,"enemies":"Centurion and Healer","floor":22,"turns":8},{"damage":7,"enemies":"3 Cultists","floor":29,"turns":6},{"damage":5,"enemies":"Shelled Parasite and Fungi","floor":32,"turns":5},{"damage":9,"enemies":"IC_MUSHROOM_ARCHETYPE","floor":33,"turns":8},{"damage":0,"enemies":"Orb Walker","floor":36,"turns":3},{"damage":5,"enemies":"3 Darklings","floor":37,"turns":6},{"damage":0,"enemies":"downfall:FleeingMerchant","floor":39,"turns":4},{"damage":0,"enemies":"downfall:FleeingMerchant","floor":42,"turns":1},{"damage":0,"enemies":"Maw","floor":45,"turns":6},{"damage":26,"enemies":"2 Orb Walkers","floor":46,"turns":6},{"damage":6,"enemies":"Jaw Worm Horde","floor":48,"turns":5},{"damage":3,"enemies":"3 Darklings","floor":49,"turns":7},{"damage":116,"enemies":"SI_POISON_ARCHETYPE","floor":50,"turns":5}],"seed_played":"6248333668286178650","potions_obtained":[{"floor":2,"key":"Strength Potion"},{"floor":4,"key":"SpeedPotion"},{"floor":6,"key":"Swift Potion"},{"floor":12,"key":"AttackPotion"},{"floor":15,"key":"hexamod:SoulburnPotion"},{"floor":20,"key":"Fire Potion"},{"floor":29,"key":"Venom Potion"}],"is_trial":false,"path_per_floor":["R","M","?","M","$","M","T","R","$","R","?","M","E","M","M","B",null,"R","M","M","M","M","R","T","R","?","?","R","M","R","?","M","B",null,"R","M","M","T","$","?","T","$","?","R","M","?","?","M","M","B"],"character_chosen":"THE_SPIRIT","items_purchased":["hexamod:Hexaguard","ReplayTheSpireMod:CursedCoin","Oddly Smooth Stone"],"campfire_rested":0,"item_purchase_floors":[5,9,42],"current_hp_per_floor":[77,75,75,75,65,64,64,64,66,66,66,68,68,70,60,26,77,77,42,87,82,83,83,83,93,93,93,93,88,88,64,61,54,97,97,97,92,92,94,94,94,96,96,96,97,71,97,91,90,0,0,0],"gold":553,"neow_bonus":"TEN_PERCENT_HP_BONUS","is_daily":false,"chose_seed":false,"campfire_upgraded":8,"win_rate":0.0,"timestamp":1612646288,"path_taken":["R","M","?","M","$","M","T","R","$","R","?","?","E","M","M","BOSS","R","M","M","M","M","R","T","R","?","?","R","?","R","?","M","BOSS","R","M","M","?","$","?","T","$","?","R","M","?","?","M","M","BOSS"],"items_purchased_type":["Card","Relic","Relic"],"build_version":"2020-12-22","purchased_purges":4,"victory":false,"max_hp_per_floor":[77,77,77,77,77,77,77,77,77,77,77,77,77,77,77,77,77,77,77,87,87,87,87,87,97,97,97,97,97,97,97,97,97,97,97,97,97,97,97,97,97,97,97,97,97,97,97,97,97,97,97,97],"card_choices":[{"not_picked":["hexamod:NecessarySacrifice","hexamod:RecurringNightmare"],"picked":"hexamod:Haunt","floor":2},{"not_picked":["hexamod:SpectersWail","hexamod:SwordOfDarkness"],"picked":"hexamod:BurningTouch","floor":4},{"not_picked":["hexamod:TurnItUp","hexamod:FastForward"],"picked":"hexamod:ThirdSeal","floor":5},{"not_picked":["hexamod:Firestarter","hexamod:BacktrackSmack"],"picked":"hexamod:GhostShield","floor":6},{"not_picked":["hexamod:SpectersWail","hexamod:SoulSteal"],"picked":"hexamod:GhostflameBarrier","floor":6},{"not_picked":["hexamod:SpectersWail","hexamod:GhostLash"],"picked":"hexamod:HeatCrush","floor":9},{"not_picked":["hexamod:CatchUp","hexamod:HauntingEcho","hexamod:HeatCrush"],"picked":"SKIP","floor":9},{"not_picked":["hexamod:HauntingEcho","hexamod:SwordOfDarkness"],"picked":"hexamod:WildfireWeapon","floor":12},{"not_picked":["hexamod:HeatShield","hexamod:Firestarter"],"picked":"hexamod:SecondSeal","floor":12},{"not_picked":["hexamod:NightmareGuise","hexamod:FastForward"],"picked":"hexamod:ThermalTransfer","floor":13},{"not_picked":["hexamod:FastForward","hexamod:GhostLash"],"picked":"hexamod:BurningTouch","floor":13},{"not_picked":["hexamod:RainOfEmbers","hexamod:HeatShield"],"picked":"hexamod:FifthSeal","floor":14},{"not_picked":["hexamod:HeatShield","hexamod:GhostOfSpirePast","hexamod:ShieldOfDarkness"],"picked":"SKIP","floor":14},{"not_picked":["hexamod:ThirdSeal","hexamod:FourthSeal"],"picked":"hexamod:FirstSeal","floor":15},{"not_picked":["hexamod:GhostLash","hexamod:BurningTouch"],"picked":"hexamod:Hexaguard","floor":15},{"not_picked":["hexamod:ThirdSeal","hexamod:FirstSeal"],"picked":"hexamod:SixthSeal","floor":16},{"not_picked":["hexamod:GhostOfSpirePresent","hexamod:TimeOfNeed"],"picked":"hexamod:HexaLevel","floor":16},{"not_picked":["hexamod:WildfireWeapon","hexamod:SixthSeal"],"picked":"hexamod:HexaLevel","floor":16},{"not_picked":["hexamod:FirstSeal","hexamod:ThirdSeal"],"picked":"hexamod:FourthSeal","floor":19},{"not_picked":["hexamod:HeatShield","hexamod:HauntingEcho"],"picked":"hexamod:ThermalTransfer","floor":19},{"not_picked":["hexamod:Firestarter","hexamod:PhantomCloak"],"picked":"hexamod:ShieldOfDarkness+1","floor":19},{"not_picked":["hexamod:SpectersWail","hexamod:EtherealExpedition","hexamod:UnleashSpirits"],"picked":"SKIP","floor":20},{"not_picked":["hexamod:SecondSeal","hexamod:ThermalTransfer","hexamod:HauntingEcho+1"],"picked":"SKIP","floor":21},{"not_picked":["hexamod:RecurringNightmare","hexamod:FastForward","hexamod:UnleashSpirits"],"picked":"SKIP","floor":22},{"not_picked":["hexamod:NecessarySacrifice","hexamod:ThermalTransfer"],"picked":"hexamod:RainOfEmbers","floor":29},{"not_picked":["hexamod:RetreatToShadows","hexamod:BacktrackSmack"],"picked":"hexamod:RecurringNightmare+1","floor":31},{"not_picked":["hexamod:InspiringFlames","hexamod:FastForward","hexamod:Rewind+1"],"picked":"SKIP","floor":32},{"not_picked":["hexamod:TimeOfNeed","hexamod:ParanormalForm"],"picked":"hexamod:SearingWound","floor":33},{"not_picked":["hexamod:BurningTouch","hexamod:Rewind+1"],"picked":"hexamod:Firestarter+1","floor":36},{"not_picked":["hexamod:Haunt","hexamod:GhostShield+1"],"picked":"hexamod:HeatMetal+1","floor":37},{"not_picked":["hexamod:SixthSeal","hexamod:HauntingEcho"],"picked":"hexamod:GhostShield","floor":39},{"not_picked":["hexamod:HauntingEcho","hexamod:Incineration"],"picked":"hexamod:GhostflameBarrier","floor":42},{"not_picked":["hexamod:NightmareStrike+1","hexamod:BacktrackSmack","hexamod:ShieldOfDarkness"],"picked":"SKIP","floor":45},{"not_picked":["hexamod:DynamicBlow","hexamod:ShieldOfDarkness"],"picked":"hexamod:WildfireWeapon","floor":46},{"not_picked":["hexamod:NightmareStrike","hexamod:BurningTouch+1"],"picked":"hexamod:InspiringFlames+1","floor":48},{"not_picked":["hexamod:NightmareGuise","hexamod:BacktrackSmack","hexamod:HauntingEcho+1"],"picked":"SKIP","floor":49}],"player_experience":476704,"relics_obtained":[{"floor":7,"key":"Blood Vial"},{"floor":13,"key":"hubris:BottledRain"},{"floor":31,"key":"Anchor"},{"floor":38,"key":"hubris:Potato"},{"floor":40,"key":"ReplayTheSpireMod:Ring of Challenge"},{"floor":41,"key":"Blue Candle"},{"floor":46,"key":"hubris:Teleporter"}],"event_choices":[{"damage_healed":0,"gold_gain":0,"player_choice":"Got Potions","damage_taken":0,"max_hp_gain":0,"max_hp_loss":0,"event_name":"Lab","floor":27,"gold_loss":0},{"damage_healed":0,"gold_gain":0,"player_choice":"Fight","damage_taken":0,"max_hp_gain":0,"max_hp_loss":0,"event_name":"Mysterious Sphere","floor":46,"gold_loss":0},{"cards_removed":["hexamod:Haunt"],"damage_healed":26,"gold_gain":0,"player_choice":"Offered Uncommon","damage_taken":0,"max_hp_gain":0,"max_hp_loss":0,"event_name":"Bonfire Elementals","floor":47,"gold_loss":0}],"is_beta":false,"boss_relics":[{"not_picked":["Honey Jar","Fusion Hammer"],"picked":"Replay:Wanted Poster"},{"not_picked":["hubris:ScarierMask","Snecko Eye"],"picked":"Sozu"}],"items_purged_floors":[5,9,39,42],"is_endless":false,"potions_floor_spawned":[2,4,6,12,13,15,20,29,32,48,49],"killed_by":"SI_POISON_ARCHETYPE","ascension_level":0}}