{"host":"d52brwsy6af8zvaq","time":1612577888,"event":{"mods":["AchievementEnabler","BaseMod","Bestiary","Highlight Path","Minty Spire (QoL Compilation)","Quick Restart","Relic Stats","ojb\u0027s Better Paths Mod"],"gold_per_floor":[119,139,64,64,64,93,93,119,119,119,135,135,2,15,15,15,15],"floor_reached":16,"language":"ENG","playtime":433,"items_purged":["Strike_B","Strike_B"],"score":216,"play_id":"9218d0f0-4203-4832-be46-106f422ff901","local_time":"20210205191808","is_ascension_mode":true,"campfire_choices":[{"floor":7,"key":"REST"},{"data":"Zap","floor":10,"key":"SMITH"},{"floor":12,"key":"REST"},{"data":"Dualcast","floor":15,"key":"SMITH"}],"circlet_count":0,"master_deck":["AscendersBane","Strike_B","Strike_B","Defend_B","Defend_B","Defend_B","Defend_B","Zap+1","Dualcast+1","Streamline","Sunder","Cold Snap","Ball Lightning","Capacitor","Leap","Gash","Sweeping Beam"],"relics":["Cracked Core","Smiling Mask","InkBottle","Oddly Smooth Stone"],"acts_visited":["Exordium"],"potions_floor_usage":[],"damage_taken":[{"damage":7.0,"enemies":"Jaw Worm","floor":1.0,"turns":3.0},{"damage":2.0,"enemies":"Small Slimes","floor":2.0,"turns":3.0},{"damage":48,"enemies":"Lagavulin","floor":6,"turns":8},{"damage":27,"enemies":"3 Sentries","floor":8,"turns":9},{"damage":1,"enemies":"2 Louse","floor":11,"turns":3},{"damage":3,"enemies":"Looter","floor":14,"turns":3},{"damage":31,"enemies":"Hexaghost","floor":16,"turns":9}],"seed_played":"-1922500937448974539","potions_obtained":[{"floor":6,"key":"Strength Potion"},{"floor":8,"key":"Fire Potion"}],"is_trial":false,"path_per_floor":["M","M","$","?","T","E","R","E","T","R","M","R","$","M","R","B"],"character_chosen":"DEFECT","items_purchased":["Leap","Gash"],"campfire_rested":2,"item_purchase_floors":[13,13],"current_hp_per_floor":[64,62,62,62,62,14,37,10,10,10,9,32,32,29,29,0,0],"gold":15,"neow_bonus":"TEN_PERCENT_HP_BONUS","is_daily":false,"chose_seed":false,"campfire_upgraded":2,"win_rate":0.0,"timestamp":1612577888,"path_taken":["M","M","$","?","?","E","R","E","T","R","M","R","$","M","R","BOSS"],"items_purchased_type":["Card","Card"],"build_version":"2020-12-22","purchased_purges":2,"victory":false,"max_hp_per_floor":[78,78,78,78,78,78,78,78,78,78,78,78,78,78,78,78,78],"relic_stats":{"counters":[7,38],"Smiling Mask":50,"obtain_stats":[{"Oddly Smooth Stone":8,"Cracked Core":0,"Smiling Mask":5,"InkBottle":6},{"Oddly Smooth Stone":4,"Cracked Core":0,"Smiling Mask":2,"InkBottle":3},{"Oddly Smooth Stone":23,"Cracked Core":0,"Smiling Mask":6,"InkBottle":14}],"InkBottle":[6]},"card_choices":[{"not_picked":["BootSequence","Coolheaded"],"picked":"Streamline","floor":1.0},{"not_picked":["Leap","Chaos"],"picked":"Sunder","floor":2.0},{"not_picked":["Compile Driver","Barrage"],"picked":"Cold Snap","floor":6},{"not_picked":["Rainbow","Compile Driver"],"picked":"Ball Lightning","floor":8},{"not_picked":["Barrage","Beam Cell"],"picked":"Capacitor","floor":11},{"not_picked":["Lockon","Beam Cell"],"picked":"Sweeping Beam","floor":14}],"player_experience":2158404,"relics_obtained":[{"floor":5.0,"key":"Smiling Mask"},{"floor":6,"key":"InkBottle"},{"floor":8,"key":"Oddly Smooth Stone"}],"event_choices":[{"damage_healed":0.0,"max_hp_gain":0.0,"max_hp_loss":0.0,"gold_gain":0.0,"event_name":"The Cleric","player_choice":"Leave","floor":4.0,"gold_loss":0.0,"damage_taken":0.0}],"is_beta":false,"boss_relics":[],"items_purged_floors":[3,13],"is_endless":false,"potions_floor_spawned":[6,8,11,14],"killed_by":"Hexaghost","ascension_level":20}}