{"host":"ev0u5pyx0moiq7pp","time":1612582653,"event":{"mods":["Act Like it!","BaseMod","CapriCore","Challenge The Spire","Colored Map","Colored Powertips","Custom Start","DeckTracker","Elementarium","Energized Spire","Hubris","Koishi","Minty Spire (QoL Compilation)","Quick Restart","Random Character Button","Shop Mod","StSLib","Synergy Search","The Bladedancer","The Bug Knight","The Hierophant","The Immortal","The Necromancer","The Runesmith"],"gold_per_floor":[117,117,117,135,153,153,153],"floor_reached":6,"language":"DEU","playtime":773,"items_purged":[],"score":41,"play_id":"774791f6-dbbf-475d-98ea-20fbcf91e1a5","local_time":"20210206043733","is_ascension_mode":true,"campfire_choices":[],"circlet_count":0,"master_deck":["blademaster:Strike","blademaster:Strike","blademaster:Strike","blademaster:Defend","blademaster:Defend","blademaster:Defend","blademaster:HighVoltage","blademaster:Frontflip+1","blademaster:ColdBlood+1","blademaster:Frontflip+1","blademaster:WindSlash","Regret","blademaster:CombatPrep"],"relics":["Astrolabe","Singing Bowl"],"acts_visited":["Exordium"],"potions_floor_usage":[6],"damage_taken":[{"damage":0.0,"enemies":"Cultist","floor":1.0,"turns":7.0},{"damage":7,"enemies":"2 Louse","floor":4,"turns":3},{"damage":20,"enemies":"Small Slimes","floor":5,"turns":7},{"damage":47,"enemies":"Gremlin Nob","floor":6,"turns":5}],"seed_played":"7986829368737545989","potions_obtained":[{"floor":1.0,"key":"LiquidBronze"}],"is_trial":false,"path_per_floor":["M","?","?","M","M","E"],"character_chosen":"THE_BLADEMASTER","items_purchased":[],"campfire_rested":0,"item_purchase_floors":[],"current_hp_per_floor":[75,75,75,70,50,3,3],"gold":153,"neow_bonus":"BOSS_RELIC","is_daily":false,"chose_seed":false,"campfire_upgraded":0,"win_rate":0.0,"timestamp":1612582653,"path_taken":["M","?","?","M","M","E"],"items_purchased_type":[],"build_version":"2020-12-22","purchased_purges":0,"victory":false,"max_hp_per_floor":[75,75,75,77,77,77,77],"card_choices":[{"not_picked":["blademaster:Stability","blademaster:LeechingStrike"],"picked":"blademaster:WindSlash","floor":1.0},{"not_picked":["blademaster:FuriousStrike","blademaster:BloodyBlow","blademaster:SlyStabs"],"picked":"Singing Bowl","floor":4},{"not_picked":["blademaster:DaggerAndCloak","blademaster:SlyStabs"],"picked":"blademaster:CombatPrep","floor":5}],"player_experience":568730,"relics_obtained":[],"event_choices":[{"damage_healed":0.0,"max_hp_gain":0.0,"max_hp_loss":0.0,"gold_gain":0.0,"event_name":"Big Fish","player_choice":"Box","floor":2.0,"gold_loss":0.0,"damage_taken":0.0,"relics_obtained":["Singing Bowl"],"cards_obtained":["Regret"]},{"damage_healed":0.0,"max_hp_gain":0.0,"max_hp_loss":0.0,"gold_gain":0.0,"event_name":"The Woman in Blue","player_choice":"Bought 0 Potions","floor":3.0,"gold_loss":0.0,"damage_taken":0.0}],"is_beta":false,"boss_relics":[],"items_purged_floors":[],"is_endless":false,"potions_floor_spawned":[1],"killed_by":"Gremlin Nob","ascension_level":3}}