{"host":"dwyzfvnzfcqffr30","time":1612628652,"event":{"mods":["2.2 Compatiblity","Act Like it!","Aspiration","BaseMod","Beaked The Cultist","Better Altar","Better Match","Better Note","Better Sensory Stone","Better Skull","Better Third Choice","Clockwork Mod","Colored Map","Colored Powertips","Conspire","Downfall","Elementarium","GifTheSpireLib","Halation","Hermit","Hubris","Infinite Spire","Ironclad Rager","Jedi Mod","Menagerie","Mimic Mod","Minty Spire (QoL Compilation)","Permanent Neow","Random Character Button","Relic Filter Mod","Reliquary","Replay The Spire","Spicy Shops","Spikes Relics","StSLib","Stuff the Spire","The Construct","The Disciple","The Druid","The Marked","TheFirefly","Trackpad","Wandering Minibosses"],"gold_per_floor":[123,151,301,301,28,28,55,55,80,97,121,164,193,239,239,331,331,363,403,448,88,112,144,168,210,210,210,238,238,287,319,319,414,414,451,501,45,62,95,128,128,150,150,150,177,223,247,297,335,392,392,392,392,392,9,38,38],"floor_reached":58,"language":"ENG","playtime":4299,"items_purged":["Doubt","Strike_R+2"],"score":2363,"play_id":"ec39725a-105e-445f-ba89-4345330c5674","local_time":"20210206082412","is_ascension_mode":true,"campfire_choices":[{"floor":6,"key":"RECALL"},{"data":"Absolvement+1","floor":8,"key":"SMITH"},{"data":"Bash+1","floor":15,"key":"PURGE"},{"data":"Strike_R+1","floor":27,"key":"PURGE"},{"data":"Strike_R+1","floor":29,"key":"PURGE"},{"data":"Strike_R+1","floor":32,"key":"PURGE"},{"data":"Strike_R+2","floor":41,"key":"PURGE"},{"data":"Absolvement+2","floor":51,"key":"SMITH"},{"data":"Metallicize+1","floor":54,"key":"SMITH"}],"circlet_count":0,"master_deck":["AscendersBane","Defend_R+1","Defend_R+1","Defend_R+1","MasterReality+1","Apotheosis+1","Absolvement+3","Shrug It Off+1","Body Slam+1","ReplayTheSpireMod:Muscle Training+1","Cleave+1","Shockwave+1","Armaments+1","Rampage+1","Body Slam+1","Iron Wave+1","Metallicize+2","Iron Wave+1","Injury"],"relics":["Burning Blood","aspiration:Nostalgia","beaked:MendingPlumage","halation:Prosthetics","hubris:TinFlute","Bottled Tornado","infinitespire:EvilPickle","conspire:InfiniteJournal","Quantum Egg","Molten Egg 2","Toxic Egg 2","Frozen Egg 2","Peace Pipe","SnailShell","CaptainsWheel","Whetstone","reliquary:Craggleroot","hubris:CrystalStatue","jedi:firstaidkit","aspiration:EmptySkull","Regal Pillow","Elementarium:ElementariumTrophy","hubris:ScarierMask","SacredBark","Singing Bowl","reliquary:RoseTintedGlasses","reliquary:IridiumChain","BicycleWheel","Gremlin Food","Sundial","Dream Catcher","hubris:DuctTape","reliquary:HotPoker","jedi:heavyjacket","Replay:Mystery Machine"],"acts_visited":[],"potions_floor_usage":[10,10,16,23,25,31,33,42,46,52,52],"damage_taken":[{"damage":0,"enemies":"conspire:RoseBush","floor":1,"turns":3},{"damage":0,"enemies":"2 Louse","floor":2,"turns":2},{"damage":20,"enemies":"3 Sentries","floor":7,"turns":6},{"damage":2,"enemies":"Jaw Worm","floor":10,"turns":3},{"damage":9,"enemies":"Red Slaver","floor":11,"turns":3},{"damage":18,"enemies":"Lagavulin","floor":12,"turns":5},{"damage":1,"enemies":"Exordium Wildlife","floor":13,"turns":2},{"damage":0,"enemies":"3 Sentries","floor":14,"turns":4},{"damage":2,"enemies":"The Guardian","floor":16,"turns":7},{"damage":0,"enemies":"Elementarium:Cyclone","floor":18,"turns":3},{"damage":1,"enemies":"Elementarium:VoidCorruption","floor":19,"turns":5},{"damage":12,"enemies":"Elementarium:VoidBeast","floor":20,"turns":4},{"damage":5,"enemies":"Elementarium:VOID_CORRUPTION_AND_TAR_GOLEM","floor":22,"turns":6},{"damage":2,"enemies":"Elementarium:FIRE_NOBILITY","floor":23,"turns":6},{"damage":1,"enemies":"Elementarium:Hydrostalker","floor":24,"turns":4},{"damage":0,"enemies":"Elementarium:ElementalPortal","floor":25,"turns":5},{"damage":0,"enemies":"Elementarium:VoidBeast","floor":28,"turns":3},{"damage":0,"enemies":"Elementarium:WarGolem","floor":30,"turns":4},{"damage":0,"enemies":"Elementarium:CYCLONE_AND_LIVING_STORMCLOUD","floor":31,"turns":4},{"damage":18,"enemies":"Elementarium:GoldenDragon","floor":33,"turns":9},{"damage":0,"enemies":"3 Darklings","floor":35,"turns":3},{"damage":0,"enemies":"Orb Walker","floor":38,"turns":4},{"damage":1,"enemies":"conspire:MimicChest","floor":39,"turns":6},{"damage":1,"enemies":"Giant Head","floor":40,"turns":7},{"damage":1,"enemies":"Maw","floor":42,"turns":4},{"damage":2,"enemies":"Reptomancer","floor":46,"turns":6},{"damage":0,"enemies":"Jaw Worm Horde","floor":47,"turns":2},{"damage":13,"enemies":"R_Hoarder","floor":48,"turns":6},{"damage":0,"enemies":"4 Shapes","floor":49,"turns":2},{"damage":1,"enemies":"Giant Head","floor":50,"turns":7},{"damage":9,"enemies":"hubris:GrandSnecko","floor":52,"turns":8},{"damage":0,"enemies":"Shield and Spear","floor":56,"turns":3},{"damage":3,"enemies":"The Heart","floor":57,"turns":9}],"seed_played":"-74912410700400919","potions_obtained":[{"floor":1,"key":"Weak Potion"},{"floor":2,"key":"Languid Potion"},{"floor":13,"key":"bronze:BurnAndBuffPotion"},{"floor":20,"key":"Reflective Coating"},{"floor":24,"key":"ColorlessPotion"},{"floor":25,"key":"Weak Potion"},{"floor":30,"key":"Fire Potion"},{"floor":35,"key":"hexamod:SoulburnPotion"},{"floor":39,"key":"Dexterity Potion"},{"floor":42,"key":"jedi:StrikingPotion"},{"floor":46,"key":"ColorlessPotion"}],"is_trial":false,"path_per_floor":["M","M","?","?","$","R","E","R","T","M","M","E","M","E","R_BF","B",null,"M","M","M","$","M","E","M","E","T","R","M","R","E","M","R","B",null,"M","?","$","M","?","E","R","M","PTL","PTL","T","E","M","E","M","E","R","B",null,"R","$","E","B",null],"character_chosen":"IRONCLAD","items_purchased":["Shrug It Off+1","Body Slam+1","Finesse+1","hubris:CrystalStatue","Rampage+1","Singing Bowl","reliquary:RoseTintedGlasses","reliquary:HotPoker","jedi:heavyjacket"],"campfire_rested":0,"item_purchase_floors":[5,5,5,21,21,37,37,55,55],"current_hp_per_floor":[40,40,40,40,40,40,36,36,36,40,40,37,40,40,40,40,40,40,40,40,40,40,40,40,40,40,40,40,40,40,40,40,40,40,40,40,40,42,44,46,46,46,46,46,46,48,50,52,54,56,56,56,56,56,56,58,58],"gold":38,"neow_bonus":"NOSTALGIA","is_daily":false,"chose_seed":false,"campfire_upgraded":3,"win_rate":0.0,"timestamp":1612628652,"path_taken":["M","M","?","?","$","R","E","R","T","M","M","E","M","E","R_BF","BOSS","M","M","M","$","M","E","M","E","T","R","M","R","E","M","R","BOSS","M","?","$","?","?","E","R","M","PTL","PTL","T","E","M","E","?","E","R","BOSS","R","$","E","BOSS"],"items_purchased_type":["Card","Card","Card","Relic","Card","Relic","Relic","Relic","Relic"],"build_version":"2020-12-22","purchased_purges":2,"victory":true,"max_hp_per_floor":[40,40,40,40,40,40,40,40,40,40,40,40,40,40,40,40,40,40,40,40,40,40,40,40,40,40,40,40,40,40,40,40,40,40,40,40,40,42,44,46,46,46,46,46,46,48,50,52,54,56,56,56,56,56,56,58,58],"card_choices":[{"not_picked":["Carnage+1","Reckless Charge+1","Evolve+1"],"picked":"SKIP","floor":1},{"not_picked":["Replay:Undeath\u0027s Touch+1","Run Through+1"],"picked":"Absolvement+1","floor":2},{"not_picked":["jedi:hate+1","Life Link+1"],"picked":"ReplayTheSpireMod:Muscle Training+1","floor":7},{"not_picked":["Whirlwind+1","StuffTheSpire:Incineration+1","Shockwave+1"],"picked":"SKIP","floor":10},{"not_picked":["jedi:fear+1","StuffTheSpire:Resist+1"],"picked":"Cleave+1","floor":11},{"not_picked":["conspire:Charge+1","Heavy Blade+1","Run Through+1"],"picked":"SKIP","floor":12},{"not_picked":["Anger+1","Blood for Blood+1"],"picked":"Shockwave+1","floor":13},{"not_picked":["Twin Strike+1","Fiend Fire+1","ReplayTheSpireMod:Strike From Hell+1"],"picked":"SKIP","floor":14},{"not_picked":["ReplayTheSpireMod:LeadingStrike+1","Sword Boomerang+1","Cleave+1"],"picked":"SKIP","floor":18},{"not_picked":["Carnage+1","Pommel Strike+1"],"picked":"Armaments+1","floor":19},{"not_picked":["Sword Boomerang+1","Hemokinesis+1","jedi:bloodyhammer+1"],"picked":"SKIP","floor":20},{"not_picked":["Evolve+1","StuffTheSpire:Pyroclast+1","Wild Strike+1"],"picked":"SKIP","floor":22},{"not_picked":["Clash+1","StuffTheSpire:Incineration+1"],"picked":"Body Slam+1","floor":23},{"not_picked":["Limit Break+1","StuffTheSpire:RockThrow+1"],"picked":"Iron Wave+1","floor":24},{"not_picked":["jedi:fear+1","Iron Wave+1","Wild Strike+1"],"picked":"SKIP","floor":25},{"not_picked":["Rage+1","Warcry+1","Absolvement+1"],"picked":"SKIP","floor":28},{"not_picked":["Rampage+1","Cleave+1"],"picked":"Metallicize+1","floor":30},{"not_picked":["True Grit+1","Armaments+1","StuffTheSpire:Slingshot+1"],"picked":"SKIP","floor":31},{"not_picked":["Havoc+1","Body Slam+1","StuffTheSpire:Incineration+1"],"picked":"SKIP","floor":35},{"not_picked":["Anger+1","Combust+1","Body Slam+1"],"picked":"Singing Bowl","floor":38},{"not_picked":["Replay:Undeath\u0027s Touch+1","infinitespire:OneForAll+1","Anger+1"],"picked":"Singing Bowl","floor":39},{"not_picked":["Thunderclap+1","Rampage+1","hubris:CleavingFinish+1"],"picked":"Singing Bowl","floor":40},{"not_picked":["True Grit+1","Abandon+1"],"picked":"Iron Wave+1","floor":42},{"not_picked":["StuffTheSpire:Slingshot+1","Replay:Undeath\u0027s Touch+1","Perfected Strike+1"],"picked":"Singing Bowl","floor":46},{"not_picked":["Anger+1","Twin Strike+1","Power Through+1"],"picked":"Singing Bowl","floor":47},{"not_picked":["Body Slam+1","StuffTheSpire:RockThrow+1","Pommel Strike+1"],"picked":"Singing Bowl","floor":48},{"not_picked":["StuffTheSpire:RockThrow+1","ReplayTheSpireMod:Muscle Training+1","Twin Strike+1"],"picked":"Singing Bowl","floor":49},{"not_picked":["Power Through+1","Thunderclap+1","Sever Soul+1"],"picked":"Singing Bowl","floor":50},{"not_picked":["Seeing Red+1","Dropkick+1","Havoc+1"],"picked":"Singing Bowl","floor":56}],"player_experience":3055809,"relics_obtained":[{"floor":7,"key":"Peace Pipe"},{"floor":9,"key":"SnailShell"},{"floor":12,"key":"CaptainsWheel"},{"floor":14,"key":"Whetstone"},{"floor":23,"key":"jedi:firstaidkit"},{"floor":25,"key":"aspiration:EmptySkull"},{"floor":30,"key":"Regal Pillow"},{"floor":39,"key":"reliquary:IridiumChain"},{"floor":40,"key":"BicycleWheel"},{"floor":45,"key":"Gremlin Food"},{"floor":46,"key":"Sundial"},{"floor":48,"key":"Dream Catcher"},{"floor":50,"key":"hubris:DuctTape"},{"floor":56,"key":"Replay:Mystery Machine"}],"event_choices":[{"damage_healed":0,"gold_gain":0,"player_choice":"Simplicity","damage_taken":0,"max_hp_gain":0,"max_hp_loss":9,"event_name":"betterThird:BetterWriting","floor":0,"gold_loss":0},{"damage_healed":0,"gold_gain":150,"player_choice":"AGREE","damage_taken":151,"max_hp_gain":0,"max_hp_loss":0,"event_name":"betterThird:BetterSerpent","floor":3,"gold_loss":0},{"damage_healed":0,"gold_gain":50,"player_choice":"Pray","damage_taken":0,"max_hp_gain":0,"max_hp_loss":0,"event_name":"Golden Shrine","floor":36,"gold_loss":0}],"is_beta":false,"boss_relics":[{"not_picked":["Busted Crown","infinitespire:Burning Sword"],"picked":"reliquary:Craggleroot"},{"not_picked":["Mark of Pain","trackpad:DemonHeart"],"picked":"hubris:ScarierMask"}],"items_purged_floors":[5,21],"is_endless":false,"potions_floor_spawned":[1,2,7,13,20,24,25,30,33,35,39,42,46],"ascension_level":16}}