{"host":"6q6idgl71g9ab7at","time":1612588608,"event":{"mods":["BaseMod","Minty Spire (QoL Compilation)","StSLib","SuperFastMode"],"gold_per_floor":[117,131,144,154,154,181,256,256,256,256,256],"floor_reached":10,"language":"KOR","playtime":187,"items_purged":[],"score":85,"play_id":"2d5ccc20-6058-496b-a77f-5a0bfbfe61a7","local_time":"20210206141648","is_ascension_mode":true,"campfire_choices":[{"data":"Catalyst","floor":8,"key":"SMITH"}],"circlet_count":0,"master_deck":["Strike_G","Strike_G","Strike_G","Strike_G","Strike_G","Defend_G","Defend_G","Defend_G","Defend_G","Defend_G","Survivor","Neutralize","Burst","Poisoned Stab","Quick Slash","Dagger Spray+1","Catalyst+1"],"relics":["Ring of the Snake","Bottled Lightning","White Beast Statue"],"acts_visited":["Exordium"],"potions_floor_usage":[10],"damage_taken":[{"damage":8.0,"enemies":"Cultist","floor":1.0,"turns":4.0},{"damage":0.0,"enemies":"Jaw Worm","floor":2.0,"turns":3.0},{"damage":0.0,"enemies":"2 Louse","floor":3.0,"turns":2.0},{"damage":2.0,"enemies":"Looter","floor":4.0,"turns":5.0},{"damage":10.0,"enemies":"3 Sentries","floor":6.0,"turns":6.0},{"damage":56,"enemies":"Gremlin Nob","floor":10,"turns":4}],"seed_played":"-1427824119857498024","potions_obtained":[{"floor":2.0,"key":"SneckoOil"},{"floor":4.0,"key":"Fire Potion"}],"is_trial":false,"path_per_floor":["M","M","M","M","?","E","?","R","T","E"],"character_chosen":"THE_SILENT","items_purchased":[],"campfire_rested":0,"item_purchase_floors":[],"current_hp_per_floor":[62,62,62,60,60,50,43,43,43,0,0],"gold":256,"neow_bonus":"ONE_RANDOM_RARE_CARD","is_daily":false,"chose_seed":false,"campfire_upgraded":1,"win_rate":0.0,"timestamp":1612588608,"path_taken":["M","M","M","M","?","E","?","R","T","E"],"items_purchased_type":[],"build_version":"2020-12-22","purchased_purges":0,"victory":false,"max_hp_per_floor":[70,70,70,70,70,70,70,70,70,70,70],"card_choices":[{"not_picked":["Underhanded Strike","Dagger Throw"],"picked":"Poisoned Stab","floor":1.0},{"not_picked":["Cloak And Dagger","Deflect"],"picked":"Quick Slash","floor":2.0},{"not_picked":["Underhanded Strike","Flying Knee","Choke"],"picked":"SKIP","floor":3.0},{"not_picked":["Bane","Deflect"],"picked":"Dagger Spray","floor":4.0},{"not_picked":["Dash","Escape Plan"],"picked":"Catalyst","floor":6}],"player_experience":16270,"relics_obtained":[{"floor":6,"key":"Bottled Lightning"},{"floor":9,"key":"White Beast Statue"}],"event_choices":[{"damage_healed":0.0,"max_hp_gain":0.0,"max_hp_loss":0.0,"gold_gain":0.0,"event_name":"Living Wall","player_choice":"Grow","floor":5.0,"gold_loss":0.0,"damage_taken":0.0,"cards_upgraded":["Dagger Spray"]},{"damage_healed":0,"gold_gain":75,"player_choice":"Touch","damage_taken":7,"max_hp_gain":0,"max_hp_loss":0,"event_name":"FaceTrader","floor":7,"gold_loss":0}],"is_beta":false,"boss_relics":[],"items_purged_floors":[],"is_endless":false,"potions_floor_spawned":[2,4],"killed_by":"Gremlin Nob","ascension_level":5}}