{"host":"5dhwd44u3dydylwe","time":1612602876,"event":{"mods":["AchievementEnabler","BaseMod","BetterRewards","Dota2Spire","Downfall","Hubris","Minty Spire (QoL Compilation)","Shop Mod","StSLib","Wandering Minibosses"],"gold_per_floor":[99,114,134,134,134,151,151,203,203,67,67,102,27,27,81,100,133,151,162,260,260,160,180,265,465,479,26,46,71,71,101,114,114,19,19,51,70,104,118,215,215,115,115,115,132,16,31,56,56,56,56,69,84,84,119,130,150,150],"floor_reached":59,"language":"ENG","playtime":3307,"items_purged":["Slimebound:Strike_Slimebound","downfall:Haunted"],"score":1025,"play_id":"a2c1bb83-01d9-47db-82c5-7fd7efad1b4a","local_time":"20210206171436","is_ascension_mode":true,"campfire_choices":[{"data":"Slimebound:Split","floor":1,"key":"SMITH"},{"data":"Slimebound:SlimeBrawl","floor":9,"key":"SMITH"},{"data":"Slimebound:SplitSpecialist","floor":11,"key":"SMITH"},{"data":"Slimebound:LevelUp","floor":14,"key":"SMITH"},{"data":"Slimebound:MassRepurpose","floor":22,"key":"SMITH"},{"floor":35,"key":"RECALL"},{"data":"Slimebound:SlimeBarrage","floor":42,"key":"SMITH"},{"data":"Slimebound:CheckThePlaybook","floor":49,"key":"SMITH"},{"data":"Slimebound:Teamwork","floor":51,"key":"SMITH"}],"circlet_count":0,"master_deck":["Slimebound:Tackle+1","Slimebound:Defend_Slimebound+1","Slimebound:Defend_Slimebound","Slimebound:Defend_Slimebound","Slimebound:Split+1","Slimebound:CorrosiveSpit","Slimebound:SlimeSpikes+1","Slimebound:SlimeBrawl+1","Slimebound:GoopSpray","Slimebound:SplitSpecialist+1","Slimebound:LevelUp+1","Slimebound:Teamwork+1","Slimebound:SlimeBarrage+1","Slimebound:MassRepurpose+1","Slimebound:MinionMaster+1","Slimebound:SamplingLick+1","Slimebound:LeechEnergy+1","Slimebound:LevelUp+1","Slimebound:ForwardTackle+1","Slimebound:LivingWall","Slimebound:CheckThePlaybook+1","Slimebound:LeechLife","Slimebound:PressTheAttack+1"],"relics":["Slimebound:AbsorbEndCombat","Boot","hubris:Towel","hubris:Icosahedron","Dota2Spire:BattleFury","Art of War","PreservedInsect","The Courier","Smiling Mask","Bottled Lightning","Astrolabe","downfall:HeartBlessingGreen","Dota2Spire:Vanguard","hubris:SlimyHat","Oddly Smooth Stone","Slimebound:AggressiveSlimeRelic","Dota2Spire:EtherealBlade","Gremlin Horn","Membership Card","Bottled Tornado","Dota2Spire:PhaseBoots","Whetstone","Matryoshka","War Paint","Pear","SacredBark","downfall:HeartBlessingRed","Dota2Spire:ShivaGuard","Bag of Marbles","wanderingMiniBosses:OtherGremlinHorn","Dota2Spire:AghanimScepter"],"acts_visited":["Exordium","TheCity","TheBeyond"],"potions_floor_usage":[16,27],"damage_taken":[{"damage":21,"enemies":"Cultist","floor":2,"turns":6},{"damage":7,"enemies":"2 Louse","floor":3,"turns":6},{"damage":5,"enemies":"Jaw Worm","floor":6,"turns":3},{"damage":6,"enemies":"downfall:FleeingMerchant","floor":10,"turns":4},{"damage":5,"enemies":"Gremlin Nob","floor":12,"turns":4},{"damage":3,"enemies":"downfall:FleeingMerchant","floor":13,"turns":4},{"damage":6,"enemies":"Exordium Thugs","floor":16,"turns":4},{"damage":0,"enemies":"Lagavulin","floor":17,"turns":5},{"damage":0,"enemies":"Lots of Slimes","floor":18,"turns":5},{"damage":3,"enemies":"Large Slime","floor":19,"turns":3},{"damage":0,"enemies":"SI_SHIV_ARCHETYPE","floor":20,"turns":5},{"damage":0,"enemies":"3 Byrds","floor":23,"turns":3},{"damage":0,"enemies":"3 Cultists","floor":26,"turns":3},{"damage":0,"enemies":"downfall:FleeingMerchant","floor":27,"turns":4},{"damage":12,"enemies":"Centurion and Healer","floor":28,"turns":6},{"damage":13,"enemies":"Slavers","floor":31,"turns":3},{"damage":3,"enemies":"Chosen and Byrds","floor":32,"turns":4},{"damage":0,"enemies":"downfall:FleeingMerchant","floor":34,"turns":2},{"damage":11,"enemies":"Book of Stabbing","floor":36,"turns":3},{"damage":0,"enemies":"Snecko","floor":37,"turns":3},{"damage":0,"enemies":"Slavers","floor":38,"turns":3},{"damage":17,"enemies":"Cultist and Chosen","floor":39,"turns":5},{"damage":6,"enemies":"IC_MUSHROOM_ARCHETYPE","floor":40,"turns":5},{"damage":0,"enemies":"Orb Walker","floor":45,"turns":3},{"damage":0,"enemies":"3 Darklings","floor":47,"turns":2},{"damage":0,"enemies":"Maw","floor":52,"turns":5},{"damage":0,"enemies":"Transient","floor":53,"turns":5},{"damage":6,"enemies":"Reptomancer","floor":55,"turns":3},{"damage":0,"enemies":"Writhing Mass","floor":56,"turns":3},{"damage":2,"enemies":"Jaw Worm Horde","floor":57,"turns":2},{"damage":27,"enemies":"DF_ARCHETYPE_ORBS","floor":58,"turns":4}],"seed_played":"-6740736378041698627","potions_obtained":[{"floor":6,"key":"Fruit Juice"},{"floor":12,"key":"Dexterity Potion"},{"floor":16,"key":"Slimebound:SlimedPotion"},{"floor":28,"key":"Swift Potion"},{"floor":53,"key":"Strength Potion"},{"floor":57,"key":"Dota2Spire:Clarity"}],"is_trial":false,"path_per_floor":["R","M","M","?","?","M","T","T","R","$","R","E","$","R","T","M","E","M","M","B",null,"R","M","?","?","M","$","M","T","T","E","M","?","$","R","E","M","E","M","B",null,"R","?","?","M","$","M","T","R","$","R","M","M","$","E","M","M","B",null],"character_chosen":"SLIMEBOUND","items_purchased":["PreservedInsect","Slimebound:SplitSpecialist","Dota2Spire:Vanguard","hubris:SlimyHat","Oddly Smooth Stone","Slimebound:ForwardTackle","Membership Card","Bottled Tornado","Dota2Spire:PhaseBoots","Whetstone","Matryoshka","Dota2Spire:ShivaGuard"],"campfire_rested":0,"item_purchase_floors":[10,10,27,27,27,27,34,34,34,34,34,46],"current_hp_per_floor":[65,52,53,53,53,52,52,52,52,52,52,49,48,48,48,49,55,55,56,62,70,70,70,58,58,62,68,64,64,64,53,52,52,54,54,47,49,63,46,48,73,73,73,73,73,73,73,73,73,73,73,73,73,73,69,73,73,52],"gold":150,"neow_bonus":"RANDOM_COMMON_RELIC","is_daily":false,"chose_seed":false,"campfire_upgraded":8,"win_rate":0.0,"timestamp":1612602876,"path_taken":["R","M","M","?","?","M","T","T","R","$","R","E","$","R","?","M","E","M","M","BOSS","R","M","?","?","?","$","M","T","T","E","?","?","?","R","E","M","E","M","BOSS","R","?","?","M","?","M","T","R","$","R","M","?","?","E","M","M","BOSS"],"items_purchased_type":["Relic","Card","Relic","Relic","Relic","Card","Relic","Relic","Relic","Relic","Relic","Relic"],"build_version":"2020-12-22","purchased_purges":2,"victory":true,"max_hp_per_floor":[65,65,65,65,65,65,65,65,65,65,65,65,65,65,65,70,70,70,70,70,70,70,70,70,70,70,70,70,70,70,70,70,63,63,63,63,63,73,73,73,73,73,73,73,73,73,73,73,73,73,73,73,73,73,73,73,73,73],"card_choices":[{"not_picked":["Slimebound:GoopTackle","Slimebound:RollThrough"],"picked":"Slimebound:SplitBruiser","floor":2},{"not_picked":["Slimebound:LeechingTouch","Slimebound:SplitLeeching"],"picked":"Slimebound:SlimeSpikes","floor":3},{"not_picked":["Slimebound:RollThrough","Slimebound:SplitMire"],"picked":"Slimebound:SlimeBrawl","floor":6},{"not_picked":["Slimebound:GoopTackle","Slimebound:SlimeSpikes"],"picked":"Slimebound:GoopSpray","floor":10},{"not_picked":["Slimebound:DivideAndConquer","Slimebound:SlimeTap","Slimebound:TongueLash"],"picked":"SKIP","floor":12},{"not_picked":["Slimebound:FinishingTackle","Slimebound:RollThrough"],"picked":"Slimebound:LevelUp","floor":13},{"not_picked":["Slimebound:BestDefense","Slimebound:HauntingLick"],"picked":"Slimebound:Teamwork","floor":16},{"not_picked":["Slimebound:BestDefense","Slimebound:LeechEnergy","Slimebound:Gluttony"],"picked":"SKIP","floor":17},{"not_picked":["Slimebound:Schlurp","Slimebound:SpikyOuterGoop"],"picked":"Slimebound:SlimeBarrage","floor":18},{"not_picked":["Slimebound:Prepare","Slimebound:ComboTackle","Slimebound:RejuvenatingLick"],"picked":"SKIP","floor":19},{"not_picked":["Slimebound:WasteNot","Slimebound:PrepareCrush"],"picked":"Slimebound:MassRepurpose","floor":20},{"not_picked":["Slimebound:FlameTackle","Slimebound:SplitMire","Slimebound:SlimeTap"],"picked":"SKIP","floor":23},{"not_picked":["Slimebound:HauntingLick+1","Slimebound:SplitLeeching","Slimebound:DuplicatedForm"],"picked":"SKIP","floor":26},{"not_picked":["Slimebound:BestDefense","Slimebound:Dissolve"],"picked":"Slimebound:LevelUp+1","floor":27},{"not_picked":["Slimebound:ForwardTackle","Slimebound:Equalize"],"picked":"Slimebound:LivingWall","floor":28},{"not_picked":["Slimebound:SplitLeeching","Slimebound:TongueLash","Slimebound:ItLooksTasty+1"],"picked":"SKIP","floor":31},{"not_picked":["Slimebound:AcidTongue","Slimebound:OneTwoCombo","Slimebound:SlimeSpikes"],"picked":"SKIP","floor":32},{"not_picked":["Slimebound:LivingWall","Slimebound:SplitBruiser","Slimebound:Repurpose+1"],"picked":"SKIP","floor":34},{"not_picked":["Slimebound:LeechingTouch+1","Slimebound:GoopTackle","Slimebound:Grow"],"picked":"SKIP","floor":36},{"not_picked":["Slimebound:Nibble","Slimebound:Grow","Slimebound:Replication+1"],"picked":"SKIP","floor":37},{"not_picked":["Slimebound:ServeAndProtect+1","Slimebound:Repurpose","Slimebound:SplitBruiser"],"picked":"SKIP","floor":38},{"not_picked":["Slimebound:ProtectTheBoss+1","Slimebound:SlimeBrawl","Slimebound:SplitAcid"],"picked":"SKIP","floor":39},{"not_picked":["Slimebound:OneTwoCombo","Slimebound:MassFeed"],"picked":"Slimebound:LeechLife","floor":40},{"not_picked":["Slimebound:GoopTackle","Slimebound:Gluttony+1","Slimebound:SplitAcid+1"],"picked":"SKIP","floor":45},{"not_picked":["Slimebound:SplitMire","Slimebound:Prepare","Slimebound:ForwardTackle"],"picked":"SKIP","floor":47},{"not_picked":["Slimebound:SamplingLick","Slimebound:Gluttony+1","Slimebound:FinishingTackle"],"picked":"SKIP","floor":52},{"not_picked":["Slimebound:SlimeBrawl+1","Slimebound:GoopTackle+1"],"picked":"Slimebound:PressTheAttack+1","floor":53},{"not_picked":["Slimebound:FinishingTackle","Slimebound:Nibble+1","Slimebound:SlimeBrawl+1"],"picked":"SKIP","floor":55},{"not_picked":["Slimebound:LeechingTouch","Slimebound:SplitMire","Slimebound:Nibble"],"picked":"SKIP","floor":56},{"not_picked":["Slimebound:FlameTackle","Slimebound:Prepare+1","Slimebound:LivingWall"],"picked":"SKIP","floor":57}],"player_experience":204173,"relics_obtained":[{"floor":7,"key":"Dota2Spire:BattleFury"},{"floor":8,"key":"Art of War"},{"floor":12,"key":"The Courier"},{"floor":15,"key":"Smiling Mask"},{"floor":17,"key":"Bottled Lightning"},{"floor":29,"key":"Slimebound:AggressiveSlimeRelic"},{"floor":30,"key":"Dota2Spire:EtherealBlade"},{"floor":31,"key":"Gremlin Horn"},{"floor":36,"key":"War Paint"},{"floor":38,"key":"Pear"},{"floor":48,"key":"Bag of Marbles"},{"floor":52,"key":"wanderingMiniBosses:OtherGremlinHorn"},{"floor":55,"key":"Dota2Spire:AghanimScepter"}],"event_choices":[{"cards_removed":["Slimebound:Strike_Slimebound"],"damage_healed":0,"gold_gain":0,"player_choice":"Removed Attack","damage_taken":0,"max_hp_gain":0,"max_hp_loss":0,"event_name":"Falling","floor":44,"gold_loss":0}],"is_beta":false,"boss_relics":[{"not_picked":["hubris:VirtuousBlindfold","Slimebound:AbsorbEndCombatUpgraded"],"picked":"Astrolabe"},{"not_picked":["Pandora\u0027s Box","SlaversCollar"],"picked":"SacredBark"}],"items_purged_floors":[13,27],"is_endless":false,"potions_floor_spawned":[6,12,16,17,20,23,28,31,36,38,39,40,52,53,55,57],"ascension_level":2}}