{"host":"x000krxjblg8jdg4","time":1612631864,"event":{"mods":["BaseMod","Downfall","Hermit","Minty Spire (QoL Compilation)","StSLib","The Cursed","The Runesmith","The Servant 0.9.4"],"gold_per_floor":[110,185,260,260,260,291,291,291,291,566,582,609,176,187,187,285,285,298,298,317,337,357,357,390,402,428,428,462,462,14,26,26,129,129,141,416,3,3,14,46,60,91,91,91,441,454,474,434,434,434,434],"floor_reached":50,"language":"ENG","playtime":2720,"items_purged":["Regret"],"score":598,"play_id":"7772e1cc-2ccb-4784-a5a1-d59e0a38ae9a","local_time":"20210206151744","is_ascension_mode":false,"campfire_choices":[{"floor":7,"key":"REST"},{"floor":15,"key":"REST"},{"floor":23,"key":"REST"},{"floor":27,"key":"REST"},{"floor":32,"key":"REST"},{"floor":44,"key":"REST"},{"floor":49,"key":"REST"}],"circlet_count":0,"master_deck":["Strike_R","Strike_R","Strike_R","Strike_R","Strike_R","Defend_R","Defend_R","Defend_R","Defend_R","Bash+1","Sword Boomerang","Perfected Strike","Thunderclap","Thunderclap","Sadistic Nature","Heavy Blade","Limit Break","Shrug It Off+1","Dropkick","Pommel Strike","Shrug It Off","Thunderclap","Shrug It Off","Warcry","Flex","Flex","Dual Wield","Reaper","Flame Barrier+1","Apotheosis+1","Swift Strike","Inflame+1","Clash","Pommel Strike","Pommel Strike+1","Perfected Strike+1","Whirlwind","Iron Wave+1"],"relics":["Black Blood","Juzu Bracelet","Darkstone Periapt","The Courier","Omamori","Orichalcum","Oddly Smooth Stone","SlaversCollar","sneckomod:BabySnecko","Peace Pipe","Blood Vial","Anchor","TheAbacus","Nunchaku","Ancient Tea Set","Pantograph","Runesmith:Nanobots","Vajra","Strawberry","Old Coin"],"acts_visited":["Exordium","TheCity","TheBeyond"],"potions_floor_usage":[12,16,24,28,31,33,39,42,47,50,50,50],"damage_taken":[{"damage":10,"enemies":"Jaw Worm","floor":1,"turns":5},{"damage":17,"enemies":"Gremlin Nob","floor":6,"turns":4},{"damage":10,"enemies":"2 Louse","floor":11,"turns":2},{"damage":49,"enemies":"Lagavulin","floor":12,"turns":6},{"damage":0,"enemies":"Cultist","floor":14,"turns":2},{"damage":54,"enemies":"The Guardian","floor":16,"turns":11},{"damage":4,"enemies":"Chosen","floor":18,"turns":4},{"damage":28,"enemies":"2 Thieves","floor":20,"turns":4},{"damage":21,"enemies":"Shelled Parasite and Fungi","floor":21,"turns":6},{"damage":23,"enemies":"Snake Plant","floor":22,"turns":4},{"damage":38,"enemies":"Slavers","floor":24,"turns":5},{"damage":15,"enemies":"Cultist and Chosen","floor":25,"turns":6},{"damage":24,"enemies":"Gremlin Leader","floor":28,"turns":5},{"damage":13,"enemies":"Sentry and Sphere","floor":31,"turns":5},{"damage":44,"enemies":"Champ","floor":33,"turns":11},{"damage":15,"enemies":"3 Shapes","floor":35,"turns":6},{"damage":15,"enemies":"Orb Walker","floor":39,"turns":4},{"damage":39,"enemies":"Nemesis","floor":40,"turns":7},{"damage":18,"enemies":"Writhing Mass","floor":41,"turns":6},{"damage":73,"enemies":"Reptomancer","floor":42,"turns":5},{"damage":33,"enemies":"Mind Bloom Boss Battle","floor":45,"turns":5},{"damage":37,"enemies":"4 Shapes","floor":46,"turns":3},{"damage":54,"enemies":"Transient","floor":47,"turns":5},{"damage":85,"enemies":"Time Eater","floor":50,"turns":8}],"seed_played":"9051231321812945087","potions_obtained":[{"floor":1,"key":"PowerPotion"},{"floor":14,"key":"AttackPotion"},{"floor":16,"key":"GamblersBrew"},{"floor":22,"key":"SteroidPotion"},{"floor":24,"key":"Weak Potion"},{"floor":28,"key":"Block Potion"},{"floor":31,"key":"LiquidBronze"},{"floor":33,"key":"SkillPotion"},{"floor":35,"key":"Dexterity Potion"},{"floor":40,"key":"BlessingOfTheForge"},{"floor":45,"key":"EssenceOfSteel"},{"floor":46,"key":"EntropicBrew"}],"is_trial":false,"path_per_floor":["M","?","?","?","?","E","R","?","T","?","M","E","$","M","R","B",null,"M","?","M","M","M","R","E","M","T","R","E","?","$","M","R","B",null,"M","?","$","?","M","E","M","E","T","R","?","M","M","?","R","B"],"character_chosen":"IRONCLAD","items_purchased":["Orichalcum","Sadistic Nature","Oddly Smooth Stone","TheAbacus","Nunchaku","Ancient Tea Set","Flex","Flex","Pantograph","Apotheosis","Swift Strike"],"campfire_rested":7,"item_purchase_floors":[13,13,13,30,30,30,30,30,37,37,37],"current_hp_per_floor":[76,65,57,57,57,46,70,70,70,76,72,29,29,35,60,12,86,86,86,64,49,32,57,25,16,16,41,25,25,25,20,45,9,86,86,86,86,82,82,55,51,19,26,52,73,64,32,32,58,0,0],"gold":434,"neow_bonus":"RANDOM_COMMON_RELIC","is_daily":false,"chose_seed":false,"campfire_upgraded":0,"win_rate":0.0,"timestamp":1612631864,"path_taken":["M","?","?","?","?","E","R","?","T","?","M","E","$","M","R","BOSS","M","?","M","M","M","R","E","M","T","R","E","?","$","M","R","BOSS","M","?","?","?","M","E","M","E","T","R","?","M","M","?","R","BOSS"],"items_purchased_type":["Relic","Card","Relic","Relic","Relic","Relic","Card","Card","Relic","Card","Card"],"build_version":"2020-12-22","purchased_purges":1,"victory":false,"max_hp_per_floor":[80,80,80,80,80,80,80,80,80,86,86,86,86,86,86,86,86,86,86,86,86,86,86,86,86,86,86,86,86,86,86,86,86,86,86,86,86,82,82,82,82,82,89,89,89,89,89,89,89,89,89],"card_choices":[{"not_picked":["Battle Trance","Dark Embrace"],"picked":"Sword Boomerang","floor":1},{"not_picked":["Iron Wave","Sever Soul"],"picked":"Perfected Strike","floor":6},{"not_picked":["Pummel","True Grit"],"picked":"Thunderclap","floor":11},{"not_picked":["Body Slam","Bloodletting"],"picked":"Thunderclap","floor":12},{"not_picked":["Bloodletting","Combust"],"picked":"Heavy Blade","floor":14},{"not_picked":["Double Tap","Impervious"],"picked":"Limit Break","floor":16},{"not_picked":["Whirlwind","Dual Wield"],"picked":"Shrug It Off+1","floor":18},{"not_picked":["Rupture+1","Iron Wave"],"picked":"Dropkick","floor":20},{"not_picked":["Headbutt","Burning Pact"],"picked":"Pommel Strike","floor":21},{"not_picked":["Whirlwind","Body Slam"],"picked":"Shrug It Off","floor":22},{"not_picked":["Warcry","Burning Pact"],"picked":"Thunderclap","floor":24},{"not_picked":["Searing Blow+1","Cleave"],"picked":"Shrug It Off","floor":25},{"not_picked":["Second Wind","Limit Break"],"picked":"Warcry","floor":28},{"not_picked":["Thunderclap","Headbutt"],"picked":"Dual Wield","floor":31},{"not_picked":["Berserk","Barricade"],"picked":"Reaper","floor":33},{"not_picked":["Warcry","Dropkick"],"picked":"Flame Barrier+1","floor":35},{"not_picked":["Iron Wave+1","Intimidate"],"picked":"Inflame+1","floor":39},{"not_picked":["Perfected Strike","Battle Trance+1"],"picked":"Clash","floor":40},{"not_picked":["True Grit+1","Disarm+1"],"picked":"Pommel Strike","floor":41},{"not_picked":["Headbutt","Flex"],"picked":"Pommel Strike+1","floor":42},{"not_picked":["Fire Breathing","Limit Break"],"picked":"Perfected Strike+1","floor":45},{"not_picked":["Burning Pact+1","Thunderclap"],"picked":"Whirlwind","floor":46},{"not_picked":["True Grit+1","Body Slam"],"picked":"Iron Wave+1","floor":47}],"player_experience":59730,"relics_obtained":[{"floor":6,"key":"Darkstone Periapt"},{"floor":9,"key":"The Courier"},{"floor":12,"key":"Omamori"},{"floor":24,"key":"Peace Pipe"},{"floor":26,"key":"Blood Vial"},{"floor":28,"key":"Anchor"},{"floor":40,"key":"Runesmith:Nanobots"},{"floor":42,"key":"Vajra"},{"floor":43,"key":"Strawberry"},{"floor":45,"key":"Old Coin"}],"event_choices":[{"damage_healed":0,"gold_gain":75,"player_choice":"Gather Gold","damage_taken":11,"max_hp_gain":0,"max_hp_loss":0,"event_name":"World of Goop","floor":2,"gold_loss":0},{"damage_healed":0,"gold_gain":75,"player_choice":"Touch","damage_taken":8,"max_hp_gain":0,"max_hp_loss":0,"event_name":"FaceTrader","floor":3,"gold_loss":0},{"damage_healed":0,"gold_gain":0,"player_choice":"Ignored","damage_taken":0,"max_hp_gain":0,"max_hp_loss":0,"event_name":"Golden Wing","floor":4,"gold_loss":0},{"damage_healed":0,"gold_gain":0,"player_choice":"Grow","damage_taken":0,"max_hp_gain":0,"max_hp_loss":0,"event_name":"Living Wall","floor":5,"gold_loss":0,"cards_upgraded":["Bash"]},{"damage_healed":0,"gold_gain":0,"player_choice":"Leave","damage_taken":0,"max_hp_gain":0,"max_hp_loss":0,"event_name":"The Cleric","floor":8,"gold_loss":0},{"damage_healed":0,"gold_gain":275,"player_choice":"Desecrate","damage_taken":0,"max_hp_gain":0,"max_hp_loss":0,"event_name":"Golden Shrine","floor":10,"gold_loss":0,"cards_obtained":["Regret"]},{"damage_healed":0,"gold_gain":0,"player_choice":"Ignored","damage_taken":0,"max_hp_gain":0,"max_hp_loss":0,"event_name":"Beggar","floor":29,"gold_loss":0},{"damage_healed":0,"gold_gain":275,"player_choice":"Desecrate","damage_taken":0,"max_hp_gain":0,"max_hp_loss":0,"event_name":"Golden Shrine","floor":36,"gold_loss":0,"cards_obtained":["Regret"]},{"damage_healed":0,"gold_gain":0,"player_choice":"Max HP","damage_taken":0,"max_hp_gain":0,"max_hp_loss":4,"event_name":"Winding Halls","floor":38,"gold_loss":0},{"damage_healed":0,"gold_gain":0,"player_choice":"Fight","damage_taken":0,"max_hp_gain":0,"max_hp_loss":0,"event_name":"MindBloom","floor":45,"gold_loss":0},{"damage_healed":0,"gold_gain":0,"player_choice":"Upgrade","damage_taken":0,"max_hp_gain":0,"max_hp_loss":0,"event_name":"Designer","floor":48,"gold_loss":40,"cards_upgraded":["Apotheosis"]}],"is_beta":false,"boss_relics":[{"not_picked":["Runic Dome","bronze:MakeshiftBattery"],"picked":"SlaversCollar"},{"not_picked":["Runic Cube","Runesmith:UraniumAnvil"],"picked":"Black Blood"}],"items_purged_floors":[13],"is_endless":false,"potions_floor_spawned":[1,14,16,22,24,28,31,33,35,40,45,46],"killed_by":"Time Eater","ascension_level":0}}