{"host":"3qkmyeoym75lj4wn","time":1612637473,"event":{"mods":["2.2 Compatiblity","BaseMod","Block Reminder","Colored Powertips","Highlight Path","Minty Spire (QoL Compilation)","Permanent Neow","Potion Indicator Mod","Rare Cards Sparkle","Relic Stats","StSLib","Unceasing Turn Reminder"],"gold_per_floor":[214,18,35,35,53,53,86,96,96,111,111,123,123,123,123],"floor_reached":14,"language":"ENG","playtime":386,"items_purged":[],"score":184,"play_id":"da9aee6c-9a6f-455f-9252-807f608ff26f","local_time":"20210206185113","is_ascension_mode":true,"campfire_choices":[{"data":"Heavy Blade","floor":6,"key":"SMITH"},{"floor":11,"key":"REST"},{"floor":13,"key":"REST"}],"circlet_count":0,"master_deck":["AscendersBane","Strike_R","Strike_R","Strike_R","Strike_R","Strike_R","Defend_R","Defend_R","Defend_R","Defend_R","Bash","Heavy Blade+1","Spot Weakness","Thunderclap","Flame Barrier","Blood for Blood","Cleave"],"relics":["Burning Blood","Membership Card","InkBottle","Matryoshka"],"acts_visited":["Exordium"],"potions_floor_usage":[3,10],"damage_taken":[{"damage":8,"enemies":"2 Louse","floor":1,"turns":4},{"damage":11,"enemies":"Small Slimes","floor":3,"turns":3},{"damage":1,"enemies":"Cultist","floor":5,"turns":3},{"damage":56,"enemies":"Gremlin Nob","floor":7,"turns":5},{"damage":16,"enemies":"Blue Slaver","floor":8,"turns":4},{"damage":13,"enemies":"Red Slaver","floor":10,"turns":5},{"damage":22,"enemies":"3 Louse","floor":12,"turns":3},{"damage":13,"enemies":"Lagavulin","floor":14,"turns":6}],"seed_played":"6064326304781878644","potions_obtained":[{"floor":1,"key":"Regen Potion"},{"floor":3,"key":"ElixirPotion"},{"floor":8,"key":"BlessingOfTheForge"}],"is_trial":false,"path_per_floor":["M","$","M","?","M","R","E","M","T","M","R","M","R","E"],"character_chosen":"IRONCLAD","items_purchased":["Membership Card","Spot Weakness"],"campfire_rested":2,"item_purchase_floors":[2,2],"current_hp_per_floor":[66,66,70,70,75,75,25,15,15,8,30,14,36,23,23],"gold":123,"neow_bonus":"HUNDRED_GOLD","is_daily":false,"chose_seed":false,"campfire_upgraded":1,"win_rate":0.0,"timestamp":1612637473,"path_taken":["M","$","M","?","M","R","E","M","T","M","R","M","R","E"],"items_purchased_type":["Relic","Card"],"build_version":"2020-12-22","purchased_purges":0,"victory":false,"max_hp_per_floor":[75,75,75,75,75,75,75,75,75,75,75,75,75,75,75],"relic_stats":{"counters":[8,33],"obtain_stats":[{"Matryoshka":9,"Membership Card":2,"Burning Blood":0,"InkBottle":7},{"Matryoshka":5,"Membership Card":1,"Burning Blood":0,"InkBottle":4},{"Matryoshka":19,"Membership Card":4,"Burning Blood":0,"InkBottle":15}],"Burning Blood":42,"InkBottle":[3]},"card_choices":[{"not_picked":["Rage","Warcry"],"picked":"Heavy Blade","floor":1},{"not_picked":["True Grit","Searing Blow","Sword Boomerang"],"picked":"SKIP","floor":3},{"not_picked":["Heavy Blade","Second Wind"],"picked":"Thunderclap","floor":5},{"not_picked":["Exhume","Body Slam"],"picked":"Flame Barrier","floor":7},{"not_picked":["Iron Wave","Dual Wield"],"picked":"Blood for Blood","floor":8},{"not_picked":["Twin Strike","Wild Strike","Perfected Strike"],"picked":"SKIP","floor":10},{"not_picked":["Anger","Body Slam"],"picked":"Cleave","floor":12}],"player_experience":1731663,"relics_obtained":[{"floor":7,"key":"InkBottle"},{"floor":9,"key":"Matryoshka"}],"event_choices":[{"damage_healed":0,"gold_gain":0,"player_choice":"Leave","damage_taken":0,"max_hp_gain":0,"max_hp_loss":0,"event_name":"The Cleric","floor":4,"gold_loss":0}],"is_beta":false,"boss_relics":[],"items_purged_floors":[],"is_endless":false,"potions_floor_spawned":[1,3,8],"killed_by":"Lagavulin","ascension_level":20}}