{"host":"edan538w829056nc","time":1612654925,"event":{"mods":["AchievementEnabler","BaseMod","Custom Start","Highlight Path","Infinite Spire","Minty Spire (QoL Compilation)","Remilia??????","StSLib"],"gold_per_floor":[214,214,214,64,78,78,107,122,122,135,135,135,135,145,145,145,145],"floor_reached":16,"language":"ENG","playtime":358,"items_purged":[],"score":200,"play_id":"06e9dbb5-1e33-467f-9a85-bc6a9b2e43ac","local_time":"20210207004205","is_ascension_mode":true,"campfire_choices":[{"data":"Shockwave","floor":6,"key":"SMITH"},{"floor":11,"key":"REST"},{"data":"Metallicize","floor":15,"key":"SMITH"}],"circlet_count":0,"master_deck":["AscendersBane","Strike_R","Strike_R","Strike_R","Strike_R","Strike_R","Defend_R","Defend_R","Defend_R","Defend_R","Bash","Shockwave+1","Immolate","Metallicize+1","Rage"],"relics":["Burning Blood","Unceasing Top","infinitespire:Eraser","Pocketwatch","Vajra"],"acts_visited":["Exordium"],"potions_floor_usage":[16],"damage_taken":[{"damage":17,"enemies":"Cultist","floor":1,"turns":5},{"damage":7,"enemies":"Jaw Worm","floor":5,"turns":2},{"damage":48,"enemies":"Gremlin Nob","floor":7,"turns":5},{"damage":4,"enemies":"Small Slimes","floor":8,"turns":3},{"damage":5,"enemies":"Blue Slaver","floor":10,"turns":3},{"damage":6,"enemies":"Looter","floor":14,"turns":3},{"damage":64,"enemies":"Slime Boss","floor":16,"turns":9}],"seed_played":"6117279150308254433","potions_obtained":[{"floor":1,"key":"Regen Potion"},{"floor":3,"key":"SmokeBomb"}],"is_trial":false,"path_per_floor":["M","?","?","$","M","R","E","M","T","M","R","?","T","M","R","B"],"character_chosen":"IRONCLAD","items_purchased":["Immolate"],"campfire_rested":1,"item_purchase_floors":[4],"current_hp_per_floor":[57,57,57,57,56,56,14,16,16,17,39,44,44,44,44,0,0],"gold":145,"neow_bonus":"HUNDRED_GOLD","is_daily":false,"chose_seed":false,"campfire_upgraded":2,"win_rate":0.0,"timestamp":1612654925,"path_taken":["M","?","?","$","M","R","E","M","T","?","R","?","?","M","R","BOSS"],"items_purchased_type":["Card"],"build_version":"2020-12-22","purchased_purges":0,"victory":false,"max_hp_per_floor":[75,75,75,75,75,75,75,75,75,75,75,80,80,80,80,80,80],"card_choices":[{"not_picked":["Wild Strike","Metallicize"],"picked":"Shockwave","floor":1},{"not_picked":["Warcry","Clash","Perfected Strike"],"picked":"SKIP","floor":5},{"not_picked":["Spot Weakness","Shrug It Off"],"picked":"Metallicize","floor":7},{"not_picked":["Thunderclap","Combust","Wild Strike"],"picked":"SKIP","floor":8},{"not_picked":["Armaments","Heavy Blade","Iron Wave"],"picked":"SKIP","floor":10},{"not_picked":["Armaments","Iron Wave"],"picked":"Rage","floor":14}],"player_experience":478065,"relics_obtained":[{"floor":2,"key":"Unceasing Top"},{"floor":7,"key":"infinitespire:Eraser"},{"floor":9,"key":"Pocketwatch"},{"floor":13,"key":"Vajra"}],"event_choices":[{"damage_healed":0,"gold_gain":0,"player_choice":"Got Potions","damage_taken":0,"max_hp_gain":0,"max_hp_loss":0,"event_name":"Lab","floor":3,"gold_loss":0},{"damage_healed":0,"gold_gain":0,"player_choice":"Donut","damage_taken":0,"max_hp_gain":5,"max_hp_loss":0,"event_name":"Big Fish","floor":12,"gold_loss":0}],"is_beta":false,"boss_relics":[],"items_purged_floors":[],"is_endless":false,"potions_floor_spawned":[1,14],"killed_by":"Slime Boss","ascension_level":20}}