{"host":"rtnsay39s46sdx80","time":1612594752,"event":{"mods":["2.2 Compatiblity","BaseMod","KinomotoSakuraMod(????)","Lobotomy","Marisa????????","Minty Spire (QoL Compilation)","Rare Cards Sparkle","Reimu??????","Remilia??????","Replay The Spire","StSLib","The Senshi"],"gold_per_floor":[116,116,116,116,127,127,142,142,142,142,152,152,162,196,196,294,294,314,2,22,22,22,47,47,47,47,47,47,47,63,63,63,159,159,179,197,208,208,19,19,45,45,70,90,90],"floor_reached":44,"language":"ENG","playtime":2838,"items_purged":[],"score":692,"play_id":"03b7c5e5-392c-4145-82d1-a9c28505f9c1","local_time":"20210206135912","is_ascension_mode":true,"campfire_choices":[{"floor":6,"key":"REST"},{"data":"HunterOfTheNight","floor":8,"key":"SMITH"},{"data":"CharismaGuard","floor":10,"key":"SMITH"},{"data":"MastersStateliness","floor":12,"key":"SMITH"},{"floor":15,"key":"REST"},{"floor":24,"key":"REST"},{"floor":27,"key":"REST"},{"floor":29,"key":"REST"},{"data":"BloodySeventeenLaser","floor":32,"key":"SMITH"},{"data":"QueenOfMidnight","floor":40,"key":"SMITH"},{"floor":42,"key":"REST"}],"circlet_count":0,"master_deck":["Strike_RM","Strike_RM","Strike_RM+1","Strike_RM","Defend_RM","Defend_RM","Defend_RM","Defend_RM","RedMoon+1","ScarletShoot","CharismaGuard+1","CharismaGuard+1","HunterOfTheNight+1","MastersStateliness+1","Maim","RedRainbow","ScarletNetherworld+1","BloodySeventeenLaser+1","UnderTheZenith","BombardNight","RitualDagger","FitfulNightmare","MastersStateliness+1","UnstableMagic","UnstableMagic","UnderTheZenith","QueenOfMidnight+1","RedRainbow+1","TwelveNightmare+1","BloodHunter+1","CeilingFear+1","ScarletDevilSign","EmergencyRegeneration","CharismaGuard+1"],"relics":["ScarletHat","Darkstone Periapt","Dream Catcher","ScarletEmblem","Gungnir","Replay:Bottled Flurry","WingedGreaves","Mercury Hourglass","APieceOfRedMist","Golden Egg","Replay:Bandana"],"acts_visited":["Exordium","TheCity","TheBeyond"],"potions_floor_usage":[16,16,23,33,44,44],"damage_taken":[{"damage":0,"enemies":"2 Louse","floor":1,"turns":3},{"damage":0,"enemies":"Cultist","floor":5,"turns":5},{"damage":0,"enemies":"Jaw Worm","floor":7,"turns":5},{"damage":0,"enemies":"Large Slime","floor":11,"turns":8},{"damage":0,"enemies":"2 Fungi Beasts","floor":13,"turns":5},{"damage":0,"enemies":"3 Sentries","floor":14,"turns":12},{"damage":57,"enemies":"The Guardian","floor":16,"turns":11},{"damage":0,"enemies":"Chosen","floor":18,"turns":5},{"damage":42,"enemies":"3 Byrds","floor":20,"turns":6},{"damage":28,"enemies":"Book of Stabbing","floor":23,"turns":7},{"damage":0,"enemies":"3 Cultists","floor":30,"turns":4},{"damage":9,"enemies":"Automaton","floor":33,"turns":6},{"damage":6,"enemies":"Orb Walker","floor":35,"turns":3},{"damage":21,"enemies":"3 Darklings","floor":36,"turns":8},{"damage":31,"enemies":"4 Shapes","floor":37,"turns":3},{"damage":78,"enemies":"Giant Head","floor":41,"turns":9},{"damage":94,"enemies":"Reptomancer","floor":44,"turns":3}],"seed_played":"-7785112409597345008","potions_obtained":[{"floor":4,"key":"MagicPotion:ReiMu"},{"floor":4,"key":"Swift Potion"},{"floor":4,"key":"DistilledChaos"},{"floor":7,"key":"Ancient Potion"},{"floor":14,"key":"Toxic Potion"},{"floor":16,"key":"Languid Potion"},{"floor":23,"key":"Dexterity Potion"},{"floor":33,"key":"Weak Potion"},{"floor":41,"key":"DuplicationPotion"}],"is_trial":false,"path_per_floor":["M","?","?","?","M","R","M","R","T","R","M","R","M","E","R","B",null,"M","$","M","?","?","E","R","?","T","R","?","R","M","?","R","B",null,"M","M","M","?","$","R","E","R","T","E"],"character_chosen":"REMILIA","items_purchased":["Gungnir","CeilingFear+1","ScarletDevilSign"],"campfire_rested":6,"item_purchase_floors":[19,39,39],"current_hp_per_floor":[64,46,46,46,47,73,76,76,76,76,77,77,77,77,89,39,77,77,77,38,38,32,5,31,31,31,57,57,83,88,88,88,82,87,82,72,41,89,89,89,35,61,61,0,0],"gold":90,"neow_bonus":"TWENTY_PERCENT_HP_BONUS","is_daily":false,"chose_seed":false,"campfire_upgraded":5,"win_rate":0.0,"timestamp":1612594752,"path_taken":["M","?","?","?","M","R","M","R","T","R","M","R","?","E","R","BOSS","M","$","M","?","?","E","R","?","T","R","?","R","?","?","R","BOSS","M","M","?","?","?","R","E","R","T","E"],"items_purchased_type":["Relic","Card","Card"],"build_version":"2020-12-22","purchased_purges":0,"victory":false,"max_hp_per_floor":[89,89,89,89,89,89,89,89,89,89,89,89,89,89,89,89,89,89,89,89,89,89,89,89,89,89,89,89,89,89,89,89,89,89,89,89,89,89,89,89,89,89,89,89,89],"card_choices":[{"not_picked":["VampireClaw","VampireKiss"],"picked":"CharismaGuard","floor":1},{"not_picked":["NightDance","EndlessAdversity"],"picked":"CharismaGuard","floor":5},{"not_picked":["EternalNight","DevilSight"],"picked":"HunterOfTheNight","floor":7},{"not_picked":["ScarletDevil","StarOfDavid"],"picked":"MastersStateliness","floor":11},{"not_picked":["VampireClaw","VampireKiss"],"picked":"Maim","floor":13},{"not_picked":["BloodyMagicSquare","StarOfDavid"],"picked":"RedRainbow","floor":14},{"not_picked":["HellCatastrophe","NightDance"],"picked":"ScarletNetherworld","floor":15},{"not_picked":["ChaoticDestiny","ForecastOfChange"],"picked":"BloodySeventeenLaser","floor":16},{"not_picked":["NightDance","StarOfDavid"],"picked":"UnderTheZenith","floor":18},{"not_picked":["EndlessAdversity","BloodHunter"],"picked":"BombardNight","floor":20},{"not_picked":["StarOfDavid","BloodHunter"],"picked":"FitfulNightmare","floor":23},{"not_picked":["BombardNight","BloodHunter"],"picked":"MastersStateliness+1","floor":24},{"not_picked":["BlasphemousPunishment","EmergencyRegeneration"],"picked":"UnstableMagic","floor":27},{"not_picked":["ScarletDream","StarOfDavid"],"picked":"UnstableMagic","floor":29},{"not_picked":["VampireSweep","CharismaGuard"],"picked":"BlasphemousPunishment+1","floor":30},{"not_picked":["TricksterDevil","ForecastOfChange"],"picked":"QueenOfMidnight","floor":33},{"not_picked":["Ultimatum+1","VampireKiss+1"],"picked":"RedRainbow+1","floor":35},{"not_picked":["Maim","ScarletDevil+1"],"picked":"TwelveNightmare+1","floor":36},{"not_picked":["UnstableMagic+1","RedRainbow"],"picked":"BloodHunter+1","floor":37},{"not_picked":["BloodHunter+1","MillenniumVampire"],"picked":"EmergencyRegeneration","floor":41},{"not_picked":["BloodyHallows","NightDance+1"],"picked":"CharismaGuard+1","floor":42}],"player_experience":265708,"relics_obtained":[{"floor":9,"key":"Darkstone Periapt"},{"floor":14,"key":"Dream Catcher"},{"floor":23,"key":"WingedGreaves"},{"floor":26,"key":"Mercury Hourglass"},{"floor":41,"key":"Golden Egg"},{"floor":43,"key":"Replay:Bandana"}],"event_choices":[{"damage_healed":0,"gold_gain":0,"player_choice":"Entered Light","damage_taken":18,"max_hp_gain":0,"max_hp_loss":0,"event_name":"Shining Light","floor":2,"gold_loss":0,"cards_upgraded":["CharismaGuard","RedMoon"]},{"damage_healed":0,"gold_gain":0,"player_choice":"Got Potions","damage_taken":0,"max_hp_gain":0,"max_hp_loss":0,"event_name":"Lab","floor":4,"gold_loss":0},{"damage_healed":0,"gold_gain":0,"player_choice":"Opened","damage_taken":0,"relics_obtained":["Replay:Bottled Flurry"],"max_hp_gain":0,"max_hp_loss":0,"event_name":"The Mausoleum","floor":21,"gold_loss":0},{"damage_healed":0,"gold_gain":0,"player_choice":"Joined the Cult","damage_taken":6,"max_hp_gain":0,"max_hp_loss":0,"event_name":"Nest","floor":22,"gold_loss":0,"cards_obtained":["RitualDagger"]},{"damage_healed":0,"gold_gain":0,"player_choice":"Upgraded","damage_taken":0,"max_hp_gain":0,"max_hp_loss":0,"event_name":"Upgrade Shrine","floor":28,"gold_loss":0,"cards_upgraded":["ScarletNetherworld"]},{"damage_healed":0,"gold_gain":0,"cards_transformed":["BlasphemousPunishment"],"player_choice":"Transformed","damage_taken":0,"max_hp_gain":0,"max_hp_loss":0,"event_name":"Transmorgrifier","floor":31,"gold_loss":0,"cards_obtained":["UnderTheZenith"]},{"damage_healed":48,"gold_gain":0,"player_choice":"Full Heal","damage_taken":0,"max_hp_gain":0,"max_hp_loss":0,"event_name":"Wheel of Change","floor":38,"gold_loss":0}],"is_beta":false,"boss_relics":[{"not_picked":["Ring of Chaos","Black Star"],"picked":"ScarletEmblem"},{"not_picked":["Replay:Bronze Core","Painkiller Herb"],"picked":"APieceOfRedMist"}],"items_purged_floors":[],"is_endless":false,"potions_floor_spawned":[7,14,16,23,33,35,41],"killed_by":"Reptomancer","ascension_level":9}}