{"host":"mydft8i2zzydgggw","time":1612596902,"event":{"mods":["AchievementEnabler","BaseMod","BetterRewards","Colored Map","Colored Powertips","DeckTracker","Keyboard Shortcuts","Minty Spire (QoL Compilation)","Rare Cards Sparkle","StSLib","SuperFastMode","everything is the same but u backflip on backflip"],"gold_per_floor":[18,31,31,31,31,31,56,68,80,107,138,150,177,200,212,224,224],"floor_reached":16,"language":"KOR","playtime":236,"items_purged":[],"score":138,"play_id":"afda9728-a598-4c21-affe-fbbbcf8124a4","local_time":"20210206163502","is_ascension_mode":true,"campfire_choices":[{"data":"Fiend Fire","floor":6,"key":"SMITH"},{"data":"Searing Blow","floor":15,"key":"SMITH"}],"circlet_count":0,"master_deck":["Strike_R","Strike_R","Strike_R","Strike_R","Defend_R","Defend_R","Defend_R","Defend_R","Bash","Fiend Fire+1","Shrug It Off","True Grit","Searing Blow+1","Power Through","Power Through","Evolve"],"relics":["Burning Blood","MawBank","Omamori","Tiny Chest"],"acts_visited":["Exordium"],"potions_floor_usage":[11,16],"damage_taken":[{"damage":7,"enemies":"Jaw Worm","floor":1,"turns":2},{"damage":2,"enemies":"2 Louse","floor":2,"turns":2},{"damage":28,"enemies":"3 Sentries","floor":7,"turns":8},{"damage":0,"enemies":"Cultist","floor":10,"turns":3},{"damage":18,"enemies":"3 Louse","floor":11,"turns":4},{"damage":9,"enemies":"Red Slaver","floor":13,"turns":3},{"damage":6,"enemies":"Blue Slaver","floor":14,"turns":4},{"damage":51,"enemies":"Hexaghost","floor":16,"turns":12}],"seed_played":"8551844034072210280","potions_obtained":[{"floor":2,"key":"AttackPotion"},{"floor":8,"key":"Dexterity Potion"},{"floor":8,"key":"ElixirPotion"},{"floor":8,"key":"Fruit Juice"}],"is_trial":false,"path_per_floor":["M","M","?","$","?","R","E","?","T","M","M","?","M","M","R","B"],"character_chosen":"IRONCLAD","items_purchased":[],"campfire_rested":0,"item_purchase_floors":[],"current_hp_per_floor":[71,75,75,75,75,75,53,53,53,59,47,47,44,44,44,0,0],"gold":224,"neow_bonus":"THREE_RARE_CARDS","is_daily":false,"chose_seed":false,"campfire_upgraded":2,"win_rate":0.0,"timestamp":1612596902,"path_taken":["M","M","?","$","?","R","E","?","T","M","?","?","M","M","R","BOSS"],"items_purchased_type":[],"build_version":"2020-12-22","purchased_purges":0,"victory":false,"max_hp_per_floor":[80,80,80,80,80,80,80,80,80,80,80,80,80,80,80,80,80],"card_choices":[{"not_picked":["Offering","Juggernaut"],"picked":"Fiend Fire","floor":0},{"not_picked":["Pommel Strike","Body Slam"],"picked":"Shrug It Off","floor":1},{"not_picked":["Thunderclap","Flex"],"picked":"True Grit","floor":2},{"not_picked":["Warcry","Bloodletting"],"picked":"Searing Blow","floor":7},{"not_picked":["Clothesline","Havoc"],"picked":"Seeing Red","floor":10},{"not_picked":["Dual Wield","Fire Breathing"],"picked":"Power Through","floor":11},{"not_picked":["Carnage","Anger"],"picked":"Power Through","floor":13},{"not_picked":["Battle Trance","Feel No Pain"],"picked":"Evolve","floor":14}],"player_experience":232739,"relics_obtained":[{"floor":7,"key":"MawBank"},{"floor":9,"key":"Omamori"}],"event_choices":[{"cards_removed":["Strike_R"],"damage_healed":0,"gold_gain":0,"player_choice":"Forget","damage_taken":0,"max_hp_gain":0,"max_hp_loss":0,"event_name":"Living Wall","floor":3,"gold_loss":0},{"damage_healed":0,"gold_gain":0,"player_choice":"Ignored","damage_taken":0,"max_hp_gain":0,"max_hp_loss":0,"event_name":"Liars Game","floor":5,"gold_loss":0},{"damage_healed":0,"gold_gain":0,"player_choice":"Got Potions","damage_taken":0,"max_hp_gain":0,"max_hp_loss":0,"event_name":"Lab","floor":8,"gold_loss":0},{"cards_removed":["Seeing Red"],"damage_healed":0,"gold_gain":0,"player_choice":"Gave Card","damage_taken":0,"relics_obtained":["Tiny Chest"],"max_hp_gain":0,"max_hp_loss":0,"event_name":"WeMeetAgain","floor":12,"gold_loss":0}],"is_beta":false,"boss_relics":[],"items_purged_floors":[],"is_endless":false,"potions_floor_spawned":[2],"killed_by":"Hexaghost","ascension_level":7}}