{"host":"2yqfi47fogfu1ic4","time":1612627672,"event":{"mods":["AchievementEnabler","BaseMod","Colored Map","Colored Powertips","Highlight Path","Minty Spire (QoL Compilation)","Permanent Neow","Relic Stats","StSLib"],"gold_per_floor":[117,133,133,2,22,57,80,80,80,114,51,73,119,145,157,248,260,291,322,334,346,358,370,394,435,447,469,493,534,284,301,301,375,375,386,386,398,410,420,448,448,463,463,489,489,146,165,165,165,165,165,165,165,80,105,105],"floor_reached":57,"language":"DEU","playtime":5936,"items_purged":["Strike_G","Strike_G","Endless Agony+1"],"score":2898,"play_id":"0bd1cadc-f230-4520-a991-3a71ec989ae9","local_time":"20210206170752","is_ascension_mode":true,"campfire_choices":[{"floor":8.0,"key":"REST"},{"data":"Bouncing Flask","floor":15.0,"key":"SMITH"},{"data":"Crippling Poison","floor":23.0,"key":"SMITH"},{"data":"Footwork","floor":32.0,"key":"SMITH"},{"data":"Wraith Form v2","floor":41,"key":"SMITH"},{"floor":45,"key":"RECALL"},{"data":"Bouncing Flask","floor":49,"key":"SMITH"},{"data":"Acrobatics","floor":53,"key":"SMITH"}],"circlet_count":0,"master_deck":["AscendersBane","Strike_G+1","Defend_G","Defend_G","Defend_G","Defend_G+1","Defend_G","Survivor","Neutralize","Bouncing Flask+1","Deadly Poison","Footwork+1","All Out Attack+1","Deadly Poison","Night Terror","Crippling Poison+1","Bouncing Flask+1","Acrobatics+1","Acrobatics+1","Underhanded Strike","Wraith Form v2+1","Crippling Poison","Calculated Gamble+1","Catalyst+1","Blur+1","Catalyst+1","Reflex+1","Underhanded Strike","PiercingWail"],"relics":["Ring of the Snake","Unceasing Top","HornCleat","Odd Mushroom","Meat on the Bone","MawBank","Anchor","Snecko Eye","Whetstone","Bottled Lightning","Tingsha","Toolbox","Philosopher\u0027s Stone","Regal Pillow","Juzu Bracelet","Happy Flower","Centennial Puzzle"],"acts_visited":["Exordium","TheCity","TheBeyond","TheEnding"],"potions_floor_usage":[56],"damage_taken":[{"damage":0.0,"enemies":"2 Louse","floor":1.0,"turns":4.0},{"damage":0.0,"enemies":"Small Slimes","floor":2.0,"turns":3.0},{"damage":0.0,"enemies":"Jaw Worm","floor":5.0,"turns":3.0},{"damage":31.0,"enemies":"Gremlin Nob","floor":6.0,"turns":4.0},{"damage":5.0,"enemies":"The Mushroom Lair","floor":7.0,"turns":7.0},{"damage":15.0,"enemies":"3 Sentries","floor":10.0,"turns":7.0},{"damage":0.0,"enemies":"Exordium Wildlife","floor":12.0,"turns":5.0},{"damage":28.0,"enemies":"Gremlin Nob","floor":13.0,"turns":4.0},{"damage":0.0,"enemies":"Red Slaver","floor":14.0,"turns":3.0},{"damage":1.0,"enemies":"Hexaghost","floor":16.0,"turns":8.0},{"damage":5.0,"enemies":"2 Thieves","floor":18.0,"turns":4.0},{"damage":0.0,"enemies":"Spheric Guardian","floor":19.0,"turns":3.0},{"damage":2.0,"enemies":"Snecko","floor":24.0,"turns":5.0},{"damage":47.0,"enemies":"Gremlin Leader","floor":25.0,"turns":7.0},{"damage":0.0,"enemies":"Snake Plant","floor":27.0,"turns":3.0},{"damage":17.0,"enemies":"Shelled Parasite and Fungi","floor":28.0,"turns":3.0},{"damage":12.0,"enemies":"Book of Stabbing","floor":29.0,"turns":4.0},{"damage":0.0,"enemies":"Chosen and Byrds","floor":31.0,"turns":3.0},{"damage":26.0,"enemies":"Champ","floor":33.0,"turns":7.0},{"damage":0.0,"enemies":"3 Darklings","floor":35.0,"turns":3.0},{"damage":0.0,"enemies":"3 Shapes","floor":37.0,"turns":5.0},{"damage":5.0,"enemies":"Writhing Mass","floor":38.0,"turns":6.0},{"damage":0,"enemies":"4 Shapes","floor":39,"turns":4},{"damage":0,"enemies":"Giant Head","floor":40,"turns":2},{"damage":0,"enemies":"Spire Growth","floor":42,"turns":2},{"damage":0,"enemies":"Reptomancer","floor":44,"turns":4},{"damage":0,"enemies":"3 Darklings","floor":47,"turns":3},{"damage":23,"enemies":"Time Eater","floor":50,"turns":2},{"damage":0,"enemies":"Donu and Deca","floor":51,"turns":9},{"damage":43,"enemies":"Shield and Spear","floor":55,"turns":7},{"damage":2,"enemies":"The Heart","floor":56,"turns":6}],"seed_played":"1165414089442678011","potions_obtained":[{"floor":2.0,"key":"Ancient Potion"},{"floor":5.0,"key":"PowerPotion"},{"floor":6.0,"key":"FearPotion"},{"floor":12.0,"key":"LiquidMemories"},{"floor":14.0,"key":"SteroidPotion"},{"floor":19.0,"key":"LiquidMemories"},{"floor":25.0,"key":"LiquidMemories"}],"is_trial":false,"path_per_floor":["M","M","?","$","M","E","?","R","T","E","?","M","E","M","R","B",null,"M","M","?","?","?","R","M","E","T","M","M","E","$","M","R","B",null,"M","?","M","M","M","E","R","M","T","E","R","$","M","?","R","B","B",null,"R","$","E","B",null],"character_chosen":"THE_SILENT","items_purchased":["Poisoned Stab","Toolbox","Happy Flower","Underhanded Strike","DuplicationPotion"],"campfire_rested":1,"item_purchase_floors":[4,30,46,46,54],"current_hp_per_floor":[59,59,41,41,41,10,5,23,23,20,20,32,16,28,28,39,55,50,50,50,50,50,50,48,13,13,25,20,20,20,32,32,18,50,50,50,50,45,45,45,45,45,45,45,45,45,45,45,45,34,34,54,54,54,23,33],"gold":105,"neow_bonus":"ONE_RARE_RELIC","is_daily":false,"chose_seed":false,"campfire_upgraded":6,"win_rate":0.0,"timestamp":1612627672,"path_taken":["M","M","?","$","M","E","?","R","T","E","?","M","E","M","R","BOSS","M","M","?","?","?","R","M","E","T","M","M","E","?","M","R","BOSS","M","?","M","M","M","E","R","?","T","E","R","?","M","?","R","BOSS","BOSS","R","$","E","BOSS"],"items_purchased_type":["Card","Relic","Relic","Card","Potion"],"build_version":"2020-12-22","purchased_purges":3,"victory":true,"max_hp_per_floor":[60,60,60,60,60,60,60,60,60,60,60,60,60,60,60,60,60,60,60,60,60,60,60,60,60,60,60,60,60,60,60,60,60,60,60,60,60,60,60,60,60,60,60,60,60,60,60,60,60,60,60,60,60,60,60,60],"relic_stats":{"Regal Pillow":0,"Happy Flower":[9],"counters":[31,140],"Tingsha":[124],"Juzu Bracelet":0,"Whetstone":["Strike_G","All Out Attack"],"MawBank":240,"Centennial Puzzle":[3],"Snecko Eye":[172,175,188,169],"obtain_stats":[{"Regal Pillow":40,"Happy Flower":46,"Tingsha":29,"Juzu Bracelet":44,"Whetstone":25,"Odd Mushroom":7,"MawBank":10,"Anchor":13,"Centennial Puzzle":55,"HornCleat":6,"Snecko Eye":17,"Toolbox":30,"Philosopher\u0027s Stone":34,"Bottled Lightning":26,"Unceasing Top":0,"Ring of the Snake":0,"Meat on the Bone":9},{"Regal Pillow":24,"Happy Flower":26,"Tingsha":17,"Juzu Bracelet":26,"Whetstone":14,"Odd Mushroom":5,"MawBank":6,"Anchor":8,"Centennial Puzzle":30,"HornCleat":4,"Snecko Eye":10,"Toolbox":17,"Philosopher\u0027s Stone":19,"Bottled Lightning":14,"Unceasing Top":0,"Ring of the Snake":0,"Meat on the Bone":5},{"Regal Pillow":107,"Happy Flower":113,"Tingsha":77,"Juzu Bracelet":113,"Whetstone":67,"Odd Mushroom":21,"MawBank":28,"Anchor":37,"Centennial Puzzle":134,"HornCleat":14,"Snecko Eye":48,"Toolbox":77,"Philosopher\u0027s Stone":87,"Bottled Lightning":67,"Unceasing Top":0,"Ring of the Snake":0,"Meat on the Bone":21}],"Unceasing Top":[4],"Ring of the Snake":[60],"Meat on the Bone":168},"card_choices":[{"not_picked":["PiercingWail","Blade Dance"],"picked":"Endless Agony","floor":1.0},{"not_picked":["Prepared","Cloak And Dagger"],"picked":"Bouncing Flask","floor":2.0},{"not_picked":["Distraction","Outmaneuver"],"picked":"Deadly Poison","floor":5.0},{"not_picked":["Dodge and Roll","Finisher"],"picked":"Footwork","floor":6.0},{"not_picked":["Terror","Sucker Punch"],"picked":"All Out Attack","floor":7.0},{"not_picked":["Calculated Gamble","Deflect"],"picked":"Deadly Poison","floor":10.0},{"not_picked":["Quick Slash","Choke","Prepared"],"picked":"SKIP","floor":12.0},{"not_picked":["Setup","Phantasmal Killer","Terror"],"picked":"SKIP","floor":13.0},{"not_picked":["Sucker Punch","Dash","Slice"],"picked":"SKIP","floor":14.0},{"not_picked":["Storm of Steel","Malaise"],"picked":"Night Terror","floor":16.0},{"not_picked":["Masterful Stab+1","Deflect"],"picked":"Crippling Poison","floor":18.0},{"not_picked":["Outmaneuver","Flying Knee","Bane"],"picked":"SKIP","floor":19.0},{"not_picked":["Dodge and Roll","Reflex","Dagger Throw"],"picked":"SKIP","floor":24.0},{"not_picked":["Finisher","Blade Dance"],"picked":"Acrobatics+1","floor":25.0},{"not_picked":["Cloak And Dagger","Sucker Punch"],"picked":"Acrobatics","floor":27.0},{"not_picked":["Sucker Punch","A Thousand Cuts","Outmaneuver"],"picked":"SKIP","floor":28.0},{"not_picked":["Dagger Spray","Blade Dance","Outmaneuver"],"picked":"SKIP","floor":29.0},{"not_picked":["PiercingWail","Dodge and Roll"],"picked":"Underhanded Strike","floor":31.0},{"not_picked":["Night Terror","Phantasmal Killer"],"picked":"Wraith Form v2","floor":33.0},{"not_picked":["Outmaneuver+1","Terror"],"picked":"Crippling Poison","floor":35.0},{"not_picked":["Flechettes","Backflip+1"],"picked":"Calculated Gamble+1","floor":37.0},{"not_picked":["Prepared","Finisher"],"picked":"Catalyst+1","floor":38.0},{"not_picked":["Cloak And Dagger","Deflect","Choke+1"],"picked":"SKIP","floor":39},{"not_picked":["Dodge and Roll","Terror"],"picked":"Blur+1","floor":40},{"not_picked":["Bullet Time","Outmaneuver"],"picked":"Catalyst+1","floor":42},{"not_picked":["Poisoned Stab","Prepared"],"picked":"Reflex+1","floor":44},{"not_picked":["Dagger Throw+1","Endless Agony","Infinite Blades"],"picked":"SKIP","floor":47},{"not_picked":["Poisoned Stab","Slice"],"picked":"PiercingWail","floor":55}],"player_experience":1675477,"relics_obtained":[{"floor":6.0,"key":"HornCleat"},{"floor":7.0,"key":"Odd Mushroom"},{"floor":9.0,"key":"Meat on the Bone"},{"floor":10.0,"key":"MawBank"},{"floor":13.0,"key":"Anchor"},{"floor":25.0,"key":"Whetstone"},{"floor":26.0,"key":"Bottled Lightning"},{"floor":29.0,"key":"Tingsha"},{"floor":40,"key":"Regal Pillow"},{"floor":44,"key":"Juzu Bracelet"},{"floor":55,"key":"Centennial Puzzle"}],"event_choices":[{"damage_healed":0.0,"max_hp_gain":0.0,"max_hp_loss":0.0,"gold_gain":0.0,"event_name":"Shining Light","player_choice":"Entered Light","floor":3.0,"gold_loss":0.0,"damage_taken":18.0,"cards_upgraded":["Endless Agony","Defend_G"]},{"damage_healed":0.0,"max_hp_gain":0.0,"max_hp_loss":0.0,"gold_gain":0.0,"event_name":"Mushrooms","player_choice":"Fought Mushrooms","floor":7.0,"gold_loss":0.0,"damage_taken":0.0},{"cards_removed":["Strike_G"],"damage_healed":0.0,"max_hp_gain":0.0,"max_hp_loss":0.0,"gold_gain":0.0,"event_name":"The Cleric","player_choice":"Card Removal","floor":11.0,"gold_loss":75.0,"damage_taken":0.0},{"damage_healed":0.0,"max_hp_gain":0.0,"max_hp_loss":0.0,"gold_gain":0.0,"event_name":"The Library","player_choice":"Read","floor":20.0,"gold_loss":0.0,"damage_taken":0.0,"cards_obtained":["Bouncing Flask"]},{"damage_healed":0.0,"max_hp_gain":0.0,"max_hp_loss":0.0,"gold_gain":0.0,"event_name":"The Mausoleum","player_choice":"Ignored","floor":21.0,"gold_loss":0.0,"damage_taken":0.0},{"damage_healed":0.0,"max_hp_gain":0.0,"max_hp_loss":0.0,"gold_gain":0.0,"event_name":"Vampires","player_choice":"Ignored","floor":22.0,"gold_loss":0.0,"damage_taken":0.0},{"cards_removed":["Strike_G"],"damage_healed":0.0,"max_hp_gain":0.0,"max_hp_loss":0.0,"gold_gain":0.0,"event_name":"Purifier","player_choice":"Purged","floor":36.0,"gold_loss":0.0,"damage_taken":0.0},{"cards_removed":["Poisoned Stab"],"damage_healed":0,"gold_gain":0,"player_choice":"Removed Attack","damage_taken":0,"max_hp_gain":0,"max_hp_loss":0,"event_name":"Falling","floor":48,"gold_loss":0}],"is_beta":false,"boss_relics":[{"not_picked":["Busted Crown","Astrolabe"],"picked":"Snecko Eye"},{"not_picked":["Calling Bell","Cursed Key"],"picked":"Philosopher\u0027s Stone"}],"items_purged_floors":[4,30,46],"is_endless":false,"potions_floor_spawned":[2,5,6,12,14,19,25,28,29,35,37,39,40,55],"ascension_level":20}}