{"host":"hf83sijwe64ts2lm","time":1612576450,"event":{"mods":["2.2 Compatiblity","BaseMod","Better Altar","Better Match","Better Note","Better Sensory Stone","Better Skull","Better Third Choice","Colored Map","Colored Powertips","Highlight Path","Hubris","Infinite Spire","Minty Spire (QoL Compilation)","Quick Restart","Rare Cards Sparkle","Relic Stats","Replay The Spire","Shop Mod","Spicy Shops","StSLib","Thieving Mod"],"gold_per_floor":[114,114,46,66,79,79,19,19,19,19,31,49,49,62,62,159,159,177,194,194,209,225,225,225],"floor_reached":23,"language":"ENG","playtime":446,"items_purged":[],"score":213,"play_id":"e980386b-e4f2-4d89-bf81-49c814206d9f","local_time":"20210205205410","is_ascension_mode":true,"campfire_choices":[{"floor":6,"key":"RECALL"},{"data":"Poisoned Stab","floor":10,"key":"SMITH"},{"data":"Terror","floor":13,"key":"SMITH"},{"data":"Corpse Explosion","floor":15,"key":"SMITH"}],"circlet_count":0,"master_deck":["Strike_G","Strike_G","Strike_G","Strike_G","Strike_G","Defend_G","Defend_G","Defend_G","Defend_G","Defend_G","Survivor","Neutralize","Poisoned Stab+1","All Out Attack+1","Fluid Movement+1","Hidden Blade","Normality","Terror+1","Poisoned Stab","Corpse Explosion+1","Poison Darts","Caltrops","Blade Dance","infinitespire:DeathsTouch","infinitespire:Starlight","infinitespire:Menacing","infinitespire:Fortify","Hidden Blade+1","Atom Bomb"],"relics":["NeowsBlessing","Guide Book","Sizzling Blood","hubris:ScarierMask","Nunchaku"],"acts_visited":["Exordium","TheCity"],"potions_floor_usage":[11,12,16,19,19,21,23],"damage_taken":[{"damage":0,"enemies":"Jaw Worm","floor":1,"turns":1},{"damage":0,"enemies":"Cultist","floor":4,"turns":1},{"damage":0,"enemies":"2 Louse","floor":5,"turns":1},{"damage":0,"enemies":"2 Fungi Beasts","floor":11,"turns":1},{"damage":0,"enemies":"Exordium Wildlife","floor":12,"turns":2},{"damage":9,"enemies":"Looter","floor":14,"turns":3},{"damage":54,"enemies":"Slime Boss","floor":16,"turns":11},{"damage":11,"enemies":"2 Thieves","floor":18,"turns":2},{"damage":19,"enemies":"Shell Parasite","floor":19,"turns":5},{"damage":14,"enemies":"Centurion and Healer","floor":21,"turns":3},{"damage":1,"enemies":"Snecko","floor":22,"turns":5},{"damage":65,"enemies":"Gremlin Leader","floor":23,"turns":4}],"seed_played":"5799338443831506004","potions_obtained":[{"floor":2,"key":"Block Potion"},{"floor":2,"key":"Reflective Coating"},{"floor":2,"key":"Swift Potion"},{"floor":11,"key":"Explosive Potion"},{"floor":14,"key":"BlessingOfTheForge"},{"floor":18,"key":"ColorlessPotion"},{"floor":19,"key":"ColorlessPotion"},{"floor":22,"key":"Poison Potion"}],"is_trial":false,"path_per_floor":["M","?","$","M","M","R","$","?","T","R","M","M","R","M","R","B",null,"M","M","AVR","M","M","E"],"character_chosen":"THE_SILENT","items_purchased":["All Out Attack","Guide Book"],"campfire_rested":0,"item_purchase_floors":[3,7],"current_hp_per_floor":[70,70,70,70,70,70,70,74,74,74,74,74,74,69,69,19,74,67,52,52,42,55,0,0],"gold":225,"neow_bonus":"THREE_ENEMY_KILL","is_daily":false,"chose_seed":false,"campfire_upgraded":3,"win_rate":0.0,"timestamp":1612576450,"path_taken":["M","?","$","M","M","R","?","?","T","R","M","M","R","?","R","BOSS","M","M","AVR","M","M","E"],"items_purchased_type":["Card","Relic"],"build_version":"2020-12-22","purchased_purges":0,"victory":false,"max_hp_per_floor":[70,70,70,70,70,70,70,74,74,74,74,74,74,74,74,74,74,74,74,74,74,74,74,74],"relic_stats":{"Nunchaku":[2],"counters":[12,39],"obtain_stats":[{"Nunchaku":20,"NeowsBlessing":0,"Guide Book":7,"hubris:ScarierMask":17,"Sizzling Blood":8,"Ring of the Snake":0},{"Nunchaku":9,"NeowsBlessing":0,"Guide Book":3,"hubris:ScarierMask":7,"Sizzling Blood":3,"Ring of the Snake":0},{"Nunchaku":27,"NeowsBlessing":0,"Guide Book":3,"hubris:ScarierMask":20,"Sizzling Blood":3,"Ring of the Snake":0}]},"card_choices":[{"not_picked":["Quick Slash","Outmaneuver"],"picked":"Poisoned Stab","floor":1},{"not_picked":["Skewer","Outmaneuver"],"picked":"Fluid Movement","floor":4},{"not_picked":["Outmaneuver","Underhanded Strike"],"picked":"Hidden Blade","floor":5},{"not_picked":["Poisoned Stab","ReplayTheSpireMod:Exploit Weakness"],"picked":"Terror","floor":11},{"not_picked":["Distraction","PiercingWail"],"picked":"Poisoned Stab","floor":12},{"not_picked":["Bane","Replay:Poison Smokescreen"],"picked":"Corpse Explosion","floor":14},{"not_picked":["A Thousand Cuts","Unload"],"picked":"Poison Darts","floor":16},{"not_picked":["Leg Sweep","Deflect"],"picked":"Caltrops","floor":18},{"not_picked":["Slice","Dagger Spray"],"picked":"Blade Dance","floor":19},{"not_picked":["Poisoned Stab","Dagger Throw"],"picked":"Hidden Blade+1","floor":21},{"not_picked":["Backflip","Hidden Blade"],"picked":"Atom Bomb","floor":22}],"player_experience":140841,"relics_obtained":[],"event_choices":[{"damage_healed":0,"gold_gain":0,"player_choice":"Got Potions","damage_taken":0,"max_hp_gain":0,"max_hp_loss":0,"event_name":"Lab","floor":2,"gold_loss":0}],"is_beta":false,"boss_relics":[{"not_picked":["infinitespire:Cupcake","Replay:Wanted Poster"],"picked":"hubris:ScarierMask"}],"items_purged_floors":[],"is_endless":false,"potions_floor_spawned":[4,11,14,18,19,22],"killed_by":"Gremlin Leader","ascension_level":3}}