{"host":"n9fx05aq4lr38byd","time":1612610478,"event":{"mods":["BaseMod","Minty Spire (QoL Compilation)","Permanent Neow","Relic Stats"],"gold_per_floor":[217,142,161,174,22,56,56,56,56,56,87,87,98,132,132,205,205,217,217,217,237,248,277,277,306,306,306,316,316,316],"floor_reached":29,"language":"ENG","playtime":1116,"items_purged":[],"score":562,"play_id":"d17c17d2-75f9-4dce-90d8-2f19f56be629","local_time":"20210206112118","is_ascension_mode":true,"campfire_choices":[{"data":"Hemokinesis","floor":7,"key":"SMITH"},{"data":"Fire Breathing","floor":12,"key":"SMITH"},{"data":"Bash","floor":15,"key":"SMITH"},{"data":"Corruption","floor":24,"key":"SMITH"},{"data":"RitualDagger","floor":27,"key":"SMITH"}],"circlet_count":0,"master_deck":["AscendersBane","Strike_R","Strike_R","Strike_R","Defend_R","Defend_R","Defend_R","Defend_R","Bash+1","Iron Wave","Reaper","Anger","Hemokinesis+1","Wild Strike","Cleave","Fire Breathing+1","Spot Weakness","Brutality","Heavy Blade+1","RitualDagger+1","Reaper","Corruption+1","Armaments+1","Feel No Pain"],"relics":["Burning Blood","Oddly Smooth Stone","Ornamental Fan","Bird Faced Urn","Self Forming Clay","Coffee Dripper","StoneCalendar","Pear","Bottled Tornado"],"acts_visited":["Exordium","TheCity"],"potions_floor_usage":[5,6,6,14,21,25],"damage_taken":[{"damage":10,"enemies":"2 Louse","floor":1,"turns":3},{"damage":8,"enemies":"Cultist","floor":3,"turns":5},{"damage":7,"enemies":"Small Slimes","floor":4,"turns":4},{"damage":23,"enemies":"Gremlin Nob","floor":6,"turns":4},{"damage":32,"enemies":"3 Sentries","floor":11,"turns":8},{"damage":5,"enemies":"2 Fungi Beasts","floor":13,"turns":3},{"damage":4,"enemies":"Gremlin Nob","floor":14,"turns":3},{"damage":36,"enemies":"Slime Boss","floor":16,"turns":6},{"damage":24,"enemies":"2 Thieves","floor":18,"turns":4},{"damage":24,"enemies":"3 Byrds","floor":21,"turns":5},{"damage":26,"enemies":"Snake Plant","floor":22,"turns":4},{"damage":42,"enemies":"Gremlin Leader","floor":23,"turns":7},{"damage":60,"enemies":"Slavers","floor":25,"turns":5},{"damage":37,"enemies":"Sentry and Sphere","floor":28,"turns":6},{"damage":33,"enemies":"Gremlin Leader","floor":29,"turns":2}],"seed_played":"-3566860424315295074","potions_obtained":[{"floor":6,"key":"LiquidMemories"},{"floor":13,"key":"HeartOfIron"},{"floor":18,"key":"GamblersBrew"},{"floor":22,"key":"BloodPotion"}],"is_trial":false,"path_per_floor":["M","?","M","M","$","E","R","?","T","?","E","R","M","E","R","B",null,"M","?","?","M","M","E","R","E","T","R","M","E"],"character_chosen":"IRONCLAD","items_purchased":["EntropicBrew","Hemokinesis"],"campfire_rested":0,"item_purchase_floors":[5,5],"current_hp_per_floor":[64,64,62,69,69,56,56,49,49,49,35,35,46,56,56,28,63,55,49,49,47,38,32,32,43,43,43,27,0,0],"gold":316,"neow_bonus":"HUNDRED_GOLD","is_daily":false,"chose_seed":false,"campfire_upgraded":5,"win_rate":0.0,"timestamp":1612610478,"path_taken":["M","?","M","M","$","E","R","?","T","?","E","R","M","E","R","BOSS","M","?","?","M","?","E","R","E","T","R","M","E"],"items_purchased_type":["Potion","Card"],"build_version":"2020-12-22","purchased_purges":0,"victory":false,"max_hp_per_floor":[75,75,75,75,75,75,75,75,75,75,75,75,75,75,75,75,75,75,75,75,75,75,75,75,85,85,85,85,85,85],"relic_stats":{"counters":[15,69],"Ornamental Fan":[80],"Self Forming Clay":[165],"Bird Faced Urn":[34],"StoneCalendar":[0],"obtain_stats":[{"Pear":25,"Ornamental Fan":9,"Self Forming Clay":14,"Bird Faced Urn":11,"Oddly Smooth Stone":6,"StoneCalendar":23,"Coffee Dripper":17,"Bottled Tornado":26,"Burning Blood":0},{"Pear":13,"Ornamental Fan":4,"Self Forming Clay":7,"Bird Faced Urn":5,"Oddly Smooth Stone":4,"StoneCalendar":12,"Coffee Dripper":8,"Bottled Tornado":13,"Burning Blood":0},{"Pear":61,"Ornamental Fan":16,"Self Forming Clay":30,"Bird Faced Urn":24,"Oddly Smooth Stone":16,"StoneCalendar":56,"Coffee Dripper":36,"Bottled Tornado":61,"Burning Blood":0}],"Burning Blood":84},"card_choices":[{"not_picked":["Sword Boomerang","Armaments"],"picked":"Iron Wave","floor":1},{"not_picked":["Headbutt","Sentinel"],"picked":"Reaper","floor":3},{"not_picked":["Warcry","Sever Soul"],"picked":"Anger","floor":4},{"not_picked":["Hemokinesis","Evolve"],"picked":"Wild Strike","floor":6},{"not_picked":["Intimidate","Rage"],"picked":"Fire Breathing","floor":11},{"not_picked":["Twin Strike","Clash","Wild Strike"],"picked":"SKIP","floor":13},{"not_picked":["Clothesline","Perfected Strike"],"picked":"Spot Weakness","floor":14},{"not_picked":["Bludgeon","Demon Form"],"picked":"Brutality","floor":16},{"not_picked":["Warcry","Havoc"],"picked":"Heavy Blade+1","floor":18},{"not_picked":["Entrench","Wild Strike","Sever Soul"],"picked":"SKIP","floor":21},{"not_picked":["Body Slam","Heavy Blade","Cleave+1"],"picked":"SKIP","floor":22},{"not_picked":["Havoc","Iron Wave"],"picked":"Corruption","floor":23},{"not_picked":["Rampage+1","Clash"],"picked":"Armaments+1","floor":25},{"not_picked":["Perfected Strike","Dark Embrace"],"picked":"Feel No Pain","floor":28}],"player_experience":836919,"relics_obtained":[{"floor":6,"key":"Oddly Smooth Stone"},{"floor":9,"key":"Ornamental Fan"},{"floor":11,"key":"Bird Faced Urn"},{"floor":14,"key":"Self Forming Clay"},{"floor":23,"key":"StoneCalendar"},{"floor":25,"key":"Pear"},{"floor":26,"key":"Bottled Tornado"}],"event_choices":[{"cards_removed":["Strike_R"],"damage_healed":0,"gold_gain":0,"player_choice":"Card Removal","damage_taken":0,"max_hp_gain":0,"max_hp_loss":0,"event_name":"The Cleric","floor":2,"gold_loss":75},{"cards_removed":["Strike_R"],"damage_healed":0,"gold_gain":0,"player_choice":"Card Removal","damage_taken":7,"max_hp_gain":0,"max_hp_loss":0,"event_name":"Golden Wing","floor":8,"gold_loss":0},{"damage_healed":0,"gold_gain":0,"player_choice":"1 cards matched","damage_taken":0,"max_hp_gain":0,"max_hp_loss":0,"event_name":"Match and Keep!","floor":10,"gold_loss":0,"cards_obtained":["Cleave"]},{"damage_healed":0,"gold_gain":0,"player_choice":"Joined the Cult","damage_taken":6,"max_hp_gain":0,"max_hp_loss":0,"event_name":"Nest","floor":19,"gold_loss":0,"cards_obtained":["RitualDagger"]},{"damage_healed":0,"gold_gain":0,"player_choice":"Copied","damage_taken":0,"max_hp_gain":0,"max_hp_loss":0,"event_name":"Duplicator","floor":20,"gold_loss":0,"cards_obtained":["Reaper"]}],"is_beta":false,"boss_relics":[{"not_picked":["Velvet Choker","Runic Cube"],"picked":"Coffee Dripper"}],"items_purged_floors":[],"is_endless":false,"potions_floor_spawned":[6,13,18,22],"killed_by":"Gremlin Leader","ascension_level":20}}