{"host":"zjc1tzo4ovig5lll","time":1612597267,"event":{"mods":["AchievementEnabler","Aspiration","BaseMod","Beaked The Cultist","Better Altar","Better Match","Better Note","Better Sensory Stone","Colored Map","Colored Powertips","Conspire","Energized Spire","Friendly Minions","GifTheSpireLib","Halation","Hermit","Hubris","Minty Spire (QoL Compilation)","Rare Cards Sparkle","Reliquary","Replay The Spire","StSLib","The Blue Laboratory","The Bug Knight","The Construct","The Jungle","everything is the same but u backflip on backflip"],"gold_per_floor":[117,150,172,25,25,60,60,109,160,160,160,72,72,78,78],"floor_reached":14,"language":"ENG","playtime":282,"items_purged":[],"score":113,"play_id":"be02543d-152d-4bdc-a365-874f96ecba52","local_time":"20210206094107","is_ascension_mode":true,"campfire_choices":[{"floor":7,"key":"REST"},{"floor":10,"key":"REST"},{"data":"conspire:Banana","floor":13,"key":"SMITH"}],"circlet_count":0,"master_deck":["Strike_R","Strike_R","Strike_R","Strike_R","Strike_R","Defend_R","Defend_R","Defend_R","Defend_R","Bash","Perfected Strike","conspire:Banana+1","Shrug It Off","Ghostly Armor","conspire:Banana"],"relics":["Burning Blood","NeowsBlessing","Replay:Bandana","reliquary:MedicineBall","Thread and Needle","MealTicket"],"acts_visited":["Exordium"],"potions_floor_usage":[],"damage_taken":[{"damage":0,"enemies":"Cultist","floor":1,"turns":1},{"damage":0,"enemies":"conspire:MimicChest","floor":2,"turns":1},{"damage":0,"enemies":"Small Slimes","floor":3,"turns":1},{"damage":56,"enemies":"Lagavulin","floor":6,"turns":9},{"damage":38,"enemies":"Gremlin Nob","floor":8,"turns":5},{"damage":75,"enemies":"Lagavulin","floor":14,"turns":10}],"seed_played":"3808120629073653013","potions_obtained":[],"is_trial":false,"path_per_floor":["M","?","M","$","T","E","R","E","T","R","?","$","R","E"],"character_chosen":"IRONCLAD","items_purchased":["conspire:Banana","Shrug It Off","conspire:Banana"],"campfire_rested":2,"item_purchase_floors":[4,4,12],"current_hp_per_floor":[80,80,80,80,80,31,55,24,24,48,48,63,63,0,0],"gold":78,"neow_bonus":"THREE_ENEMY_KILL","is_daily":false,"chose_seed":false,"campfire_upgraded":1,"win_rate":0.0,"timestamp":1612597267,"path_taken":["M","?","M","?","?","E","R","E","T","R","?","$","R","E"],"items_purchased_type":["Card","Card","Card"],"build_version":"2020-12-22","purchased_purges":0,"victory":false,"max_hp_per_floor":[80,80,80,80,80,81,81,82,82,82,82,82,82,85,85],"card_choices":[{"not_picked":["Sentinel","Warcry","Wild Strike"],"picked":"SKIP","floor":1},{"not_picked":["Anger","Havoc"],"picked":"Perfected Strike","floor":3},{"not_picked":["Feed","Disarm"],"picked":"Ghostly Armor","floor":6},{"not_picked":["Flame Barrier","Carnage","Replay:Undeath\u0027s Touch"],"picked":"SKIP","floor":8}],"player_experience":696522,"relics_obtained":[{"floor":2,"key":"Replay:Bandana"},{"floor":5,"key":"reliquary:MedicineBall"},{"floor":6,"key":"Thread and Needle"},{"floor":8,"key":"MealTicket"}],"event_choices":[],"is_beta":false,"boss_relics":[],"items_purged_floors":[],"is_endless":false,"potions_floor_spawned":[1],"killed_by":"Lagavulin","ascension_level":4}}