{"host":"axuns55dzq466eei","time":1612619657,"event":{"mods":["BaseMod","Colored Map","Keyboard Shortcuts","Minty Spire (QoL Compilation)","StSLib","SuperFastMode"],"gold_per_floor":[112,112,112,122,135,135,160,179,205,205,218,218,231,241,241,241,241],"floor_reached":16,"language":"KOR","playtime":319,"items_purged":[],"score":208,"play_id":"b43a0c5a-a17a-4ecb-ba6b-aced9898773c","local_time":"20210206225417","is_ascension_mode":true,"campfire_choices":[{"data":"Inflame","floor":6,"key":"SMITH"},{"data":"Disarm","floor":12,"key":"SMITH"},{"floor":15,"key":"REST"}],"circlet_count":0,"master_deck":["AscendersBane","Strike_R","Strike_R","Strike_R","Defend_R","Defend_R","Defend_R","Defend_R","Bash","Offering","Pommel Strike","Reckless Charge","Inflame+1","Pummel","Disarm+1","Battle Trance","Shrug It Off"],"relics":["Burning Blood","Juzu Bracelet","Smiling Mask"],"acts_visited":["Exordium"],"potions_floor_usage":[16,16],"damage_taken":[{"damage":7,"enemies":"Cultist","floor":1,"turns":3},{"damage":8,"enemies":"Jaw Worm","floor":4,"turns":2},{"damage":13,"enemies":"Small Slimes","floor":5,"turns":4},{"damage":36,"enemies":"3 Sentries","floor":7,"turns":7},{"damage":14,"enemies":"Exordium Wildlife","floor":8,"turns":3},{"damage":12,"enemies":"Blue Slaver","floor":11,"turns":3},{"damage":8,"enemies":"2 Fungi Beasts","floor":13,"turns":2},{"damage":10,"enemies":"Large Slime","floor":14,"turns":6},{"damage":63,"enemies":"The Guardian","floor":16,"turns":12}],"seed_played":"5943188978564801997","potions_obtained":[{"floor":4,"key":"BloodPotion"},{"floor":7,"key":"Swift Potion"}],"is_trial":false,"path_per_floor":["M","?","?","M","M","R","E","M","T","?","M","R","M","M","R","B"],"character_chosen":"IRONCLAD","items_purchased":[],"campfire_rested":1,"item_purchase_floors":[],"current_hp_per_floor":[67,67,72,70,63,63,33,25,25,25,19,19,17,13,37,0,0],"gold":241,"neow_bonus":"TRANSFORM_CARD","is_daily":false,"chose_seed":false,"campfire_upgraded":2,"win_rate":0.0,"timestamp":1612619657,"path_taken":["M","?","?","M","M","R","E","M","T","?","M","R","M","M","R","BOSS"],"items_purchased_type":[],"build_version":"2020-12-22","purchased_purges":0,"victory":false,"max_hp_per_floor":[75,75,80,80,80,80,80,80,80,80,80,80,80,80,80,80,80],"card_choices":[{"not_picked":["Sentinel","Warcry"],"picked":"Pommel Strike","floor":1},{"not_picked":["Iron Wave","Headbutt"],"picked":"Reckless Charge","floor":4},{"not_picked":["Infernal Blade","Wild Strike"],"picked":"Inflame","floor":5},{"not_picked":["Seeing Red","Impervious"],"picked":"Pummel","floor":7},{"not_picked":["Warcry","Havoc"],"picked":"Disarm","floor":8},{"not_picked":["Clash","Warcry"],"picked":"Battle Trance","floor":11},{"not_picked":["Sever Soul","Headbutt"],"picked":"Shrug It Off","floor":13},{"not_picked":["Flex","Clothesline","Metallicize"],"picked":"SKIP","floor":14}],"player_experience":1104580,"relics_obtained":[{"floor":7,"key":"Juzu Bracelet"},{"floor":9,"key":"Smiling Mask"}],"event_choices":[{"damage_healed":0,"gold_gain":0,"player_choice":"Ignored","damage_taken":0,"max_hp_gain":0,"max_hp_loss":0,"event_name":"Liars Game","floor":2,"gold_loss":0},{"damage_healed":0,"gold_gain":0,"player_choice":"Donut","damage_taken":0,"max_hp_gain":5,"max_hp_loss":0,"event_name":"Big Fish","floor":3,"gold_loss":0},{"cards_removed":["Strike_R"],"damage_healed":0,"gold_gain":0,"player_choice":"Forget","damage_taken":0,"max_hp_gain":0,"max_hp_loss":0,"event_name":"Living Wall","floor":10,"gold_loss":0}],"is_beta":false,"boss_relics":[],"items_purged_floors":[],"is_endless":false,"potions_floor_spawned":[4,7,8],"killed_by":"The Guardian","ascension_level":20}}