{"host":"9nx75o4jon4sxasg","time":1612618446,"event":{"mods":["BaseMod","Downfall","Gremlin Mod","Marisa£®ÏF”Í°°ƒß¿Ì…≥£©","Minty Spire (QoL Compilation)","Shop Mod","StSLib","The Bug Knight","The Servant 0.9.4","noobMod"],"gold_per_floor":[117,192,192,205,205,155,4,4,4,4,34,53,66,78,78,176,176,194,210,210,223,223,223],"floor_reached":22,"language":"ZHS","playtime":821,"items_purged":["Strike_MRS"],"score":248,"play_id":"95c20390-ecf6-4015-ae74-61f1324fc26c","local_time":"20210206213406","is_ascension_mode":true,"campfire_choices":[{"data":"Singularity","floor":10,"key":"SMITH"},{"data":"UnstableBomb","floor":15,"key":"SMITH"}],"circlet_count":0,"master_deck":["Strike_MRS","Strike_MRS+1","Strike_MRS","Defend_MRS","Defend_MRS","MasterSpark+1","UpSweep","MysteriousBeam","UnstableBomb+1","Singularity+1","SporeBomb+1","MysteriousBeam","Singularity","FinalSpark","AlicesGift+1","PowerUp+1","DarkMatter+1"],"relics":["MiniHakkero","ice","AmplifyWand","Toxic Egg 2","Kunai","Coffee Dripper"],"acts_visited":["Exordium","TheCity"],"potions_floor_usage":[],"damage_taken":[{"damage":0,"enemies":"Small Slimes","floor":1,"turns":3},{"damage":6,"enemies":"Jaw Worm","floor":4,"turns":3},{"damage":10,"enemies":"Gremlin Nob","floor":11,"turns":3},{"damage":0,"enemies":"Cultist","floor":12,"turns":3},{"damage":9,"enemies":"Exordium Wildlife","floor":13,"turns":2},{"damage":0,"enemies":"Large Slime","floor":14,"turns":4},{"damage":0,"enemies":"Slime Boss","floor":16,"turns":4},{"damage":16,"enemies":"Shell Parasite","floor":18,"turns":3},{"damage":26,"enemies":"2 Thieves","floor":19,"turns":3},{"damage":16,"enemies":"Shelled Parasite and Fungi","floor":21,"turns":3},{"damage":0,"enemies":"Snecko","floor":22,"turns":1}],"seed_played":"4576035416658871015","potions_obtained":[{"floor":8,"key":"SpeedPotion"},{"floor":8,"key":"Weak Potion"},{"floor":8,"key":"Block Potion"}],"is_trial":false,"path_per_floor":["M","?","T","M","?","?","$","?","T","R","E","M","M","M","R","B",null,"M","M","?","M","M"],"character_chosen":"MARISA","items_purchased":["Singularity"],"campfire_rested":0,"item_purchase_floors":[7],"current_hp_per_floor":[75,64,64,58,43,43,43,43,43,43,33,33,24,24,24,24,75,59,33,38,22,22,22],"gold":223,"neow_bonus":"TRANSFORM_CARD","is_daily":false,"chose_seed":false,"campfire_upgraded":2,"win_rate":0.0,"timestamp":1612618446,"path_taken":["M","?","?","?","?","?","$","?","T","R","E","M","M","M","R","BOSS","M","?","?","?","?"],"items_purchased_type":["Card"],"build_version":"2020-12-22","purchased_purges":1,"victory":false,"max_hp_per_floor":[75,75,75,75,75,75,75,75,75,75,75,75,75,75,75,75,75,75,75,75,75,75,75],"card_choices":[{"not_picked":["UnstableBomb","WitchLeyline"],"picked":"MysteriousBeam","floor":1},{"not_picked":["DC","SprinkleStarSeal"],"picked":"UnstableBomb","floor":4},{"not_picked":["WitchOfGreed","RefractionSpark"],"picked":"SporeBomb+1","floor":11},{"not_picked":["SporeBomb+1","OneTimeOff+1"],"picked":"MysteriousBeam","floor":12},{"not_picked":["ShootingEcho","SuperPerseids+1"],"picked":"Singularity","floor":13},{"not_picked":["Orbital+1","Robbery","AsteroidBelt+1"],"picked":"SKIP","floor":14},{"not_picked":["JA","SuperNova"],"picked":"FinalSpark","floor":16},{"not_picked":["GravityBeat","DarkSpark"],"picked":"AlicesGift+1","floor":18},{"not_picked":["OpenUniverse+1","SporeBomb+1"],"picked":"PowerUp+1","floor":19},{"not_picked":["ShootingEcho","NonDirectionalLaser"],"picked":"DarkMatter+1","floor":21}],"player_experience":181989,"relics_obtained":[{"floor":3,"key":"AmplifyWand"},{"floor":9,"key":"Toxic Egg 2"},{"floor":11,"key":"Kunai"}],"event_choices":[{"damage_healed":0,"gold_gain":75,"player_choice":"Gather Gold","damage_taken":11,"max_hp_gain":0,"max_hp_loss":0,"event_name":"World of Goop","floor":2,"gold_loss":0},{"damage_healed":0,"gold_gain":0,"player_choice":"Entered Light","damage_taken":15,"max_hp_gain":0,"max_hp_loss":0,"event_name":"Shining Light","floor":5,"gold_loss":0,"cards_upgraded":["Strike_MRS","MasterSpark"]},{"cards_removed":["Defend_MRS"],"damage_healed":0,"gold_gain":0,"player_choice":"Card Removal","damage_taken":0,"max_hp_gain":0,"max_hp_loss":0,"event_name":"The Cleric","floor":6,"gold_loss":50},{"damage_healed":0,"gold_gain":0,"player_choice":"Got Potions","damage_taken":0,"max_hp_gain":0,"max_hp_loss":0,"event_name":"Lab","floor":8,"gold_loss":0},{"cards_removed":["SporeBomb"],"damage_healed":5,"gold_gain":0,"player_choice":"Offered Common","damage_taken":0,"max_hp_gain":0,"max_hp_loss":0,"event_name":"Bonfire Elementals","floor":20,"gold_loss":0},{"cards_removed":["SporeBomb"],"damage_healed":5,"gold_gain":0,"player_choice":"Offered Special","damage_taken":0,"max_hp_gain":0,"max_hp_loss":0,"event_name":"Bonfire Elementals","floor":20,"gold_loss":0}],"is_beta":false,"boss_relics":[{"not_picked":["bronze:MakeshiftBattery","Runic Pyramid"],"picked":"Coffee Dripper"}],"items_purged_floors":[7],"is_endless":false,"potions_floor_spawned":[11,14,16,19],"killed_by":"Snecko","ascension_level":1}}