{"host":"zsnmfqgcm92hlreo","time":1612594603,"event":{"mods":["AchievementEnabler","BaseMod","Bestiary","Block Reminder","Colored Map","Colored Powertips","Minty Spire (QoL Compilation)","Permanent Neow","Quick Restart","Relic Stats","StSLib","Weighted Paths"],"gold_per_floor":[114,114,127,127,77,112,112,132,132,166,2,2,2,2,2,92,392,416,429,3,3,17,30,68,68,92,130,149,167,207,231,231,325,325,344,344,72,85,105,105,149,149,174,215,215,34,54,67,67,67,67,67,67,13,44,44,44],"floor_reached":56,"language":"ENG","playtime":2366,"items_purged":["Regret","Strike_G","Strike_G"],"score":2125,"play_id":"b6ead1f3-96ea-4c94-9589-77d05f6726c5","local_time":"20210206005643","is_ascension_mode":true,"campfire_choices":[{"floor":7.0,"key":"REST"},{"data":"Cloak And Dagger","floor":12.0,"key":"SMITH"},{"data":"Terror","floor":15.0,"key":"SMITH"},{"data":"Night Terror","floor":25.0,"key":"SMITH"},{"data":"Cloak And Dagger","floor":32.0,"key":"SMITH"},{"data":"After Image","floor":40.0,"key":"SMITH"},{"floor":49,"key":"RECALL"},{"data":"Wraith Form v2","floor":53,"key":"SMITH"}],"circlet_count":0,"master_deck":["AscendersBane","Strike_G","Strike_G","Strike_G","Defend_G","Defend_G","Defend_G","Defend_G","Defend_G","Survivor","Neutralize","Regret","Cloak And Dagger+1","Poisoned Stab","Slice","Terror+1","Slice","Dagger Spray","Injury","Night Terror+1","CurseOfTheBell","Backflip","Riddle With Holes","Riddle With Holes","Infinite Blades+1","Backflip","Backflip","Acrobatics","Cloak And Dagger+1","After Image+1","Deflect+1","Riddle With Holes","A Thousand Cuts","Slice+1","Wraith Form v2+1","Blade Dance","Sucker Punch+1","Parasite","Backflip+1","PiercingWail"],"relics":["Ring of the Snake","Du-Vu Doll","Bird Faced Urn","Mummified Hand","MealTicket","Vajra","Tough Bandages","Golden Idol","Calling Bell","Ancient Tea Set","Kunai","Old Coin","Ninja Scroll","Thread and Needle","Eternal Feather","Snake Skull","Bag of Marbles","Happy Flower","WristBlade","DollysMirror","Potion Belt","Blood Vial","Unceasing Top","Lantern"],"acts_visited":["Exordium","TheCity","TheBeyond","TheEnding"],"potions_floor_usage":[56,56,56,56],"damage_taken":[{"damage":1.0,"enemies":"Cultist","floor":1.0,"turns":3.0},{"damage":0.0,"enemies":"2 Louse","floor":3.0,"turns":2.0},{"damage":27.0,"enemies":"Gremlin Nob","floor":6.0,"turns":4.0},{"damage":0.0,"enemies":"Jaw Worm","floor":8.0,"turns":3.0},{"damage":22.0,"enemies":"3 Sentries","floor":10.0,"turns":9.0},{"damage":32.0,"enemies":"The Guardian","floor":16.0,"turns":9.0},{"damage":20.0,"enemies":"3 Byrds","floor":18.0,"turns":5.0},{"damage":0.0,"enemies":"Chosen","floor":19.0,"turns":2.0},{"damage":0.0,"enemies":"3 Cultists","floor":22.0,"turns":2.0},{"damage":0.0,"enemies":"Snake Plant","floor":23.0,"turns":1.0},{"damage":7.0,"enemies":"Slavers","floor":24.0,"turns":3.0},{"damage":12.0,"enemies":"Gremlin Leader","floor":27.0,"turns":4.0},{"damage":5.0,"enemies":"Centurion and Healer","floor":28.0,"turns":3.0},{"damage":4.0,"enemies":"Snecko","floor":29.0,"turns":3.0},{"damage":3.0,"enemies":"Book of Stabbing","floor":30.0,"turns":2.0},{"damage":0.0,"enemies":"Chosen and Byrds","floor":31.0,"turns":2.0},{"damage":26.0,"enemies":"Collector","floor":33.0,"turns":4.0},{"damage":0.0,"enemies":"3 Darklings","floor":35.0,"turns":2.0},{"damage":0.0,"enemies":"Orb Walker","floor":38.0,"turns":1.0},{"damage":13.0,"enemies":"Jaw Worm Horde","floor":39.0,"turns":2.0},{"damage":2.0,"enemies":"Giant Head","floor":41.0,"turns":4.0},{"damage":38.0,"enemies":"Reptomancer","floor":44.0,"turns":4.0},{"damage":0,"enemies":"Transient","floor":47,"turns":6},{"damage":0,"enemies":"Writhing Mass","floor":48,"turns":3},{"damage":9,"enemies":"Donu and Deca","floor":50,"turns":6},{"damage":43,"enemies":"Awakened One","floor":51,"turns":11},{"damage":69,"enemies":"Shield and Spear","floor":55,"turns":5},{"damage":92,"enemies":"The Heart","floor":56,"turns":8}],"seed_played":"-6829443501426553928","potions_obtained":[{"floor":8.0,"key":"Energy Potion"},{"floor":16.0,"key":"BlessingOfTheForge"},{"floor":19.0,"key":"FairyPotion"},{"floor":23.0,"key":"SteroidPotion"},{"floor":27.0,"key":"Ancient Potion"},{"floor":29.0,"key":"FairyPotion"},{"floor":36.0,"key":"FairyPotion"},{"floor":47,"key":"EntropicBrew"}],"is_trial":false,"path_per_floor":["M","$","M","?","$","E","R","M","T","E","$","R","?","?","R","B",null,"M","M","$","?","M","M","E","R","T","E","M","M","E","M","R","B",null,"M","?","$","M","M","R","E","$","T","E","T","$","M","M","R","B","B",null,"R","$","E","B"],"character_chosen":"THE_SILENT","items_purchased":["Slice","Vajra","Riddle With Holes","Ninja Scroll","DollysMirror","Blade Dance","PiercingWail"],"campfire_rested":1,"item_purchase_floors":[5,11,20,20,37,46,54],"current_hp_per_floor":[58,58,58,58,58,31,50,50,50,28,43,43,43,43,43,11,52,32,32,47,47,47,47,42,57,57,47,42,40,39,39,57,33,58,58,58,66,66,53,66,64,66,66,28,28,43,49,55,66,59,26,56,66,66,19,0,0],"gold":44,"neow_bonus":"ONE_RARE_RELIC","is_daily":false,"chose_seed":false,"campfire_upgraded":6,"win_rate":0.0,"timestamp":1612594603,"path_taken":["M","?","M","?","?","E","R","M","T","E","$","R","?","?","R","BOSS","M","M","$","?","M","M","E","R","T","E","?","M","E","M","R","BOSS","M","?","$","M","?","R","E","$","T","E","?","$","M","M","R","BOSS","BOSS","R","$","E","BOSS"],"items_purchased_type":["Card","Relic","Card","Relic","Relic","Card","Card"],"build_version":"2020-12-22","purchased_purges":3,"victory":false,"max_hp_per_floor":[66,66,66,66,66,66,66,66,66,66,66,66,66,66,66,66,66,66,66,66,66,66,66,66,66,66,66,66,66,66,66,66,66,66,66,66,66,66,66,66,66,66,66,66,66,66,66,66,66,66,66,66,66,66,66,66,66],"relic_stats":{"Happy Flower":[19],"counters":[28,113],"Golden Idol":167,"Eternal Feather":67,"Snake Skull":[8],"Blood Vial":8,"Tough Bandages":[33],"Mummified Hand":[29],"Bird Faced Urn":[38],"MealTicket":55,"Kunai":[73],"obtain_stats":[{"Potion Belt":41,"Lantern":55,"Happy Flower":30,"Golden Idol":14,"Vajra":11,"Thread and Needle":21,"Eternal Feather":24,"Snake Skull":26,"Ancient Tea Set":17,"Old Coin":17,"Du-Vu Doll":0,"Calling Bell":17,"Blood Vial":44,"Tough Bandages":13,"WristBlade":34,"Mummified Hand":9,"Ninja Scroll":20,"DollysMirror":37,"Bird Faced Urn":6,"MealTicket":10,"Bag of Marbles":27,"Kunai":17,"Unceasing Top":45,"Ring of the Snake":0},{"Potion Belt":21,"Lantern":27,"Happy Flower":15,"Golden Idol":5,"Vajra":5,"Thread and Needle":8,"Eternal Feather":11,"Snake Skull":11,"Ancient Tea Set":6,"Old Coin":6,"Du-Vu Doll":0,"Calling Bell":6,"Blood Vial":22,"Tough Bandages":5,"WristBlade":17,"Mummified Hand":4,"Ninja Scroll":8,"DollysMirror":18,"Bird Faced Urn":3,"MealTicket":5,"Bag of Marbles":12,"Kunai":6,"Unceasing Top":22,"Ring of the Snake":0},{"Potion Belt":70,"Lantern":105,"Happy Flower":55,"Golden Idol":21,"Vajra":21,"Thread and Needle":37,"Eternal Feather":43,"Snake Skull":43,"Ancient Tea Set":30,"Old Coin":30,"Du-Vu Doll":0,"Calling Bell":30,"Blood Vial":74,"Tough Bandages":21,"WristBlade":61,"Mummified Hand":12,"Ninja Scroll":37,"DollysMirror":63,"Bird Faced Urn":9,"MealTicket":21,"Bag of Marbles":47,"Kunai":30,"Unceasing Top":74,"Ring of the Snake":0}],"Unceasing Top":[3],"Ring of the Snake":[56]},"card_choices":[{"not_picked":["Terror","Quick Slash"],"picked":"Cloak And Dagger","floor":1.0},{"not_picked":["Predator","Outmaneuver"],"picked":"Poisoned Stab","floor":3.0},{"not_picked":["Slice","Tools of the Trade"],"picked":"Terror","floor":6.0},{"not_picked":["Underhanded Strike","Quick Slash"],"picked":"Slice","floor":8.0},{"not_picked":["Sucker Punch","Eviscerate"],"picked":"Dagger Spray","floor":10.0},{"not_picked":["Die Die Die","Unload"],"picked":"Night Terror","floor":16.0},{"not_picked":["Quick Slash","Poisoned Stab"],"picked":"Backflip","floor":18.0},{"not_picked":["Blur","Skewer"],"picked":"Riddle With Holes","floor":19.0},{"not_picked":["Bane","Heel Hook","Grand Finale"],"picked":"SKIP","floor":22.0},{"not_picked":["Flying Knee","Deadly Poison"],"picked":"Infinite Blades+1","floor":23.0},{"not_picked":["Eviscerate","Escape Plan"],"picked":"Backflip","floor":24.0},{"not_picked":["Deadly Poison","Setup"],"picked":"Backflip","floor":27.0},{"not_picked":["Flying Knee","Heel Hook","Escape Plan"],"picked":"SKIP","floor":28.0},{"not_picked":["Deflect","Bane","Sucker Punch"],"picked":"SKIP","floor":29.0},{"not_picked":["Poisoned Stab","Sucker Punch"],"picked":"Acrobatics","floor":30.0},{"not_picked":["Sucker Punch","Eviscerate"],"picked":"Cloak And Dagger","floor":31.0},{"not_picked":["Grand Finale","Unload"],"picked":"After Image","floor":33.0},{"not_picked":["Outmaneuver+1","Acrobatics","Deflect+1"],"picked":"SKIP","floor":35.0},{"not_picked":["Outmaneuver+1","Acrobatics"],"picked":"Deflect+1","floor":35.0},{"not_picked":["Expertise","Sucker Punch","Underhanded Strike"],"picked":"SKIP","floor":38.0},{"not_picked":["Dagger Throw","Poisoned Stab+1"],"picked":"A Thousand Cuts","floor":39.0},{"not_picked":["Deflect+1","Accuracy+1"],"picked":"Slice+1","floor":41.0},{"not_picked":["Slice","Dagger Spray"],"picked":"Wraith Form v2","floor":44.0},{"not_picked":["Escape Plan","Die Die Die"],"picked":"Sucker Punch+1","floor":47},{"not_picked":["Heel Hook+1","Poisoned Stab+1"],"picked":"Backflip+1","floor":48},{"not_picked":["Dagger Spray","Deadly Poison+1","Outmaneuver"],"picked":"SKIP","floor":55}],"player_experience":1034236,"relics_obtained":[{"floor":6.0,"key":"Bird Faced Urn"},{"floor":9.0,"key":"Mummified Hand"},{"floor":10.0,"key":"MealTicket"},{"floor":17.0,"key":"Ancient Tea Set"},{"floor":17.0,"key":"Kunai"},{"floor":17.0,"key":"Old Coin"},{"floor":24.0,"key":"Eternal Feather"},{"floor":26.0,"key":"Snake Skull"},{"floor":27.0,"key":"Bag of Marbles"},{"floor":30.0,"key":"Happy Flower"},{"floor":41.0,"key":"Potion Belt"},{"floor":44.0,"key":"Blood Vial"},{"floor":45.0,"key":"Unceasing Top"},{"floor":55,"key":"Lantern"}],"event_choices":[{"damage_healed":0.0,"max_hp_gain":0.0,"max_hp_loss":0.0,"gold_gain":0.0,"event_name":"Scrap Ooze","player_choice":"Fled","floor":4.0,"gold_loss":0.0,"damage_taken":0.0},{"damage_healed":0.0,"max_hp_gain":0.0,"max_hp_loss":0.0,"gold_gain":0.0,"event_name":"Big Fish","player_choice":"Box","floor":13.0,"gold_loss":0.0,"damage_taken":0.0,"relics_obtained":["Tough Bandages"],"cards_obtained":["Regret"]},{"damage_healed":0.0,"max_hp_gain":0.0,"max_hp_loss":0.0,"gold_gain":0.0,"event_name":"Golden Idol","player_choice":"Take Wound","floor":14.0,"gold_loss":0.0,"damage_taken":0.0,"relics_obtained":["Golden Idol"],"cards_obtained":["Injury"]},{"damage_healed":0.0,"max_hp_gain":0.0,"max_hp_loss":0.0,"gold_gain":0.0,"event_name":"WeMeetAgain","player_choice":"Gave Potion","floor":21.0,"gold_loss":0.0,"damage_taken":0.0,"relics_obtained":["Thread and Needle"]},{"damage_healed":0.0,"max_hp_gain":0.0,"max_hp_loss":0.0,"gold_gain":0.0,"event_name":"Lab","player_choice":"Got Potions","floor":36.0,"gold_loss":0.0,"damage_taken":0.0}],"is_beta":false,"boss_relics":[{"not_picked":["SlaversCollar","Empty Cage"],"picked":"Calling Bell"},{"not_picked":["Black Star","Velvet Choker"],"picked":"WristBlade"}],"items_purged_floors":[20,37,46],"is_endless":false,"potions_floor_spawned":[8,16,19,23,27,28,29,33,35,38,39,47],"killed_by":"The Heart","ascension_level":20}}