{"host":"q9sqrn60n8lvmavn","time":1612569845,"event":{"mods":["AchievementEnabler","AlwaysNeverKeys","BaseMod","Better Third Choice","Better Vampires","Better-Laid Plans","Block Reminder","Colored Powertips","Curses Come First","DNKmod","Emptier Cage","Friendly Minions","Minty Spire (QoL Compilation)","Permanent Neow","Relic Filter Mod","Shop Mod","StSLib","Weighted Paths"],"gold_per_floor":[1018,1032,1032,1032,1032,1065,1079,1104,1104,269,301,319,331,348,348,452,452,463,483,442,456,555,586,597,597,622,547,581,601,621,6,6,111,111,126,126,142,59,69,95,95,123,146,165,165,191,210,222,222,222,222,222,76,105,105],"floor_reached":56,"language":"ENG","playtime":2152,"items_purged":["Defend_R","Strike_R","Bash"],"score":1927,"play_id":"e87b0a85-fd14-4d5a-a013-67f705ad4883","local_time":"20210205160405","is_ascension_mode":true,"campfire_choices":[{"data":"Pommel Strike","floor":15,"key":"SMITH"},{"data":"True Grit","floor":32,"key":"SMITH"},{"data":"Uppercut","floor":41,"key":"SMITH"},{"data":"Whirlwind","floor":45,"key":"SMITH"},{"data":"Madness","floor":49,"key":"SMITH"},{"data":"Dropkick","floor":52,"key":"SMITH"}],"circlet_count":0,"master_deck":["AscendersBane","Strike_R","White Noise+1","Pommel Strike+1","Sentinel","Dropkick","Inflame+1","Barricade+1","Iron Wave","Dropkick","Warcry+1","Whirlwind+1","Uppercut+1","True Grit+1","Offering+1","Shockwave+1","Madness+1","Madness+1","Dropkick","Sentinel+1","Dropkick+1","Warcry+1","Warcry+1","Madness+1","Heavy Blade"],"relics":["Burning Blood","Paper Frog","MealTicket","Matryoshka","MerchantsRug","PreservedInsect","Champion Belt","ClockworkSouvenir","Vajra","Bag of Preparation","Omamori","Kunai","Bottled Flame","HandDrill","Philosopher\u0027s Stone","Shuriken","Pen Nib","Oddly Smooth Stone","War Paint","Ancient Tea Set","Lizard Tail","DollysMirror","Pear"],"acts_visited":["Exordium","TheCity","TheBeyond","TheEnding"],"potions_floor_usage":[6,8,13,16,23,50,55],"damage_taken":[{"damage":0,"enemies":"Small Slimes","floor":1,"turns":2},{"damage":3,"enemies":"2 Louse","floor":2,"turns":2},{"damage":16,"enemies":"3 Sentries","floor":6,"turns":7},{"damage":10,"enemies":"Jaw Worm","floor":7,"turns":2},{"damage":16,"enemies":"Lagavulin","floor":8,"turns":4},{"damage":20,"enemies":"3 Sentries","floor":11,"turns":4},{"damage":10,"enemies":"Red Slaver","floor":12,"turns":2},{"damage":10,"enemies":"Gremlin Gang","floor":13,"turns":3},{"damage":0,"enemies":"Exordium Thugs","floor":14,"turns":2},{"damage":23,"enemies":"The Guardian","floor":16,"turns":5},{"damage":22,"enemies":"2 Thieves","floor":18,"turns":3},{"damage":1,"enemies":"Spheric Guardian","floor":19,"turns":3},{"damage":5,"enemies":"3 Cultists","floor":21,"turns":4},{"damage":50,"enemies":"Slavers","floor":23,"turns":5},{"damage":20,"enemies":"Snake Plant","floor":24,"turns":3},{"damage":10,"enemies":"Book of Stabbing","floor":28,"turns":2},{"damage":14,"enemies":"Sentry and Sphere","floor":29,"turns":4},{"damage":0,"enemies":"Shelled Parasite and Fungi","floor":30,"turns":2},{"damage":7,"enemies":"Champ","floor":33,"turns":4},{"damage":6,"enemies":"Orb Walker","floor":35,"turns":1},{"damage":17,"enemies":"3 Shapes","floor":37,"turns":1},{"damage":11,"enemies":"Spire Growth","floor":39,"turns":2},{"damage":11,"enemies":"Reptomancer","floor":40,"turns":2},{"damage":13,"enemies":"Giant Head","floor":42,"turns":4},{"damage":6,"enemies":"Maw","floor":44,"turns":3},{"damage":12,"enemies":"Nemesis","floor":46,"turns":3},{"damage":6,"enemies":"Transient","floor":47,"turns":4},{"damage":6,"enemies":"Sphere and 2 Shapes","floor":48,"turns":1},{"damage":14,"enemies":"Awakened One","floor":50,"turns":4},{"damage":28,"enemies":"Shield and Spear","floor":54,"turns":3},{"damage":62,"enemies":"The Heart","floor":55,"turns":5}],"seed_played":"7002931475482594617","potions_obtained":[{"floor":1,"key":"SneckoOil"},{"floor":7,"key":"Fruit Juice"},{"floor":8,"key":"LiquidBronze"},{"floor":12,"key":"ElixirPotion"},{"floor":18,"key":"FearPotion"},{"floor":23,"key":"Explosive Potion"},{"floor":28,"key":"Weak Potion"},{"floor":35,"key":"Swift Potion"},{"floor":37,"key":"Swift Potion"},{"floor":44,"key":"DuplicationPotion"},{"floor":46,"key":"FearPotion"},{"floor":54,"key":"Swift Potion"}],"is_trial":false,"path_per_floor":["M","M","?","?","?","E","M","E","T","$","E","M","M","M","R","B",null,"M","M","$","M","?","E","M","?","T","?","E","M","M","$","R","B",null,"M","?","M","$","M","E","R","E","T","M","R","E","M","M","R","B",null,"R","$","E","B",null],"character_chosen":"IRONCLAD","items_purchased":["MerchantsRug","PreservedInsect","Champion Belt","ClockworkSouvenir","Iron Wave","Kunai","Bottled Flame","HandDrill","Shuriken","Dropkick","DollysMirror"],"campfire_rested":0,"item_purchase_floors":[10,10,10,10,20,31,31,31,38,38,53],"current_hp_per_floor":[90,90,85,85,85,75,71,66,66,81,67,63,59,65,65,48,83,67,72,87,88,88,44,30,30,30,30,26,18,24,39,39,38,81,81,69,58,73,68,63,63,56,56,56,56,50,50,50,50,42,82,82,95,83,27],"gold":105,"neow_bonus":"REMOVE_TWO","is_daily":false,"chose_seed":false,"campfire_upgraded":6,"win_rate":0.0,"timestamp":1612569845,"path_taken":["M","M","?","?","?","E","M","E","T","$","E","?","M","M","R","BOSS","M","?","$","M","?","E","M","?","T","?","E","M","M","$","R","BOSS","M","?","M","$","M","E","R","E","T","M","R","E","M","M","R","BOSS","R","$","E","BOSS"],"items_purchased_type":["Relic","Relic","Relic","Relic","Card","Relic","Relic","Relic","Relic","Card","Relic"],"build_version":"2020-12-22","purchased_purges":3,"victory":true,"max_hp_per_floor":[90,90,90,90,90,90,90,95,95,95,95,95,95,95,95,95,95,95,95,95,95,95,95,95,95,95,95,95,95,95,95,95,95,95,95,95,95,95,95,95,95,95,95,95,95,95,95,95,95,95,95,95,95,105,105],"card_choices":[{"not_picked":["Intimidate","Cleave","Infernal Blade"],"picked":"SKIP","floor":1},{"not_picked":["Sword Boomerang","Cleave","Ghostly Armor"],"picked":"SKIP","floor":2},{"not_picked":["Twin Strike","Havoc"],"picked":"Pommel Strike","floor":6},{"not_picked":["Anger","Warcry"],"picked":"Sentinel","floor":7},{"not_picked":["Infernal Blade","Twin Strike"],"picked":"Dropkick","floor":8},{"not_picked":["Dark Embrace+1","Headbutt"],"picked":"Inflame+1","floor":11},{"not_picked":["Inflame+1","Hemokinesis","Fire Breathing+1"],"picked":"SKIP","floor":12},{"not_picked":["Rage","Armaments","Flex"],"picked":"SKIP","floor":13},{"not_picked":["Armaments","Reckless Charge"],"picked":"Barricade+1","floor":14},{"not_picked":["Havoc","Cleave","Warcry"],"picked":"SKIP","floor":18},{"not_picked":["Clash","Blood for Blood","Warcry+1"],"picked":"SKIP","floor":19},{"not_picked":["Twin Strike","Evolve+1"],"picked":"Dropkick","floor":21},{"not_picked":["Warcry","Wild Strike","Feed"],"picked":"SKIP","floor":23},{"not_picked":["Armaments","Cleave"],"picked":"Warcry+1","floor":24},{"not_picked":["Sword Boomerang+1","Inflame+1"],"picked":"Uppercut","floor":28},{"not_picked":["Power Through+1","Entrench","Sword Boomerang"],"picked":"SKIP","floor":29},{"not_picked":["Uppercut","Spot Weakness"],"picked":"True Grit","floor":30},{"not_picked":["Corruption+1","Immolate"],"picked":"Offering","floor":33},{"not_picked":["Uppercut+1","Infernal Blade"],"picked":"Shockwave+1","floor":35},{"not_picked":["Warcry+1","Burning Pact","Cleave+1"],"picked":"SKIP","floor":37},{"not_picked":["Headbutt+1","Clothesline","Sword Boomerang+1"],"picked":"SKIP","floor":39},{"not_picked":["Battle Trance","Havoc+1","Entrench+1"],"picked":"SKIP","floor":40},{"not_picked":["Metallicize+1","Exhume"],"picked":"Sentinel+1","floor":42},{"not_picked":["Ghostly Armor+1","Shrug It Off"],"picked":"Dropkick","floor":44},{"not_picked":["Headbutt","Power Through+1"],"picked":"Warcry+1","floor":46},{"not_picked":["Havoc+1","Blood for Blood+1"],"picked":"Warcry+1","floor":47},{"not_picked":["Clash","Clothesline","Battle Trance+1"],"picked":"SKIP","floor":48},{"not_picked":["Searing Blow","Thunderclap"],"picked":"Heavy Blade","floor":54}],"player_experience":234741,"relics_obtained":[{"floor":6,"key":"StoneCalendar"},{"floor":8,"key":"MealTicket"},{"floor":9,"key":"Matryoshka"},{"floor":11,"key":"Pocketwatch"},{"floor":23,"key":"Vajra"},{"floor":26,"key":"Bag of Preparation"},{"floor":26,"key":"Omamori"},{"floor":28,"key":"Charon\u0027s Ashes"},{"floor":40,"key":"Pen Nib"},{"floor":42,"key":"Oddly Smooth Stone"},{"floor":43,"key":"War Paint"},{"floor":43,"key":"Ancient Tea Set"},{"floor":46,"key":"Lizard Tail"},{"floor":54,"key":"Pear"}],"event_choices":[{"damage_healed":0,"gold_gain":0,"player_choice":"Ignored","damage_taken":1032,"max_hp_gain":0,"max_hp_loss":0,"event_name":"betterThird:BetterSerpent","floor":4,"gold_loss":0},{"damage_healed":0,"gold_gain":0,"player_choice":"Upgraded","damage_taken":0,"max_hp_gain":0,"max_hp_loss":0,"event_name":"Upgrade Shrine","floor":5,"gold_loss":0,"cards_upgraded":["White Noise"]},{"damage_healed":0,"gold_gain":99,"player_choice":"Steal","damage_taken":0,"max_hp_gain":0,"max_hp_loss":0,"event_name":"betterThird:BetterNest","floor":22,"gold_loss":0},{"damage_healed":0,"gold_gain":0,"player_choice":"Read","damage_taken":0,"max_hp_gain":0,"max_hp_loss":0,"event_name":"The Library","floor":25,"gold_loss":0,"cards_obtained":["Whirlwind"]},{"cards_removed":["Strike_R"],"damage_healed":0,"gold_gain":0,"player_choice":"Gave Gold","damage_taken":0,"max_hp_gain":0,"max_hp_loss":0,"event_name":"Beggar","floor":27,"gold_loss":75},{"damage_healed":0,"gold_gain":0,"player_choice":"Embrace Madness","damage_taken":12,"max_hp_gain":0,"max_hp_loss":0,"event_name":"Winding Halls","floor":36,"gold_loss":0,"cards_obtained":["Madness","Madness"]}],"is_beta":false,"boss_relics":[{"not_picked":["Busted Crown","Runic Pyramid"],"picked":"Empty Cage"},{"not_picked":["Mark of Pain","Black Blood"],"picked":"Philosopher\u0027s Stone"}],"items_purged_floors":[10,20,31],"is_endless":false,"potions_floor_spawned":[1,7,8,12,18,23,28,29,35,37,44,46,54],"ascension_level":11}}