{"host":"dmtlrev5pkc1867p","time":1612626537,"event":{"mods":["BaseMod","Colored Map","Downfall","Hermit","Marisa¡]Ãú«B¡@Å]²z¨F¡^","Minty Spire (QoL Compilation)","Replay The Spire","StSLib","The Cursed","The Disciple","The Servant 0.9.4"],"gold_per_floor":[112,132,144,144,244,244,244,257,274,274,274,53,85,101,101,201,201,214,246,246,246,273,49,49,49,49],"floor_reached":25,"language":"ZHS","playtime":1356,"items_purged":["Strike_MRS"],"score":311,"play_id":"d4c5821f-eea0-4069-b38d-cad082709b5e","local_time":"20210206234857","is_ascension_mode":true,"campfire_choices":[{"floor":6.0,"key":"REST"},{"floor":11.0,"key":"REST"},{"floor":15.0,"key":"REST"}],"circlet_count":0,"master_deck":["Strike_MRS+1","Strike_MRS+1","Strike_MRS+1","Defend_MRS+1","Defend_MRS+1","Defend_MRS+1","Defend_MRS+1","MasterSpark","UpSweep","MagicChant","SporeBomb","EnergyFlow","SuperPerseids","DarkMatter","MysteriousBeam","JA","Replay:SS_fish_1","AlicesGift","AlicesGift","WitchOfGreed","GalacticHalo","PowerUp","UnstableBomb","MagicChant","MysteriousBeam","JA","ChargingUp+1","MilkyWay","DeepEcoloBomb+1","EarthLightRay","OortCloud+1"],"relics":["MiniHakkero","Potion Belt","Mango","BargainBundle","RampagingMagicTools","Frozen Egg 2","Anchor"],"acts_visited":["Exordium","TheCity"],"potions_floor_usage":[22,22,22,22,23,25],"damage_taken":[{"damage":2.0,"enemies":"2 Louse","floor":1.0,"turns":3.0},{"damage":0.0,"enemies":"Small Slimes","floor":2.0,"turns":3.0},{"damage":1.0,"enemies":"Cultist","floor":3.0,"turns":3.0},{"damage":51.0,"enemies":"downfall:LadyInBlue","floor":5.0,"turns":10.0},{"damage":8.0,"enemies":"Large Slime","floor":8.0,"turns":5.0},{"damage":16.0,"enemies":"Exordium Thugs","floor":9.0,"turns":4.0},{"damage":0.0,"enemies":"downfall:FleeingMerchant","floor":12.0,"turns":4.0},{"damage":11.0,"enemies":"Blue Slaver","floor":13.0,"turns":3.0},{"damage":20.0,"enemies":"Large Slime","floor":14.0,"turns":4.0},{"damage":8.0,"enemies":"WA_ARCHETYPE_RETAIN","floor":16.0,"turns":4.0},{"damage":16.0,"enemies":"Spheric Guardian","floor":18.0,"turns":4.0},{"damage":42.0,"enemies":"Snake Plant","floor":19.0,"turns":5.0},{"damage":31,"enemies":"Cultist and Chosen","floor":22,"turns":5},{"damage":0,"enemies":"downfall:FleeingMerchant","floor":23,"turns":4},{"damage":0,"enemies":"Centurion and Healer","floor":25,"turns":3}],"seed_played":"8256848013261711542","potions_obtained":[{"floor":2.0,"key":"Strength Potion"},{"floor":5.0,"key":"Elixir"},{"floor":5.0,"key":"Cursed Concoction"},{"floor":5.0,"key":"SteroidPotion"},{"floor":13.0,"key":"Adrenaline Potion"},{"floor":13.0,"key":"Adrenaline Potion"},{"floor":16.0,"key":"LiquidBronze"},{"floor":19.0,"key":"Fire Potion"},{"floor":22,"key":"ColorlessPotion"},{"floor":23,"key":"BottledSpark"}],"is_trial":false,"path_per_floor":["M","M","M","?","?","R","T","M","M","?","R","$","M","M","R","B",null,"M","M","?","T","M","$","T","M"],"character_chosen":"MARISA","items_purchased":["BargainBundle","Replay:SS_fish_1","AlicesGift","WitchOfGreed","GalacticHalo","PowerUp","UnstableBomb","SneckoOil","Adrenaline Potion","BottledSpark","Anchor","OortCloud+1"],"campfire_rested":3,"item_purchase_floors":[12,12,12,12,12,12,12,12,12,12,23,23],"current_hp_per_floor":[73,73,72,77,26,52,66,58,42,42,72,72,61,41,71,63,92,76,34,34,34,3,3,3,7,7],"gold":49,"neow_bonus":"TEN_PERCENT_HP_BONUS","is_daily":false,"chose_seed":false,"campfire_upgraded":0,"win_rate":0.0,"timestamp":1612626537,"path_taken":["M","M","M","?","?","R","T","?","M","?","R","?","?","M","R","BOSS","BOSS","M","M","?","?","M","$","T","M"],"items_purchased_type":["Relic","Card","Card","Card","Card","Card","Card","Potion","Potion","Potion","Relic","Card"],"build_version":"2020-12-22","purchased_purges":1,"victory":false,"max_hp_per_floor":[82,82,82,87,87,87,101,101,101,101,101,101,101,101,101,101,101,101,101,101,101,101,101,101,101,101],"card_choices":[{"not_picked":["UnstableBomb","6A"],"picked":"MagicChant","floor":1.0},{"not_picked":["WitchLeyline","GravityBeat"],"picked":"SporeBomb","floor":2.0},{"not_picked":["UnstableBomb","GrandCross"],"picked":"EnergyFlow","floor":3.0},{"not_picked":["GrandCross","UnstableBomb"],"picked":"SuperPerseids","floor":5.0},{"not_picked":["Singularity","WitchLeyline"],"picked":"DarkMatter","floor":8.0},{"not_picked":["GalacticHalo","PowerUp"],"picked":"MysteriousBeam","floor":9.0},{"not_picked":["GravityBeat","MachineGunSpark"],"picked":"JA","floor":12.0},{"not_picked":["WitchLeyline","IllusionStar"],"picked":"MagicChant","floor":13.0},{"not_picked":["SporeBomb","MilkyWay"],"picked":"MysteriousBeam","floor":14.0},{"not_picked":["MaximisePower","SatelliteIllusion"],"picked":"JA","floor":16.0},{"not_picked":["DoubleSpark","AlicesGift"],"picked":"ChargingUp+1","floor":18.0},{"not_picked":["6A","IllusionStar"],"picked":"MilkyWay","floor":19.0},{"not_picked":["EnergyRecoil","SporeBomb"],"picked":"DeepEcoloBomb+1","floor":22},{"not_picked":["BigCrunch","SprinkleStarSeal"],"picked":"EarthLightRay","floor":23}],"player_experience":608158,"relics_obtained":[{"floor":5.0,"key":"Potion Belt"},{"floor":7.0,"key":"Mango"},{"floor":21.0,"key":"Frozen Egg 2"}],"event_choices":[{"damage_healed":0.0,"max_hp_gain":5.0,"max_hp_loss":0.0,"gold_gain":0.0,"event_name":"Big Fish","player_choice":"Donut","floor":4.0,"gold_loss":0.0,"damage_taken":0.0},{"damage_healed":0.0,"max_hp_gain":0.0,"max_hp_loss":0.0,"gold_gain":0.0,"event_name":"Back to Basics","player_choice":"Simplicity","floor":20.0,"gold_loss":0.0,"damage_taken":0.0,"cards_upgraded":["Strike_MRS","Strike_MRS","Strike_MRS","Defend_MRS","Defend_MRS","Defend_MRS","Defend_MRS"]}],"is_beta":false,"boss_relics":[{"not_picked":["Runic Pyramid","bronze:MakeshiftBattery"],"picked":"RampagingMagicTools"}],"items_purged_floors":[12],"is_endless":false,"potions_floor_spawned":[2,13,16,19],"killed_by":"Centurion and Healer","ascension_level":6}}