{"host":"0clp59ii0fcmlcyr","time":1612635878,"event":{"mods":["AchievementEnabler","BaseMod","Better Altar","Better Match","Better Sensory Stone","Better Skull","Better Third Choice","BetterRewards","Bossed Relics","Colored Powertips","Highlight Path","Minty Spire (QoL Compilation)","Permanent Neow","RNG Fix","Shop Mod","Spicy Shops","StSLib"],"gold_per_floor":[113,188,13,13,29,70,70,89,112,112,112,125,125,143,143,264,264,287,16,16,39,39,51,77,89,101,154,265,321,333,295,307,443,455,481,17,17,40,13,13,51,65,114,154,173,196,196,1,1,1],"floor_reached":51,"language":"ENG","playtime":3639,"items_purged":["True Grit","Headbutt","Searing Blow","Armaments+1"],"score":891,"play_id":"a2b295ac-0474-482e-91ec-8762fa4c2d36","local_time":"20210206192438","daily_mods":["SealedDeck","Heirloom"],"is_ascension_mode":false,"campfire_choices":[{"data":"Rampage","floor":7,"key":"SMITH"},{"floor":10,"key":"DIG"},{"floor":13,"key":"DIG"},{"floor":15,"key":"DIG"},{"floor":23,"key":"DIG"},{"floor":25,"key":"DIG"},{"floor":30,"key":"DIG"},{"floor":32,"key":"DIG"},{"floor":40,"key":"DIG"},{"floor":49,"key":"DIG"}],"circlet_count":0,"master_deck":["Pommel Strike","Shrug It Off+1","Shrug It Off+1","Seeing Red","Disarm+1","Rampage+1","Metallicize","Metallicize","Fire Breathing","Madness","Berserk"],"relics":["Burning Blood","Shovel","Golden Idol","Self Forming Clay","War Paint","Du-Vu Doll","The Courier","Matryoshka","Black Star","Membership Card","CeramicFish","ClockworkSouvenir","MawBank","PreservedInsect","Molten Egg 2","Ornamental Fan","Centennial Puzzle","Happy Flower","Ice Cream","Anchor","Charon\u0027s Ashes","Boot","Fusion Hammer","Pen Nib","Toolbox","Lantern","Toy Ornithopter","Omamori","MealTicket","Strawberry","Orichalcum","Sundial","Unceasing Top","Bag of Marbles","Red Skull","White Beast Statue","Ancient Tea Set","Strange Spoon","Bronze Scales","Pantograph"],"acts_visited":["Exordium","TheCity","TheBeyond"],"potions_floor_usage":[16,50,50,50],"damage_taken":[{"damage":2,"enemies":"Cultist","floor":1,"turns":4},{"damage":0,"enemies":"Jaw Worm","floor":5,"turns":4},{"damage":9,"enemies":"Lagavulin","floor":6,"turns":7},{"damage":5,"enemies":"2 Louse","floor":8,"turns":3},{"damage":0,"enemies":"Looter","floor":12,"turns":3},{"damage":0,"enemies":"Lots of Slimes","floor":14,"turns":7},{"damage":25,"enemies":"Slime Boss","floor":16,"turns":11},{"damage":0,"enemies":"Chosen","floor":18,"turns":5},{"damage":0,"enemies":"3 Byrds","floor":21,"turns":6},{"damage":0,"enemies":"Snecko","floor":24,"turns":6},{"damage":0,"enemies":"Book of Stabbing","floor":27,"turns":7},{"damage":0,"enemies":"Gremlin Leader","floor":29,"turns":5},{"damage":3,"enemies":"Champ","floor":33,"turns":11},{"damage":0,"enemies":"3 Darklings","floor":35,"turns":4},{"damage":0,"enemies":"Orb Walker","floor":38,"turns":4},{"damage":14,"enemies":"Nemesis","floor":41,"turns":5},{"damage":0,"enemies":"Writhing Mass","floor":42,"turns":4},{"damage":0,"enemies":"Giant Head","floor":44,"turns":4},{"damage":0,"enemies":"Jaw Worm Horde","floor":45,"turns":3},{"damage":4,"enemies":"4 Shapes","floor":46,"turns":3},{"damage":0,"enemies":"Time Eater","floor":50,"turns":3}],"seed_played":"7306221387369918889","potions_obtained":[{"floor":5,"key":"ColorlessPotion"},{"floor":12,"key":"EssenceOfSteel"},{"floor":14,"key":"SpeedPotion"},{"floor":18,"key":"FearPotion"},{"floor":21,"key":"ElixirPotion"},{"floor":44,"key":"Block Potion"},{"floor":45,"key":"Ancient Potion"}],"is_trial":true,"path_per_floor":["M","?","$","?","M","E","R","M","T","R","?","M","R","M","R","B",null,"M","$","?","M","?","R","M","R","T","E","?","E","R","?","R","B",null,"M","$","?","M","$","R","E","M","T","E","M","M","?","$","R","B",null],"character_chosen":"IRONCLAD","items_purchased":["Membership Card","CeramicFish","ClockworkSouvenir","Pen Nib","Toolbox","Fire Breathing","Lantern","Toy Ornithopter","Omamori","MealTicket","Strawberry","Madness","Strange Spoon","Bronze Scales"],"campfire_rested":0,"item_purchase_floors":[19,19,19,36,36,36,36,36,36,36,36,39,48,48],"current_hp_per_floor":[80,72,72,52,58,55,55,56,56,56,49,55,55,61,61,42,80,80,80,80,80,80,80,80,80,80,80,80,80,80,80,80,80,80,80,87,87,87,87,87,79,85,85,87,87,87,87,87,87,87],"gold":1,"neow_bonus":"","is_daily":false,"chose_seed":false,"campfire_upgraded":1,"win_rate":0.0,"timestamp":1612635878,"path_taken":["M","?","$","?","?","E","R","M","T","R","?","M","R","M","R","BOSS","M","$","?","?","?","R","M","R","T","E","?","E","R","?","R","BOSS","M","?","?","M","$","R","E","M","T","E","?","M","?","$","R","BOSS"],"items_purchased_type":["Relic","Relic","Relic","Relic","Relic","Card","Relic","Relic","Relic","Relic","Relic","Card","Relic","Relic"],"build_version":"2020-12-22","purchased_purges":4,"victory":true,"max_hp_per_floor":[80,80,80,80,80,80,80,80,80,80,80,80,80,80,80,80,80,80,80,80,80,80,80,80,80,80,80,80,80,80,80,80,80,80,80,87,87,87,87,87,87,87,87,87,87,87,87,87,87,87],"card_choices":[{"not_picked":["Twin Strike","Wild Strike","Feel No Pain"],"picked":"SKIP","floor":1},{"not_picked":["Twin Strike","Wild Strike","Feel No Pain"],"picked":"SKIP","floor":1},{"not_picked":["Twin Strike","Wild Strike","Feel No Pain"],"picked":"SKIP","floor":1},{"not_picked":["Clash","Seeing Red","Dark Embrace"],"picked":"SKIP","floor":5},{"not_picked":["Shrug It Off","Battle Trance"],"picked":"Rampage","floor":6},{"not_picked":["Sword Boomerang","Anger"],"picked":"Metallicize","floor":8},{"not_picked":["Rupture","Sword Boomerang","Flame Barrier"],"picked":"SKIP","floor":12},{"not_picked":["Body Slam","Headbutt","Wild Strike"],"picked":"SKIP","floor":14},{"not_picked":["Wild Strike+1","Bloodletting","Cleave"],"picked":"SKIP","floor":18},{"not_picked":["Clothesline","True Grit","Warcry"],"picked":"SKIP","floor":21},{"not_picked":["Perfected Strike","Reckless Charge","Dark Embrace"],"picked":"SKIP","floor":24},{"not_picked":["True Grit+1","Offering","Hemokinesis+1"],"picked":"SKIP","floor":27},{"not_picked":["Flex+1","Headbutt+1"],"picked":"Metallicize","floor":29},{"not_picked":["Burning Pact","Battle Trance","Pummel+1"],"picked":"SKIP","floor":35},{"not_picked":["Anger+1","Havoc+1","Armaments"],"picked":"SKIP","floor":38},{"not_picked":["Rage","Second Wind+1","Impervious"],"picked":"SKIP","floor":41},{"not_picked":["Headbutt+1","True Grit+1","Combust+1"],"picked":"SKIP","floor":42},{"not_picked":["Reckless Charge+1","Havoc"],"picked":"Berserk","floor":44},{"not_picked":["Spot Weakness+1","Havoc","Second Wind"],"picked":"SKIP","floor":45},{"not_picked":["Flame Barrier+1","Sword Boomerang+1","Havoc+1"],"picked":"SKIP","floor":46}],"player_experience":111163,"relics_obtained":[{"floor":6,"key":"Self Forming Clay"},{"floor":9,"key":"War Paint"},{"floor":10,"key":"Du-Vu Doll"},{"floor":13,"key":"The Courier"},{"floor":15,"key":"Matryoshka"},{"floor":23,"key":"PreservedInsect"},{"floor":25,"key":"Molten Egg 2"},{"floor":26,"key":"Ornamental Fan"},{"floor":26,"key":"Centennial Puzzle"},{"floor":27,"key":"Happy Flower"},{"floor":27,"key":"Ice Cream"},{"floor":29,"key":"Anchor"},{"floor":29,"key":"Charon\u0027s Ashes"},{"floor":30,"key":"Boot"},{"floor":40,"key":"Orichalcum"},{"floor":41,"key":"Sundial"},{"floor":41,"key":"Unceasing Top"},{"floor":43,"key":"Bag of Marbles"},{"floor":43,"key":"Red Skull"},{"floor":44,"key":"White Beast Statue"},{"floor":44,"key":"Ancient Tea Set"},{"floor":49,"key":"Pantograph"}],"event_choices":[{"damage_healed":0,"gold_gain":75,"player_choice":"Touch","damage_taken":8,"max_hp_gain":0,"max_hp_loss":0,"event_name":"FaceTrader","floor":2,"gold_loss":0},{"damage_healed":0,"gold_gain":0,"player_choice":"Take Damage","damage_taken":20,"relics_obtained":["Golden Idol"],"max_hp_gain":0,"max_hp_loss":0,"event_name":"Golden Idol","floor":4,"gold_loss":0},{"cards_removed":["Warcry"],"damage_healed":0,"gold_gain":0,"player_choice":"Card Removal","damage_taken":7,"max_hp_gain":0,"max_hp_loss":0,"event_name":"Golden Wing","floor":11,"gold_loss":0},{"damage_healed":0,"gold_gain":0,"player_choice":"Ignored","damage_taken":0,"max_hp_gain":0,"max_hp_loss":0,"event_name":"Transmorgrifier","floor":20,"gold_loss":0},{"damage_healed":0,"gold_gain":0,"player_choice":"Opened","damage_taken":0,"relics_obtained":["MawBank"],"max_hp_gain":0,"max_hp_loss":0,"event_name":"The Mausoleum","floor":22,"gold_loss":0},{"damage_healed":0,"gold_gain":99,"player_choice":"Steal","damage_taken":0,"max_hp_gain":0,"max_hp_loss":0,"event_name":"betterThird:BetterNest","floor":28,"gold_loss":0},{"damage_healed":0,"gold_gain":0,"player_choice":"Bet on Owner","damage_taken":0,"max_hp_gain":0,"max_hp_loss":0,"event_name":"The Joust","floor":31,"gold_loss":50},{"damage_healed":0,"gold_gain":0,"player_choice":"Forge","damage_taken":0,"max_hp_gain":0,"max_hp_loss":0,"event_name":"Accursed Blacksmith","floor":37,"gold_loss":0,"cards_upgraded":["Armaments"]},{"damage_healed":0,"gold_gain":0,"player_choice":"Upgraded","damage_taken":0,"max_hp_gain":0,"max_hp_loss":0,"event_name":"Upgrade Shrine","floor":47,"gold_loss":0,"cards_upgraded":["Disarm"]}],"is_beta":false,"boss_relics":[{"not_picked":["Runic Dome","SlaversCollar"],"picked":"Black Star"},{"not_picked":["Empty Cage","Snecko Eye"],"picked":"Fusion Hammer"}],"items_purged_floors":[3,3,19,48],"is_endless":false,"potions_floor_spawned":[5,12,14,18,21,27,35,44,45,46],"ascension_level":0}}