{"host":"49pjgf1q9ev52n8z","time":1612591138,"event":{"mods":["BaseMod","Bestiary","Colored Map","Keyboard Shortcuts","Minty Spire (QoL Compilation)","Practice Mode","Relic Stats","StSLib"],"gold_per_floor":[210,227,245,35,35,60,71,71,95,107,107,133,133,150,150,245,245,260,275,275,275,295,328,342,23,23,23,23,56,56,56,56,156,156,176,193,193,5,21,50,62,62,62,87,437,464,464,28,28,28],"floor_reached":51,"language":"ENG","playtime":5006,"items_purged":[],"score":1004,"play_id":"b271c6ea-ab1d-4f66-8a66-acee217d706e","local_time":"20210205215858","is_ascension_mode":true,"campfire_choices":[{"floor":8.0,"key":"REST"},{"data":"Machine Learning","floor":11.0,"key":"SMITH"},{"floor":15.0,"key":"REST"},{"data":"Fission","floor":27,"key":"SMITH"},{"data":"Biased Cognition","floor":30,"key":"SMITH"},{"data":"Darkness","floor":32,"key":"SMITH"},{"data":"Ghostly","floor":42,"key":"SMITH"},{"data":"Echo Form","floor":47,"key":"SMITH"},{"data":"Ghostly","floor":49,"key":"SMITH"}],"circlet_count":0,"master_deck":["Strike_B","Strike_B","Strike_B","Defend_B","Defend_B","Defend_B","Zap","Dualcast","Ball Lightning","Ball Lightning","Sweeping Beam","Machine Learning+1","Capacitor","Undo","Streamline","Fusion","Loop","Fission+1","CurseOfTheBell","Ball Lightning","White Noise+1","Ghostly+1","Ghostly+1","Ghostly","Ghostly","Ghostly","Coolheaded","Hello World","Capacitor+1","Biased Cognition+1","BootSequence","Darkness+1","Echo Form+1","Redo+1","Self Repair+1","Pain","Glacier","Compile Driver+1","Tempest","Rainbow","Turbo","Blizzard+1"],"relics":["Cracked Core","Boot","Happy Flower","Smiling Mask","Calling Bell","Akabeko","Meat on the Bone","TungstenRod","Potion Belt","Orichalcum","Bottled Tornado","Blue Candle","Mummified Hand","Nuclear Battery","WarpedTongs","Bag of Preparation","Cables","PreservedInsect","Pear","Old Coin","Darkstone Periapt","ClockworkSouvenir","Incense Burner"],"acts_visited":["Exordium","TheCity","TheBeyond"],"potions_floor_usage":[29,33,33,44,45,50,50],"damage_taken":[{"damage":7.0,"enemies":"Small Slimes","floor":1.0,"turns":3.0},{"damage":0.0,"enemies":"2 Louse","floor":2.0,"turns":3.0},{"damage":7.0,"enemies":"Jaw Worm","floor":3.0,"turns":3.0},{"damage":35.0,"enemies":"Lagavulin","floor":6.0,"turns":5.0},{"damage":2.0,"enemies":"Exordium Thugs","floor":7.0,"turns":4.0},{"damage":1.0,"enemies":"2 Fungi Beasts","floor":10.0,"turns":2.0},{"damage":15.0,"enemies":"3 Sentries","floor":12.0,"turns":4.0},{"damage":0.0,"enemies":"Large Slime","floor":14.0,"turns":4.0},{"damage":20,"enemies":"Slime Boss","floor":16,"turns":7},{"damage":1,"enemies":"Chosen","floor":18,"turns":5},{"damage":26,"enemies":"Shell Parasite","floor":19,"turns":6},{"damage":0,"enemies":"Snecko","floor":22,"turns":6},{"damage":20,"enemies":"Slavers","floor":23,"turns":6},{"damage":2,"enemies":"Chosen and Byrds","floor":24,"turns":7},{"damage":0,"enemies":"Gremlin Leader","floor":29,"turns":10},{"damage":20,"enemies":"Champ","floor":33,"turns":8},{"damage":10,"enemies":"Orb Walker","floor":35,"turns":4},{"damage":0,"enemies":"3 Darklings","floor":36,"turns":5},{"damage":0,"enemies":"Maw","floor":39,"turns":8},{"damage":0,"enemies":"Reptomancer","floor":40,"turns":7},{"damage":0,"enemies":"Transient","floor":41,"turns":5},{"damage":2,"enemies":"Giant Head","floor":44,"turns":6},{"damage":0,"enemies":"Mind Bloom Boss Battle","floor":45,"turns":4},{"damage":0,"enemies":"Nemesis","floor":46,"turns":5},{"damage":14,"enemies":"Awakened One","floor":50,"turns":16}],"seed_played":"-8984588175133149500","potions_obtained":[{"floor":2.0,"key":"GamblersBrew"},{"floor":7.0,"key":"Energy Potion"},{"floor":14.0,"key":"Explosive Potion"},{"floor":19,"key":"FocusPotion"},{"floor":29,"key":"Strength Potion"},{"floor":33,"key":"Fire Potion"},{"floor":39,"key":"SkillPotion"},{"floor":40,"key":"Weak Potion"},{"floor":46,"key":"Swift Potion"}],"is_trial":false,"path_per_floor":["M","M","M","$","?","E","M","R","T","M","R","E","?","M","R","B",null,"M","M","?","T","M","E","M","$","T","R","?","E","R","?","R","B",null,"M","M","?","$","M","E","M","R","T","E","?","E","R","$","R","B",null],"character_chosen":"DEFECT","items_purchased":["Machine Learning","PowerPotion","Bottled Tornado","LiquidBronze","Bag of Preparation","Glacier","ClockworkSouvenir","Incense Burner"],"campfire_rested":2,"item_purchase_floors":[4,4,25,25,38,38,48,48],"current_hp_per_floor":[68,68,61,61,66,31,29,53,53,52,52,37,37,37,61,41,80,79,53,40,40,40,32,30,30,30,30,30,30,30,30,30,22,40,30,30,30,30,40,40,40,40,40,50,50,50,50,50,50,46],"gold":28,"neow_bonus":"HUNDRED_GOLD","is_daily":false,"chose_seed":false,"campfire_upgraded":7,"win_rate":0.0,"timestamp":1612591138,"path_taken":["M","M","M","$","?","E","M","R","T","M","R","E","?","M","R","BOSS","M","M","?","?","M","E","M","$","T","R","?","E","R","?","R","BOSS","M","M","?","?","M","E","M","R","T","E","?","E","R","$","R","BOSS"],"items_purchased_type":["Card","Potion","Relic","Potion","Relic","Card","Relic","Relic"],"build_version":"2020-12-22","purchased_purges":0,"victory":true,"max_hp_per_floor":[75,75,75,75,80,80,80,80,80,80,80,80,80,80,80,80,80,80,80,40,40,40,40,40,40,40,40,40,40,40,40,40,40,40,40,40,40,40,40,40,40,40,40,50,50,50,50,50,50,50],"relic_stats":{"Darkstone Periapt":0,"Happy Flower":[41],"counters":[25,139],"Blue Candle":[18],"PreservedInsect":172,"Bag of Preparation":[14],"Orichalcum":[222],"Boot":[35],"Smiling Mask":0,"WarpedTongs":[51],"Cables":[32,22,3,2,5],"Mummified Hand":[79],"obtain_stats":[{"Potion Belt":21,"Darkstone Periapt":46,"Pear":44,"Happy Flower":9,"Blue Candle":26,"PreservedInsect":43,"Bag of Preparation":38,"Incense Burner":48,"Orichalcum":23,"Bottled Tornado":25,"Boot":6,"Smiling Mask":12,"Akabeko":17,"Nuclear Battery":34,"WarpedTongs":37,"Cables":40,"Old Coin":45,"ClockworkSouvenir":48,"Calling Bell":17,"Mummified Hand":29,"Cracked Core":0,"TungstenRod":17,"Meat on the Bone":17},{"Potion Belt":11,"Darkstone Periapt":24,"Pear":22,"Happy Flower":5,"Blue Candle":14,"PreservedInsect":21,"Bag of Preparation":18,"Incense Burner":24,"Orichalcum":13,"Bottled Tornado":14,"Boot":4,"Smiling Mask":7,"Akabeko":9,"Nuclear Battery":16,"WarpedTongs":18,"Cables":20,"Old Coin":23,"ClockworkSouvenir":24,"Calling Bell":9,"Mummified Hand":15,"Cracked Core":0,"TungstenRod":9,"Meat on the Bone":9},{"Potion Belt":46,"Darkstone Periapt":123,"Pear":114,"Happy Flower":18,"Blue Candle":63,"PreservedInsect":108,"Bag of Preparation":88,"Incense Burner":123,"Orichalcum":57,"Bottled Tornado":63,"Boot":14,"Smiling Mask":24,"Akabeko":35,"Nuclear Battery":80,"WarpedTongs":88,"Cables":103,"Old Coin":118,"ClockworkSouvenir":123,"Calling Bell":35,"Mummified Hand":72,"Cracked Core":0,"TungstenRod":35,"Meat on the Bone":35}],"TungstenRod":70,"Meat on the Bone":24},"card_choices":[{"not_picked":["Rebound","Stack"],"picked":"Ball Lightning","floor":1.0},{"not_picked":["Turbo","Skim"],"picked":"Ball Lightning","floor":2.0},{"not_picked":["Ball Lightning","Double Energy"],"picked":"Sweeping Beam","floor":3.0},{"not_picked":["Core Surge","Double Energy"],"picked":"Capacitor","floor":6.0},{"not_picked":["Force Field","Rebound"],"picked":"Undo","floor":7.0},{"not_picked":["Turbo","Leap"],"picked":"Streamline","floor":10.0},{"not_picked":["Heatsinks","Rip and Tear"],"picked":"Fusion","floor":12.0},{"not_picked":["Recycle","Leap"],"picked":"Loop","floor":14.0},{"not_picked":["Seek","Multi-Cast"],"picked":"Fission","floor":16},{"not_picked":["Gash","Force Field"],"picked":"Ball Lightning","floor":18},{"not_picked":["Fusion","Sweeping Beam"],"picked":"White Noise+1","floor":19},{"not_picked":["Cold Snap","Sweeping Beam+1"],"picked":"Coolheaded","floor":22},{"not_picked":["Machine Learning","Redo"],"picked":"Hello World","floor":23},{"not_picked":["Rebound+1","Tempest"],"picked":"Capacitor+1","floor":24},{"not_picked":["Barrage+1","Hologram+1"],"picked":"Biased Cognition","floor":29},{"not_picked":["Amplify","Machine Learning"],"picked":"Echo Form","floor":33},{"not_picked":["Ball Lightning+1","Auto Shields+1"],"picked":"Redo+1","floor":35},{"not_picked":["Gash+1","Cold Snap"],"picked":"Self Repair+1","floor":36},{"not_picked":["Aggregate+1","Steam"],"picked":"Compile Driver+1","floor":39},{"not_picked":["Rebound","Cold Snap"],"picked":"Tempest","floor":40},{"not_picked":["Chill+1","Leap+1"],"picked":"Rainbow","floor":41},{"not_picked":["Hologram","Stack+1"],"picked":"Turbo","floor":44},{"not_picked":["Biased Cognition","Compile Driver"],"picked":"Blizzard+1","floor":46}],"player_experience":743664,"relics_obtained":[{"floor":6.0,"key":"Boot"},{"floor":9.0,"key":"Happy Flower"},{"floor":12.0,"key":"Smiling Mask"},{"floor":17,"key":"Akabeko"},{"floor":17,"key":"Meat on the Bone"},{"floor":17,"key":"TungstenRod"},{"floor":21,"key":"Potion Belt"},{"floor":23,"key":"Orichalcum"},{"floor":26,"key":"Blue Candle"},{"floor":29,"key":"Mummified Hand"},{"floor":40,"key":"Cables"},{"floor":43,"key":"PreservedInsect"},{"floor":44,"key":"Pear"},{"floor":45,"key":"Old Coin"},{"floor":46,"key":"Darkstone Periapt"}],"event_choices":[{"damage_healed":0.0,"max_hp_gain":5.0,"max_hp_loss":0.0,"gold_gain":0.0,"event_name":"Big Fish","player_choice":"Donut","floor":5.0,"gold_loss":0.0,"damage_taken":0.0},{"damage_healed":0.0,"max_hp_gain":0.0,"max_hp_loss":0.0,"gold_gain":0.0,"event_name":"Shining Light","player_choice":"Ignored","floor":13.0,"gold_loss":0.0,"damage_taken":0.0},{"damage_healed":0,"gold_gain":0,"player_choice":"Became a Ghost","damage_taken":0,"max_hp_gain":0,"max_hp_loss":40,"event_name":"Ghosts","floor":20,"gold_loss":0,"cards_obtained":["Ghostly","Ghostly","Ghostly","Ghostly","Ghostly"]},{"damage_healed":0,"gold_gain":0,"player_choice":"Ignored","damage_taken":0,"max_hp_gain":0,"max_hp_loss":0,"event_name":"Cursed Tome","floor":28,"gold_loss":0},{"damage_healed":0,"gold_gain":0,"cards_transformed":["Strike_B","Defend_B"],"player_choice":"Became Test Subject","damage_taken":0,"max_hp_gain":0,"max_hp_loss":0,"event_name":"Drug Dealer","floor":31,"gold_loss":0,"cards_obtained":["BootSequence","Darkness"]},{"damage_healed":0,"gold_gain":0,"player_choice":"Rummage","damage_taken":0,"relics_obtained":["WarpedTongs"],"max_hp_gain":0,"max_hp_loss":0,"event_name":"Accursed Blacksmith","floor":37,"gold_loss":0,"cards_obtained":["Pain"]},{"damage_healed":0,"gold_gain":0,"player_choice":"Fight","damage_taken":0,"max_hp_gain":0,"max_hp_loss":0,"event_name":"MindBloom","floor":45,"gold_loss":0}],"is_beta":false,"boss_relics":[{"not_picked":["Sozu","Busted Crown"],"picked":"Calling Bell"},{"not_picked":["Snecko Eye","Runic Dome"],"picked":"Nuclear Battery"}],"items_purged_floors":[],"is_endless":false,"potions_floor_spawned":[2,7,14,19,29,33,39,40,46],"ascension_level":3}}