{"host":"q0qnzbgdx8oqogg9","time":1612611156,"event":{"mods":["BaseMod","Minty Spire (QoL Compilation)","StSLib"],"gold_per_floor":[116,116,127,127,141,141,171,171,196,228,239,239,272,283,283,385,385,399,399,113,127,127,127,143,169,192,208,45,78,78,78,78,180,180,195,195,215,233,243,274,274,301,371,371,386,397,229,301,301,301,301,301,103,131,131,131],"floor_reached":55,"language":"ENG","playtime":3003,"items_purged":["Strike_B","Strike_B","Defend_B","Defend_B"],"score":1215,"play_id":"ce9e9b39-756d-4f59-980a-1b94a396eced","local_time":"20210206063236","is_ascension_mode":true,"campfire_choices":[{"data":"Defragment","floor":6.0,"key":"SMITH"},{"data":"Zap","floor":8.0,"key":"SMITH"},{"floor":12.0,"key":"REST"},{"data":"Dualcast","floor":15.0,"key":"SMITH"},{"data":"Creative AI","floor":23.0,"key":"SMITH"},{"data":"Apotheosis","floor":32.0,"key":"SMITH"},{"floor":41.0,"key":"REST"},{"data":"Seek","floor":44.0,"key":"SMITH"},{"floor":49.0,"key":"RECALL"},{"data":"Biased Cognition","floor":52.0,"key":"SMITH"}],"circlet_count":0,"master_deck":["AscendersBane","Strike_B+1","Strike_B+1","Defend_B","Defend_B","Zap+1","Dualcast+1","Rainbow","FTL","Coolheaded","Defragment+1","Leap","Genetic Algorithm","Seek+1","Creative AI+1","Glacier+1","Apotheosis+1","Skim","Ball Lightning+1","Core Surge","Go for the Eyes+1","Loop","Biased Cognition+1","Loop","Core Surge","Go for the Eyes"],"relics":["Cracked Core","Vajra","Shuriken","Tiny Chest","Ancient Tea Set","Omamori","Sozu","Membership Card","InkBottle","Toy Ornithopter","Whetstone","Orrery","White Beast Statue","Strawberry","Bird Faced Urn","Cursed Key","Dream Catcher","Sundial","Ornamental Fan","DollysMirror","Bottled Flame","Bottled Lightning"],"acts_visited":["Exordium","TheCity","TheBeyond","TheEnding"],"potions_floor_usage":[],"damage_taken":[{"damage":7.0,"enemies":"Jaw Worm","floor":1.0,"turns":4.0},{"damage":0.0,"enemies":"2 Louse","floor":3.0,"turns":1.0},{"damage":0.0,"enemies":"Cultist","floor":5.0,"turns":3.0},{"damage":12.0,"enemies":"Lagavulin","floor":7.0,"turns":6.0},{"damage":10.0,"enemies":"3 Sentries","floor":10.0,"turns":7.0},{"damage":2.0,"enemies":"Looter","floor":11.0,"turns":3.0},{"damage":12.0,"enemies":"Lagavulin","floor":13.0,"turns":7.0},{"damage":4.0,"enemies":"2 Fungi Beasts","floor":14.0,"turns":4.0},{"damage":20.0,"enemies":"Slime Boss","floor":16.0,"turns":7.0},{"damage":7.0,"enemies":"Spheric Guardian","floor":18.0,"turns":4.0},{"damage":0.0,"enemies":"Chosen","floor":21.0,"turns":5.0},{"damage":0.0,"enemies":"3 Cultists","floor":24.0,"turns":7.0},{"damage":18.0,"enemies":"Book of Stabbing","floor":25.0,"turns":7.0},{"damage":1.0,"enemies":"Centurion and Healer","floor":27.0,"turns":10.0},{"damage":5.0,"enemies":"Gremlin Leader","floor":29.0,"turns":6.0},{"damage":12.0,"enemies":"Collector","floor":33.0,"turns":12.0},{"damage":9.0,"enemies":"Orb Walker","floor":35.0,"turns":4.0},{"damage":6.0,"enemies":"3 Darklings","floor":37.0,"turns":6.0},{"damage":2.0,"enemies":"Maw","floor":38.0,"turns":7.0},{"damage":15.0,"enemies":"Writhing Mass","floor":39.0,"turns":8.0},{"damage":60.0,"enemies":"Reptomancer","floor":40.0,"turns":9.0},{"damage":1.0,"enemies":"Giant Head","floor":42.0,"turns":7.0},{"damage":5.0,"enemies":"Spire Growth","floor":45.0,"turns":5.0},{"damage":24.0,"enemies":"Maw","floor":46.0,"turns":11.0},{"damage":0.0,"enemies":"Time Eater","floor":50.0,"turns":9.0},{"damage":49.0,"enemies":"Shield and Spear","floor":54.0,"turns":12.0},{"damage":99,"enemies":"The Heart","floor":55,"turns":8}],"seed_played":"611543114976585327","potions_obtained":[{"floor":1.0,"key":"Dexterity Potion"},{"floor":5.0,"key":"AttackPotion"},{"floor":7.0,"key":"SpeedPotion"},{"floor":10.0,"key":"SpeedPotion"},{"floor":16.0,"key":"Swift Potion"}],"is_trial":false,"path_per_floor":["M","?","M","?","M","R","E","R","T","E","M","R","E","M","R","B",null,"M","?","$","M","T","R","M","E","T","M","$","E","T","T","R","B",null,"M","?","M","M","M","E","R","E","T","R","M","M","$","T","R","B",null,"R","$","E","B"],"character_chosen":"DEFECT","items_purchased":["Membership Card","Apotheosis","Orrery","Loop","DollysMirror","Go for the Eyes","Bottled Flame"],"campfire_rested":2,"item_purchase_floors":[20,20,28,28,47,47,53],"current_hp_per_floor":[61,54,54,54,54,54,42,42,42,32,30,52,40,36,36,16,60,53,53,53,53,53,53,53,35,35,34,34,29,36,36,36,38,71,66,66,72,80,73,44,68,79,79,79,82,78,78,78,78,82,82,82,82,77,0,0],"gold":131,"neow_bonus":"ONE_RANDOM_RARE_CARD","is_daily":false,"chose_seed":false,"campfire_upgraded":7,"win_rate":0.0,"timestamp":1612611156,"path_taken":["M","?","M","?","M","R","E","R","T","E","M","R","E","M","R","BOSS","M","?","$","M","?","R","M","E","T","M","?","E","?","?","R","BOSS","M","?","M","M","?","E","R","E","T","R","M","M","$","?","R","BOSS","R","$","E","BOSS"],"items_purchased_type":["Relic","Card","Relic","Card","Relic","Card","Relic"],"build_version":"2020-12-22","purchased_purges":4,"victory":false,"max_hp_per_floor":[75,75,75,75,75,75,75,75,75,75,75,75,75,75,75,75,75,75,75,75,75,75,75,75,75,75,75,75,75,82,82,82,82,82,82,82,82,82,82,82,82,82,82,82,82,82,82,82,82,82,82,82,82,82,82,82],"card_choices":[{"not_picked":["Sweeping Beam","Tempest"],"picked":"FTL","floor":1.0},{"not_picked":["Storm","Beam Cell"],"picked":"Coolheaded","floor":3.0},{"not_picked":["Hello World","Stack"],"picked":"Defragment","floor":5.0},{"not_picked":["Barrage","Ball Lightning"],"picked":"Leap","floor":7.0},{"not_picked":["Darkness","Auto Shields","Gash"],"picked":"SKIP","floor":10.0},{"not_picked":["Melter","Reprogram"],"picked":"Genetic Algorithm","floor":11.0},{"not_picked":["Darkness","BootSequence","Leap"],"picked":"SKIP","floor":13.0},{"not_picked":["Chaos","Leap"],"picked":"Seek","floor":14.0},{"not_picked":["Seek","Fission"],"picked":"Creative AI","floor":16.0},{"not_picked":["Barrage+1","Reprogram+1"],"picked":"Glacier+1","floor":18.0},{"not_picked":["Genetic Algorithm","Stack"],"picked":"Skim","floor":21.0},{"not_picked":["Coolheaded","Auto Shields+1"],"picked":"Ball Lightning+1","floor":24.0},{"not_picked":["Fusion+1","Redo+1","Conserve Battery"],"picked":"SKIP","floor":25.0},{"not_picked":["Rebound","Glacier","Ball Lightning+1"],"picked":"SKIP","floor":27.0},{"not_picked":["Conserve Battery","Lockon"],"picked":"Core Surge","floor":28.0},{"not_picked":["Melter","Turbo"],"picked":"Go for the Eyes+1","floor":28.0},{"not_picked":["Aggregate","Leap+1","Redo+1"],"picked":"SKIP","floor":29.0},{"not_picked":["Thunder Strike","Rainbow"],"picked":"Biased Cognition","floor":33.0},{"not_picked":["Sweeping Beam","Leap+1","Gash"],"picked":"SKIP","floor":35.0},{"not_picked":["Melter","Gash+1","Sweeping Beam+1"],"picked":"SKIP","floor":37.0},{"not_picked":["Sweeping Beam","Glacier"],"picked":"Loop","floor":38.0},{"not_picked":["Cold Snap","Hologram","Lockon"],"picked":"SKIP","floor":39.0},{"not_picked":["Storm","Conserve Battery+1","Loop"],"picked":"SKIP","floor":40.0},{"not_picked":["Gash","Tempest","Static Discharge+1"],"picked":"SKIP","floor":42.0},{"not_picked":["Gash+1","Genetic Algorithm","Go for the Eyes"],"picked":"SKIP","floor":45.0},{"not_picked":["Compile Driver+1","Barrage+1","Coolheaded"],"picked":"SKIP","floor":46.0},{"not_picked":["Coolheaded+1","Auto Shields","Core Surge"],"picked":"SKIP","floor":54.0}],"player_experience":335149,"relics_obtained":[{"floor":7.0,"key":"Shuriken"},{"floor":9.0,"key":"Tiny Chest"},{"floor":10.0,"key":"Ancient Tea Set"},{"floor":13.0,"key":"Omamori"},{"floor":22.0,"key":"InkBottle"},{"floor":25.0,"key":"Toy Ornithopter"},{"floor":26.0,"key":"Whetstone"},{"floor":29.0,"key":"White Beast Statue"},{"floor":30.0,"key":"Strawberry"},{"floor":31.0,"key":"Bird Faced Urn"},{"floor":40.0,"key":"Dream Catcher"},{"floor":42.0,"key":"Sundial"},{"floor":43.0,"key":"Ornamental Fan"},{"floor":54.0,"key":"Bottled Lightning"}],"event_choices":[{"damage_healed":0.0,"max_hp_gain":0.0,"max_hp_loss":0.0,"gold_gain":0.0,"event_name":"Scrap Ooze","player_choice":"Success","floor":2.0,"gold_loss":0.0,"damage_taken":7.0,"relics_obtained":["Vajra"]},{"damage_healed":0.0,"max_hp_gain":0.0,"max_hp_loss":0.0,"gold_gain":0.0,"event_name":"Liars Game","player_choice":"Ignored","floor":4.0,"gold_loss":0.0,"damage_taken":0.0},{"damage_healed":0.0,"max_hp_gain":0.0,"max_hp_loss":0.0,"gold_gain":0.0,"event_name":"Ghosts","player_choice":"Ignored","floor":19.0,"gold_loss":0.0,"damage_taken":0.0},{"damage_healed":0.0,"max_hp_gain":0.0,"max_hp_loss":0.0,"gold_gain":0.0,"event_name":"Lab","player_choice":"Got Potions","floor":36.0,"gold_loss":0.0,"damage_taken":0.0}],"is_beta":false,"boss_relics":[{"not_picked":["Runic Dome","FrozenCore"],"picked":"Sozu"},{"not_picked":["Velvet Choker","Snecko Eye"],"picked":"Cursed Key"}],"items_purged_floors":[20,28,47,53],"is_endless":false,"potions_floor_spawned":[1,5,7,10,16,21,24,25,33,35,37,38,39,40,42,45,46,54],"killed_by":"The Heart","ascension_level":10}}