{"host":"TheHustler","time":1612610351,"event":{"mods":["BaseMod","Block Reminder","Colored Map","Colored Powertips","Minty Spire (QoL Compilation)","Quick Restart","StSLib","SuperFastMode","Unceasing Turn Reminder"],"gold_per_floor":[114,129,83,158,173,203,218,248,298,298,298,298,313,328,328,428,428,443,443,473,488,141,171,171,186,186,216,246,261,276,126,126,226,226,241,256,256,256,23,23,53,68,68,98,98,113,143,173,173,173],"floor_reached":51,"language":"ENG","playtime":1705,"items_purged":[],"score":905,"play_id":"38f3c7e6-ade1-4a5c-a8ac-7fa288ea53b3","local_time":"20210206121911","daily_mods":["Draft","Diverse","DeadlyEvents"],"is_ascension_mode":false,"campfire_choices":[{"data":"Flex","floor":10,"key":"SMITH"},{"data":"TalkToTheHand","floor":12,"key":"SMITH"},{"data":"Acrobatics","floor":15,"key":"SMITH"},{"data":"Bouncing Flask","floor":24,"key":"SMITH"},{"data":"Crippling Poison","floor":32,"key":"SMITH"},{"data":"Cloak And Dagger","floor":40,"key":"SMITH"},{"floor":49,"key":"REST"}],"circlet_count":0,"master_deck":["Iron Wave","Escape Plan","Cloak And Dagger+1","Prepared","Gash","Clash","FollowUp","TalkToTheHand+1","Pommel Strike","Sweeping Beam","Intimidate","EmptyBody","EmptyFist","Flex+1","Go for the Eyes","Coolheaded","Shrug It Off","Ball Lightning","Acrobatics+1","Escape Plan","Barricade+1","Crippling Poison+1","Bouncing Flask+1","Shrug It Off","Dual Wield+1","True Grit+1","Flash of Steel","Mayhem+1","Double Tap+1","Swift Strike","Deflect+1","Poisoned Stab+1","Pray+1"],"relics":["Ring of the Snake","Frozen Egg 2","Ancient Tea Set","Dream Catcher","Busted Crown","Mercury Hourglass","Bag of Preparation","Snake Skull","Centennial Puzzle","Vajra","Toxic Egg 2","Tough Bandages","Lee\u0027s Waffle","WristBlade","Pen Nib","PreservedInsect","White Beast Statue","MealTicket","Toy Ornithopter","TungstenRod"],"acts_visited":["Exordium","TheCity","TheBeyond"],"potions_floor_usage":[47,48,50,50,50],"damage_taken":[{"damage":0,"enemies":"Small Slimes","floor":1,"turns":2},{"damage":0,"enemies":"2 Louse","floor":2,"turns":2},{"damage":0,"enemies":"Cultist","floor":5,"turns":3},{"damage":0,"enemies":"Gremlin Nob","floor":6,"turns":4},{"damage":1,"enemies":"Red Slaver","floor":7,"turns":4},{"damage":12,"enemies":"Lagavulin","floor":8,"turns":4},{"damage":0,"enemies":"Looter","floor":13,"turns":1},{"damage":0,"enemies":"3 Louse","floor":14,"turns":2},{"damage":22,"enemies":"The Guardian","floor":16,"turns":8},{"damage":0,"enemies":"Spheric Guardian","floor":18,"turns":4},{"damage":5,"enemies":"Book of Stabbing","floor":20,"turns":6},{"damage":3,"enemies":"Chosen","floor":21,"turns":4},{"damage":31,"enemies":"Slavers","floor":23,"turns":5},{"damage":9,"enemies":"Shelled Parasite and Fungi","floor":25,"turns":3},{"damage":0,"enemies":"Gremlin Leader","floor":27,"turns":5},{"damage":23,"enemies":"Slavers","floor":28,"turns":4},{"damage":0,"enemies":"Chosen and Byrds","floor":29,"turns":3},{"damage":0,"enemies":"Cultist and Chosen","floor":30,"turns":4},{"damage":8,"enemies":"Automaton","floor":33,"turns":9},{"damage":9,"enemies":"3 Darklings","floor":35,"turns":4},{"damage":0,"enemies":"Orb Walker","floor":36,"turns":3},{"damage":19,"enemies":"Reptomancer","floor":41,"turns":4},{"damage":1,"enemies":"3 Darklings","floor":42,"turns":3},{"damage":9,"enemies":"Giant Head","floor":44,"turns":5},{"damage":8,"enemies":"Spire Growth","floor":46,"turns":3},{"damage":20,"enemies":"Nemesis","floor":47,"turns":4},{"damage":11,"enemies":"Reptomancer","floor":48,"turns":6},{"damage":39,"enemies":"Awakened One","floor":50,"turns":10}],"seed_played":"5285009320175426936","potions_obtained":[{"floor":2,"key":"Explosive Potion"},{"floor":5,"key":"CunningPotion"},{"floor":7,"key":"ColorlessPotion"},{"floor":21,"key":"Dexterity Potion"},{"floor":46,"key":"EntropicBrew"},{"floor":47,"key":"Regen Potion"},{"floor":48,"key":"ColorlessPotion"}],"is_trial":false,"path_per_floor":["M","M","$","?","M","E","M","E","T","R","?","R","M","M","R","B",null,"M","?","E","M","$","E","R","M","T","E","E","M","M","$","R","B",null,"M","M","?","?","$","R","E","M","T","E","T","M","E","E","R","B",null],"character_chosen":"THE_SILENT","items_purchased":["Coolheaded","Bag of Preparation","Snake Skull","Shrug It Off","Lee\u0027s Waffle","Double Tap+1","Swift Strike"],"campfire_rested":1,"item_purchase_floors":[3,22,22,22,31,39,39],"current_hp_per_floor":[70,70,70,59,59,59,58,46,46,46,51,51,51,51,51,29,75,75,75,70,67,67,36,36,27,27,27,4,4,4,82,82,74,82,73,73,63,82,82,82,63,62,62,53,53,45,25,34,58,34],"gold":173,"neow_bonus":"","is_daily":true,"chose_seed":false,"campfire_upgraded":6,"win_rate":0.0,"timestamp":1612610351,"path_taken":["M","M","$","?","M","E","M","E","T","R","?","R","M","?","R","BOSS","M","?","?","M","?","E","R","?","T","E","?","?","M","$","R","BOSS","M","M","?","?","$","R","?","M","T","E","?","M","?","E","R","BOSS"],"items_purchased_type":["Card","Relic","Relic","Card","Relic","Card","Card"],"build_version":"2020-12-18","purchased_purges":0,"victory":true,"max_hp_per_floor":[70,70,70,70,70,70,70,70,70,70,75,75,75,75,75,75,75,75,75,75,75,75,75,75,75,75,75,75,75,75,82,82,82,82,82,82,82,82,82,82,82,82,82,82,82,82,82,82,82,82],"card_choices":[{"not_picked":["Havoc","Rupture"],"picked":"Lockon","floor":0},{"not_picked":["Armaments","Clothesline"],"picked":"Iron Wave","floor":0},{"not_picked":["PathToVictory","Hello World"],"picked":"Escape Plan","floor":0},{"not_picked":["Body Slam","Perseverance"],"picked":"Cloak And Dagger","floor":0},{"not_picked":["Clothesline","Force Field"],"picked":"Prepared","floor":0},{"not_picked":["Auto Shields","Headbutt"],"picked":"Gash","floor":0},{"not_picked":["Skewer","Blizzard"],"picked":"Clash","floor":0},{"not_picked":["Warcry","Cloak And Dagger"],"picked":"FollowUp","floor":0},{"not_picked":["Beam Cell","Cold Snap"],"picked":"TalkToTheHand","floor":0},{"not_picked":["Compile Driver","Entrench"],"picked":"Pommel Strike","floor":0},{"not_picked":["Deadly Poison","Clash"],"picked":"Sweeping Beam","floor":0},{"not_picked":["Quick Slash","Rip and Tear"],"picked":"Intimidate","floor":0},{"not_picked":["Deadly Poison","Rupture"],"picked":"EmptyBody","floor":0},{"not_picked":["Stack","WreathOfFlame"],"picked":"EmptyFist","floor":0},{"not_picked":["Wild Strike","Underhanded Strike"],"picked":"Flex","floor":0},{"not_picked":["Perfected Strike","SashWhip","Bane"],"picked":"SKIP","floor":1},{"not_picked":["Headbutt","Havoc"],"picked":"Go for the Eyes","floor":2},{"not_picked":["Adaptation","Clash"],"picked":"Shrug It Off","floor":5},{"not_picked":["Crescendo","Infernal Blade"],"picked":"Ball Lightning","floor":6},{"not_picked":["Conserve Battery","Omniscience","Evaluate"],"picked":"SKIP","floor":7},{"not_picked":["ThirdEye","Go for the Eyes"],"picked":"Acrobatics","floor":8},{"not_picked":["Conserve Battery","Heavy Blade","Carnage"],"picked":"SKIP","floor":13},{"not_picked":["Underhanded Strike","Crescendo"],"picked":"Escape Plan","floor":14},{"not_picked":["MasterReality+1","Berserk+1"],"picked":"Barricade+1","floor":16},{"not_picked":["ClearTheMind+1"],"picked":"SKIP","floor":18},{"not_picked":[],"picked":"Bouncing Flask","floor":20},{"not_picked":["Turbo"],"picked":"SKIP","floor":21},{"not_picked":["Flame Barrier"],"picked":"SKIP","floor":23},{"not_picked":["Cloak And Dagger"],"picked":"SKIP","floor":25},{"not_picked":[],"picked":"Dual Wield+1","floor":27},{"not_picked":[],"picked":"True Grit+1","floor":28},{"not_picked":["Sucker Punch"],"picked":"SKIP","floor":29},{"not_picked":["CutThroughFate+1"],"picked":"SKIP","floor":30},{"not_picked":["Dagger Throw"],"picked":"SKIP","floor":35},{"not_picked":["Dagger Throw"],"picked":"SKIP","floor":35},{"not_picked":["Clothesline"],"picked":"SKIP","floor":36},{"not_picked":[],"picked":"Flash of Steel","floor":37},{"not_picked":[],"picked":"Mayhem+1","floor":37},{"not_picked":[],"picked":"Impatience+1","floor":37},{"not_picked":[],"picked":"Deflect+1","floor":41},{"not_picked":["CutThroughFate+1"],"picked":"SKIP","floor":42},{"not_picked":["Anger+1"],"picked":"SKIP","floor":44},{"not_picked":[],"picked":"Poisoned Stab+1","floor":46},{"not_picked":["Wireheading+1"],"picked":"SKIP","floor":47},{"not_picked":["EmptyFist"],"picked":"SKIP","floor":48},{"not_picked":[],"picked":"Pray+1","floor":49}],"player_experience":665904,"relics_obtained":[{"floor":6,"key":"Frozen Egg 2"},{"floor":8,"key":"Ancient Tea Set"},{"floor":9,"key":"Dream Catcher"},{"floor":20,"key":"Mercury Hourglass"},{"floor":23,"key":"Centennial Puzzle"},{"floor":26,"key":"Vajra"},{"floor":27,"key":"Toxic Egg 2"},{"floor":28,"key":"Tough Bandages"},{"floor":41,"key":"Pen Nib"},{"floor":43,"key":"PreservedInsect"},{"floor":44,"key":"White Beast Statue"},{"floor":45,"key":"MealTicket"},{"floor":47,"key":"Toy Ornithopter"},{"floor":48,"key":"TungstenRod"}],"event_choices":[{"damage_healed":0,"gold_gain":75,"player_choice":"Gather Gold","damage_taken":11,"max_hp_gain":0,"max_hp_loss":0,"event_name":"World of Goop","floor":4,"gold_loss":0},{"damage_healed":0,"gold_gain":0,"player_choice":"Donut","damage_taken":0,"max_hp_gain":5,"max_hp_loss":0,"event_name":"Big Fish","floor":11,"gold_loss":0},{"damage_healed":0,"gold_gain":0,"cards_transformed":["Lockon"],"player_choice":"Transformed","damage_taken":0,"max_hp_gain":0,"max_hp_loss":0,"event_name":"Transmorgrifier","floor":19,"gold_loss":0,"cards_obtained":["Crippling Poison"]},{"damage_healed":0,"gold_gain":0,"player_choice":"Memory 3","damage_taken":10,"max_hp_gain":0,"max_hp_loss":0,"event_name":"SensoryStone","floor":37,"gold_loss":0},{"cards_removed":["Impatience"],"damage_healed":19,"gold_gain":0,"player_choice":"Offered Uncommon","damage_taken":0,"max_hp_gain":0,"max_hp_loss":0,"event_name":"Bonfire Elementals","floor":38,"gold_loss":0}],"is_beta":true,"boss_relics":[{"not_picked":["Astrolabe","Sozu"],"picked":"Busted Crown"},{"not_picked":["Fusion Hammer","Empty Cage"],"picked":"WristBlade"}],"items_purged_floors":[],"is_endless":false,"potions_floor_spawned":[2,5,7,14,21,25,30,33,36,44,46,47,48],"ascension_level":0}}