{"host":"bx54wbx1b8s5cm4v","time":1612594585,"event":{"mods":["BaseMod","Beaked The Cultist","GifTheSpireLib","Hubris","Marisa????????","Minty Spire (QoL Compilation)","StSLib","The Blackbeard","The Bladedancer","The Cursed","The Disciple","The Druid","The Forsaken","The Necromancer","The Runesmith","The Servant 0.9.4","TheBandit"],"gold_per_floor":[110,120,134,134,153,184,184,204,275,290,308,308,334,358,370,482,494,516,538,567,598,64,95,95,115,115,115,15,40,40,40,40,141,141,155,173,28,42,42,42,69,81,108,108,68,84,97,107,107,107],"floor_reached":51,"language":"ENG","playtime":2264,"items_purged":["Strike_G","Strike_G"],"score":835,"play_id":"d137a994-f4e1-4930-b1d4-d0e17e6e427f","local_time":"20210206035625","is_ascension_mode":false,"campfire_choices":[{"data":"Noxious Fumes","floor":7,"key":"SMITH"},{"data":"Bouncing Flask","floor":12,"key":"SMITH"},{"floor":15,"key":"REST"},{"floor":24,"key":"REST"},{"data":"Catalyst","floor":27,"key":"SMITH"},{"floor":30,"key":"REST"},{"data":"Catalyst","floor":32,"key":"SMITH"},{"floor":40,"key":"REST"},{"floor":49,"key":"REST"}],"circlet_count":0,"master_deck":["Defend_G","Defend_G","Defend_G","Survivor","Neutralize","Bouncing Flask+1","Deadly Poison","Noxious Fumes+1","Sucker Punch","Deadly Poison","Backflip","hubris:TrickCloak","Envenom","Deadly Poison+1","Poisoned Stab","Prepared","Master of Strategy+1","Catalyst+1","Backstab+1","Catalyst+1","Bite","Bite+1","Bite","Bite","Bite","After Image","PiercingWail+1","Blade Dance+1","Corpse Explosion","Deadly Poison+1","Parasite"],"relics":["Ring of the Snake","Sundial","hubris:MysteriousPyramids","MawBank","hubris:Backtick","beaked:MendingPlumage","Lantern","Strange Spoon","hubris:MedicalManual","HornCleat","hubris:Zylophone","Fusion Hammer","TheAbacus","Mango","Boot"],"acts_visited":["Exordium","TheCity","TheBeyond"],"potions_floor_usage":[13,21,23,23,41,48],"damage_taken":[{"damage":1,"enemies":"Small Slimes","floor":1,"turns":4},{"damage":0,"enemies":"Cultist","floor":2,"turns":3},{"damage":3,"enemies":"Jaw Worm","floor":3,"turns":3},{"damage":3,"enemies":"Exordium Thugs","floor":5,"turns":4},{"damage":18,"enemies":"Lagavulin","floor":6,"turns":5},{"damage":3,"enemies":"Red Slaver","floor":8,"turns":4},{"damage":9,"enemies":"Exordium Wildlife","floor":10,"turns":5},{"damage":0,"enemies":"Large Slime","floor":11,"turns":4},{"damage":10,"enemies":"Gremlin Nob","floor":13,"turns":4},{"damage":14,"enemies":"Exordium Thugs","floor":14,"turns":4},{"damage":12,"enemies":"The Guardian","floor":16,"turns":7},{"damage":22,"enemies":"3 Byrds","floor":18,"turns":5},{"damage":7,"enemies":"Chosen","floor":19,"turns":5},{"damage":25,"enemies":"Snake Plant","floor":20,"turns":5},{"damage":31,"enemies":"3 Cultists","floor":21,"turns":5},{"damage":58,"enemies":"Gremlin Leader","floor":23,"turns":6},{"damage":26,"enemies":"Centurion and Healer","floor":25,"turns":5},{"damage":17,"enemies":"Book of Stabbing","floor":29,"turns":4},{"damage":28,"enemies":"Champ","floor":33,"turns":4},{"damage":2,"enemies":"3 Shapes","floor":35,"turns":3},{"damage":11,"enemies":"Orb Walker","floor":36,"turns":2},{"damage":0,"enemies":"Transient","floor":38,"turns":5},{"damage":0,"enemies":"Nemesis","floor":41,"turns":3},{"damage":1,"enemies":"Maw","floor":42,"turns":4},{"damage":18,"enemies":"Spire Growth","floor":46,"turns":4},{"damage":0,"enemies":"Transient","floor":47,"turns":5},{"damage":0,"enemies":"Writhing Mass","floor":48,"turns":3},{"damage":50,"enemies":"Donu and Deca","floor":50,"turns":4}],"seed_played":"-4234089415439740737","potions_obtained":[{"floor":3,"key":"SpeedPotion"},{"floor":4,"key":"DuplicationPotion"},{"floor":4,"key":"BlessingOfTheForge"},{"floor":13,"key":"Explosive Potion"},{"floor":21,"key":"ColorlessPotion"},{"floor":25,"key":"Strength Potion"},{"floor":35,"key":"CunningPotion"},{"floor":41,"key":"Swift Potion"},{"floor":46,"key":"LiquidMemories"}],"is_trial":false,"path_per_floor":["M","M","M","?","M","E","R","M","T","M","M","R","E","M","R","B",null,"M","M","M","M","$","E","R","M","T","R","$","E","R","?","R","B",null,"M","M","$","M","?","R","E","M","T","$","?","M","M","M","R","B",null],"character_chosen":"THE_SILENT","items_purchased":["Lantern","Master of Strategy","Strange Spoon","TheAbacus"],"campfire_rested":5,"item_purchase_floors":[22,22,22,37],"current_hp_per_floor":[69,69,66,66,63,45,45,42,42,33,33,33,23,9,30,18,70,60,70,57,42,42,13,34,26,26,26,26,26,47,47,47,32,49,49,48,48,49,49,49,63,63,63,63,63,63,63,63,63,32],"gold":107,"neow_bonus":"REMOVE_CARD","is_daily":false,"chose_seed":false,"campfire_upgraded":4,"win_rate":0.0,"timestamp":1612594585,"path_taken":["M","M","M","?","M","E","R","M","T","M","?","R","E","M","R","BOSS","M","M","M","M","$","E","R","M","T","R","$","E","R","?","R","BOSS","M","M","$","M","?","R","E","M","T","$","?","M","?","M","R","BOSS"],"items_purchased_type":["Relic","Card","Relic","Relic"],"build_version":"2020-12-22","purchased_purges":2,"victory":true,"max_hp_per_floor":[70,70,70,70,70,70,70,70,70,70,70,70,70,70,70,70,70,70,70,70,70,70,70,70,70,70,70,70,70,70,49,49,49,49,49,49,49,49,49,49,63,63,63,63,63,63,63,63,63,63],"card_choices":[{"not_picked":["PiercingWail","Slice"],"picked":"Bouncing Flask","floor":1},{"not_picked":["Eviscerate","Bane"],"picked":"Deadly Poison","floor":2},{"not_picked":["Prepared","Finisher"],"picked":"Noxious Fumes","floor":3},{"not_picked":["Dagger Spray","Deflect"],"picked":"Sucker Punch","floor":5},{"not_picked":["Sucker Punch","Dagger Spray"],"picked":"Deadly Poison","floor":6},{"not_picked":["Bane","Malaise","Dagger Spray"],"picked":"SKIP","floor":8},{"not_picked":["Flying Knee","Masterful Stab"],"picked":"Backflip","floor":10},{"not_picked":["Backflip","Sucker Punch","Predator"],"picked":"SKIP","floor":11},{"not_picked":["Acrobatics","hubris:SlightOfHand","Dagger Throw"],"picked":"SKIP","floor":13},{"not_picked":["Bane","Outmaneuver"],"picked":"hubris:TrickCloak","floor":14},{"not_picked":["Phantasmal Killer","Glass Knife"],"picked":"Envenom","floor":16},{"not_picked":["Masterful Stab","Sucker Punch"],"picked":"Deadly Poison+1","floor":18},{"not_picked":["Escape Plan","Acrobatics+1"],"picked":"Poisoned Stab","floor":19},{"not_picked":["Dagger Spray","Finisher+1"],"picked":"Prepared","floor":20},{"not_picked":["Backflip","Quick Slash+1","hubris:SlightOfHand"],"picked":"SKIP","floor":21},{"not_picked":["PiercingWail","hubris:Sniper"],"picked":"Catalyst","floor":23},{"not_picked":["Dagger Throw","Deflect"],"picked":"Backstab+1","floor":25},{"not_picked":["Quick Slash","Predator+1"],"picked":"Catalyst","floor":29},{"not_picked":["Wraith Form v2","Glass Knife"],"picked":"After Image","floor":33},{"not_picked":["Poisoned Stab+1","Dagger Spray"],"picked":"PiercingWail+1","floor":35},{"not_picked":["Underhanded Strike+1","All Out Attack"],"picked":"Blade Dance+1","floor":36},{"not_picked":["PiercingWail","Deadly Poison","Dagger Spray"],"picked":"SKIP","floor":38},{"not_picked":["Choke+1","PiercingWail"],"picked":"Corpse Explosion","floor":41},{"not_picked":["Finisher","Slice+1","Sucker Punch+1"],"picked":"SKIP","floor":42},{"not_picked":["Slice+1","Caltrops","Underhanded Strike"],"picked":"SKIP","floor":46},{"not_picked":["Distraction","PiercingWail"],"picked":"Deadly Poison+1","floor":47},{"not_picked":["Bane","Poisoned Stab","Endless Agony+1"],"picked":"SKIP","floor":48}],"player_experience":24138,"relics_obtained":[{"floor":6,"key":"Sundial"},{"floor":9,"key":"hubris:MysteriousPyramids"},{"floor":13,"key":"MawBank"},{"floor":23,"key":"hubris:MedicalManual"},{"floor":26,"key":"HornCleat"},{"floor":29,"key":"hubris:Zylophone"},{"floor":41,"key":"Mango"},{"floor":43,"key":"Boot"}],"event_choices":[{"damage_healed":0,"gold_gain":0,"player_choice":"Got Potions","damage_taken":0,"max_hp_gain":0,"max_hp_loss":0,"event_name":"Lab","floor":4,"gold_loss":0},{"damage_healed":0,"gold_gain":0,"player_choice":"Became a vampire","damage_taken":0,"max_hp_gain":0,"max_hp_loss":21,"event_name":"Vampires","floor":31,"gold_loss":0,"cards_obtained":["Bite","Bite","Bite","Bite","Bite"]},{"cards_removed":["Defend_G"],"damage_healed":0,"gold_gain":0,"player_choice":"Offered Basic","damage_taken":0,"max_hp_gain":0,"max_hp_loss":0,"event_name":"Bonfire Elementals","floor":39,"gold_loss":0},{"damage_healed":0,"gold_gain":0,"player_choice":"Upgraded Two","damage_taken":0,"max_hp_gain":0,"max_hp_loss":0,"event_name":"Designer","floor":45,"gold_loss":40,"cards_upgraded":["Master of Strategy","Bite"]}],"is_beta":false,"boss_relics":[{"not_picked":["Snecko Eye","Coffee Dripper"],"picked":"hubris:Backtick"},{"not_picked":["Philosopher\u0027s Stone","theForsaken:PaleLantern"],"picked":"Fusion Hammer"}],"items_purged_floors":[22,28],"is_endless":false,"potions_floor_spawned":[3,5,13,14,18,21,25,35,41,46],"ascension_level":0}}