{"host":"m1ntkrf87179kmo6","time":1612620417,"event":{"mods":["BaseMod","Better Third Choice","Minty Spire (QoL Compilation)","Shade Mod","StSLib"],"gold_per_floor":[119,130,305,305,405,434,434,447,447,447,464,464,79,93,93,197,197,212,212,222,48,64,64,81,99,171,184,184,195,212,15,15,116,116,145,172,184,0,25,367,379,391,428,450,482,494,506,568,580,592,604,616,35,35,35],"floor_reached":54,"language":"ENG","playtime":4479,"items_purged":["Doubt","Parasite"],"score":746,"play_id":"c5ae6b26-e018-4ef0-ad6c-7d670b11f1fe","local_time":"20210206090657","is_ascension_mode":false,"campfire_choices":[{"floor":7,"key":"REST"},{"floor":10,"key":"REST"},{"floor":12,"key":"RECALL"},{"floor":15,"key":"REST"},{"data":"Shade:TouchOfTheGrave","floor":23,"key":"SMITH"},{"data":"Shade:Tombstone","floor":28,"key":"SMITH"},{"floor":32,"key":"REST"},{"floor":41,"key":"REST"},{"floor":46,"key":"REST"},{"data":"Shade:FleshLikeOak","floor":49,"key":"SMITH"},{"data":"Shade:ExtraLimbs","floor":52,"key":"SMITH"}],"circlet_count":0,"master_deck":["Shade:Strike_Shade+1","Shade:Strike_Shade","Shade:Strike_Shade","Shade:Strike_Shade","Shade:Defend_Shade","Shade:Defend_Shade","Shade:Defend_Shade","Shade:Defend_Shade","Shade:AnimateDead","Shade:CarefulCut","Shade:Brains","Shade:FleshLikeOak+1","Shade:FuneraryArmor","Shade:ExtraLimbs+1","Shade:Premonition","Shade:ExtraLimbs+1","Shade:ClawBack","Shade:OpenGraves","Shade:Tombstone+1","Shade:FleshToFlesh","Shade:Bite_Shade","Shade:AncientSpear","Shade:TouchOfTheGrave+1","Shade:Brains","Shade:Brains+1","Shade:Premonition+1","Shade:FuneraryArmor+1","Shade:FleshLikeOak+1","CurseOfTheBell","Shade:ClawBack+1","Shade:Excise+1","Shade:RitualOffering+1","Shade:WallOfFlesh+1","Panache","Shade:Carnophage","Shade:Brains+1","Shade:WallOfFlesh+1"],"relics":["Shade:YorickSkull","Dream Catcher","Gremlin Horn","Blood Vial","Bronze Scales","Orrery","Velvet Choker","Whetstone","Strawberry","Toxic Egg 2","Anchor","Calling Bell","MawBank","White Beast Statue","Dead Branch","Red Mask","Old Coin","Unceasing Top","Ornamental Fan","Lee\u0027s Waffle"],"acts_visited":["Exordium","TheCity","TheBeyond","TheEnding"],"potions_floor_usage":[1,16,16,24,27,33,33,36,39,40,48,50,50,50],"damage_taken":[{"damage":0,"enemies":"2 Louse","floor":1,"turns":3},{"damage":0,"enemies":"Jaw Worm","floor":2,"turns":4},{"damage":63,"enemies":"3 Sentries","floor":6,"turns":19},{"damage":0,"enemies":"Cultist","floor":8,"turns":4},{"damage":0,"enemies":"Red Slaver","floor":11,"turns":5},{"damage":0,"enemies":"Gremlin Gang","floor":14,"turns":4},{"damage":22,"enemies":"Hexaghost","floor":16,"turns":9},{"damage":0,"enemies":"3 Byrds","floor":18,"turns":3},{"damage":2,"enemies":"Shell Parasite","floor":20,"turns":4},{"damage":11,"enemies":"Snecko","floor":22,"turns":4},{"damage":9,"enemies":"Shelled Parasite and Fungi","floor":24,"turns":4},{"damage":0,"enemies":"Chosen and Byrds","floor":25,"turns":4},{"damage":9,"enemies":"Snake Plant","floor":27,"turns":3},{"damage":6,"enemies":"Shelled Parasite and Fungi","floor":29,"turns":5},{"damage":5,"enemies":"Sentry and Sphere","floor":30,"turns":4},{"damage":22,"enemies":"Champ","floor":33,"turns":10},{"damage":0,"enemies":"3 Shapes","floor":35,"turns":4},{"damage":7,"enemies":"3 Darklings","floor":36,"turns":4},{"damage":10,"enemies":"Transient","floor":39,"turns":5},{"damage":37,"enemies":"Giant Head","floor":40,"turns":10},{"damage":0,"enemies":"Spire Growth","floor":44,"turns":3},{"damage":9,"enemies":"Writhing Mass","floor":45,"turns":6},{"damage":0,"enemies":"Mind Bloom Boss Battle","floor":48,"turns":6},{"damage":45,"enemies":"Time Eater","floor":50,"turns":12},{"damage":86,"enemies":"Shield and Spear","floor":54,"turns":5}],"seed_played":"-6379451893238106237","potions_obtained":[{"floor":1,"key":"Fruit Juice"},{"floor":11,"key":"PowerPotion"},{"floor":14,"key":"PowerPotion"},{"floor":16,"key":"SpeedPotion"},{"floor":18,"key":"Explosive Potion"},{"floor":20,"key":"LiquidBronze"},{"floor":24,"key":"SkillPotion"},{"floor":35,"key":"Explosive Potion"},{"floor":36,"key":"Weak Potion"},{"floor":39,"key":"GamblersBrew"},{"floor":40,"key":"Energy Potion"},{"floor":44,"key":"DuplicationPotion"},{"floor":45,"key":"Dexterity Potion"},{"floor":48,"key":"Swift Potion"}],"is_trial":false,"path_per_floor":["M","M","?","?","?","E","R","M","T","R","M","R","$","M","R","B",null,"M","T","M","$","M","R","M","M","T","M","R","M","M","$","R","B",null,"M","M","?","?","M","E","R","?","T","M","M","R","?","?","R","B",null,"R","$","E"],"character_chosen":"SHADE","items_purchased":["Bronze Scales","Orrery","Strawberry","Shade:AncientSpear","Anchor","Shade:FuneraryArmor+1","Ornamental Fan","PowerPotion","Fire Potion","Lee\u0027s Waffle"],"campfire_rested":6,"item_purchase_floors":[13,13,21,21,31,31,53,53,53,53],"current_hp_per_floor":[70,70,70,75,75,12,34,34,34,56,58,58,58,60,75,53,75,75,75,73,80,71,71,66,70,70,65,65,63,62,62,82,62,82,82,75,75,75,67,34,57,57,57,59,54,77,77,78,78,35,78,78,82,0,0],"gold":35,"neow_bonus":"RANDOM_COMMON_RELIC","is_daily":false,"chose_seed":false,"campfire_upgraded":4,"win_rate":0.0,"timestamp":1612620417,"path_taken":["M","M","?","?","?","E","R","?","T","R","M","R","$","M","R","BOSS","M","?","?","?","M","R","M","M","T","?","R","M","M","$","R","BOSS","M","M","?","?","M","E","R","?","T","M","M","R","?","?","R","BOSS","R","$","E"],"items_purchased_type":["Relic","Relic","Relic","Card","Relic","Card","Relic","Potion","Potion","Relic"],"build_version":"2020-12-22","purchased_purges":2,"victory":false,"max_hp_per_floor":[70,70,70,75,75,75,75,75,75,75,75,75,75,75,75,75,75,75,75,75,82,82,82,82,82,82,82,82,82,82,82,82,82,82,82,82,78,78,78,78,78,78,78,78,78,78,78,78,78,78,78,78,82,82,82],"card_choices":[{"not_picked":["Shade:CallOfTheGrave","Shade:FingerOfDeath","Shade:FleshOffering"],"picked":"SKIP","floor":1},{"not_picked":["Shade:PoundOfFlesh","Shade:CoffinDance"],"picked":"Shade:Brains","floor":2},{"not_picked":["Shade:SoulToxin","Shade:ClawBack"],"picked":"Shade:FleshLikeOak","floor":6},{"not_picked":["Shade:FreshBones","Shade:OminousRitual"],"picked":"Shade:FuneraryArmor","floor":8},{"not_picked":["Shade:SpontaneousRitual","Shade:RitualOffering"],"picked":"Shade:ExtraLimbs","floor":10},{"not_picked":["Shade:Bonestorm","Shade:PoundOfFlesh"],"picked":"Shade:Premonition","floor":11},{"not_picked":["Shade:FingerOfDeath","Shade:SpontaneousRitual"],"picked":"Shade:ExtraLimbs","floor":13},{"not_picked":["Shade:WallOfFlesh","Shade:Frenzy"],"picked":"Shade:ClawBack","floor":13},{"not_picked":["Shade:MadHubris","Shade:Brains"],"picked":"Shade:OpenGraves","floor":13},{"not_picked":["Shade:ExtraLimbs","Shade:GoDigging","Shade:FeralStrike"],"picked":"SKIP","floor":14},{"not_picked":["Shade:Consume","Shade:Putrefaction"],"picked":"Shade:Tombstone","floor":16},{"not_picked":["Shade:Trample+1","Shade:StitchTogether"],"picked":"Shade:FleshToFlesh","floor":18},{"not_picked":["Shade:Excise","Shade:FeralStrike"],"picked":"Shade:Bite_Shade","floor":20},{"not_picked":["Shade:RavenousHorde","Shade:FleshLikeOak"],"picked":"Shade:TouchOfTheGrave","floor":22},{"not_picked":["Shade:CommandSoldier+1","Shade:FeralStrike"],"picked":"Shade:Brains","floor":24},{"not_picked":["Shade:LichForm","Shade:Bonestorm"],"picked":"Shade:Brains+1","floor":25},{"not_picked":["Shade:CommandSoldier+1","Shade:SkeletonHug+1","Shade:FeralStrike"],"picked":"SKIP","floor":27},{"not_picked":["Shade:FeralStrike","Shade:CommandSoldier+1"],"picked":"Shade:Premonition+1","floor":29},{"not_picked":["Shade:SpontaneousRitual","Shade:OfferingToTheBeyond","Shade:ScuttlingHand"],"picked":"SKIP","floor":30},{"not_picked":["Shade:AncientSpear","Shade:Bonestorm+1"],"picked":"Shade:FleshLikeOak+1","floor":32},{"not_picked":["Shade:BoneShards+1","Shade:Haruspicy+1","Shade:SkeletonArmy+1"],"picked":"SKIP","floor":35},{"not_picked":["Shade:Trample","Shade:TouchOfTheGrave+1"],"picked":"Shade:ClawBack+1","floor":36},{"not_picked":["Shade:FingerOfDeath+1","Shade:FleshOffering+1"],"picked":"Shade:Excise+1","floor":39},{"not_picked":["Shade:RavenousHorde+1","Shade:SkeletonHug"],"picked":"Shade:RitualOffering+1","floor":40},{"not_picked":["Shade:SoulToxin+1","Shade:LichForm"],"picked":"Shade:WallOfFlesh+1","floor":41},{"not_picked":["HandOfGreed","Forethought+1"],"picked":"Panache","floor":42},{"not_picked":["Shade:CommandSoldier+1","Shade:DangerousRitual","Shade:GraveStillness+1"],"picked":"SKIP","floor":44},{"not_picked":["Shade:GraveStillness+1","Shade:SensePrey+1"],"picked":"Shade:Carnophage","floor":45},{"not_picked":["Shade:Patience+1","Shade:AncientSpear"],"picked":"Shade:Brains+1","floor":46},{"not_picked":["Shade:SkeletonHug","Shade:PoundOfFlesh+1"],"picked":"Shade:WallOfFlesh+1","floor":48}],"player_experience":1169067,"relics_obtained":[{"floor":6,"key":"Gremlin Horn"},{"floor":9,"key":"Blood Vial"},{"floor":19,"key":"Whetstone"},{"floor":26,"key":"Toxic Egg 2"},{"floor":34,"key":"MawBank"},{"floor":34,"key":"White Beast Statue"},{"floor":34,"key":"Dead Branch"},{"floor":40,"key":"Old Coin"},{"floor":48,"key":"Unceasing Top"}],"event_choices":[{"damage_healed":0,"gold_gain":175,"player_choice":"AGREE","damage_taken":130,"max_hp_gain":0,"max_hp_loss":0,"event_name":"betterThird:BetterSerpent","floor":3,"gold_loss":0},{"damage_healed":0,"gold_gain":0,"player_choice":"Donut","damage_taken":0,"max_hp_gain":5,"max_hp_loss":0,"event_name":"Big Fish","floor":4,"gold_loss":0},{"damage_healed":0,"gold_gain":100,"player_choice":"Pray","damage_taken":0,"max_hp_gain":0,"max_hp_loss":0,"event_name":"Golden Shrine","floor":5,"gold_loss":0},{"damage_healed":0,"gold_gain":0,"player_choice":"Max HP","damage_taken":0,"max_hp_gain":0,"max_hp_loss":4,"event_name":"Winding Halls","floor":37,"gold_loss":0},{"damage_healed":0,"gold_gain":0,"player_choice":"Paid","damage_taken":0,"relics_obtained":["Red Mask"],"max_hp_gain":0,"max_hp_loss":0,"event_name":"Tomb of Lord Red Mask","floor":38,"gold_loss":196},{"damage_healed":0,"gold_gain":0,"player_choice":"Memory 1","damage_taken":0,"max_hp_gain":0,"max_hp_loss":0,"event_name":"SensoryStone","floor":42,"gold_loss":0},{"damage_healed":0,"gold_gain":0,"player_choice":"Ignored","damage_taken":0,"max_hp_gain":0,"max_hp_loss":0,"event_name":"Mysterious Sphere","floor":47,"gold_loss":0},{"damage_healed":0,"gold_gain":0,"player_choice":"Fight","damage_taken":0,"max_hp_gain":0,"max_hp_loss":0,"event_name":"MindBloom","floor":48,"gold_loss":0}],"is_beta":false,"boss_relics":[{"not_picked":["Snecko Eye","Sozu"],"picked":"Velvet Choker"},{"not_picked":["Astrolabe","Busted Crown"],"picked":"Calling Bell"}],"items_purged_floors":[13,53],"is_endless":false,"potions_floor_spawned":[1,11,14,16,18,20,24,35,36,39,40,44,45,48],"killed_by":"Shield and Spear","ascension_level":0}}