{"host":"at5b10nm0iti0w4x","time":1612650039,"event":{"mods":["AchievementEnabler","BaseMod","Bestiary","Block Reminder","Colored Map","Colored Powertips","Highlight Path","Keyboard Shortcuts","Minty Spire (QoL Compilation)","Relic Stats","StSLib","SuperFastMode"],"gold_per_floor":[110,110,60,7,7,42,60,60,108,133,133,157,171,39,39,139,139,79,79,92,167,57,92,104,137,137,151,151,151,162,176,176,275,275,289,63,80,99,116,147,167,167,167,167,167,217,217,237,237,237,237],"floor_reached":50,"language":"ENG","playtime":2470,"items_purged":["Strike_B"],"score":593,"play_id":"e6ac92d8-5307-4dc3-a544-672e0ec3a70d","local_time":"20210206172039","is_ascension_mode":false,"campfire_choices":[{"data":"Chill","floor":8,"key":"SMITH"},{"floor":15,"key":"REST"},{"floor":29,"key":"REST"},{"data":"Double Energy","floor":32,"key":"SMITH"},{"floor":44,"key":"REST"},{"floor":49,"key":"REST"}],"circlet_count":0,"master_deck":["Strike_B","Strike_B","Defend_B+1","Defend_B","Defend_B","Zap+1","Dualcast","Force Field","Go for the Eyes+1","Chill+1","Leap","Capacitor","White Noise+1","Sweeping Beam","Capacitor","Bandage Up","Creative AI","Self Repair+1","Double Energy+1","Self Repair","Melter","Capacitor+1","Barrage+1","Streamline","BootSequence+1","Electrodynamics","CurseOfTheBell","White Noise","Force Field","Force Field","Streamline+1","Rebound+1","Turbo","Mayhem","Panache"],"relics":["FrozenCore","NeowsBlessing","Nunchaku","Centennial Puzzle","Kunai","Orichalcum","Odd Mushroom","War Paint","Matryoshka","Regal Pillow","HornCleat","Calling Bell","Blood Vial","Letter Opener","Peace Pipe","Medical Kit","Singing Bowl","Smiling Mask","Molten Egg 2","Unceasing Top"],"acts_visited":["Exordium","TheCity","TheBeyond"],"potions_floor_usage":[27,30,40,50],"damage_taken":[{"damage":0,"enemies":"Jaw Worm","floor":1,"turns":1},{"damage":0,"enemies":"3 Sentries","floor":6,"turns":1},{"damage":0,"enemies":"Small Slimes","floor":7,"turns":1},{"damage":28,"enemies":"Gremlin Nob","floor":10,"turns":5},{"damage":3,"enemies":"The Mushroom Lair","floor":12,"turns":5},{"damage":0,"enemies":"2 Louse","floor":13,"turns":3},{"damage":15,"enemies":"Hexaghost","floor":16,"turns":14},{"damage":17,"enemies":"2 Thieves","floor":18,"turns":4},{"damage":1,"enemies":"Chosen","floor":20,"turns":9},{"damage":22,"enemies":"Book of Stabbing","floor":23,"turns":9},{"damage":10,"enemies":"Snake Plant","floor":24,"turns":10},{"damage":62,"enemies":"Slavers","floor":25,"turns":7},{"damage":15,"enemies":"Chosen and Byrds","floor":27,"turns":10},{"damage":8,"enemies":"3 Cultists","floor":30,"turns":7},{"damage":5,"enemies":"Centurion and Healer","floor":31,"turns":7},{"damage":65,"enemies":"Automaton","floor":33,"turns":13},{"damage":0,"enemies":"3 Shapes","floor":35,"turns":9},{"damage":1,"enemies":"Orb Walker","floor":37,"turns":5},{"damage":0,"enemies":"4 Shapes","floor":38,"turns":9},{"damage":27,"enemies":"Spire Growth","floor":39,"turns":7},{"damage":69,"enemies":"Nemesis","floor":40,"turns":11},{"damage":0,"enemies":"Sphere and 2 Shapes","floor":41,"turns":18},{"damage":13,"enemies":"Mind Bloom Boss Battle","floor":46,"turns":11},{"damage":32,"enemies":"Jaw Worm Horde","floor":48,"turns":6},{"damage":99,"enemies":"Time Eater","floor":50,"turns":14}],"seed_played":"1056589023497064843","potions_obtained":[{"floor":1,"key":"Strength Potion"},{"floor":6,"key":"EssenceOfSteel"},{"floor":10,"key":"SmokeBomb"},{"floor":27,"key":"PowerPotion"},{"floor":31,"key":"EssenceOfSteel"},{"floor":46,"key":"SmokeBomb"}],"is_trial":false,"path_per_floor":["M","?","?","$","?","E","M","R","T","E","T","?","M","$","R","B",null,"M","?","M","?","$","E","M","E","T","M","?","R","M","M","R","B",null,"M","$","M","M","M","E","M","?","T","R","?","?","?","M","R","B"],"character_chosen":"DEFECT","items_purchased":["Go for the Eyes","Capacitor","Bandage Up","Self Repair","Force Field","Medical Kit"],"campfire_rested":4,"item_purchase_floors":[4,14,14,22,36,36],"current_hp_per_floor":[75,60,60,60,60,60,60,60,60,32,32,29,29,29,51,40,75,62,62,75,68,68,67,75,44,44,57,43,80,80,80,80,36,80,80,80,80,80,67,30,55,55,55,84,84,84,76,69,88,0,0],"gold":237,"neow_bonus":"THREE_ENEMY_KILL","is_daily":false,"chose_seed":false,"campfire_upgraded":2,"win_rate":0.0,"timestamp":1612650039,"path_taken":["M","?","?","$","?","E","M","R","T","E","?","?","?","?","R","BOSS","M","?","M","?","$","E","?","E","T","M","?","R","M","M","R","BOSS","M","$","M","M","M","E","M","?","T","R","?","?","?","?","R","BOSS"],"items_purchased_type":["Card","Card","Card","Card","Card","Relic"],"build_version":"2020-12-22","purchased_purges":1,"victory":false,"max_hp_per_floor":[75,75,75,75,75,75,75,75,75,75,75,75,75,75,75,75,75,75,75,75,75,75,75,75,75,75,75,80,80,80,80,80,80,80,80,80,80,80,80,82,84,84,84,84,84,84,86,88,88,88,88],"relic_stats":{"Regal Pillow":17,"Singing Bowl":8,"counters":[25,196],"Letter Opener":[126],"Orichalcum":[312],"War Paint":["Defend_B","White Noise"],"Medical Kit":[20],"Smiling Mask":0,"FrozenCore":[81],"Blood Vial":6,"Peace Pipe":0,"Nunchaku":[18],"Centennial Puzzle":[54],"Kunai":[14],"obtain_stats":[{"Regal Pillow":26,"NeowsBlessing":0,"Singing Bowl":40,"Letter Opener":34,"Orichalcum":11,"Odd Mushroom":12,"War Paint":23,"Medical Kit":36,"Smiling Mask":43,"FrozenCore":17,"Calling Bell":34,"Blood Vial":34,"Peace Pipe":34,"Nunchaku":6,"Centennial Puzzle":9,"Matryoshka":25,"HornCleat":26,"Molten Egg 2":43,"Kunai":10,"Cracked Core":0,"Unceasing Top":46},{"Regal Pillow":12,"NeowsBlessing":0,"Singing Bowl":21,"Letter Opener":16,"Orichalcum":4,"Odd Mushroom":5,"War Paint":10,"Medical Kit":17,"Smiling Mask":22,"FrozenCore":7,"Calling Bell":16,"Blood Vial":16,"Peace Pipe":16,"Nunchaku":2,"Centennial Puzzle":3,"Matryoshka":12,"HornCleat":12,"Molten Egg 2":22,"Kunai":4,"Cracked Core":0,"Unceasing Top":23},{"Regal Pillow":69,"NeowsBlessing":0,"Singing Bowl":147,"Letter Opener":106,"Orichalcum":8,"Odd Mushroom":13,"War Paint":52,"Medical Kit":115,"Smiling Mask":165,"FrozenCore":30,"Calling Bell":106,"Blood Vial":106,"Peace Pipe":106,"Nunchaku":2,"Centennial Puzzle":3,"Matryoshka":69,"HornCleat":69,"Molten Egg 2":165,"Kunai":8,"Cracked Core":0,"Unceasing Top":176}],"Unceasing Top":[7]},"card_choices":[{"not_picked":["Redo","Doom and Gloom"],"picked":"Force Field","floor":1},{"not_picked":["Conserve Battery","Barrage"],"picked":"Chill","floor":6},{"not_picked":["Go for the Eyes","Chill"],"picked":"Leap","floor":7},{"not_picked":["Loop","Double Energy"],"picked":"Capacitor","floor":10},{"not_picked":["Chill","Gash"],"picked":"White Noise","floor":12},{"not_picked":["Barrage","Go for the Eyes"],"picked":"Sweeping Beam","floor":13},{"not_picked":["Echo Form","Multi-Cast"],"picked":"Creative AI","floor":16},{"not_picked":["Cold Snap","Sweeping Beam"],"picked":"Self Repair+1","floor":18},{"not_picked":["Scrape+1","Compile Driver+1"],"picked":"Double Energy","floor":20},{"not_picked":["Consume","Fission"],"picked":"Melter","floor":23},{"not_picked":["Coolheaded","Ball Lightning"],"picked":"Capacitor+1","floor":24},{"not_picked":["Sweeping Beam","Compile Driver","Storm"],"picked":"SKIP","floor":25},{"not_picked":["Glacier","Hologram"],"picked":"Barrage+1","floor":27},{"not_picked":["Rip and Tear","Compile Driver"],"picked":"Streamline","floor":30},{"not_picked":["Cold Snap+1","Leap"],"picked":"BootSequence+1","floor":31},{"not_picked":["Fission","Machine Learning"],"picked":"Electrodynamics","floor":33},{"not_picked":["Turbo","Coolheaded+1"],"picked":"White Noise","floor":35},{"not_picked":["Self Repair","Cold Snap+1"],"picked":"Force Field","floor":37},{"not_picked":["Sweeping Beam","Conserve Battery+1"],"picked":"Streamline+1","floor":38},{"not_picked":["Conserve Battery+1","Gash+1"],"picked":"Rebound+1","floor":39},{"not_picked":["Leap+1","Rebound","Beam Cell"],"picked":"Singing Bowl","floor":40},{"not_picked":["Streamline+1","Scrape+1","Multi-Cast"],"picked":"Singing Bowl","floor":41},{"not_picked":["Darkness+1","Skim"],"picked":"Turbo","floor":46},{"not_picked":["Discovery","Thinking Ahead","Purity"],"picked":"Singing Bowl","floor":47},{"not_picked":["Thinking Ahead","Panacea"],"picked":"Mayhem","floor":47},{"not_picked":["Bandage Up","Master of Strategy"],"picked":"Panache","floor":47},{"not_picked":["Beam Cell+1","Force Field","Go for the Eyes+1"],"picked":"Singing Bowl","floor":48}],"player_experience":54026,"relics_obtained":[{"floor":6,"key":"Nunchaku"},{"floor":9,"key":"Centennial Puzzle"},{"floor":10,"key":"Kunai"},{"floor":11,"key":"Orichalcum"},{"floor":12,"key":"Odd Mushroom"},{"floor":23,"key":"War Paint"},{"floor":25,"key":"Matryoshka"},{"floor":26,"key":"Regal Pillow"},{"floor":26,"key":"HornCleat"},{"floor":34,"key":"Blood Vial"},{"floor":34,"key":"Letter Opener"},{"floor":34,"key":"Peace Pipe"},{"floor":40,"key":"Singing Bowl"},{"floor":43,"key":"Smiling Mask"},{"floor":43,"key":"Molten Egg 2"},{"floor":46,"key":"Unceasing Top"}],"event_choices":[{"damage_healed":0,"gold_gain":0,"player_choice":"Entered Light","damage_taken":15,"max_hp_gain":0,"max_hp_loss":0,"event_name":"Shining Light","floor":2,"gold_loss":0,"cards_upgraded":["Zap","Defend_B"]},{"cards_removed":["Strike_B"],"damage_healed":0,"gold_gain":0,"player_choice":"Card Removal","damage_taken":0,"max_hp_gain":0,"max_hp_loss":0,"event_name":"The Cleric","floor":3,"gold_loss":50},{"damage_healed":0,"gold_gain":0,"player_choice":"Grow","damage_taken":0,"max_hp_gain":0,"max_hp_loss":0,"event_name":"Living Wall","floor":5,"gold_loss":0,"cards_upgraded":["Go for the Eyes"]},{"damage_healed":0,"gold_gain":0,"player_choice":"Fought Mushrooms","damage_taken":0,"max_hp_gain":0,"max_hp_loss":0,"event_name":"Mushrooms","floor":12,"gold_loss":0},{"damage_healed":0,"gold_gain":0,"player_choice":"Ignored","damage_taken":0,"max_hp_gain":0,"max_hp_loss":0,"event_name":"Vampires","floor":19,"gold_loss":0},{"damage_healed":0,"gold_gain":75,"player_choice":"Touch","damage_taken":7,"max_hp_gain":0,"max_hp_loss":0,"event_name":"FaceTrader","floor":21,"gold_loss":0},{"damage_healed":0,"gold_gain":0,"player_choice":"Shed Blood","damage_taken":19,"max_hp_gain":5,"max_hp_loss":0,"event_name":"Forgotten Altar","floor":28,"gold_loss":0},{"damage_healed":0,"gold_gain":0,"player_choice":"Ignored","damage_taken":0,"max_hp_gain":0,"max_hp_loss":0,"event_name":"Mysterious Sphere","floor":42,"gold_loss":0},{"cards_removed":["Defend_B"],"damage_healed":0,"gold_gain":0,"player_choice":"Removed Skill","damage_taken":0,"max_hp_gain":0,"max_hp_loss":0,"event_name":"Falling","floor":45,"gold_loss":0},{"damage_healed":0,"gold_gain":0,"player_choice":"Fight","damage_taken":0,"max_hp_gain":0,"max_hp_loss":0,"event_name":"MindBloom","floor":46,"gold_loss":0},{"damage_healed":0,"gold_gain":0,"player_choice":"Memory 3","damage_taken":10,"max_hp_gain":0,"max_hp_loss":0,"event_name":"SensoryStone","floor":47,"gold_loss":0}],"is_beta":false,"boss_relics":[{"not_picked":["Sozu","Velvet Choker"],"picked":"FrozenCore"},{"not_picked":["Snecko Eye","Empty Cage"],"picked":"Calling Bell"}],"items_purged_floors":[22],"is_endless":false,"potions_floor_spawned":[1,6,10,20,25,27,31,33,37,39,46],"killed_by":"Time Eater","ascension_level":0}}