{"host":"7bzprrpqr2usgpra","time":1612612773,"event":{"mods":["ATMod(阿瑾Mod)","BaseMod","BetterRewards","Downfall","Energized Spire","HololiveMod","Lobotomy","Minty Spire (QoL Compilation)","MostiFishMod","Quick Restart","Spicy Shops","StSLib","TestMod","[IsaacMod]以撒尖塔"],"gold_per_floor":[169,269,309,373,373,433,479,536,536,182,247,385,385,54,54,202,202,242,367,367,367,367,367,523,523,523,566,456,518,557,597,597,696,696,785,171,307,345,381,381,541,639,639,695,789,824,863,903,903,953,953,953,-907,-831,-836],"floor_reached":56,"language":"ZHS","playtime":1850,"items_purged":["Defend_R","Defend_R","Defend_R"],"score":2967,"play_id":"0a115d2c-810e-4d66-b0d2-e97dd0c0f8f3","local_time":"20210206195933","is_ascension_mode":true,"campfire_choices":[{"data":"MostiFishMod:Mania","floor":15,"key":"SMITH"},{"data":"RitualDagger","floor":23,"key":"SMITH"},{"data":"MostiFishMod:KnuckleDown","floor":25,"key":"SMITH"},{"floor":32,"key":"RECALL"},{"data":"MostiFishMod:RainCloud","floor":40,"key":"SMITH"},{"data":"AT_FamilyPortrait","floor":49,"key":"SMITH"},{"data":"MostiFishMod:OrdinaryWorld","floor":52,"key":"SMITH"}],"circlet_count":0,"master_deck":["AscendersBane","Strike_R","Strike_R+1","Strike_R","Strike_R","Defend_R","Bash","Eruption","AT_FamilyPortrait+1","Blood for Blood","Perfected Strike","Pummel","MostiFishMod:Mania+1","AT_ManFootWork","MostiFishMod:NewArrival","Heavy Blade","MostiFishMod:KnuckleDown+1","AT_ShrugMaster","Flex","RitualDagger+1","MostiFishMod:BrandingRite","Infernal Blade","Rupture","MostiFishMod:OrdinaryWorld+1","AT_IchimonjiDouble","Thunderclap","MostiFishMod:RainCloud+1","Inflame","AT_Dispersion","Reaper+1","Inflame","Sever Soul+1","Perfected Strike+1","Clash+1","Brutality"],"relics":["Burning Blood","AT_ATBox","testmod-TestBox","HushsDoor","Meat on the Bone","AT_MibuBalloonWealth","Jackal-EndForJourney","SatanicBible","testmod-Fanaticism","SynthV:TestCard","AT_ForceNature","Centennial Puzzle","Art of War","testmod-TurbochargingSystem","Mercury Hourglass","OrangePellets","AT_ImmortalShieldbow","DaveBox","SacredBark","Ice Cream","Transparent","SharpPlug","AT_ArchangelStaff","AT_GuinsooRageblade","testmod-IndustrialRevolution","Leech","JellyFishMachine","testmod-Antiphasic","testmod-BalancedPeriapt","Molten Egg 2","testmod-InjuryResistance","UnicornStump","testmod-OneHitWonder","BlankCard","Toolbox","SynthV:MejaisSoulstealer","AT_BladeRuinedKing"],"acts_visited":["Exordium","TheCity","TheBeyond","TheEnding"],"potions_floor_usage":[16,55,55],"damage_taken":[{"damage":0,"enemies":"2 Louse","floor":1,"turns":1},{"damage":0,"enemies":"Hiden Room Battle","floor":2,"turns":1},{"damage":0,"enemies":"Cultist","floor":3,"turns":2},{"damage":0,"enemies":"Small Slimes","floor":4,"turns":1},{"damage":0,"enemies":"Gremlin Nob","floor":6,"turns":2},{"damage":40,"enemies":"Lagavulin","floor":8,"turns":3},{"damage":0,"enemies":"Exordium Wildlife","floor":11,"turns":1},{"damage":24,"enemies":"Lots of Slimes","floor":12,"turns":2},{"damage":26,"enemies":"Slime Boss","floor":16,"turns":4},{"damage":7,"enemies":"Spheric Guardian","floor":18,"turns":1},{"damage":14,"enemies":"Hiden Room Battle","floor":19,"turns":2},{"damage":32,"enemies":"Gremlin Leader","floor":24,"turns":3},{"damage":0,"enemies":"Chosen","floor":27,"turns":1},{"damage":60,"enemies":"Centurion and Healer","floor":29,"turns":2},{"damage":7,"enemies":"Snake Plant","floor":30,"turns":1},{"damage":10,"enemies":"Snecko","floor":31,"turns":2},{"damage":14,"enemies":"Champ","floor":33,"turns":3},{"damage":14,"enemies":"3 Shapes","floor":35,"turns":2},{"damage":14,"enemies":"3 Darklings","floor":37,"turns":2},{"damage":35,"enemies":"Transient","floor":38,"turns":5},{"damage":14,"enemies":"Spire Growth","floor":39,"turns":2},{"damage":14,"enemies":"Reptomancer","floor":41,"turns":2},{"damage":36,"enemies":"2 Orb Walkers","floor":42,"turns":2},{"damage":27,"enemies":"Giant Head","floor":44,"turns":2},{"damage":13,"enemies":"Sphere and 2 Shapes","floor":45,"turns":2},{"damage":9,"enemies":"Maw","floor":46,"turns":2},{"damage":19,"enemies":"Transient","floor":47,"turns":6},{"damage":22,"enemies":"Writhing Mass","floor":48,"turns":2},{"damage":57,"enemies":"Donu and Deca","floor":50,"turns":3},{"damage":36,"enemies":"Shield and Spear","floor":54,"turns":3},{"damage":113,"enemies":"The Heart","floor":55,"turns":4}],"seed_played":"2904029045777210082","potions_obtained":[{"floor":2,"key":"PowerPotion"},{"floor":4,"key":"LiquidMemories"},{"floor":18,"key":"SpeedPotion"},{"floor":27,"key":"ElixirPotion"},{"floor":29,"key":"champ:CounterPotion"},{"floor":37,"key":"BlessingOfTheForge"},{"floor":42,"key":"bronze:BurnAndBuffPotion"}],"is_trial":false,"path_per_floor":["M","?","M","M","?","E","T","E","T","$","M","M","?","$","R","B",null,"M","?","?","?","?","R","E","R","T","M","?","M","M","M","R","B",null,"M","$","M","M","M","R","E","?","T","E","M","M","M","M","R","B",null,"R","$","E","B",null],"character_chosen":"IRONCLAD","items_purchased":["Meat on the Bone","AT_MibuBalloonWealth","OrangePellets","AT_ImmortalShieldbow","Ice Cream","testmod-Antiphasic","testmod-BalancedPeriapt","BlankCard","Toolbox","SynthV:MejaisSoulstealer"],"campfire_rested":0,"item_purchase_floors":[0,0,10,10,14,36,36,53,53,53],"current_hp_per_floor":[47,75,75,75,75,75,75,75,75,75,75,66,66,66,66,75,75,75,75,69,67,67,67,75,75,75,75,75,75,75,75,75,75,75,75,75,75,75,75,75,75,75,75,75,75,75,75,75,75,75,75,75,75,75,75],"gold":-836,"neow_bonus":"","is_daily":false,"chose_seed":false,"campfire_upgraded":6,"win_rate":0.0,"timestamp":1612612773,"path_taken":["M","?","M","?","?","E","?","E","T","$","M","?","?","?","R","BOSS","M","?","?","?","?","R","E","R","T","?","?","M","M","M","R","BOSS","M","$","M","M","M","R","E","?","T","E","M","?","M","M","R","BOSS","R","$","E","BOSS"],"items_purchased_type":["Relic","Relic","Relic","Relic","Relic","Relic","Relic","Relic","Relic","Relic"],"build_version":"2020-12-22","purchased_purges":3,"victory":true,"max_hp_per_floor":[75,75,75,75,75,75,75,75,75,75,75,75,75,75,75,75,75,75,75,75,75,75,75,75,75,75,75,75,75,75,75,75,75,75,75,75,75,75,75,75,75,75,75,75,75,75,75,75,75,75,75,75,75,75,75],"card_choices":[{"not_picked":[],"picked":"Bomb","floor":0},{"not_picked":["Rage","True Grit"],"picked":"Bomb","floor":1},{"not_picked":["Reckless Charge","Armaments","Intimidate","Bomb"],"picked":"Blood for Blood","floor":2},{"not_picked":["Armaments","Twin Strike","Headbutt","Reckless Charge"],"picked":"Perfected Strike","floor":3},{"not_picked":["Warcry","Feel No Pain","Battle Trance","Intimidate"],"picked":"Pummel","floor":4},{"not_picked":["Bomb","Clothesline","Dropkick","Power Through"],"picked":"MostiFishMod:Mania","floor":6},{"not_picked":["Battle Trance","Ghostly Armor","Metallicize","Warcry"],"picked":"AT_ManFootWork","floor":8},{"not_picked":["Twin Strike","AT_BodySlamDance","Armaments","Sword Boomerang"],"picked":"MostiFishMod:NewArrival","floor":11},{"not_picked":["Headbutt","Metallicize","Havoc","Sever Soul"],"picked":"Heavy Blade","floor":12},{"not_picked":["Bludgeon","MostiFishMod:RainCloud","MostiFishMod:FlyOverUtopia","MostiFishMod:OrdinaryWorld"],"picked":"MostiFishMod:KnuckleDown","floor":16},{"not_picked":["Iron Wave","Blood for Blood","Warcry","AT_IchimonjiDouble"],"picked":"AT_ShrugMaster","floor":18},{"not_picked":["Battle Trance","Havoc","Headbutt","Thunderclap"],"picked":"Flex","floor":19},{"not_picked":["Rupture","Wild Strike","Barricade","Clothesline+1","Sever Soul"],"picked":"SKIP","floor":24},{"not_picked":["Shrug It Off","Anger","Sword Boomerang","Fire Breathing"],"picked":"MostiFishMod:BrandingRite","floor":27},{"not_picked":["Burning Pact","Warcry","Perfected Strike","AT_BodySlamDance+1"],"picked":"Infernal Blade","floor":29},{"not_picked":["Clash","True Grit+1","AT_GerminateFire","Reckless Charge","AT_ShrugMaster"],"picked":"SKIP","floor":30},{"not_picked":["Thunderclap","Dual Wield","Wild Strike","Second Wind"],"picked":"Rupture","floor":31},{"not_picked":["MostiFishMod:HellRitual","Feed","MostiFishMod:NewArrival","MostiFishMod:DarkDeal"],"picked":"MostiFishMod:OrdinaryWorld","floor":33},{"not_picked":["AT_BodySlamDance","Anger+1","Twin Strike","Rage"],"picked":"AT_IchimonjiDouble","floor":35},{"not_picked":["Body Slam","True Grit","Heavy Blade","Ghostly Armor"],"picked":"Thunderclap","floor":37},{"not_picked":["AT_GerminateFire","Pommel Strike","Armaments","Anger+1"],"picked":"MostiFishMod:RainCloud","floor":38},{"not_picked":["Anger","Hemokinesis","Iron Wave","Warcry"],"picked":"Inflame","floor":39},{"not_picked":["Shrug It Off","Body Slam+1","Rampage+1","Iron Wave+1"],"picked":"AT_Dispersion","floor":41},{"not_picked":["Armaments","Seeing Red","Warcry+1","MostiFishMod:#F4004"],"picked":"Reaper+1","floor":44},{"not_picked":["Thunderclap+1","AT_CaressingTears","MostiFishMod:#F4004","Heavy Blade+1"],"picked":"Inflame","floor":45},{"not_picked":["AT_BodySlamDance","Iron Wave+1","Dropkick+1","Thunderclap+1"],"picked":"Sever Soul+1","floor":46},{"not_picked":["AT_BodySlamDance","Cleave+1","AT_DiedThrough+1","Ghostly Armor+1"],"picked":"Perfected Strike+1","floor":47},{"not_picked":["Flex+1","MostiFishMod:FlyOverUtopia","Dark Embrace","Armaments"],"picked":"Clash+1","floor":48},{"not_picked":["Dark Embrace+1","Anger+1","Shrug It Off","Evolve"],"picked":"Brutality","floor":54}],"player_experience":282724,"relics_obtained":[{"floor":1,"key":"SynthV:TestCard"},{"floor":2,"key":"AT_ForceNature"},{"floor":2,"key":"Centennial Puzzle"},{"floor":6,"key":"Art of War"},{"floor":8,"key":"testmod-TurbochargingSystem"},{"floor":9,"key":"Mercury Hourglass"},{"floor":19,"key":"SharpPlug"},{"floor":19,"key":"AT_ArchangelStaff"},{"floor":24,"key":"testmod-IndustrialRevolution"},{"floor":26,"key":"Leech"},{"floor":41,"key":"Molten Egg 2"},{"floor":42,"key":"testmod-InjuryResistance"},{"floor":43,"key":"UnicornStump"},{"floor":44,"key":"testmod-OneHitWonder"},{"floor":54,"key":"AT_BladeRuinedKing"}],"event_choices":[{"damage_healed":0,"gold_gain":0,"player_choice":"Fight","damage_taken":0,"max_hp_gain":0,"max_hp_loss":0,"event_name":"HidenRoomEvent","floor":2,"gold_loss":0},{"damage_healed":0,"gold_gain":0,"player_choice":"Leave","damage_taken":0,"max_hp_gain":0,"max_hp_loss":0,"event_name":"The Cleric","floor":5,"gold_loss":0},{"damage_healed":0,"gold_gain":0,"player_choice":"Swap Relic","damage_taken":0,"relics_obtained":["DaveBox"],"max_hp_gain":0,"max_hp_loss":0,"event_name":"给自己的盒子","floor":13,"relics_lost":["DaveBox"],"gold_loss":0},{"damage_healed":0,"gold_gain":0,"player_choice":"Fight","damage_taken":0,"max_hp_gain":0,"max_hp_loss":0,"event_name":"HidenRoomEvent","floor":19,"gold_loss":0},{"damage_healed":0,"gold_gain":0,"player_choice":"Joined the Cult","damage_taken":6,"max_hp_gain":0,"max_hp_loss":0,"event_name":"Nest","floor":20,"gold_loss":0,"cards_obtained":["RitualDagger"]},{"damage_healed":0,"gold_gain":0,"player_choice":"Bought 0 Potions","damage_taken":0,"max_hp_gain":0,"max_hp_loss":0,"event_name":"The Woman in Blue","floor":21,"gold_loss":0},{"damage_healed":0,"gold_gain":0,"player_choice":"Gave Potion","damage_taken":0,"relics_obtained":["AT_GuinsooRageblade"],"max_hp_gain":0,"max_hp_loss":0,"event_name":"WeMeetAgain","floor":22,"gold_loss":0},{"cards_removed":["Strike_R"],"damage_healed":0,"gold_gain":0,"player_choice":"Upgrade and Remove","damage_taken":0,"max_hp_gain":0,"max_hp_loss":0,"event_name":"Designer","floor":28,"gold_loss":110,"cards_upgraded":["Strike_R"]},{"damage_healed":0,"gold_gain":0,"player_choice":"Fight","damage_taken":0,"max_hp_gain":0,"max_hp_loss":0,"event_name":"Mysterious Sphere","floor":42,"gold_loss":0}],"is_beta":false,"boss_relics":[{"not_picked":["AT_TrinityForce","ChiXiaoBlade"],"picked":"Transparent"},{"not_picked":[]},{"not_picked":["Pandora\u0027s Box","testmod-Prudence"],"picked":"JellyFishMachine"},{"not_picked":[]}],"items_purged_floors":[36,36,53],"is_endless":false,"potions_floor_spawned":[2,4,8,18,27,29,37,41,42,45,54],"ascension_level":19}}