{"host":"lly094a91h6n5nv5","time":1612648372,"event":{"mods":["AchievementEnabler","BaseMod","Block Reminder","Colored Map","Minty Spire (QoL Compilation)"],"gold_per_floor":[214,224,51,51,51,51,86,86,161,175,202,216,231,231,231,326,326,342,352,39,56,56,85,85,10,10,29,29,49,80,93,93,189,189,199,218,6,21,38,38,63,63,63,95,95,123,123,134,134,134],"floor_reached":51,"language":"ENG","playtime":5928,"items_purged":["Strike_R","Strike_R"],"score":1029,"play_id":"46a2a788-01bb-4ae4-9514-c3d4659c4277","local_time":"20210206155252","is_ascension_mode":true,"campfire_choices":[{"data":"Shockwave","floor":6.0,"key":"SMITH"},{"data":"Carnage","floor":8.0,"key":"SMITH"},{"data":"Feel No Pain","floor":15.0,"key":"SMITH"},{"floor":24,"key":"REST"},{"data":"Whirlwind","floor":28,"key":"SMITH"},{"data":"Reaper","floor":32,"key":"SMITH"},{"data":"Feel No Pain","floor":40,"key":"SMITH"},{"data":"Metamorphosis","floor":42,"key":"SMITH"},{"data":"Warcry","floor":45,"key":"SMITH"},{"data":"Sentinel","floor":49,"key":"SMITH"}],"circlet_count":0,"master_deck":["Defend_R","Defend_R","Defend_R","Defend_R+1","Bash","Pommel Strike+1","Shockwave+1","Dark Embrace+1","Sentinel+1","Warcry+1","Carnage+1","Shrug It Off","Whirlwind+1","Shrug It Off","Feel No Pain+1","Impervious","Second Wind+1","Pummel+1","Reaper+1","Warcry+1","Bludgeon+1","Rage+1","Fiend Fire+1","Clothesline+1","Spot Weakness+1","Metamorphosis+1","Feel No Pain+1","Feel No Pain+1","Disarm+1"],"relics":["Burning Blood","Incense Burner","Kunai","Ancient Tea Set","Sozu","Gremlin Horn","Smiling Mask","Question Card","Molten Egg 2","Cursed Key","Toy Ornithopter","Akabeko","Dead Branch"],"acts_visited":["Exordium","TheCity","TheBeyond"],"potions_floor_usage":[],"damage_taken":[{"damage":2.0,"enemies":"Jaw Worm","floor":1.0,"turns":4.0},{"damage":4.0,"enemies":"2 Louse","floor":2.0,"turns":4.0},{"damage":39.0,"enemies":"Lagavulin","floor":7.0,"turns":8.0},{"damage":1.0,"enemies":"Cultist","floor":10.0,"turns":3.0},{"damage":29.0,"enemies":"Gremlin Nob","floor":11.0,"turns":6.0},{"damage":8.0,"enemies":"3 Louse","floor":12.0,"turns":2.0},{"damage":0.0,"enemies":"Blue Slaver","floor":13.0,"turns":3.0},{"damage":22.0,"enemies":"Slime Boss","floor":16.0,"turns":17.0},{"damage":8,"enemies":"2 Thieves","floor":18,"turns":4},{"damage":3,"enemies":"3 Byrds","floor":19,"turns":5},{"damage":8,"enemies":"Snake Plant","floor":21,"turns":5},{"damage":38,"enemies":"Slavers","floor":23,"turns":6},{"damage":10,"enemies":"Shelled Parasite and Fungi","floor":27,"turns":9},{"damage":6,"enemies":"Chosen and Byrds","floor":29,"turns":6},{"damage":4,"enemies":"Gremlin Leader","floor":30,"turns":6},{"damage":2,"enemies":"Centurion and Healer","floor":31,"turns":6},{"damage":12,"enemies":"Automaton","floor":33,"turns":10},{"damage":0,"enemies":"Orb Walker","floor":35,"turns":3},{"damage":0,"enemies":"3 Darklings","floor":36,"turns":4},{"damage":1,"enemies":"Jaw Worm Horde","floor":38,"turns":5},{"damage":0,"enemies":"Maw","floor":39,"turns":6},{"damage":0,"enemies":"Reptomancer","floor":41,"turns":4},{"damage":42,"enemies":"Nemesis","floor":44,"turns":7},{"damage":12,"enemies":"Giant Head","floor":46,"turns":6},{"damage":6,"enemies":"3 Darklings","floor":48,"turns":3},{"damage":70,"enemies":"Awakened One","floor":50,"turns":13}],"seed_played":"-2632204342034307110","potions_obtained":[{"floor":2.0,"key":"BloodPotion"},{"floor":13.0,"key":"EssenceOfSteel"}],"is_trial":false,"path_per_floor":["M","M","$","?","?","R","E","R","T","M","E","M","M","?","R","B",null,"M","M","$","M","?","E","R","?","T","M","R","M","E","M","R","B",null,"M","M","$","M","M","R","E","R","T","E","R","E","?","M","R","B",null],"character_chosen":"IRONCLAD","items_purchased":["Dark Embrace","Sentinel","Warcry","Gremlin Horn","Metamorphosis"],"campfire_rested":1,"item_purchase_floors":[3,3,3,20,37],"current_hp_per_floor":[76,78,78,62,62,62,29,29,29,34,11,9,15,15,15,15,64,62,65,65,63,48,16,41,41,41,37,37,43,57,61,61,74,82,85,85,85,85,85,85,85,85,85,62,62,69,69,80,80,25],"gold":134,"neow_bonus":"HUNDRED_GOLD","is_daily":false,"chose_seed":false,"campfire_upgraded":9,"win_rate":0.0,"timestamp":1612648372,"path_taken":["M","M","$","?","?","R","E","R","T","M","E","M","M","?","R","BOSS","M","M","$","?","?","E","R","?","T","M","R","M","E","M","R","BOSS","M","M","$","M","M","R","E","R","T","E","R","E","?","?","R","BOSS"],"items_purchased_type":["Card","Card","Card","Relic","Card"],"build_version":"2020-12-22","purchased_purges":2,"victory":true,"max_hp_per_floor":[80,80,80,80,80,80,80,80,80,80,80,80,80,80,80,80,80,80,80,80,80,85,85,85,85,85,85,85,85,85,85,85,85,85,85,85,85,85,85,85,85,85,85,85,85,85,85,85,85,85],"card_choices":[{"not_picked":["Thunderclap","True Grit"],"picked":"Pommel Strike","floor":1.0},{"not_picked":["Burning Pact","Headbutt"],"picked":"Shockwave","floor":2.0},{"not_picked":["Immolate","Metallicize"],"picked":"Carnage","floor":7.0},{"not_picked":["Sword Boomerang","Warcry"],"picked":"Shrug It Off","floor":10.0},{"not_picked":["Twin Strike","Power Through"],"picked":"Whirlwind","floor":11.0},{"not_picked":["Sword Boomerang","Iron Wave"],"picked":"Shrug It Off","floor":12.0},{"not_picked":["Wild Strike","Bloodletting"],"picked":"Feel No Pain","floor":13.0},{"not_picked":["Offering","Demon Form"],"picked":"Impervious","floor":16.0},{"not_picked":["Clash","Heavy Blade"],"picked":"Second Wind+1","floor":18},{"not_picked":["Body Slam","Shrug It Off"],"picked":"Pummel+1","floor":19},{"not_picked":["Searing Blow","Hemokinesis","Wild Strike"],"picked":"SKIP","floor":21},{"not_picked":["Pommel Strike","Cleave+1","Carnage"],"picked":"SKIP","floor":23},{"not_picked":["Havoc","Body Slam","Hemokinesis"],"picked":"Reaper","floor":27},{"not_picked":["Sever Soul+1","Rage","Dark Embrace+1"],"picked":"Warcry+1","floor":29},{"not_picked":["Shockwave","Wild Strike+1","Havoc"],"picked":"Bludgeon+1","floor":30},{"not_picked":["Dual Wield","Sentinel","Evolve+1"],"picked":"Rage+1","floor":31},{"not_picked":["Double Tap","Impervious","Offering"],"picked":"Fiend Fire+1","floor":33},{"not_picked":["Combust","Armaments+1","Warcry"],"picked":"Clothesline+1","floor":35},{"not_picked":["Rampage+1","Cleave+1","Havoc"],"picked":"Spot Weakness+1","floor":36},{"not_picked":["Perfected Strike+1","Body Slam+1","Twin Strike+1","Anger+1"],"picked":"SKIP","floor":38},{"not_picked":["Second Wind","Bloodletting","Sever Soul+1"],"picked":"Feel No Pain","floor":39},{"not_picked":["Combust+1","Flame Barrier+1","Shrug It Off"],"picked":"Feel No Pain+1","floor":41},{"not_picked":["Headbutt+1","Metallicize","Barricade"],"picked":"Disarm+1","floor":44},{"not_picked":["Sever Soul+1","Armaments+1","Thunderclap+1","Power Through"],"picked":"SKIP","floor":46},{"not_picked":["Havoc+1","Perfected Strike+1","Sword Boomerang+1","Body Slam+1"],"picked":"SKIP","floor":48}],"player_experience":164696,"relics_obtained":[{"floor":7.0,"key":"Incense Burner"},{"floor":9.0,"key":"Kunai"},{"floor":11.0,"key":"Ancient Tea Set"},{"floor":23,"key":"Smiling Mask"},{"floor":26,"key":"Question Card"},{"floor":30,"key":"Molten Egg 2"},{"floor":41,"key":"Toy Ornithopter"},{"floor":44,"key":"Akabeko"},{"floor":46,"key":"Dead Branch"}],"event_choices":[{"damage_healed":0.0,"max_hp_gain":0.0,"max_hp_loss":0.0,"gold_gain":0.0,"event_name":"Shining Light","player_choice":"Entered Light","floor":4.0,"gold_loss":0.0,"damage_taken":16.0,"cards_upgraded":["Pommel Strike","Defend_R"]},{"damage_healed":0.0,"max_hp_gain":0.0,"max_hp_loss":0.0,"gold_gain":0.0,"event_name":"Living Wall","player_choice":"Grow","floor":5.0,"gold_loss":0.0,"damage_taken":0.0,"cards_upgraded":["Dark Embrace"]},{"cards_removed":["Strike_R"],"damage_healed":0.0,"max_hp_gain":0.0,"max_hp_loss":0.0,"gold_gain":0.0,"event_name":"Purifier","player_choice":"Purged","floor":14.0,"gold_loss":0.0,"damage_taken":0.0},{"damage_healed":0,"gold_gain":0,"player_choice":"Shed Blood","damage_taken":20,"max_hp_gain":5,"max_hp_loss":0,"event_name":"Forgotten Altar","floor":22,"gold_loss":0},{"cards_removed":["Strike_R"],"damage_healed":0,"gold_gain":0,"player_choice":"Gave Gold","damage_taken":0,"max_hp_gain":0,"max_hp_loss":0,"event_name":"Beggar","floor":25,"gold_loss":75},{"cards_removed":["Strike_R"],"damage_healed":0,"gold_gain":0,"player_choice":"Purged","damage_taken":0,"max_hp_gain":0,"max_hp_loss":0,"event_name":"Purifier","floor":47,"gold_loss":0}],"is_beta":false,"boss_relics":[{"not_picked":["SacredBark","Velvet Choker"],"picked":"Sozu"},{"not_picked":["Runic Dome","Empty Cage"],"picked":"Cursed Key"}],"items_purged_floors":[20,37],"is_endless":false,"potions_floor_spawned":[2,13,23,29,30,31,35,46,48],"ascension_level":7}}