{"host":"rk1e5mmpnpniq13w","time":1612642477,"event":{"mods":["BaseMod","Colored Powertips","Downfall","Hubris","Minty Spire (QoL Compilation)","Replay The Spire","StSLib","The Bug Knight"],"gold_per_floor":[99,112,112,131,141,26,26,26,37,55,87,101,101,18,32,129,179,79,92,92,92,108,124,148,48,75,75,91,91,91,39,53,148,148,48,62,47,67,77,97,122,154,169,169,169,169],"floor_reached":44,"language":"ENG","playtime":4613,"items_purged":["Pain"],"score":489,"play_id":"8b607552-797e-4e5d-8fe3-85d2eb8d12e6","local_time":"20210206151437","is_ascension_mode":false,"campfire_choices":[{"data":"Guardian:CurlUp","floor":1,"key":"SMITH"},{"floor":18,"key":"RECALL"},{"data":"Guardian:AncientConstruct","floor":25,"key":"SMITH"},{"floor":27,"key":"REST"},{"data":"Guardian:Recover","floor":29,"key":"SMITH"}],"circlet_count":0,"master_deck":["Guardian:Strike_Guardian","Guardian:Strike_Guardian+1","Guardian:Strike_Guardian","Guardian:Defend_Guardian","Guardian:Defend_Guardian","Guardian:Defend_Guardian","Guardian:Defend_Guardian+1","Guardian:CurlUp+1","Guardian:TwinSlam","Guardian:SentryBeam+1","Guardian:BronzeOrb","Guardian:RevengeProtocol+1","Guardian:ExploitGems","Guardian:Incinerate","Guardian:EvasiveProtocol","Guardian:StasisStrike","Guardian:AncientConstruct+1","Guardian:SpikerProtocol","Guardian:Recover+1","RitualDagger","Guardian:TemporalStrike","expansioncontent:QuickStudy","Guardian:TimeSifter","Guardian:Gem_Red","Guardian:Gem_Lightblue","Guardian:BronzeOrb"],"relics":["Guardian:ModeShifter","WarpedTongs","hubris:SphereOfDissonance","Chameleon Ring","Tiny House","downfall:HeartBlessingGreen","hubris:Towel","downfall:HeartBlessingBlue","Omamori","ReplayTheSpireMod:CursedCoin","Calling Bell","StrikeDummy","ReplayFunnel","hubris:BundleOfHerbs","downfall:HeartBlessingRed","Anchor","Blood Vial"],"acts_visited":["Exordium","TheCity","TheBeyond"],"potions_floor_usage":[23,33,33,33],"damage_taken":[{"damage":2,"enemies":"Small Slimes","floor":2,"turns":4},{"damage":4,"enemies":"Cultist","floor":4,"turns":4},{"damage":3,"enemies":"2 Louse","floor":5,"turns":4},{"damage":4,"enemies":"downfall:FleeingMerchant","floor":6,"turns":4},{"damage":4,"enemies":"Lots of Slimes","floor":9,"turns":4},{"damage":3,"enemies":"2 Fungi Beasts","floor":10,"turns":3},{"damage":4,"enemies":"Replay:BlueRogue","floor":11,"turns":4},{"damage":0,"enemies":"Large Slime","floor":12,"turns":5},{"damage":6,"enemies":"downfall:FleeingMerchant","floor":14,"turns":4},{"damage":7,"enemies":"Lots of Slimes","floor":15,"turns":4},{"damage":3,"enemies":"SI_SHIV_ARCHETYPE","floor":16,"turns":9},{"damage":15,"enemies":"Snake Plant","floor":19,"turns":6},{"damage":15,"enemies":"Cultist and Chosen","floor":22,"turns":8},{"damage":11,"enemies":"Sentry and Sphere","floor":23,"turns":5},{"damage":17,"enemies":"Slavers","floor":26,"turns":8},{"damage":8,"enemies":"3 Cultists","floor":28,"turns":6},{"damage":0,"enemies":"downfall:FleeingMerchant","floor":31,"turns":4},{"damage":5,"enemies":"Centurion and Healer","floor":32,"turns":6},{"damage":21,"enemies":"DF_ARCHETYPE_CLAW","floor":33,"turns":8},{"damage":8,"enemies":"3 Shapes","floor":36,"turns":5},{"damage":9,"enemies":"downfall:FleeingMerchant","floor":37,"turns":4},{"damage":9,"enemies":"3 Darklings","floor":38,"turns":5},{"damage":17,"enemies":"Jaw Worm Horde","floor":39,"turns":5},{"damage":10,"enemies":"3 Darklings","floor":40,"turns":5},{"damage":9,"enemies":"R_Hoarder","floor":42,"turns":8},{"damage":0,"enemies":"4 Shapes","floor":43,"turns":8},{"damage":64,"enemies":"Giant Head","floor":44,"turns":10}],"seed_played":"4200421356399941573","potions_obtained":[{"floor":4,"key":"AttackPotion"},{"floor":9,"key":"Block Potion"},{"floor":15,"key":"ColorlessPotion"},{"floor":16,"key":"Guardian:AcceleratePotion"},{"floor":23,"key":"DistilledChaos"},{"floor":35,"key":"Slimebound:ThreeZeroPotion"},{"floor":35,"key":"BlessingOfTheForge"},{"floor":38,"key":"BlessingOfTheForge"},{"floor":39,"key":"Regen Potion"},{"floor":43,"key":"Venom Potion"}],"is_trial":false,"path_per_floor":["R","M","?","M","M","$","T","?","M","M","E","M","?","$","M","B",null,"R","M","?","?","M","M","T","R","E","R","M","R","?","$","M","B",null,"R","M","$","M","M","M","T","E","M","E"],"character_chosen":"GUARDIAN","items_purchased":["Guardian:Gem_Green","Guardian:EvasiveProtocol","ReplayTheSpireMod:CursedCoin","expansioncontent:QuickStudy"],"campfire_rested":1,"item_purchase_floors":[6,14,31,31],"current_hp_per_floor":[88,86,86,82,79,75,75,75,71,68,64,64,64,58,51,48,93,93,78,78,70,55,44,44,54,37,67,59,59,53,53,48,27,103,103,95,86,77,60,50,50,41,43,0,0,0],"gold":169,"neow_bonus":"TEN_PERCENT_HP_BONUS","is_daily":false,"chose_seed":false,"campfire_upgraded":3,"win_rate":0.0,"timestamp":1612642477,"path_taken":["R","M","?","?","M","?","T","?","M","M","E","?","?","$","M","BOSS","R","M","?","?","?","M","T","R","E","R","M","R","?","$","M","BOSS","R","M","$","M","M","M","T","E","M","E"],"items_purchased_type":["Card","Card","Relic","Card"],"build_version":"2020-12-22","purchased_purges":1,"victory":false,"max_hp_per_floor":[88,88,88,88,88,88,88,88,88,88,88,88,88,88,88,88,93,93,93,93,93,93,93,93,103,103,103,103,103,103,103,103,103,103,103,103,103,103,103,103,103,103,103,103,103,103],"card_choices":[{"not_picked":["Guardian:Recover","Guardian:VentSteam"],"picked":"Guardian:Gem_Red","floor":2},{"not_picked":["Guardian:VentSteam","Guardian:Incinerate"],"picked":"Guardian:SentryBeam","floor":4},{"not_picked":["Guardian:WalkerClaw","Guardian:Gem_Lightblue"],"picked":"Guardian:BronzeOrb","floor":5},{"not_picked":["Guardian:TemporalStrike","Guardian:ShieldCharger","Guardian:PrimingBeam"],"picked":"SKIP","floor":6},{"not_picked":["Guardian:Gem_Yellow","Guardian:Preprogram"],"picked":"Guardian:RevengeProtocol","floor":9},{"not_picked":["Guardian:VentSteam","Guardian:PiercingHide","Guardian:SpikerProtocol"],"picked":"SKIP","floor":10},{"not_picked":["Guardian:ShieldCharger","Guardian:ChargeCore"],"picked":"Guardian:ExploitGems","floor":11},{"not_picked":["Guardian:Reroute","Guardian:CrystalBeam","Guardian:RollAttack"],"picked":"SKIP","floor":12},{"not_picked":["Guardian:Suspension","Guardian:PolyBeam"],"picked":"Guardian:Incinerate","floor":14},{"not_picked":["Guardian:WalkerClaw","Guardian:Suspension"],"picked":"Guardian:StasisStrike","floor":15},{"not_picked":["Guardian:ExploitGems","Guardian:StasisStrike"],"picked":"Guardian:AncientConstruct","floor":16},{"not_picked":["Guardian:Gem_Lightblue","Guardian:ShieldCharger","Guardian:PrimingBeam"],"picked":"SKIP","floor":19},{"not_picked":["Guardian:VentSteam+1","Guardian:ChargeCore+1"],"picked":"Guardian:Gem_White","floor":22},{"not_picked":["Guardian:Reroute","Guardian:Preprogram"],"picked":"Guardian:SpikerProtocol","floor":23},{"not_picked":["Guardian:GuardianWhirl","Guardian:Gem_Fragmented"],"picked":"Guardian:Recover","floor":26},{"not_picked":["Guardian:HyperBeam_Guardian","Guardian:Incinerate+1","Guardian:PrismaticBeam+1"],"picked":"SKIP","floor":28},{"not_picked":["Guardian:CrystalBeam","Guardian:EvasiveProtocol"],"picked":"Guardian:TemporalStrike","floor":31},{"not_picked":["Guardian:WalkerClaw","Guardian:GuardianWhirl","Guardian:Recover"],"picked":"SKIP","floor":32},{"not_picked":["Guardian:FastForward","Guardian:RevengeProtocol"],"picked":"Guardian:TimeSifter","floor":33},{"not_picked":["Guardian:CrystalBeam+1","Guardian:PolyBeam"],"picked":"Guardian:Gem_Red","floor":36},{"not_picked":["Guardian:Suspension","Guardian:VentSteam","Guardian:CrystalBeam"],"picked":"SKIP","floor":37},{"not_picked":["Guardian:Gem_Cyan","Guardian:PiercingHide"],"picked":"Guardian:Gem_Lightblue","floor":38},{"not_picked":["Guardian:Preprogram","Guardian:PrismaticBeam+1","Guardian:Clone+1"],"picked":"SKIP","floor":39},{"not_picked":["Guardian:PrimingBeam+1","Guardian:Incinerate","Guardian:CrystalBeam"],"picked":"SKIP","floor":40},{"not_picked":["Guardian:Recover+1","Guardian:TimeBomb"],"picked":"Guardian:BronzeOrb","floor":42},{"not_picked":["Guardian:Planning","Guardian:TemporalStrike","Guardian:MultiBeam"],"picked":"SKIP","floor":43}],"player_experience":472091,"relics_obtained":[{"floor":7,"key":"hubris:SphereOfDissonance"},{"floor":11,"key":"Chameleon Ring"},{"floor":26,"key":"Omamori"},{"floor":34,"key":"StrikeDummy"},{"floor":34,"key":"ReplayFunnel"},{"floor":34,"key":"hubris:BundleOfHerbs"},{"floor":41,"key":"Anchor"},{"floor":42,"key":"Blood Vial"}],"event_choices":[],"is_beta":false,"boss_relics":[{"not_picked":["Pandora\u0027s Box","Replay:Wanted Poster"],"picked":"Tiny House"},{"not_picked":["bronze:MakeshiftBattery","Snecko Eye"],"picked":"Calling Bell"}],"items_purged_floors":[6],"is_endless":false,"potions_floor_spawned":[4,9,15,16,23,26,32,38,39,43],"killed_by":"Giant Head","ascension_level":0}}