{"host":"yqw1zpryoutrnocq","time":1612641224,"event":{"mods":["2.2 Compatiblity","AchievementEnabler","BaseMod","Colored Map","Custom Start","DeckTracker","Minty Spire (QoL Compilation)","StSLib","SuperFastMode"],"gold_per_floor":[16,16,35,35,85,117,43,73,73,73,92,119,139,152,152,251,251,264,264,264,293,208,241,241,260,286,316,162,182,198,216,216,316,316,334,350,362,378,394,428,650,179,179,179,219,219,246,271,271,271,271,271,55,96,96],"floor_reached":56,"language":"KOR","playtime":2169,"items_purged":["Strike_R","Strike_R"],"score":1861,"play_id":"223a4efd-9f31-4cf0-b2cf-6a1a76334767","local_time":"20210206135344","is_ascension_mode":true,"campfire_choices":[{"floor":15.0,"key":"REST"},{"floor":24.0,"key":"REST"},{"floor":32.0,"key":"REST"},{"floor":44.0,"key":"REST"},{"floor":49.0,"key":"RECALL"},{"floor":52,"key":"REST"}],"circlet_count":0,"master_deck":["Strike_R","Strike_R","Defend_R","Defend_R","Defend_R","Defend_R","Bash","Apotheosis+1","Pommel Strike","Warcry","Rampage","Dark Embrace","Thunderclap","Rage","Offering","Fire Breathing","Corruption","Shrug It Off","Writhe","Body Slam","Sever Soul","Barricade","Dropkick","Flame Barrier","Seeing Red","Feel No Pain","Shockwave","Ghostly Armor+1","Exhume","Wild Strike","Burning Pact","Secret Technique","Warcry","Havoc+1","Body Slam+1","Uppercut+1","Purity","Flame Barrier"],"relics":["Burning Blood","Blue Candle","Ancient Tea Set","Pear","Question Card","Paper Frog","Strawberry","Sozu","Pen Nib","Red Mask","Bag of Preparation","Mercury Hourglass","Happy Flower","Singing Bowl","Fusion Hammer","CeramicFish","Brimstone","Akabeko","Nunchaku","Letter Opener"],"acts_visited":["Exordium","TheCity","TheBeyond","TheEnding"],"potions_floor_usage":[],"damage_taken":[{"damage":10.0,"enemies":"Cultist","floor":1.0,"turns":4.0},{"damage":0.0,"enemies":"Small Slimes","floor":3.0,"turns":3.0},{"damage":30.0,"enemies":"3 Sentries","floor":6.0,"turns":9.0},{"damage":25.0,"enemies":"Gremlin Nob","floor":8.0,"turns":4.0},{"damage":9.0,"enemies":"Jaw Worm","floor":11.0,"turns":4.0},{"damage":10.0,"enemies":"3 Sentries","floor":12.0,"turns":6.0},{"damage":16.0,"enemies":"Blue Slaver","floor":13.0,"turns":5.0},{"damage":6.0,"enemies":"Lots of Slimes","floor":14.0,"turns":3.0},{"damage":16.0,"enemies":"Slime Boss","floor":16.0,"turns":5.0},{"damage":23.0,"enemies":"Spheric Guardian","floor":18.0,"turns":4.0},{"damage":34.0,"enemies":"Masked Bandits","floor":21.0,"turns":3.0},{"damage":11.0,"enemies":"Book of Stabbing","floor":23.0,"turns":3.0},{"damage":14.0,"enemies":"2 Thieves","floor":25.0,"turns":3.0},{"damage":6.0,"enemies":"Gremlin Leader","floor":27.0,"turns":4.0},{"damage":9.0,"enemies":"Centurion and Healer","floor":29.0,"turns":3.0},{"damage":8.0,"enemies":"Snecko","floor":30.0,"turns":3.0},{"damage":31.0,"enemies":"3 Cultists","floor":31.0,"turns":4.0},{"damage":6.0,"enemies":"Automaton","floor":33.0,"turns":4.0},{"damage":15.0,"enemies":"3 Shapes","floor":35.0,"turns":4.0},{"damage":6.0,"enemies":"Orb Walker","floor":36.0,"turns":3.0},{"damage":11.0,"enemies":"Maw","floor":37.0,"turns":4.0},{"damage":20.0,"enemies":"Jaw Worm Horde","floor":38.0,"turns":4.0},{"damage":7.0,"enemies":"Spire Growth","floor":39.0,"turns":3.0},{"damage":60.0,"enemies":"Nemesis","floor":40.0,"turns":7.0},{"damage":6.0,"enemies":"Giant Head","floor":45.0,"turns":3.0},{"damage":46.0,"enemies":"Transient","floor":47.0,"turns":4.0},{"damage":0.0,"enemies":"Maw","floor":48.0,"turns":3.0},{"damage":30,"enemies":"Donu and Deca","floor":50,"turns":3},{"damage":6,"enemies":"Shield and Spear","floor":54,"turns":3},{"damage":45,"enemies":"The Heart","floor":55,"turns":4}],"seed_played":"-7261766923571459526","potions_obtained":[{"floor":1.0,"key":"Explosive Potion"},{"floor":3.0,"key":"Energy Potion"},{"floor":11.0,"key":"LiquidBronze"},{"floor":13.0,"key":"SkillPotion"},{"floor":16.0,"key":"EssenceOfSteel"}],"is_trial":false,"path_per_floor":["M","?","M","?","T","E","$","E","T","?","M","E","M","M","R","B",null,"M","?","?","?","?","E","R","M","T","E","$","M","M","M","R","B",null,"M","M","M","M","M","E","?","$","T","R","E","?","M","M","R","B",null,"R","$","E","B",null],"character_chosen":"IRONCLAD","items_purchased":["Dark Embrace","Seeing Red","Brimstone","Secret Technique","Warcry","Purity","Nunchaku"],"campfire_rested":5,"item_purchase_floors":[7,28,42,42,42,53,53],"current_hp_per_floor":[68,68,74,56,56,42,42,23,23,23,20,23,13,13,42,32,81,64,64,64,36,36,31,60,52,52,52,52,49,47,22,51,51,86,77,79,76,64,63,11,11,11,11,42,42,92,52,58,58,34,78,92,92,92,53],"gold":96,"neow_bonus":"RANDOM_COLORLESS_2","is_daily":false,"chose_seed":false,"campfire_upgraded":0,"win_rate":0.0,"timestamp":1612641224,"path_taken":["M","?","?","?","?","E","$","E","T","?","M","E","?","M","R","BOSS","M","?","?","?","?","E","R","M","T","E","$","M","M","M","R","BOSS","M","M","M","M","M","E","?","$","T","R","E","?","M","M","R","BOSS","R","$","E","BOSS"],"items_purchased_type":["Card","Card","Relic","Card","Card","Card","Relic"],"build_version":"2020-12-22","purchased_purges":2,"victory":true,"max_hp_per_floor":[80,80,80,80,80,90,90,90,90,90,90,97,97,97,97,97,97,97,97,97,97,97,97,97,97,97,97,97,97,97,97,97,97,97,97,99,101,103,103,105,105,105,105,105,105,92,92,92,92,92,92,92,92,92,92],"card_choices":[{"not_picked":["Secret Weapon","Thinking Ahead"],"picked":"Apotheosis","floor":0.0},{"not_picked":["Anger","Heavy Blade"],"picked":"Pommel Strike","floor":1.0},{"not_picked":["Headbutt","Hemokinesis"],"picked":"Warcry","floor":3.0},{"not_picked":["Metallicize","Whirlwind"],"picked":"Rampage","floor":6.0},{"not_picked":["Cleave","Flex"],"picked":"Thunderclap","floor":8.0},{"not_picked":["Flex","Armaments","Bloodletting"],"picked":"Rage","floor":11.0},{"not_picked":["Warcry","Clothesline","Wild Strike"],"picked":"Offering","floor":12.0},{"not_picked":["Flex","Anger","Entrench"],"picked":"Fire Breathing","floor":13.0},{"not_picked":["Warcry","Armaments","Flex","Perfected Strike"],"picked":"SKIP","floor":14.0},{"not_picked":["Immolate","Fiend Fire","Limit Break"],"picked":"Corruption","floor":16.0},{"not_picked":["Combust+1","Heavy Blade","Headbutt+1"],"picked":"Shrug It Off","floor":18.0},{"not_picked":["Carnage+1","Havoc","Sword Boomerang"],"picked":"Sever Soul","floor":21.0},{"not_picked":["Feel No Pain","Iron Wave","Fire Breathing"],"picked":"Barricade","floor":23.0},{"not_picked":["Flex","Clash","Iron Wave"],"picked":"Dropkick","floor":25.0},{"not_picked":["Blood for Blood","Warcry","Reaper"],"picked":"Flame Barrier","floor":27.0},{"not_picked":["Headbutt","Thunderclap","Warcry+1"],"picked":"Feel No Pain","floor":29.0},{"not_picked":["Clothesline","Sever Soul+1","Heavy Blade"],"picked":"Shockwave","floor":30.0},{"not_picked":["Seeing Red","Body Slam","Armaments"],"picked":"Ghostly Armor+1","floor":31.0},{"not_picked":["Brutality","Double Tap","Fiend Fire"],"picked":"Exhume","floor":33.0},{"not_picked":["Iron Wave+1","Thunderclap+1","Intimidate+1"],"picked":"Wild Strike","floor":35.0},{"not_picked":["Perfected Strike+1","Headbutt+1","Carnage","Armaments"],"picked":"Singing Bowl","floor":36.0},{"not_picked":["Body Slam","Havoc","Iron Wave+1","Carnage+1"],"picked":"Singing Bowl","floor":37.0},{"not_picked":["Bloodletting","Sever Soul+1","Cleave+1","Thunderclap"],"picked":"Singing Bowl","floor":38.0},{"not_picked":["Clothesline","Ghostly Armor+1","True Grit"],"picked":"Burning Pact","floor":39.0},{"not_picked":["Dark Embrace","Limit Break","Dropkick","Dual Wield"],"picked":"Singing Bowl","floor":40.0},{"not_picked":["Twin Strike+1","Disarm","True Grit"],"picked":"Havoc+1","floor":45.0},{"not_picked":["Shockwave+1","Pommel Strike","Heavy Blade"],"picked":"Body Slam+1","floor":47.0},{"not_picked":["Flex+1","Twin Strike","Cleave+1"],"picked":"Uppercut+1","floor":48.0},{"not_picked":["Double Tap","Pommel Strike+1","Warcry+1"],"picked":"Flame Barrier","floor":54}],"player_experience":299160,"relics_obtained":[{"floor":5.0,"key":"Ancient Tea Set"},{"floor":6.0,"key":"Pear"},{"floor":8.0,"key":"Question Card"},{"floor":9.0,"key":"Paper Frog"},{"floor":12.0,"key":"Strawberry"},{"floor":21.0,"key":"Red Mask"},{"floor":23.0,"key":"Mercury Hourglass"},{"floor":26.0,"key":"Happy Flower"},{"floor":27.0,"key":"Singing Bowl"},{"floor":40.0,"key":"CeramicFish"},{"floor":45.0,"key":"Akabeko"},{"floor":54,"key":"Letter Opener"}],"event_choices":[{"damage_healed":0.0,"max_hp_gain":0.0,"max_hp_loss":0.0,"gold_gain":0.0,"event_name":"Accursed Blacksmith","player_choice":"Forge","floor":2.0,"gold_loss":0.0,"damage_taken":0.0,"cards_upgraded":["Apotheosis"]},{"damage_healed":0.0,"max_hp_gain":0.0,"max_hp_loss":0.0,"gold_gain":0.0,"event_name":"Scrap Ooze","player_choice":"Success","floor":4.0,"gold_loss":0.0,"damage_taken":18.0,"relics_obtained":["Blue Candle"]},{"cards_removed":["Strike_R"],"damage_healed":0.0,"max_hp_gain":0.0,"max_hp_loss":0.0,"gold_gain":0.0,"event_name":"Wheel of Change","player_choice":"Card Removal","floor":10.0,"gold_loss":0.0,"damage_taken":0.0},{"damage_healed":0.0,"max_hp_gain":0.0,"max_hp_loss":0.0,"gold_gain":0.0,"event_name":"The Mausoleum","player_choice":"Opened","floor":19.0,"gold_loss":0.0,"damage_taken":0.0,"relics_obtained":["Pen Nib"],"cards_obtained":["Writhe"]},{"damage_healed":0.0,"max_hp_gain":0.0,"max_hp_loss":0.0,"gold_gain":0.0,"event_name":"The Library","player_choice":"Read","floor":20.0,"gold_loss":0.0,"damage_taken":0.0,"cards_obtained":["Body Slam"]},{"damage_healed":0.0,"max_hp_gain":0.0,"max_hp_loss":0.0,"gold_gain":0.0,"event_name":"Masked Bandits","player_choice":"Fought Bandits","floor":21.0,"gold_loss":0.0,"damage_taken":0.0},{"damage_healed":0.0,"max_hp_gain":0.0,"max_hp_loss":0.0,"gold_gain":0.0,"event_name":"Addict","player_choice":"Obtained Relic","floor":22.0,"gold_loss":85.0,"damage_taken":0.0,"relics_obtained":["Bag of Preparation"]},{"damage_healed":0.0,"max_hp_gain":0.0,"max_hp_loss":0.0,"gold_gain":222.0,"event_name":"Tomb of Lord Red Mask","player_choice":"Wore Mask","floor":41.0,"gold_loss":0.0,"damage_taken":0.0},{"damage_healed":92.0,"max_hp_gain":0.0,"max_hp_loss":13.0,"gold_gain":0.0,"event_name":"The Moai Head","player_choice":"Heal","floor":46.0,"gold_loss":0.0,"damage_taken":0.0}],"is_beta":false,"boss_relics":[{"not_picked":["Cursed Key","Snecko Eye"],"picked":"Sozu"},{"not_picked":["Runic Dome","Runic Cube"],"picked":"Fusion Hammer"}],"items_purged_floors":[28,42],"is_endless":false,"potions_floor_spawned":[1,3,11,13,16,25,27,31,35,37,39,40,45,48],"ascension_level":7}}