{"host":"hka8b3f4pkvnp4ei","time":1612606315,"event":{"mods":["BaseMod","Minty Spire (QoL Compilation)","Quick Restart","Replay The Spire","StSLib"],"gold_per_floor":[117,128,128,203,203,236,247,247,247,247,273,223,249,199,199,294,294,306,256,236,92,106,135,135,169,169,184,216,216,156,156,156,156,156],"floor_reached":33,"language":"ZHS","playtime":1450,"items_purged":["Strike_G","Strike_G","Strike_G"],"score":376,"play_id":"cce77d25-2cf8-4a28-977a-e1f2e53da794","local_time":"20210206181155","is_ascension_mode":true,"campfire_choices":[{"data":"Neutralize","floor":10.0,"key":"SMITH"},{"data":"Cloak And Dagger","floor":15.0,"key":"SMITH"},{"data":"Blade Dance","floor":24.0,"key":"SMITH"},{"data":"Tools of the Trade","floor":29.0,"key":"SMITH"},{"data":"Predator","floor":29.0,"key":"SMITH"},{"floor":32.0,"key":"RECALL"}],"circlet_count":0,"master_deck":["Strike_G","Defend_G","Defend_G","Defend_G","Defend_G","Defend_G","Survivor","Neutralize+1","Predator+1","Cloak And Dagger+1","Tools of the Trade+1","Acrobatics","Blade Dance+1"],"relics":["Ring of the Snake","NeowsBlessing","Snack Pack","Du-Vu Doll","Gremlin Horn","Smiling Mask","Garlic","Runic Pyramid","Potion Belt","HornCleat","Replay:Arrowhead","The Courier","Omamori","ReplayTheSpireMod:Ring of Exchange"],"acts_visited":["Exordium","TheCity"],"potions_floor_usage":[],"damage_taken":[{"damage":0.0,"enemies":"Cultist","floor":1.0,"turns":1.0},{"damage":0.0,"enemies":"Small Slimes","floor":2.0,"turns":1.0},{"damage":0.0,"enemies":"Gremlin Nob","floor":6.0,"turns":1.0},{"damage":0.0,"enemies":"Jaw Worm","floor":7.0,"turns":5.0},{"damage":21.0,"enemies":"3 Sentries","floor":11.0,"turns":11.0},{"damage":11.0,"enemies":"Gremlin Nob","floor":13.0,"turns":4.0},{"damage":26.0,"enemies":"The Guardian","floor":16.0,"turns":12.0},{"damage":0.0,"enemies":"3 Byrds","floor":18.0,"turns":6.0},{"damage":6.0,"enemies":"Chosen","floor":22.0,"turns":6.0},{"damage":45.0,"enemies":"Book of Stabbing","floor":23.0,"turns":10.0},{"damage":23.0,"enemies":"Gremlin Leader","floor":25.0,"turns":10.0},{"damage":12.0,"enemies":"Shelled Parasite and Fungi","floor":27.0,"turns":7.0},{"damage":17.0,"enemies":"Slavers","floor":28.0,"turns":7.0},{"damage":61,"enemies":"Automaton","floor":33,"turns":9}],"seed_played":"5913170874047351096","potions_obtained":[{"floor":1.0,"key":"BlessingOfTheForge"},{"floor":6.0,"key":"Reflective Coating"},{"floor":13.0,"key":"SteroidPotion"},{"floor":16.0,"key":"LiquidMemories"},{"floor":18.0,"key":"BlessingOfTheForge"},{"floor":20.0,"key":"Swift Potion"},{"floor":22.0,"key":"DistilledChaos"}],"is_trial":false,"path_per_floor":["M","M","?","?","?","E","M","?","T","R","E","$","E","$","R","B",null,"M","$","?","$","M","E","R","E","T","M","E","R","?","?","R","B"],"character_chosen":"THE_SILENT","items_purchased":["Potion Belt"],"campfire_rested":0,"item_purchase_floors":[21],"current_hp_per_floor":[70,70,63,52,40,40,42,47,47,47,28,28,21,21,21,7,75,75,75,75,75,71,35,35,40,40,44,45,45,45,45,45,10,10],"gold":156,"neow_bonus":"THREE_ENEMY_KILL","is_daily":false,"chose_seed":false,"campfire_upgraded":5,"win_rate":0.0,"timestamp":1612606315,"path_taken":["M","?","?","?","?","E","M","?","T","R","E","$","E","$","R","BOSS","M","$","?","$","?","E","R","E","T","M","E","R","?","?","R","BOSS"],"items_purchased_type":["Relic"],"build_version":"2020-12-22","purchased_purges":3,"victory":false,"max_hp_per_floor":[70,70,70,70,70,70,70,75,75,75,75,75,75,75,75,75,75,75,75,75,75,75,75,75,75,75,75,75,75,75,75,75,75,75],"card_choices":[{"not_picked":["Fluid Movement","Poisoned Stab","Deflect"],"picked":"SKIP","floor":1.0},{"not_picked":["Dagger Throw","Leg Sweep","Bane"],"picked":"SKIP","floor":2.0},{"not_picked":["Skewer","Storm of Steel"],"picked":"Predator","floor":6.0},{"not_picked":["ReplayTheSpireMod:The Works","Sucker Punch","Bane"],"picked":"SKIP","floor":7.0},{"not_picked":["Caltrops","Hidden Blade","Night Terror"],"picked":"SKIP","floor":11.0},{"not_picked":["Footwork","Sucker Punch"],"picked":"Cloak And Dagger","floor":13.0},{"not_picked":["A Thousand Cuts","Corpse Explosion"],"picked":"Tools of the Trade","floor":16.0},{"not_picked":["Outmaneuver+1","Deflect"],"picked":"Acrobatics","floor":18.0},{"not_picked":["Dagger Throw","After Image"],"picked":"Blade Dance","floor":22.0},{"not_picked":["Dagger Throw","Blur","Deflect+1"],"picked":"SKIP","floor":23.0},{"not_picked":["Well Laid Plans","Distraction","Outmaneuver"],"picked":"SKIP","floor":25.0},{"not_picked":["Quick Slash","Malaise","Dodge and Roll"],"picked":"SKIP","floor":27.0},{"not_picked":["Quick Slash","Malaise","Dodge and Roll"],"picked":"SKIP","floor":27.0},{"not_picked":["Noxious Fumes+1","Catalyst","Slice+1"],"picked":"SKIP","floor":28.0}],"player_experience":444044,"relics_obtained":[{"floor":6.0,"key":"Du-Vu Doll"},{"floor":9.0,"key":"Gremlin Horn"},{"floor":11.0,"key":"Smiling Mask"},{"floor":13.0,"key":"Garlic"},{"floor":23.0,"key":"HornCleat"},{"floor":25.0,"key":"Replay:Arrowhead"},{"floor":26.0,"key":"The Courier"},{"floor":28.0,"key":"Omamori"},{"floor":31.0,"key":"ReplayTheSpireMod:Ring of Exchange"}],"event_choices":[{"cards_removed":["Strike_G"],"damage_healed":0.0,"max_hp_gain":0.0,"max_hp_loss":0.0,"gold_gain":0.0,"event_name":"Golden Wing","player_choice":"Card Removal","floor":3.0,"gold_loss":0.0,"damage_taken":7.0},{"damage_healed":0.0,"max_hp_gain":0.0,"max_hp_loss":0.0,"gold_gain":75.0,"event_name":"World of Goop","player_choice":"Gather Gold","floor":4.0,"gold_loss":0.0,"damage_taken":11.0},{"damage_healed":0.0,"max_hp_gain":0.0,"max_hp_loss":0.0,"gold_gain":0.0,"event_name":"Scrap Ooze","player_choice":"Success","floor":5.0,"gold_loss":0.0,"damage_taken":12.0,"relics_obtained":["Snack Pack"]},{"damage_healed":0.0,"max_hp_gain":5.0,"max_hp_loss":0.0,"gold_gain":0.0,"event_name":"Big Fish","player_choice":"Donut","floor":8.0,"gold_loss":0.0,"damage_taken":0.0},{"damage_healed":0.0,"max_hp_gain":0.0,"max_hp_loss":0.0,"gold_gain":0.0,"event_name":"The Woman in Blue","player_choice":"Bought 1 Potion","floor":20.0,"gold_loss":0.0,"damage_taken":0.0}],"is_beta":false,"boss_relics":[{"not_picked":["Kintsugi","Honey Jar"],"picked":"Runic Pyramid"}],"items_purged_floors":[12,14,19],"is_endless":false,"potions_floor_spawned":[1,6,13,16,18,22],"killed_by":"Automaton","ascension_level":2}}