{"host":"gg","time":1612597434,"event":{"mods":["BaseMod","Colored Map","Googly Eyes","Minty Spire (QoL Compilation)","Permanent Neow","Relic Stats","The IronCluck"],"gold_per_floor":[118,31,31,31,45,73,73,84,110,110,110,140,153,188,188,265,265,276,65,92,92,92,124,46,46,46,46,46,86,101,123,123,210,210,236,126,152,169,190,219,242,263,290,512,552,552,590,25,25,25,25,25,25,25,60,60,60],"floor_reached":56,"language":"ENG","playtime":5525,"items_purged":[],"score":2276,"play_id":"6de57c55-d628-4594-8070-bb847dadf2dd","local_time":"20210205234354","is_ascension_mode":true,"campfire_choices":[{"data":"Carnage","floor":7,"key":"SMITH"},{"data":"True Grit","floor":11,"key":"SMITH"},{"data":"Burning Pact","floor":15,"key":"SMITH"},{"data":"Immolate","floor":25,"key":"SMITH"},{"data":"Corruption","floor":27,"key":"SMITH"},{"data":"Armaments","floor":32,"key":"SMITH"},{"data":"Pommel Strike","floor":46,"key":"SMITH"},{"floor":49,"key":"RECALL"},{"data":"Dropkick","floor":53,"key":"SMITH"}],"circlet_count":0,"master_deck":["AscendersBane","Strike_R","Defend_R","Defend_R","Defend_R","Defend_R","Bash+1","Hemokinesis+1","Carnage+1","True Grit+1","Iron Wave","Battle Trance+1","Clothesline","Burning Pact+1","Corruption+1","Pommel Strike+1","Feed","Inflame+1","Shrug It Off","True Grit+1","RitualDagger","Pummel","Immolate+1","Impervious","Armaments+1","Feed","Feel No Pain+1","Flame Barrier+1","Battle Trance","Dropkick+1","Bloodletting","Dark Embrace","Impervious","Body Slam+1","Dropkick+1","Shrug It Off","Inflame"],"relics":["Burning Blood","NeowsBlessing","Lantern","Ice Cream","Whetstone","Mercury Hourglass","Omamori","Question Card","Cursed Key","Red Mask","Happy Flower","Bottled Tornado","CeramicFish","Empty Cage","Red Skull","Champion Belt","Pantograph","Potion Belt","StrikeDummy"],"acts_visited":["Exordium","TheCity","TheBeyond","TheEnding"],"potions_floor_usage":[13,18,20,29,33,40,51,56],"damage_taken":[{"damage":0,"enemies":"Cultist","floor":1,"turns":1},{"damage":0,"enemies":"Small Slimes","floor":5,"turns":1},{"damage":0,"enemies":"Lagavulin","floor":6,"turns":1},{"damage":0,"enemies":"2 Louse","floor":8,"turns":2},{"damage":2,"enemies":"Gremlin Nob","floor":12,"turns":2},{"damage":3,"enemies":"Exordium Wildlife","floor":13,"turns":2},{"damage":13,"enemies":"Lagavulin","floor":14,"turns":4},{"damage":10,"enemies":"Slime Boss","floor":16,"turns":6},{"damage":12,"enemies":"2 Thieves","floor":18,"turns":3},{"damage":23,"enemies":"Masked Bandits","floor":20,"turns":4},{"damage":33,"enemies":"Slavers","floor":23,"turns":4},{"damage":21,"enemies":"Gremlin Leader","floor":29,"turns":4},{"damage":0,"enemies":"Chosen","floor":30,"turns":3},{"damage":3,"enemies":"3 Cultists","floor":31,"turns":4},{"damage":4,"enemies":"Automaton","floor":33,"turns":7},{"damage":2,"enemies":"3 Darklings","floor":35,"turns":4},{"damage":2,"enemies":"3 Shapes","floor":37,"turns":8},{"damage":16,"enemies":"Sphere and 2 Shapes","floor":38,"turns":6},{"damage":2,"enemies":"Spire Growth","floor":39,"turns":4},{"damage":4,"enemies":"Maw","floor":40,"turns":6},{"damage":11,"enemies":"Sphere and 2 Shapes","floor":41,"turns":5},{"damage":2,"enemies":"4 Shapes","floor":42,"turns":10},{"damage":34,"enemies":"Nemesis","floor":45,"turns":5},{"damage":7,"enemies":"Giant Head","floor":47,"turns":5},{"damage":79,"enemies":"Donu and Deca","floor":50,"turns":9},{"damage":39,"enemies":"Awakened One","floor":51,"turns":9},{"damage":80,"enemies":"Shield and Spear","floor":55,"turns":6},{"damage":57,"enemies":"The Heart","floor":56,"turns":6}],"seed_played":"489680153076916334","potions_obtained":[{"floor":8,"key":"DistilledChaos"},{"floor":12,"key":"BlessingOfTheForge"},{"floor":13,"key":"Fire Potion"},{"floor":18,"key":"PowerPotion"},{"floor":23,"key":"BloodPotion"},{"floor":29,"key":"BlessingOfTheForge"},{"floor":30,"key":"GamblersBrew"},{"floor":35,"key":"ColorlessPotion"},{"floor":42,"key":"Strength Potion"},{"floor":45,"key":"Strength Potion"}],"is_trial":false,"path_per_floor":["M","$","?","?","M","E","R","M","T","T","R","E","M","E","R","B",null,"M","$","?","?","?","E","$","R","T","R","?","E","M","M","R","B",null,"M","?","M","M","M","M","M","M","T","?","E","R","E","$","R","B","B",null,"R","$","E","B"],"character_chosen":"IRONCLAD","items_purchased":["Carnage","Feed","Inflame","Shrug It Off","Immolate","Dropkick","Pantograph","Potion Belt","Shrug It Off"],"campfire_rested":0,"item_purchase_floors":[2,19,19,19,24,48,48,48,48],"current_hp_per_floor":[74,74,69,62,68,74,74,75,75,75,75,75,75,68,68,64,72,66,66,52,46,46,22,22,22,22,22,22,26,32,35,35,41,76,80,80,90,87,94,96,97,104,104,104,79,79,82,82,82,37,33,104,104,104,30,0,0],"gold":60,"neow_bonus":"THREE_ENEMY_KILL","is_daily":false,"chose_seed":false,"campfire_upgraded":8,"win_rate":0.0,"timestamp":1612597434,"path_taken":["M","?","?","?","M","E","R","M","T","?","R","E","M","E","R","BOSS","M","$","?","?","?","E","?","R","T","R","?","E","M","M","R","BOSS","M","?","M","M","M","?","M","M","T","?","E","R","E","$","R","BOSS","BOSS","R","$","E","BOSS"],"items_purchased_type":["Card","Card","Card","Card","Card","Card","Relic","Relic","Card"],"build_version":"2020-12-18","purchased_purges":0,"victory":false,"max_hp_per_floor":[75,75,75,75,75,75,75,75,75,75,75,75,75,75,75,75,75,75,75,78,78,78,81,81,81,81,81,81,84,84,84,84,88,88,88,88,94,101,104,104,110,113,113,113,116,116,120,120,120,123,127,127,127,127,127,127,127],"relic_stats":{"Happy Flower":[33],"counters":[28,131],"CeramicFish":126,"Pantograph":75,"Whetstone":["Bash","Hemokinesis"],"Champion Belt":[6],"Question Card":18,"Cursed Key":2,"obtain_stats":[{"Ice Cream":6,"Potion Belt":48,"Lantern":3,"NeowsBlessing":0,"Happy Flower":23,"CeramicFish":29,"Omamori":12,"Whetstone":9,"Bottled Tornado":26,"Question Card":14,"Cursed Key":17,"Empty Cage":34,"Burning Blood":0,"Mercury Hourglass":10,"Pantograph":48,"Red Mask":20,"Champion Belt":47,"StrikeDummy":55,"Red Skull":45},{"Ice Cream":3,"Potion Belt":24,"Lantern":1,"NeowsBlessing":0,"Happy Flower":11,"CeramicFish":12,"Omamori":5,"Whetstone":4,"Bottled Tornado":11,"Question Card":7,"Cursed Key":8,"Empty Cage":15,"Burning Blood":0,"Mercury Hourglass":4,"Pantograph":24,"Red Mask":10,"Champion Belt":24,"StrikeDummy":27,"Red Skull":23},{"Ice Cream":3,"Potion Belt":101,"Lantern":1,"NeowsBlessing":0,"Happy Flower":30,"CeramicFish":34,"Omamori":7,"Whetstone":5,"Bottled Tornado":30,"Question Card":13,"Cursed Key":19,"Empty Cage":48,"Burning Blood":0,"Mercury Hourglass":5,"Pantograph":101,"Red Mask":26,"Champion Belt":101,"StrikeDummy":125,"Red Skull":96}],"Burning Blood":150,"Mercury Hourglass":[516]},"card_choices":[{"not_picked":["Armaments","Flame Barrier"],"picked":"Hemokinesis","floor":1},{"not_picked":["Flex","Bloodletting"],"picked":"True Grit","floor":5},{"not_picked":["Exhume","Burning Pact"],"picked":"Iron Wave","floor":6},{"not_picked":["Cleave","Rage"],"picked":"Battle Trance","floor":8},{"not_picked":["Carnage","Twin Strike"],"picked":"Clothesline","floor":12},{"not_picked":["Sentinel","Thunderclap","Infernal Blade"],"picked":"SKIP","floor":13},{"not_picked":["Shockwave","Second Wind"],"picked":"Burning Pact","floor":14},{"not_picked":["Juggernaut","Exhume","Barricade"],"picked":"Corruption","floor":16},{"not_picked":["Warcry","Sword Boomerang","Flex"],"picked":"Pommel Strike","floor":18},{"not_picked":["Warcry","Flex+1","Perfected Strike"],"picked":"True Grit+1","floor":20},{"not_picked":["Havoc","Rampage","Anger"],"picked":"Pummel","floor":23},{"not_picked":["Combust","Searing Blow","Thunderclap"],"picked":"Impervious","floor":29},{"not_picked":["Anger","Uppercut","Combust","Body Slam"],"picked":"SKIP","floor":30},{"not_picked":["Thunderclap","Searing Blow","Flex"],"picked":"Armaments","floor":31},{"not_picked":["Berserk","Bludgeon","Immolate"],"picked":"Feed","floor":33},{"not_picked":["Twin Strike","Spot Weakness","Flex"],"picked":"Feel No Pain+1","floor":35},{"not_picked":["Sentinel","Ghostly Armor","Headbutt"],"picked":"Flame Barrier+1","floor":37},{"not_picked":["Clash","Wild Strike","Hemokinesis+1","Pommel Strike+1"],"picked":"SKIP","floor":38},{"not_picked":["Wild Strike","Clothesline","Twin Strike"],"picked":"Battle Trance","floor":39},{"not_picked":["Burning Pact","Second Wind","Pommel Strike"],"picked":"Dropkick+1","floor":40},{"not_picked":["Second Wind","Intimidate","Twin Strike"],"picked":"Bloodletting","floor":41},{"not_picked":["Power Through+1","Havoc","Pummel"],"picked":"Dark Embrace","floor":42},{"not_picked":["Wild Strike","Headbutt","Sentinel+1"],"picked":"Impervious","floor":45},{"not_picked":["Power Through","Shrug It Off","Sentinel"],"picked":"Body Slam+1","floor":47},{"not_picked":["Pummel","Juggernaut","Twin Strike"],"picked":"Inflame","floor":55}],"player_experience":1299678,"relics_obtained":[{"floor":6,"key":"Ice Cream"},{"floor":9,"key":"Whetstone"},{"floor":10,"key":"Mercury Hourglass"},{"floor":12,"key":"Omamori"},{"floor":14,"key":"Question Card"},{"floor":20,"key":"Red Mask"},{"floor":23,"key":"Happy Flower"},{"floor":26,"key":"Bottled Tornado"},{"floor":29,"key":"CeramicFish"},{"floor":45,"key":"Red Skull"},{"floor":47,"key":"Champion Belt"},{"floor":55,"key":"StrikeDummy"}],"event_choices":[{"damage_healed":0,"gold_gain":0,"player_choice":"Success","damage_taken":5,"relics_obtained":["Lantern"],"max_hp_gain":0,"max_hp_loss":0,"event_name":"Scrap Ooze","floor":3,"gold_loss":0},{"cards_removed":["Strike_R"],"damage_healed":0,"gold_gain":0,"player_choice":"Card Removal","damage_taken":7,"max_hp_gain":0,"max_hp_loss":0,"event_name":"Golden Wing","floor":4,"gold_loss":0},{"damage_healed":0,"gold_gain":0,"player_choice":"Fought Bandits","damage_taken":0,"max_hp_gain":0,"max_hp_loss":0,"event_name":"Masked Bandits","floor":20,"gold_loss":0},{"damage_healed":0,"gold_gain":0,"player_choice":"Joined the Cult","damage_taken":6,"max_hp_gain":0,"max_hp_loss":0,"event_name":"Nest","floor":21,"gold_loss":0,"cards_obtained":["RitualDagger"]},{"damage_healed":0,"gold_gain":0,"player_choice":"Ignored","damage_taken":0,"max_hp_gain":0,"max_hp_loss":0,"event_name":"Ghosts","floor":22,"gold_loss":0},{"damage_healed":0,"gold_gain":0,"player_choice":"Upgraded","damage_taken":0,"max_hp_gain":0,"max_hp_loss":0,"event_name":"Upgrade Shrine","floor":28,"gold_loss":0,"cards_upgraded":["Inflame"]},{"cards_removed":["Strike_R"],"damage_healed":0,"gold_gain":0,"player_choice":"Upgrade and Remove","damage_taken":0,"max_hp_gain":0,"max_hp_loss":0,"event_name":"Designer","floor":36,"gold_loss":110,"cards_upgraded":["Battle Trance"]},{"damage_healed":0,"gold_gain":222,"player_choice":"Wore Mask","damage_taken":0,"max_hp_gain":0,"max_hp_loss":0,"event_name":"Tomb of Lord Red Mask","floor":44,"gold_loss":0}],"is_beta":true,"boss_relics":[{"not_picked":["Tiny House","Sozu"],"picked":"Cursed Key"},{"not_picked":["Fusion Hammer","Black Blood"],"picked":"Empty Cage"}],"items_purged_floors":[],"is_endless":false,"potions_floor_spawned":[8,12,13,18,23,29,30,35,37,38,42,45],"killed_by":"The Heart","ascension_level":20}}