{"host":"ucgrft0m53zzt06v","time":1612598539,"event":{"mods":["BaseMod","Colored Map","Colored Powertips","Conspire","HololiveMod","KinomotoSakuraMod(木之本樱)","Lobotomy","Minty Spire (QoL Compilation)","Quick Restart","Replay The Spire","Shop Mod","Spicy Shops","StSLib","Td1madao Mod","The Senshi","Waifu the Spire","WarShipGirlsR/战舰少女R mod","【遗物卡牌】REMEMod"],"gold_per_floor":[181,28,28,28,45,45,64,24,24,42,42,42,42,61,61,161,161,176,176,176,6,25,25,25],"floor_reached":23,"language":"ZHS","playtime":781,"items_purged":["Regret","Hololive_Strike"],"score":329,"play_id":"f3124f9d-8f76-4982-ba93-5b193d1de2b8","local_time":"20210206160219","is_ascension_mode":true,"campfire_choices":[{"data":"Hololive_Spy","floor":6.0,"key":"SMITH"},{"data":"Hololive_IdolExercise","floor":12.0,"key":"SMITH"},{"data":"Hololive_CallShirakamiFubuki","floor":15.0,"key":"SMITH"}],"circlet_count":0,"master_deck":["Hololive_RecruitS+1","Hololive_RecruitS+1","Hololive_RecruitS+1","Hololive_RecruitS+1","Hololive_Defend","Hololive_IdolExercise+1","Hololive_CallShirakamiFubuki+1","Hololive_Spy+1","Hololive_FlyingPonyTail","Hololive_LuckPotion","Hololive_Thief","Hololive_OvertimeWork+1","Hololive_Yoholoon","Hololive_CallArtia+1"],"relics":["Hololive_TheStar","Hololive_YagooBigFamily","REME_ComplimentaryCards","MerchantsRug","Oddly Smooth Stone","Blood Vial","Replay:Bottled Eggs","Snecko Eye","Girya","Ice Cream"],"acts_visited":["Exordium","TheCity"],"potions_floor_usage":[],"damage_taken":[{"damage":0.0,"enemies":"conspire:RoseBush","floor":1.0,"turns":4.0},{"damage":0.0,"enemies":"Small Slimes","floor":5.0,"turns":3.0},{"damage":0.0,"enemies":"Jaw Worm","floor":7.0,"turns":3.0},{"damage":0.0,"enemies":"Exordium Thugs","floor":14.0,"turns":4.0},{"damage":0.0,"enemies":"The Guardian","floor":16.0,"turns":7.0},{"damage":0.0,"enemies":"Chosen","floor":18.0,"turns":3.0},{"damage":2,"enemies":"3 Byrds","floor":22,"turns":3},{"damage":50,"enemies":"Slavers","floor":23,"turns":4}],"seed_played":"5542540078744615054","potions_obtained":[{"floor":4.0,"key":"Elixir"},{"floor":4.0,"key":"LiquidMemories"},{"floor":4.0,"key":"FairyPotion"},{"floor":16.0,"key":"Strength Potion"},{"floor":18.0,"key":"Fruit Juice"}],"is_trial":false,"path_per_floor":["M","$","?","?","M","R","M","$","T","$","?","R","T","M","R","B",null,"M","?","T","$","M","E"],"character_chosen":"Hololive_HololiveCharacter","items_purchased":["MerchantsRug","Blood Vial","Hololive_Yoholoon"],"campfire_rested":0,"item_purchase_floors":[2,8,21],"current_hp_per_floor":[32,32,32,32,32,32,32,32,32,32,32,32,32,34,34,35,35,40,40,40,40,38,0,0],"gold":25,"neow_bonus":"HUNDRED_GOLD","is_daily":false,"chose_seed":false,"campfire_upgraded":3,"win_rate":0.0,"timestamp":1612598539,"path_taken":["M","$","?","?","?","R","M","?","T","$","?","R","?","M","R","BOSS","M","?","?","$","M","E"],"items_purchased_type":["Relic","Relic","Card"],"build_version":"2020-12-22","purchased_purges":2,"victory":false,"max_hp_per_floor":[35,35,35,35,35,35,35,35,35,35,35,35,35,35,35,35,35,40,40,40,40,40,40,40],"card_choices":[{"not_picked":["Hololive_CallTokinoSora","Hololive_StrengthChampion","Hololive_CallMomosuzuNene"],"picked":"Hololive_CallShirakamiFubuki","floor":1.0},{"not_picked":["Hololive_Rebound","Hololive_Psychosis","Hololive_Drill"],"picked":"Hololive_Spy","floor":5.0},{"not_picked":["Hololive_CocoNews","Hololive_RevenueBasedLive","Hololive_OvertimeWork"],"picked":"Hololive_FlyingPonyTail","floor":7.0},{"not_picked":["Hololive_CallYukihanaLamy","Hololive_SummonFox","Hololive_HuntDinosaur"],"picked":"Hololive_LuckPotion","floor":14.0},{"not_picked":["Hololive_DiamondStrike","Hololive_DDD","Hololive_ASMR"],"picked":"Hololive_Thief","floor":16.0},{"not_picked":["Hololive_Rebound","Hololive_StrengthChampion","Hololive_CocoNews"],"picked":"Hololive_OvertimeWork+1","floor":18.0},{"not_picked":["Hololive_OvertimeWork","Hololive_Drill","Hololive_Trident"],"picked":"Hololive_CallArtia+1","floor":22}],"player_experience":206325,"relics_obtained":[{"floor":9.0,"key":"Bottled Flame"},{"floor":13.0,"key":"Replay:Bottled Eggs"},{"floor":20.0,"key":"Ice Cream"}],"event_choices":[{"damage_healed":0.0,"max_hp_gain":0.0,"max_hp_loss":0.0,"gold_gain":0.0,"event_name":"Big Fish","player_choice":"Box","floor":3.0,"gold_loss":0.0,"damage_taken":0.0,"relics_obtained":["Oddly Smooth Stone"],"cards_obtained":["Regret"]},{"damage_healed":0.0,"max_hp_gain":0.0,"max_hp_loss":0.0,"gold_gain":0.0,"event_name":"Lab","player_choice":"Got Potions","floor":4.0,"gold_loss":0.0,"damage_taken":0.0},{"damage_healed":0.0,"max_hp_gain":0.0,"max_hp_loss":0.0,"gold_gain":0.0,"event_name":"Living Wall","player_choice":"Grow","floor":11.0,"gold_loss":0.0,"damage_taken":0.0,"cards_upgraded":["Hololive_RecruitS"]}],"is_beta":false,"boss_relics":[{"not_picked":["Kintsugi","ChewingGum"],"picked":"Snecko Eye"}],"items_purged_floors":[10,21],"is_endless":false,"potions_floor_spawned":[5,7,16,18],"killed_by":"Slavers","ascension_level":9}}