{"host":"mmqs5ul2bvb60kyc","time":1612612272,"event":{"mods":["AchievementEnabler","BaseMod","Colored Map","Colored Powertips","Minty Spire (QoL Compilation)","Quick Restart","StSLib"],"gold_per_floor":[118,118,32,45,55,55,73,98,153,153,65,65,65,85,85,160,160,179,179,179,197,208,240,240,165,165,246,246,246,84,84,84,112,112,189,189,209,226,236,248,258,258,274,274,274,301,326,326,53,13,13,13,13,13,13,42,42],"floor_reached":58,"language":"ZHS","playtime":3640,"items_purged":["Burst","Survivor"],"score":2175,"play_id":"37fe63de-50e3-4b0a-a908-e505c2093a9e","local_time":"20210206195112","is_ascension_mode":true,"campfire_choices":[{"data":"Acrobatics","floor":6.0,"key":"SMITH"},{"data":"Prepared","floor":10.0,"key":"SMITH"},{"data":"Accuracy","floor":12.0,"key":"SMITH"},{"data":"Footwork","floor":15.0,"key":"SMITH"},{"floor":24.0,"key":"REST"},{"data":"Tactician","floor":29.0,"key":"SMITH"},{"data":"Wraith Form v2","floor":32.0,"key":"SMITH"},{"data":"Burst","floor":34.0,"key":"SMITH"},{"data":"Reflex","floor":42.0,"key":"SMITH"},{"floor":44.0,"key":"RECALL"},{"data":"Reflex","floor":51.0,"key":"SMITH"},{"data":"A Thousand Cuts","floor":54.0,"key":"SMITH"}],"circlet_count":0,"master_deck":["AscendersBane","Neutralize+1","Blade Dance+1","Prepared+1","Acrobatics+1","Reflex+1","Accuracy+1","Burst+1","Deflect","Noxious Fumes","A Thousand Cuts+1","Reflex+1","Wraith Form v2+1","After Image","Masterful Stab+1","Tactician+1","Well Laid Plans+1","After Image+1","Footwork+1"],"relics":["Ring of the Snake","Lantern","Odd Mushroom","Strawberry","Pandora\u0027s Box","Nilry\u0027s Codex","Vajra","Frozen Egg 2","Gremlin Horn","Whetstone","Empty Cage","Nunchaku","Potion Belt","Prayer Wheel","TheAbacus","Eternal Feather"],"acts_visited":["Exordium","TheCity","TheBeyond","TheEnding"],"potions_floor_usage":[57,57,57],"damage_taken":[{"damage":4.0,"enemies":"Small Slimes","floor":1.0,"turns":4.0},{"damage":0.0,"enemies":"Cultist","floor":4.0,"turns":4.0},{"damage":1.0,"enemies":"Jaw Worm","floor":5.0,"turns":2.0},{"damage":16.0,"enemies":"Large Slime","floor":7.0,"turns":7.0},{"damage":13.0,"enemies":"The Mushroom Lair","floor":8.0,"turns":6.0},{"damage":0.0,"enemies":"Blue Slaver","floor":14.0,"turns":2.0},{"damage":12.0,"enemies":"Slime Boss","floor":16.0,"turns":9.0},{"damage":9.0,"enemies":"2 Thieves","floor":18.0,"turns":2.0},{"damage":2.0,"enemies":"3 Byrds","floor":21.0,"turns":3.0},{"damage":0.0,"enemies":"Snecko","floor":22.0,"turns":4.0},{"damage":14.0,"enemies":"Slavers","floor":23.0,"turns":6.0},{"damage":6.0,"enemies":"Book of Stabbing","floor":33.0,"turns":5.0},{"damage":0.0,"enemies":"Champ","floor":35.0,"turns":2.0},{"damage":0.0,"enemies":"Orb Walker","floor":37.0,"turns":3.0},{"damage":5.0,"enemies":"3 Shapes","floor":38.0,"turns":5.0},{"damage":0.0,"enemies":"Transient","floor":39.0,"turns":6.0},{"damage":20.0,"enemies":"Spire Growth","floor":40.0,"turns":4.0},{"damage":4.0,"enemies":"3 Darklings","floor":41.0,"turns":4.0},{"damage":0.0,"enemies":"Writhing Mass","floor":43.0,"turns":5.0},{"damage":0.0,"enemies":"Reptomancer","floor":46.0,"turns":3.0},{"damage":0.0,"enemies":"Mind Bloom Boss Battle","floor":47.0,"turns":3.0},{"damage":11.0,"enemies":"Awakened One","floor":52.0,"turns":5.0},{"damage":0.0,"enemies":"Shield and Spear","floor":56.0,"turns":5.0},{"damage":9,"enemies":"The Heart","floor":57,"turns":6}],"seed_played":"1240858732686983443","potions_obtained":[{"floor":5.0,"key":"EssenceOfSteel"},{"floor":8.0,"key":"Ancient Potion"},{"floor":16.0,"key":"Swift Potion"},{"floor":33.0,"key":"PowerPotion"},{"floor":35.0,"key":"CultistPotion"},{"floor":40.0,"key":"LiquidMemories"},{"floor":50.0,"key":"DuplicationPotion"},{"floor":50.0,"key":"Dexterity Potion"}],"is_trial":false,"path_per_floor":["M","?","$","M","M","R","M","?","T","R","$","R","$","M","R","B",null,"M","?","?","M","M","E","R","?","T","T","T","R","$","?","R","E","R","B",null,"M","M","M","M","M","R","M","R","T","E","?","?","$","?","R","B",null,"R","$","E","B",null],"character_chosen":"THE_SILENT","items_purchased":["Footwork","Accuracy","Well Laid Plans+1","TheAbacus"],"campfire_rested":1,"item_purchase_floors":[3,11,30,49],"current_hp_per_floor":[55,55,55,55,54,54,38,25,32,32,32,32,32,32,32,20,60,51,30,30,28,28,14,35,35,35,35,35,35,35,35,35,29,29,29,62,62,57,57,37,33,33,33,33,33,33,33,33,33,33,33,22,60,60,60,60,51],"gold":42,"neow_bonus":"RANDOM_COMMON_RELIC","is_daily":false,"chose_seed":false,"campfire_upgraded":10,"win_rate":0.0,"timestamp":1612612272,"path_taken":["M","?","?","M","M","R","M","?","T","R","$","R","?","M","R","BOSS","M","?","?","M","M","E","R","?","T","T","?","R","$","?","R","E","R","BOSS","M","M","M","M","M","R","M","R","T","E","?","?","$","?","R","BOSS","R","$","E","BOSS"],"items_purchased_type":["Card","Card","Card","Relic"],"build_version":"2020-12-22","purchased_purges":2,"victory":true,"max_hp_per_floor":[66,66,66,66,66,66,66,66,73,73,73,73,73,73,73,73,73,73,73,73,73,73,73,73,73,73,73,73,73,73,73,73,73,73,73,73,73,73,73,73,73,73,73,73,73,73,73,73,73,73,73,73,73,73,73,73,73],"card_choices":[{"not_picked":["Distraction","Poisoned Stab"],"picked":"Blade Dance","floor":1.0},{"not_picked":["Dodge and Roll","Choke"],"picked":"Prepared","floor":4.0},{"not_picked":["Cloak And Dagger","Underhanded Strike"],"picked":"Acrobatics","floor":5.0},{"not_picked":["Leg Sweep","Bane"],"picked":"Reflex","floor":7.0},{"not_picked":["Prepared","Deflect"],"picked":"Blade Dance","floor":8.0},{"not_picked":["Escape Plan","Sucker Punch"],"picked":"Backflip","floor":14.0},{"not_picked":["Storm of Steel","Bullet Time"],"picked":"Burst","floor":16.0},{"not_picked":["Reflex+1","Bane","Caltrops"],"picked":"SKIP","floor":18.0},{"not_picked":["Sucker Punch","Dagger Spray","Poisoned Stab"],"picked":"SKIP","floor":21.0},{"not_picked":["Distraction","Backstab","Blade Dance"],"picked":"SKIP","floor":22.0},{"not_picked":["Dagger Spray","Doppelganger"],"picked":"Tactician","floor":23.0},{"not_picked":["Sucker Punch","Caltrops+1","Deadly Poison"],"picked":"SKIP","floor":33.0},{"not_picked":["Die Die Die","Grand Finale"],"picked":"After Image+1","floor":35.0},{"not_picked":["Poisoned Stab+1","Deflect","Bane+1"],"picked":"SKIP","floor":37.0},{"not_picked":["Riddle With Holes","Poisoned Stab","Dagger Spray"],"picked":"SKIP","floor":38.0},{"not_picked":["Quick Slash+1","Infinite Blades+1"],"picked":"Footwork+1","floor":39.0},{"not_picked":["Dodge and Roll","Acrobatics","Dagger Throw"],"picked":"SKIP","floor":40.0},{"not_picked":["Acrobatics","Tactician","Flying Knee"],"picked":"SKIP","floor":41.0},{"not_picked":["Night Terror","Prepared","Setup"],"picked":"SKIP","floor":43.0},{"not_picked":["Blur","Flying Knee","Dagger Spray+1"],"picked":"SKIP","floor":46.0},{"not_picked":["Masterful Stab","Outmaneuver","Noxious Fumes+1"],"picked":"SKIP","floor":56.0}],"player_experience":331831,"relics_obtained":[{"floor":8.0,"key":"Odd Mushroom"},{"floor":9.0,"key":"Strawberry"},{"floor":19.0,"key":"Nilry\u0027s Codex"},{"floor":23.0,"key":"Vajra"},{"floor":27.0,"key":"Frozen Egg 2"},{"floor":28.0,"key":"Gremlin Horn"},{"floor":33.0,"key":"Whetstone"},{"floor":45.0,"key":"Nunchaku"},{"floor":46.0,"key":"Potion Belt"},{"floor":47.0,"key":"Prayer Wheel"},{"floor":56.0,"key":"Eternal Feather"}],"event_choices":[{"damage_healed":0.0,"max_hp_gain":0.0,"max_hp_loss":0.0,"gold_gain":0.0,"event_name":"Accursed Blacksmith","player_choice":"Forge","floor":2.0,"gold_loss":0.0,"damage_taken":0.0,"cards_upgraded":["Blade Dance"]},{"damage_healed":0.0,"max_hp_gain":0.0,"max_hp_loss":0.0,"gold_gain":0.0,"event_name":"Mushrooms","player_choice":"Fought Mushrooms","floor":8.0,"gold_loss":0.0,"damage_taken":0.0},{"damage_healed":0.0,"max_hp_gain":0.0,"max_hp_loss":0.0,"gold_gain":0.0,"event_name":"Cursed Tome","player_choice":"Obtained Book","floor":19.0,"gold_loss":0.0,"damage_taken":21.0},{"damage_healed":0.0,"max_hp_gain":0.0,"max_hp_loss":0.0,"gold_gain":0.0,"event_name":"Vampires","player_choice":"Ignored","floor":20.0,"gold_loss":0.0,"damage_taken":0.0},{"cards_removed":["Sucker Punch"],"damage_healed":0.0,"max_hp_gain":0.0,"max_hp_loss":0.0,"gold_gain":0.0,"event_name":"Beggar","player_choice":"Gave Gold","floor":25.0,"gold_loss":75.0,"damage_taken":0.0},{"cards_removed":["Blade Dance"],"damage_healed":0.0,"max_hp_gain":0.0,"max_hp_loss":0.0,"gold_gain":0.0,"event_name":"Back to Basics","player_choice":"Elegance","floor":31.0,"gold_loss":0.0,"damage_taken":0.0},{"damage_healed":0.0,"max_hp_gain":0.0,"max_hp_loss":0.0,"gold_gain":0.0,"event_name":"MindBloom","player_choice":"Fight","floor":47.0,"gold_loss":0.0,"damage_taken":0.0},{"cards_removed":["Footwork"],"damage_healed":0.0,"max_hp_gain":0.0,"max_hp_loss":0.0,"gold_gain":0.0,"event_name":"Falling","player_choice":"Removed Power","floor":48.0,"gold_loss":0.0,"damage_taken":0.0},{"damage_healed":0.0,"max_hp_gain":0.0,"max_hp_loss":0.0,"gold_gain":0.0,"event_name":"The Woman in Blue","player_choice":"Bought 3 Potions","floor":50.0,"gold_loss":0.0,"damage_taken":0.0}],"is_beta":false,"boss_relics":[{"not_picked":["Ectoplasm","Tiny House"],"picked":"Pandora\u0027s Box"},{"not_picked":["Velvet Choker","Snecko Eye"],"picked":"Empty Cage"}],"items_purged_floors":[30,49],"is_endless":false,"potions_floor_spawned":[5,8,16,18,33,35,38,40,43,56],"ascension_level":18}}