{"host":"og21o26alpnbwmz8","time":1612638526,"event":{"mods":["Act Like it!","Aspiration","BaseMod","Conspire","Downfall","Halation","Hallownest","Hubris","Jedi Mod","Mimic Mod","Minty Spire (QoL Compilation)","Pale of the Ancients","Reliquary","Replay The Spire","Shop Mod","Spikes Relics","StSLib","The Alterego","The Blackbeard","The Blue Laboratory","The Death Knight","The Runesmith","Waifu the Spire"],"gold_per_floor":[99,99,99,99,115,144,169,69,69,132,132,165,165,183,195,299,299,299,299,317,317,336,336,388,409,426,426,449,493,493,531,546,658,758,758,758,781,800,826,846,846,870,903,922,940,956,956,997,797,801,801,841,368,368,373,382],"floor_reached":57,"language":"ENG","playtime":3114,"items_purged":["bronze:Strike+1"],"score":1364,"play_id":"c8b377f8-2ec2-4b99-a08f-dca834774498","local_time":"20210206140846","is_ascension_mode":false,"campfire_choices":[{"data":"bronze:Goto","floor":1,"key":"SMITH"},{"data":"bronze:ChosenStrike","floor":8,"key":"SMITH"},{"data":"BlessedFruit","floor":13,"key":"SMITH"},{"data":"BlessedFruit","floor":18,"key":"SMITH"},{"data":"bronze:Optimize","floor":23,"key":"SMITH"},{"data":"bronze:Constructor","floor":27,"key":"SMITH"},{"data":"bronze:ClassDefault","floor":30,"key":"SMITH"},{"data":"bronze:Verify","floor":35,"key":"SMITH"},{"data":"bronze:Constructor","floor":47,"key":"SMITH"},{"floor":47,"key":"RECALL"},{"floor":49,"key":"REST"},{"data":"bronze:Terminator","floor":54,"key":"SMITH"},{"data":"bronze:Verify","floor":54,"key":"SMITH"}],"circlet_count":0,"master_deck":["bronze:Strike+1","bronze:Strike+1","bronze:Strike+1","bronze:Defend+1","bronze:Defend+1","bronze:Defend+1","bronze:Defend+1","bronze:Replicate","bronze:Goto+1","bronze:Constructor+1","bronze:ChosenStrike+1","bronze:FineTuning","bronze:OilSpill","bronze:Spike","bronze:ClassDefault+1","BlessedFruit+1","BlessedFruit+1","bronze:OilSpill","bronze:Constructor+1","bronze:Verify+1","bronze:Optimize+1","bronze:Repulsor+1","bronze:Separator+1","bronze:Terminator+1","bronze:Verify+1"],"relics":["bronze:BronzeCore","downfall:HeartsMalice","Iron Hammer","downfall:HeartBlessingBlue","hubris:Towel","hubris:ToyBattleship","HeavenlyBonsai","Painkiller Herb","hubris:Icosahedron","halation:IllGainedPizza","Lantern","halation:PenCase","Replay:Wanted Poster","Bottled Tornado","halation:BlackBeret","hubris:PeanutButter","Blue Doll","downfall:HeartBlessingRed","downfall:HeartBlessingGreen","jedi:kaleidoscope","Blood Vial","aspiration:SeaSaltIceCream","aspiration:HummingbirdHeart"],"acts_visited":["Exordium","TheCity","TheBeyond","TheEnding"],"potions_floor_usage":[6,15,22,33,44,45,56,56],"damage_taken":[{"damage":0,"enemies":"Jaw Worm","floor":2,"turns":1},{"damage":0,"enemies":"Small Slimes","floor":3,"turns":1},{"damage":0,"enemies":"2 Louse","floor":4,"turns":1},{"damage":19,"enemies":"Exordium Wildlife","floor":5,"turns":6},{"damage":3,"enemies":"Lagavulin","floor":6,"turns":6},{"damage":12,"enemies":"Lagavulin Event","floor":10,"turns":4},{"damage":7,"enemies":"Lagavulin Event","floor":11,"turns":3},{"damage":4,"enemies":"3 Sentries","floor":12,"turns":6},{"damage":3,"enemies":"Lots of Slimes","floor":14,"turns":3},{"damage":3,"enemies":"Red Slaver","floor":15,"turns":2},{"damage":14,"enemies":"WA_ARCHETYPE_RETAIN","floor":16,"turns":5},{"damage":0,"enemies":"3 Byrds","floor":20,"turns":4},{"damage":1,"enemies":"Snake Plant","floor":22,"turns":3},{"damage":9,"enemies":"Shelled Parasite and Fungi","floor":25,"turns":6},{"damage":5,"enemies":"Centurion and Healer","floor":26,"turns":5},{"damage":2,"enemies":"3 Cultists","floor":28,"turns":5},{"damage":12,"enemies":"Replay:Snechameleon","floor":29,"turns":4},{"damage":3,"enemies":"Gremlin Leader","floor":31,"turns":6},{"damage":21,"enemies":"Snake Plant","floor":32,"turns":2},{"damage":23,"enemies":"DF_ARCHETYPE_CLAW","floor":33,"turns":8},{"damage":27,"enemies":"3 Shapes","floor":37,"turns":4},{"damage":0,"enemies":"Orb Walker","floor":38,"turns":1},{"damage":24,"enemies":"4 Shapes","floor":39,"turns":4},{"damage":8,"enemies":"Spire Growth","floor":40,"turns":4},{"damage":31,"enemies":"Transient","floor":42,"turns":5},{"damage":7,"enemies":"R_Hoarder","floor":43,"turns":6},{"damage":10,"enemies":"3 Darklings","floor":44,"turns":5},{"damage":6,"enemies":"Writhing Mass","floor":45,"turns":4},{"damage":11,"enemies":"Maw","floor":46,"turns":5},{"damage":0,"enemies":"Nemesis","floor":48,"turns":5},{"damage":0,"enemies":"SI_POISON_ARCHETYPE","floor":50,"turns":9},{"damage":27,"enemies":"downfall:CharBossMerchant","floor":52,"turns":6},{"damage":0,"enemies":"downfall:NeowBoss","floor":55,"turns":8},{"damage":65,"enemies":"downfall:NeowBossFinal","floor":56,"turns":8}],"seed_played":"8751489004114305834","potions_obtained":[{"floor":5,"key":"AttackPotion"},{"floor":10,"key":"blueLaboratory:StoneskinPotion"},{"floor":14,"key":"hexamod:SoulburnPotion"},{"floor":15,"key":"Block Potion"},{"floor":20,"key":"blueLaboratory:EnragingPotion"},{"floor":22,"key":"LiquidBronze"},{"floor":25,"key":"AttackPotion"},{"floor":39,"key":"jedi:StrikingPotion"},{"floor":44,"key":"blueLaboratory:FrostheartPotion"},{"floor":48,"key":"bronze:FreeFunctionsPotion"}],"is_trial":false,"path_per_floor":["R","M","M","M","M","E","T","R","?","?","?","E","R","M","M","B",null,"T","?","?","?","?","T","T","?","?","T","?","E","T","E","?","B",null,"T","?","?","?","?","?","T","?","E","?","?","?","T","E","T","B",null,"E","T","T","B","B",null],"character_chosen":"THE_AUTOMATON","items_purchased":["Blood Vial","aspiration:SeaSaltIceCream"],"campfire_rested":1,"item_purchase_floors":[53,53],"current_hp_per_floor":[70,70,70,70,51,48,48,58,58,46,39,35,35,35,32,21,86,86,86,90,90,93,93,93,88,87,87,89,81,81,82,63,44,120,120,120,97,99,79,75,75,48,45,39,37,30,30,34,81,85,162,139,139,139,145,86],"gold":382,"neow_bonus":"THREE_ENEMY_KILL","is_daily":false,"chose_seed":false,"campfire_upgraded":11,"win_rate":0.0,"timestamp":1612638526,"path_taken":["R","M","M","M","M","E","T","R","?","?","?","E","R","M","M","BOSS","T","?","?","?","?","T","T","?","?","T","?","E","T","E","?","BOSS","T","?","?","?","?","?","T","?","E","?","?","?","T","E","T","BOSS","E","T","T","BOSS","BOSS"],"items_purchased_type":["Relic","Relic"],"build_version":"2020-12-22","purchased_purges":1,"victory":true,"max_hp_per_floor":[70,70,70,70,70,70,70,80,80,80,80,80,80,83,83,86,86,86,86,90,90,94,94,94,98,102,102,106,110,110,114,116,120,120,120,120,124,126,130,134,134,138,142,146,150,154,154,158,158,162,162,166,166,166,170,174],"card_choices":[{"not_picked":["bronze:Shell","bronze:Iterate"],"picked":"bronze:Constructor","floor":2},{"not_picked":["bronze:Philosophize","bronze:DarkDash","bronze:BugBarrage"],"picked":"SKIP","floor":3},{"not_picked":["bronze:GetLatest","bronze:Backtrace"],"picked":"bronze:ChosenStrike","floor":4},{"not_picked":["bronze:CutThrough","bronze:Branch"],"picked":"bronze:FineTuning","floor":5},{"not_picked":["bronze:Overheat","bronze:BuggyMess"],"picked":"bronze:OilSpill","floor":6},{"not_picked":[],"picked":"bronze:Spike","floor":11},{"not_picked":["bronze:CloningBeam","bronze:WildBeam"],"picked":"bronze:ClassDefault","floor":11},{"not_picked":["bronze:Boost","bronze:WildBeam"],"picked":"bronze:OilSpill","floor":12},{"not_picked":["bronze:CutThrough","bronze:Boost","bronze:Branch"],"picked":"SKIP","floor":14},{"not_picked":["bronze:FollowUp","bronze:Frontload"],"picked":"bronze:Constructor","floor":15},{"not_picked":["bronze:HyperBeam","bronze:ShipIt"],"picked":"bronze:Verify","floor":16},{"not_picked":["bronze:FineTuning+1","bronze:Separator"],"picked":"bronze:Optimize","floor":20},{"not_picked":["bronze:CutThrough","bronze:FineTuning","bronze:Repulsor+1"],"picked":"SKIP","floor":22},{"not_picked":["bronze:WhirlingStrike","bronze:WildBeam"],"picked":"bronze:Repulsor+1","floor":25},{"not_picked":["bronze:BronzeArmor","bronze:Backtrace+1","bronze:Flail"],"picked":"SKIP","floor":26},{"not_picked":["bronze:BronzeOrb","bronze:Shield","bronze:BitShift"],"picked":"SKIP","floor":28},{"not_picked":["bronze:Optimize","bronze:Frontload","bronze:Branch+1"],"picked":"SKIP","floor":29},{"not_picked":["bronze:BuggyMess","bronze:WhirlingStrike","bronze:BronzeArmor"],"picked":"SKIP","floor":31},{"not_picked":["bronze:CloningBeam","bronze:BitShift","bronze:Branch"],"picked":"SKIP","floor":32},{"not_picked":["bronze:Iterate","bronze:CutThrough"],"picked":"bronze:Separator+1","floor":37},{"not_picked":["bronze:CutThrough","bronze:GetLatest+1","bronze:FineTuning"],"picked":"SKIP","floor":38},{"not_picked":["bronze:Shield+1","bronze:ClassDefault","bronze:Iterate+1"],"picked":"SKIP","floor":39},{"not_picked":["bronze:Overheat","bronze:ForceShield+1","bronze:ShipIt"],"picked":"SKIP","floor":40},{"not_picked":["bronze:Invalidate+1","bronze:CutThrough+1"],"picked":"bronze:Terminator","floor":42},{"not_picked":["bronze:Break","bronze:Branch+1","bronze:Deprecate"],"picked":"SKIP","floor":43},{"not_picked":["bronze:BuggyMess+1","bronze:BugBarrage+1","bronze:Boost"],"picked":"SKIP","floor":44},{"not_picked":["bronze:Separator","bronze:CloningBeam+1","bronze:Repulsor+1"],"picked":"SKIP","floor":45},{"not_picked":["bronze:CutThrough","bronze:Deprecate+1","bronze:Shield+1"],"picked":"SKIP","floor":46},{"not_picked":["bronze:Iterate","bronze:WildBeam+1","bronze:BitShift+1"],"picked":"SKIP","floor":48},{"not_picked":["bronze:Repair+1","bronze:Frontload"],"picked":"bronze:Verify","floor":52}],"player_experience":240545,"relics_obtained":[{"floor":6,"key":"Iron Hammer"},{"floor":10,"key":"hubris:ToyBattleship"},{"floor":12,"key":"HeavenlyBonsai"},{"floor":24,"key":"halation:IllGainedPizza"},{"floor":29,"key":"Lantern"},{"floor":31,"key":"halation:PenCase"},{"floor":41,"key":"halation:BlackBeret"},{"floor":43,"key":"hubris:PeanutButter"},{"floor":48,"key":"Blue Doll"},{"floor":52,"key":"jedi:kaleidoscope"}],"event_choices":[],"is_beta":false,"boss_relics":[{"not_picked":["hubris:HollowSoul","conspire:RoyalGoblet"],"picked":"Painkiller Herb"},{"not_picked":["reliquary:Craggleroot","Cursed Key"],"picked":"Replay:Wanted Poster"}],"items_purged_floors":[53],"is_endless":false,"potions_floor_spawned":[5,10,14,15,20,22,25,39,40,43,44,48],"ascension_level":0}}