{"host":"ypphcgdomtfqpc2w","time":1612621473,"event":{"mods":["BaseMod","DeckTracker","Minty Spire (QoL Compilation)","Relic Stats","StSLib"],"gold_per_floor":[119,119,119,135,155,155,105,117,117,117,134,169,180,213,213,310,310,322,340,350,363,30,30,59,59,59,87,87,87,87,121,121,222,222,233,246,295,307,10,10,10,43,43,85,121,199,224,305,305,305,305,305,8,38,38],"floor_reached":56,"language":"ENG","playtime":4233,"items_purged":["Strike_P+1"],"score":1916,"play_id":"b7a7a127-48ef-4d81-8c1f-54a137d39df0","local_time":"20210206232433","is_ascension_mode":true,"campfire_choices":[{"data":"Eruption","floor":6.0,"key":"SMITH"},{"data":"Vigilance","floor":10.0,"key":"SMITH"},{"data":"CrushJoints","floor":15.0,"key":"SMITH"},{"data":"Wallop","floor":23.0,"key":"SMITH"},{"data":"Devotion","floor":25.0,"key":"SMITH"},{"data":"DeusExMachina","floor":28.0,"key":"SMITH"},{"data":"Protect","floor":32.0,"key":"SMITH"},{"floor":40.0,"key":"RECALL"}],"circlet_count":0,"master_deck":["Strike_P+1","Strike_P+1","Strike_P+1","Defend_P+1","Defend_P+1","Defend_P+1","Eruption+1","Vigilance+1","Consecrate+1","TalkToTheHand+1","ReachHeaven+1","LessonLearned+1","Protect+1","Wallop+1","CrushJoints+1","Wireheading+1","DeusExMachina+1","FearNoEvil+1","FlurryOfBlows+1","Evaluate+1","MentalFortress+1","WaveOfTheHand","Devotion+1","Sanctity+1","CutThroughFate","SpiritShield+1","Protect+1","Weave+1","InnerPeace+1","Wish+1","DeceiveReality","Prostrate+1","Wish+1","ClearTheMind+1","Vault+1","MasterReality","Meditate+1","ThirdEye+1"],"relics":["SacredBark","Du-Vu Doll","Ornamental Fan","Mummified Hand","Nunchaku","Torii","Coffee Dripper","OrangePellets","Regal Pillow","Art of War","Bottled Tornado","Fusion Hammer","Turnip","Pocketwatch","Akabeko","Bag of Preparation","Darkstone Periapt","Dream Catcher","Meat on the Bone","Bottled Lightning"],"acts_visited":["Exordium","TheCity","TheBeyond","TheEnding"],"potions_floor_usage":[55,55],"damage_taken":[{"damage":7.0,"enemies":"Jaw Worm","floor":1.0,"turns":4.0},{"damage":0.0,"enemies":"2 Louse","floor":4.0,"turns":4.0},{"damage":0.0,"enemies":"Cultist","floor":5.0,"turns":2.0},{"damage":0.0,"enemies":"2 Fungi Beasts","floor":8.0,"turns":2.0},{"damage":4.0,"enemies":"Blue Slaver","floor":11.0,"turns":4.0},{"damage":16.0,"enemies":"3 Sentries","floor":12.0,"turns":5.0},{"damage":3.0,"enemies":"3 Louse","floor":13.0,"turns":3.0},{"damage":0.0,"enemies":"Gremlin Nob","floor":14.0,"turns":2.0},{"damage":3.0,"enemies":"The Guardian","floor":16.0,"turns":10.0},{"damage":0.0,"enemies":"Chosen","floor":18.0,"turns":3.0},{"damage":2.0,"enemies":"Spheric Guardian","floor":19.0,"turns":5.0},{"damage":10.0,"enemies":"Snecko","floor":20.0,"turns":6.0},{"damage":1.0,"enemies":"3 Cultists","floor":21.0,"turns":3.0},{"damage":0.0,"enemies":"Book of Stabbing","floor":24.0,"turns":5.0},{"damage":25.0,"enemies":"Gremlin Leader","floor":27.0,"turns":8.0},{"damage":1.0,"enemies":"Book of Stabbing","floor":31.0,"turns":6.0},{"damage":23.0,"enemies":"Automaton","floor":33.0,"turns":9.0},{"damage":14.0,"enemies":"3 Darklings","floor":35.0,"turns":6.0},{"damage":0.0,"enemies":"3 Shapes","floor":36.0,"turns":3.0},{"damage":1.0,"enemies":"2 Orb Walkers","floor":37.0,"turns":6.0},{"damage":8.0,"enemies":"Sphere and 2 Shapes","floor":38.0,"turns":7.0},{"damage":1.0,"enemies":"Giant Head","floor":42.0,"turns":6.0},{"damage":0.0,"enemies":"Writhing Mass","floor":44.0,"turns":6.0},{"damage":0.0,"enemies":"Jaw Worm Horde","floor":45.0,"turns":6.0},{"damage":0.0,"enemies":"Nemesis","floor":46.0,"turns":11.0},{"damage":0.0,"enemies":"Transient","floor":47.0,"turns":3.0},{"damage":0,"enemies":"Reptomancer","floor":48,"turns":10},{"damage":9,"enemies":"Time Eater","floor":50,"turns":12},{"damage":0,"enemies":"Shield and Spear","floor":54,"turns":8},{"damage":25,"enemies":"The Heart","floor":55,"turns":11}],"seed_played":"-7602131227298115832","potions_obtained":[{"floor":1.0,"key":"EssenceOfSteel"},{"floor":4.0,"key":"Strength Potion"},{"floor":11.0,"key":"BlessingOfTheForge"},{"floor":13.0,"key":"Ambrosia"},{"floor":19.0,"key":"Block Potion"},{"floor":24.0,"key":"Ancient Potion"},{"floor":27.0,"key":"SteroidPotion"},{"floor":36.0,"key":"SpeedPotion"},{"floor":42.0,"key":"Ancient Potion"},{"floor":45.0,"key":"Energy Potion"},{"floor":46.0,"key":"SmokeBomb"}],"is_trial":false,"path_per_floor":["M","?","T","M","M","R","?","M","T","R","M","E","M","E","R","B",null,"M","M","M","M","$","R","E","R","T","E","R","?","?","E","R","B",null,"M","M","?","M","$","R","?","E","T","M","M","E","M","E","R","B",null,"R","$","E","B",null],"character_chosen":"WATCHER","items_purchased":["MentalFortress","WaveOfTheHand","OrangePellets","Pocketwatch","MasterReality","Meditate","Regen Potion"],"campfire_rested":0,"item_purchase_floors":[22,22,22,39,53,53,53],"current_hp_per_floor":[58,51,51,51,51,51,51,51,51,51,47,31,28,28,28,25,60,60,58,48,47,47,47,47,47,47,22,22,46,46,45,45,22,60,46,46,45,37,37,37,37,36,36,36,36,36,36,36,36,39,64,64,64,64,49],"gold":38,"neow_bonus":"BOSS_RELIC","is_daily":false,"chose_seed":false,"campfire_upgraded":7,"win_rate":0.0,"timestamp":1612621473,"path_taken":["M","?","?","M","M","R","?","?","T","R","M","E","?","E","R","BOSS","M","M","M","M","$","R","E","R","T","E","R","?","?","E","R","BOSS","M","M","?","M","$","R","?","E","T","M","?","E","M","E","R","BOSS","R","$","E","BOSS"],"items_purchased_type":["Card","Card","Relic","Relic","Card","Card","Potion"],"build_version":"2020-12-22","purchased_purges":1,"victory":true,"max_hp_per_floor":[72,72,72,72,72,72,72,72,72,72,72,72,72,72,72,72,72,72,72,72,72,72,72,72,72,72,72,72,72,72,72,72,72,72,72,72,72,72,72,72,72,72,72,72,72,72,72,72,72,72,72,72,72,72,72],"relic_stats":{"Darkstone Periapt":0,"Regal Pillow":0,"Torii":34,"counters":[30,176],"Bag of Preparation":[16],"OrangePellets":[6],"Nunchaku":[38],"Dream Catcher":0,"Ornamental Fan":[308],"Mummified Hand":[88],"Turnip":[7],"Art of War":[7],"obtain_stats":[{"Darkstone Periapt":43,"Regal Pillow":24,"Torii":14,"SacredBark":0,"Bag of Preparation":42,"Bottled Tornado":31,"Akabeko":41,"Du-Vu Doll":2,"OrangePellets":22,"Nunchaku":12,"Dream Catcher":46,"Ornamental Fan":3,"Mummified Hand":9,"Fusion Hammer":34,"Turnip":37,"Coffee Dripper":17,"Art of War":27,"Bottled Lightning":54,"PureWater":0,"Pocketwatch":39,"Meat on the Bone":48},{"Darkstone Periapt":22,"Regal Pillow":14,"Torii":8,"SacredBark":0,"Bag of Preparation":22,"Bottled Tornado":16,"Akabeko":21,"Du-Vu Doll":1,"OrangePellets":13,"Nunchaku":6,"Dream Catcher":25,"Ornamental Fan":1,"Mummified Hand":4,"Fusion Hammer":17,"Turnip":20,"Coffee Dripper":9,"Art of War":15,"Bottled Lightning":29,"PureWater":0,"Pocketwatch":21,"Meat on the Bone":27},{"Darkstone Periapt":109,"Regal Pillow":58,"Torii":26,"SacredBark":0,"Bag of Preparation":109,"Bottled Tornado":72,"Akabeko":103,"Du-Vu Doll":4,"OrangePellets":53,"Nunchaku":21,"Dream Catcher":132,"Ornamental Fan":4,"Mummified Hand":12,"Fusion Hammer":81,"Turnip":96,"Coffee Dripper":36,"Art of War":66,"Bottled Lightning":165,"PureWater":0,"Pocketwatch":103,"Meat on the Bone":145}],"Pocketwatch":[12],"Meat on the Bone":12},"card_choices":[{"not_picked":["Weave","EmptyFist"],"picked":"Consecrate","floor":1.0},{"not_picked":["CutThroughFate","Halt"],"picked":"TalkToTheHand","floor":4.0},{"not_picked":["Consecrate","SashWhip"],"picked":"ReachHeaven","floor":5.0},{"not_picked":["PathToVictory","ThirdEye"],"picked":"LessonLearned","floor":8.0},{"not_picked":["EmptyFist","Fasting2"],"picked":"Protect","floor":11.0},{"not_picked":["SpiritShield","FlyingSleeves"],"picked":"Wallop","floor":12.0},{"not_picked":["FlyingSleeves","Consecrate"],"picked":"CrushJoints","floor":13.0},{"not_picked":["Halt","ReachHeaven"],"picked":"Wireheading","floor":14.0},{"not_picked":["Wish","Ragnarok"],"picked":"DeusExMachina","floor":16.0},{"not_picked":["Protect","SashWhip+1","FollowUp"],"picked":"SKIP","floor":18.0},{"not_picked":["CutThroughFate","ClearTheMind"],"picked":"FearNoEvil+1","floor":19.0},{"not_picked":["Evaluate","JustLucky"],"picked":"FlurryOfBlows","floor":20.0},{"not_picked":["PathToVictory","FollowUp"],"picked":"Evaluate","floor":21.0},{"not_picked":["CrushJoints+1","EmptyBody"],"picked":"Devotion","floor":24.0},{"not_picked":["LessonLearned","MentalFortress"],"picked":"Sanctity+1","floor":27.0},{"not_picked":["Evaluate","Consecrate+1"],"picked":"CutThroughFate","floor":31.0},{"not_picked":["Blasphemy","Judgement"],"picked":"SpiritShield","floor":33.0},{"not_picked":["WaveOfTheHand+1","FlurryOfBlows"],"picked":"Protect+1","floor":35.0},{"not_picked":["Crescendo+1","FlyingSleeves"],"picked":"Weave","floor":36.0},{"not_picked":["FlyingSleeves","ThirdEye"],"picked":"InnerPeace+1","floor":37.0},{"not_picked":["ReachHeaven","Evaluate+1"],"picked":"Wish","floor":38.0},{"not_picked":["FlyingSleeves+1","SandsOfTime"],"picked":"DeceiveReality","floor":42.0},{"not_picked":["CutThroughFate","EmptyFist+1"],"picked":"Prostrate+1","floor":44.0},{"not_picked":["EmptyFist+1","PathToVictory"],"picked":"Wish","floor":45.0},{"not_picked":["Consecrate","LessonLearned"],"picked":"ClearTheMind+1","floor":46.0},{"not_picked":["Vengeance+1","FlyingSleeves+1"],"picked":"Vault","floor":48},{"not_picked":["SashWhip","Vengeance+1"],"picked":"ThirdEye+1","floor":54}],"player_experience":2155461,"relics_obtained":[{"floor":3.0,"key":"Ornamental Fan"},{"floor":9.0,"key":"Mummified Hand"},{"floor":12.0,"key":"Nunchaku"},{"floor":14.0,"key":"Torii"},{"floor":24.0,"key":"Regal Pillow"},{"floor":27.0,"key":"Art of War"},{"floor":31.0,"key":"Bottled Tornado"},{"floor":37.0,"key":"Turnip"},{"floor":42.0,"key":"Bag of Preparation"},{"floor":43.0,"key":"Darkstone Periapt"},{"floor":46.0,"key":"Dream Catcher"},{"floor":48,"key":"Meat on the Bone"},{"floor":54,"key":"Bottled Lightning"}],"event_choices":[{"damage_healed":0.0,"max_hp_gain":0.0,"max_hp_loss":0.0,"gold_gain":0.0,"event_name":"Scrap Ooze","player_choice":"Success","floor":2.0,"gold_loss":0.0,"damage_taken":7.0,"relics_obtained":["Du-Vu Doll"]},{"cards_removed":["Defend_P"],"damage_healed":0.0,"max_hp_gain":0.0,"max_hp_loss":0.0,"gold_gain":0.0,"event_name":"The Cleric","player_choice":"Card Removal","floor":7.0,"gold_loss":50.0,"damage_taken":0.0},{"damage_healed":24.0,"max_hp_gain":0.0,"max_hp_loss":0.0,"gold_gain":0.0,"event_name":"The Library","player_choice":"Heal","floor":29.0,"gold_loss":0.0,"damage_taken":0.0},{"damage_healed":0.0,"max_hp_gain":0.0,"max_hp_loss":0.0,"gold_gain":0.0,"event_name":"The Mausoleum","player_choice":"Ignored","floor":30.0,"gold_loss":0.0,"damage_taken":0.0},{"damage_healed":0.0,"max_hp_gain":0.0,"max_hp_loss":0.0,"gold_gain":0.0,"event_name":"Mysterious Sphere","player_choice":"Fight","floor":37.0,"gold_loss":0.0,"damage_taken":0.0},{"damage_healed":0.0,"max_hp_gain":0.0,"max_hp_loss":0.0,"gold_gain":0.0,"event_name":"WeMeetAgain","player_choice":"Gave Potion","floor":41.0,"gold_loss":0.0,"damage_taken":0.0,"relics_obtained":["Akabeko"]}],"is_beta":false,"boss_relics":[{"not_picked":["Ectoplasm","Sozu"],"picked":"Coffee Dripper"},{"not_picked":["VioletLotus","Pandora\u0027s Box"],"picked":"Fusion Hammer"}],"items_purged_floors":[22],"is_endless":false,"potions_floor_spawned":[1,4,11,13,19,24,27,36,42,45,46,47],"ascension_level":9}}