{"host":"ej105hmlhg4ikw5v","time":1612650095,"event":{"mods":["AchievementEnabler","BaseMod","Better Sensory Stone","Better Skull","Better Vampires","Block Reminder","CapriCore","Colored Map","Colored Powertips","DeckTracker","Dio Mod","GifTheSpireLib","Highlight Path","Lobotomy","LobotomyExtend","Marisa????????","Minty Spire (QoL Compilation)","Permanent Neow","Quick Restart","Relic Stats","Remilia??????","Replay The Spire","Shop Mod","Spicy Shops","StSLib","The Immortal","The Senshi","The Wild Card","Waifu the Spire"],"gold_per_floor":[113,113,27,40,53,82,82,82,82],"floor_reached":8,"language":"SPA","playtime":751,"items_purged":[],"score":62,"play_id":"5c999c23-6fcd-4068-88e9-6f1385d7523a","local_time":"20210206192135","is_ascension_mode":true,"campfire_choices":[{"floor":7,"key":"REST"}],"circlet_count":0,"master_deck":["theWildCard:BasicStrike","theWildCard:BasicStrike","theWildCard:BasicStrike","theWildCard:BasicStrike","theWildCard:BasicDefend","theWildCard:BasicDefend","theWildCard:BasicDefend","theWildCard:BasicDefend","theWildCard:CallToAdventure","theWildCard:Polydeuces","Porccubus","theWildCard:Attunement","theWildCard:StingingStrike","ShyLook","theWildCard:ArcaneArts","theWildCard:SacrificialStroke","Wellcheers","theWildCard:SeveringSlash","PunishingBird"],"relics":["theWildCard:VelvetContract","CogitoBucket","LetterFromLob","Bag of Marbles"],"acts_visited":["Exordium"],"potions_floor_usage":[8,8],"damage_taken":[{"damage":2,"enemies":"Jaw Worm","floor":1,"turns":3},{"damage":13,"enemies":"Cultist","floor":4,"turns":5},{"damage":0,"enemies":"2 Louse","floor":5,"turns":5},{"damage":46,"enemies":"3 Sentries","floor":6,"turns":12},{"damage":26,"enemies":"Lagavulin","floor":8,"turns":6}],"seed_played":"-8900093649816246670","potions_obtained":[{"floor":1,"key":"SpeedPotion"},{"floor":6,"key":"Fire Potion"}],"is_trial":false,"path_per_floor":["M","?","$","M","M","E","R","E"],"character_chosen":"THE_WILD_CARD","items_purchased":["theWildCard:Attunement","theWildCard:StingingStrike"],"campfire_rested":1,"item_purchase_floors":[3,3],"current_hp_per_floor":[58,58,58,45,45,5,23,0,0],"gold":82,"neow_bonus":"","is_daily":false,"chose_seed":false,"campfire_upgraded":0,"win_rate":0.0,"timestamp":1612650095,"path_taken":["M","?","?","M","M","E","R","E"],"items_purchased_type":["Card","Card"],"build_version":"2020-12-22","purchased_purges":0,"victory":false,"max_hp_per_floor":[60,60,60,60,60,60,60,60,60],"relic_stats":{"counters":[5,31],"obtain_stats":[{"theWildCard:VelvetContract":0,"CogitoBucket":0,"LetterFromLob":1,"Bag of Marbles":6},{"theWildCard:VelvetContract":0,"CogitoBucket":0,"LetterFromLob":1,"Bag of Marbles":4},{"theWildCard:VelvetContract":0,"CogitoBucket":0,"LetterFromLob":3,"Bag of Marbles":25}]},"card_choices":[{"not_picked":["theWildCard:Loki","theWildCard:StingingStrike"],"picked":"theWildCard:Polydeuces","floor":1},{"not_picked":["BlackSwan","Bloodbath"],"picked":"Porccubus","floor":1},{"not_picked":["LittleHelper","OSAHOGD"],"picked":"ShyLook","floor":4},{"not_picked":["theWildCard:Polydeuces","theWildCard:Providence"],"picked":"theWildCard:ArcaneArts","floor":4},{"not_picked":["theWildCard:SeveringSlash","theWildCard:Proficiency"],"picked":"theWildCard:SacrificialStroke","floor":5},{"not_picked":["FairyFestival","CherryBlossoms"],"picked":"Wellcheers","floor":5},{"not_picked":["theWildCard:Polydeuces","theWildCard:StingingStrike"],"picked":"theWildCard:SeveringSlash","floor":6},{"not_picked":["MHz","WallGazer"],"picked":"PunishingBird","floor":6}],"player_experience":329772,"relics_obtained":[{"floor":1,"key":"LetterFromLob"},{"floor":6,"key":"Bag of Marbles"}],"event_choices":[{"cards_removed":["theWildCard:Arsene"],"damage_healed":0,"gold_gain":0,"player_choice":"Purged","damage_taken":0,"max_hp_gain":0,"max_hp_loss":0,"event_name":"Purifier","floor":2,"gold_loss":0}],"is_beta":false,"boss_relics":[],"items_purged_floors":[],"is_endless":false,"potions_floor_spawned":[1,6],"killed_by":"Lagavulin","ascension_level":2}}