{"host":"e2ju6k0wppswbhbd","time":1612651880,"event":{"mods":["BaseMod","Minty Spire (QoL Compilation)","Rare Cards Sparkle","StSLib"],"gold_per_floor":[118,128,128,145,162,193,36,53,76,89,89,114,125,142,142,241,241,257,257,217,231,247,277,277,308,358,358,369,369,386,406,406,504,504,518,26,42,397,411,411,445,445,445,445,445,471,485,517,517,517,517,517,2,37,37],"floor_reached":56,"language":"FRA","playtime":9036,"items_purged":["Defend_B"],"score":1366,"play_id":"f4dc3288-1ab8-43f4-ac8e-ac052f2b58ee","local_time":"20210206235120","is_ascension_mode":false,"campfire_choices":[{"floor":11.0,"key":"RECALL"},{"data":"Defragment","floor":15.0,"key":"SMITH"},{"data":"Fusion","floor":24.0,"key":"SMITH"},{"floor":27.0,"key":"REST"},{"data":"Strike_B","floor":29.0,"key":"PURGE"},{"floor":32.0,"key":"REST"},{"data":"Go for the Eyes","floor":40.0,"key":"SMITH"},{"data":"Apotheosis","floor":42.0,"key":"SMITH"},{"data":"Consume","floor":44.0,"key":"SMITH"},{"data":"Chill","floor":49.0,"key":"SMITH"},{"data":"Glacier","floor":52,"key":"SMITH"}],"circlet_count":0,"master_deck":["Strike_B","Strike_B","Defend_B+1","Zap+1","Dualcast","Go for the Eyes+1","Beam Cell","Defragment+1","Ball Lightning+1","Fusion+1","Leap","Glacier+1","Biased Cognition","Consume+1","Sweeping Beam","Core Surge","Thunder Strike+1","Auto Shields+1","Multi-Cast+1","Compile Driver","Barrage+1","Cold Snap+1","Steam","Coolheaded","Electrodynamics","Chaos+1","Apotheosis+1","Chill+1","Conserve Battery+1","Self Repair","Double Energy","Bandage Up","Streamline+1","Chaos","Darkness+1"],"relics":["Runic Pyramid","CaptainsWheel","Runic Capacitor","Happy Flower","Vajra","Astrolabe","Bag of Preparation","Ginger","Peace Pipe","Inserter","Mummified Hand","Old Coin","Singing Bowl","White Beast Statue","Dream Catcher","DataDisk","Lantern","Bottled Flame","Pen Nib"],"acts_visited":["Exordium","TheCity","TheBeyond","TheEnding"],"potions_floor_usage":[54,55,55],"damage_taken":[{"damage":1.0,"enemies":"Jaw Worm","floor":1.0,"turns":4.0},{"damage":0.0,"enemies":"Cultist","floor":2.0,"turns":3.0},{"damage":0.0,"enemies":"2 Louse","floor":4.0,"turns":2.0},{"damage":0.0,"enemies":"Blue Slaver","floor":5.0,"turns":2.0},{"damage":10.0,"enemies":"Gremlin Nob","floor":6.0,"turns":3.0},{"damage":6.0,"enemies":"Red Slaver","floor":8.0,"turns":3.0},{"damage":0.0,"enemies":"3 Louse","floor":10.0,"turns":1.0},{"damage":0.0,"enemies":"Lagavulin","floor":12.0,"turns":7.0},{"damage":7.0,"enemies":"Large Slime","floor":13.0,"turns":3.0},{"damage":0.0,"enemies":"Exordium Wildlife","floor":14.0,"turns":1.0},{"damage":15.0,"enemies":"The Guardian","floor":16.0,"turns":10.0},{"damage":0.0,"enemies":"Shell Parasite","floor":18.0,"turns":6.0},{"damage":1.0,"enemies":"Chosen","floor":21.0,"turns":3.0},{"damage":2.0,"enemies":"Shelled Parasite and Fungi","floor":22.0,"turns":5.0},{"damage":3.0,"enemies":"Gremlin Leader","floor":23.0,"turns":6.0},{"damage":47.0,"enemies":"Slavers","floor":25.0,"turns":6.0},{"damage":0.0,"enemies":"Snake Plant","floor":28.0,"turns":5.0},{"damage":0.0,"enemies":"Cultist and Chosen","floor":30.0,"turns":5.0},{"damage":0.0,"enemies":"Shelled Parasite and Fungi","floor":31.0,"turns":4.0},{"damage":10.0,"enemies":"Champ","floor":33.0,"turns":8.0},{"damage":0.0,"enemies":"Orb Walker","floor":35.0,"turns":3.0},{"damage":0.0,"enemies":"3 Shapes","floor":37.0,"turns":5.0},{"damage":17.0,"enemies":"2 Orb Walkers","floor":38.0,"turns":6.0},{"damage":0.0,"enemies":"Sphere and 2 Shapes","floor":39.0,"turns":5.0},{"damage":11.0,"enemies":"Reptomancer","floor":41.0,"turns":5.0},{"damage":0.0,"enemies":"Giant Head","floor":46.0,"turns":6.0},{"damage":0.0,"enemies":"Jaw Worm Horde","floor":47.0,"turns":3.0},{"damage":16.0,"enemies":"Nemesis","floor":48.0,"turns":5.0},{"damage":0.0,"enemies":"Awakened One","floor":50.0,"turns":11.0},{"damage":15,"enemies":"Shield and Spear","floor":54,"turns":5},{"damage":81,"enemies":"The Heart","floor":55,"turns":11}],"seed_played":"7203013400292102532","potions_obtained":[{"floor":1.0,"key":"BlessingOfTheForge"},{"floor":2.0,"key":"DistilledChaos"},{"floor":5.0,"key":"Explosive Potion"},{"floor":6.0,"key":"Fruit Juice"},{"floor":13.0,"key":"Fire Potion"},{"floor":16.0,"key":"Swift Potion"},{"floor":18.0,"key":"SkillPotion"},{"floor":25.0,"key":"LiquidMemories"},{"floor":31.0,"key":"AttackPotion"},{"floor":38.0,"key":"Fire Potion"},{"floor":39.0,"key":"DistilledChaos"},{"floor":41.0,"key":"FocusPotion"},{"floor":46.0,"key":"FearPotion"},{"floor":47.0,"key":"ColorlessPotion"},{"floor":48.0,"key":"FearPotion"},{"floor":54,"key":"Swift Potion"}],"is_trial":false,"path_per_floor":["M","M","?","M","M","E","$","M","T","M","R","E","M","M","R","B",null,"M","?","?","M","M","E","R","E","T","R","M","R","M","M","R","B",null,"M","$","M","?","M","R","E","R","T","R","?","E","M","E","R","B",null,"R","$","E","B",null],"character_chosen":"DEFECT","items_purchased":["Runic Capacitor","Apotheosis","Mummified Hand","Lantern","Chaos","Bottled Flame","FocusPotion"],"campfire_rested":2,"item_purchase_floors":[7,36,36,53,53,53,53],"current_hp_per_floor":[74,74,74,74,74,64,64,63,63,63,63,63,56,56,56,41,80,80,80,80,79,77,74,74,27,27,51,51,51,51,51,75,65,80,80,80,80,63,63,63,59,59,59,59,59,77,77,79,79,84,84,84,84,84,19],"gold":37,"neow_bonus":"BOSS_RELIC","is_daily":false,"chose_seed":false,"campfire_upgraded":7,"win_rate":0.0,"timestamp":1612651880,"path_taken":["M","M","?","M","?","E","$","M","T","M","R","E","M","M","R","BOSS","M","?","?","M","M","E","R","E","T","R","M","R","M","?","R","BOSS","M","$","M","?","M","R","E","R","T","R","?","E","?","E","R","BOSS","R","$","E","BOSS"],"items_purchased_type":["Relic","Card","Relic","Relic","Card","Relic","Potion"],"build_version":"2020-12-22","purchased_purges":1,"victory":true,"max_hp_per_floor":[75,75,75,75,75,75,75,80,80,80,80,80,80,80,80,80,80,80,80,80,80,80,80,80,80,80,80,80,80,80,80,80,80,80,80,80,80,80,80,80,80,80,80,80,80,82,82,84,84,84,84,84,84,84,84],"card_choices":[{"not_picked":["Consume","Reprogram"],"picked":"Go for the Eyes","floor":1.0},{"not_picked":["Scrape","Heatsinks"],"picked":"Beam Cell","floor":2.0},{"not_picked":["Gash","Rebound"],"picked":"Defragment","floor":4.0},{"not_picked":["Rebound","Go for the Eyes"],"picked":"Ball Lightning","floor":5.0},{"not_picked":["Heatsinks","Turbo"],"picked":"Fusion","floor":6.0},{"not_picked":["Stack","Steam"],"picked":"Leap","floor":8.0},{"not_picked":["Rip and Tear","Consume"],"picked":"Glacier","floor":10.0},{"not_picked":["Steam Power","Turbo"],"picked":"Biased Cognition","floor":12.0},{"not_picked":["Turbo","Reprogram"],"picked":"Consume","floor":13.0},{"not_picked":["Turbo","Coolheaded"],"picked":"Sweeping Beam","floor":14.0},{"not_picked":["Fission","Thunder Strike"],"picked":"Core Surge","floor":16.0},{"not_picked":["Ball Lightning","Scrape"],"picked":"Compile Driver","floor":18.0},{"not_picked":["Loop","Gash+1"],"picked":"Barrage+1","floor":21.0},{"not_picked":["Steam Power","Steam"],"picked":"Cold Snap+1","floor":22.0},{"not_picked":["Turbo+1","Gash","Go for the Eyes+1"],"picked":"SKIP","floor":23.0},{"not_picked":["Heatsinks","Go for the Eyes+1"],"picked":"Steam","floor":25.0},{"not_picked":["Consume","Gash+1"],"picked":"Coolheaded","floor":28.0},{"not_picked":["Glacier+1","Barrage","Rebound"],"picked":"SKIP","floor":30.0},{"not_picked":["Undo","Amplify","Go for the Eyes"],"picked":"SKIP","floor":31.0},{"not_picked":["Core Surge","Amplify"],"picked":"Electrodynamics","floor":33.0},{"not_picked":["Sweeping Beam+1","White Noise"],"picked":"Chaos+1","floor":35.0},{"not_picked":["Barrage","Streamline"],"picked":"Chill","floor":37.0},{"not_picked":["Stack+1","Ball Lightning"],"picked":"Conserve Battery+1","floor":38.0},{"not_picked":["Turbo+1","Steam+1"],"picked":"Self Repair","floor":39.0},{"not_picked":["Genetic Algorithm+1","Hologram+1"],"picked":"Double Energy","floor":41.0},{"not_picked":["Finesse","Apotheosis"],"picked":"Bandage Up","floor":45.0},{"not_picked":["Steam+1","Go for the Eyes+1","Capacitor"],"picked":"Singing Bowl","floor":46.0},{"not_picked":["Go for the Eyes","Recycle"],"picked":"Streamline+1","floor":47.0},{"not_picked":["Skim+1","Self Repair","Glacier"],"picked":"Singing Bowl","floor":48.0},{"not_picked":["Redo","Consume+1"],"picked":"Darkness+1","floor":54}],"player_experience":2791007,"relics_obtained":[{"floor":6.0,"key":"CaptainsWheel"},{"floor":9.0,"key":"Happy Flower"},{"floor":12.0,"key":"Vajra"},{"floor":23.0,"key":"Ginger"},{"floor":25.0,"key":"Peace Pipe"},{"floor":38.0,"key":"Old Coin"},{"floor":41.0,"key":"Singing Bowl"},{"floor":43.0,"key":"White Beast Statue"},{"floor":46.0,"key":"Dream Catcher"},{"floor":48.0,"key":"DataDisk"},{"floor":54,"key":"Pen Nib"}],"event_choices":[{"damage_healed":0.0,"max_hp_gain":0.0,"max_hp_loss":0.0,"gold_gain":0.0,"event_name":"Accursed Blacksmith","player_choice":"Forge","floor":3.0,"gold_loss":0.0,"damage_taken":0.0,"cards_upgraded":["Zap"]},{"damage_healed":0.0,"max_hp_gain":0.0,"max_hp_loss":0.0,"gold_gain":0.0,"event_name":"The Mausoleum","player_choice":"Opened","floor":19.0,"gold_loss":0.0,"damage_taken":0.0,"relics_obtained":["Bag of Preparation"]},{"damage_healed":0.0,"max_hp_gain":0.0,"max_hp_loss":0.0,"gold_gain":0.0,"event_name":"Designer","player_choice":"Upgraded Two","floor":20.0,"gold_loss":40.0,"damage_taken":0.0,"cards_upgraded":["Ball Lightning","Defend_B"]},{"damage_healed":0.0,"max_hp_gain":0.0,"max_hp_loss":0.0,"gold_gain":0.0,"event_name":"Mysterious Sphere","player_choice":"Fight","floor":38.0,"gold_loss":0.0,"damage_taken":0.0},{"damage_healed":0.0,"max_hp_gain":0.0,"max_hp_loss":0.0,"gold_gain":0.0,"event_name":"SensoryStone","player_choice":"Memory 1","floor":45.0,"gold_loss":0.0,"damage_taken":0.0}],"is_beta":false,"boss_relics":[{"not_picked":["SacredBark","Pandora\u0027s Box"],"picked":"Astrolabe"},{"not_picked":["Nuclear Battery","Tiny House"],"picked":"Inserter"}],"items_purged_floors":[36],"is_endless":false,"potions_floor_spawned":[1,2,5,6,13,16,18,25,31,38,39,41,46,47,48,54],"ascension_level":0}}