{"host":"gfxjwtol062e9znw","time":1612604099,"event":{"mods":["BaseMod","Colored Map","Minty Spire (QoL Compilation)","Rare Cards Sparkle"],"gold_per_floor":[212,228,228,27,37,37,92,92,92,124,141,172,188,14,14,110,110,121,136,155,166,166,166,197,197,197,209,241,48,83,100,100,202,202,222,237,251,251,251,251,44,44,44,71,71,91,91,138,138,138,138],"floor_reached":50,"language":"ENG","playtime":3168,"items_purged":["Strike_G","Writhe","Defend_G"],"score":790,"play_id":"da14c6e0-6d82-4287-8c9c-541b8b96a91c","local_time":"20210206203459","is_ascension_mode":true,"campfire_choices":[{"data":"Neutralize","floor":6,"key":"SMITH"},{"floor":8,"key":"REST"},{"floor":15,"key":"REST"},{"floor":23,"key":"REST"},{"data":"Cloak And Dagger","floor":25,"key":"SMITH"},{"floor":32,"key":"REST"},{"floor":40,"key":"REST"},{"data":"Wraith Form v2","floor":42,"key":"SMITH"},{"data":"Blur","floor":45,"key":"SMITH"},{"floor":49,"key":"REST"}],"circlet_count":0,"master_deck":["Strike_G","Strike_G","Strike_G","Defend_G","Defend_G","Defend_G","Defend_G","Neutralize+1","Acrobatics","Blur+1","Dagger Spray","Backstab","Crippling Poison","Leg Sweep","Flying Knee","All Out Attack","Prepared","Dagger Spray+1","Cloak And Dagger+1","Quick Slash","Distraction+1","Backflip+1","Cloak And Dagger","Wraith Form v2+1","Skewer+1","Dodge and Roll+1","Backflip","Setup+1","Skewer+1"],"relics":["Ring of the Snake","Akabeko","Oddly Smooth Stone","Pantograph","Bronze Scales","Juzu Bracelet","Cursed Key","Smiling Mask","Red Mask","Bag of Marbles","Vajra","Centennial Puzzle","HoveringKite","Pen Nib","Toxic Egg 2","Ice Cream","Calipers"],"acts_visited":["Exordium","TheCity","TheBeyond"],"potions_floor_usage":[10,12,12,30,33,33,33,44,44,44,50],"damage_taken":[{"damage":2,"enemies":"Jaw Worm","floor":1,"turns":5},{"damage":2,"enemies":"Small Slimes","floor":2,"turns":5},{"damage":0,"enemies":"2 Louse","floor":5,"turns":2},{"damage":15,"enemies":"3 Sentries","floor":7,"turns":6},{"damage":9,"enemies":"Gremlin Nob","floor":10,"turns":4},{"damage":5,"enemies":"Lots of Slimes","floor":11,"turns":3},{"damage":3,"enemies":"Lagavulin","floor":12,"turns":5},{"damage":0,"enemies":"Gremlin Gang","floor":13,"turns":1},{"damage":9,"enemies":"The Guardian","floor":16,"turns":16},{"damage":9,"enemies":"2 Thieves","floor":18,"turns":3},{"damage":0,"enemies":"3 Byrds","floor":19,"turns":3},{"damage":12,"enemies":"Snake Plant","floor":20,"turns":4},{"damage":8,"enemies":"Chosen and Byrds","floor":21,"turns":6},{"damage":0,"enemies":"Masked Bandits","floor":24,"turns":2},{"damage":3,"enemies":"Shelled Parasite and Fungi","floor":27,"turns":4},{"damage":8,"enemies":"Slavers","floor":28,"turns":5},{"damage":0,"enemies":"Gremlin Leader","floor":30,"turns":7},{"damage":0,"enemies":"Centurion and Healer","floor":31,"turns":2},{"damage":31,"enemies":"Collector","floor":33,"turns":7},{"damage":0,"enemies":"3 Darklings","floor":35,"turns":1},{"damage":2,"enemies":"Orb Walker","floor":36,"turns":4},{"damage":6,"enemies":"4 Shapes","floor":37,"turns":1},{"damage":2,"enemies":"Giant Head","floor":44,"turns":8},{"damage":0,"enemies":"3 Darklings","floor":46,"turns":2},{"damage":11,"enemies":"2 Orb Walkers","floor":48,"turns":4},{"damage":80,"enemies":"Donu and Deca","floor":50,"turns":10}],"seed_played":"-6816711612429453223","potions_obtained":[{"floor":5,"key":"CultistPotion"},{"floor":7,"key":"Strength Potion"},{"floor":11,"key":"Poison Potion"},{"floor":19,"key":"CunningPotion"},{"floor":30,"key":"GhostInAJar"},{"floor":33,"key":"CunningPotion"},{"floor":36,"key":"FearPotion"},{"floor":37,"key":"Strength Potion"},{"floor":48,"key":"DuplicationPotion"}],"is_trial":false,"path_per_floor":["M","M","?","$","M","R","?","R","T","E","M","E","M","$","R","B",null,"M","M","M","M","?","R","?","R","T","M","E","$","E","M","R","B",null,"M","M","M","?","?","R","$","R","T","E","R","M","?","?","R","B"],"character_chosen":"THE_SILENT","items_purchased":["Akabeko","Fire Potion","Prepared","DuplicationPotion","Vajra","Pen Nib"],"campfire_rested":6,"item_purchase_floors":[4,4,14,14,29,41],"current_hp_per_floor":[61,59,64,64,64,64,49,71,71,62,57,54,54,54,75,66,73,64,64,52,44,44,66,66,66,66,63,55,55,55,55,75,44,67,67,65,59,59,59,75,75,75,75,73,73,73,73,62,75,0,0],"gold":138,"neow_bonus":"HUNDRED_GOLD","is_daily":false,"chose_seed":false,"campfire_upgraded":4,"win_rate":0.0,"timestamp":1612604099,"path_taken":["M","M","?","$","M","R","?","R","T","E","M","E","M","$","R","BOSS","M","M","M","M","?","R","?","R","T","M","E","$","E","M","R","BOSS","M","M","M","?","?","R","$","R","T","E","R","M","?","?","R","BOSS"],"items_purchased_type":["Relic","Potion","Card","Potion","Relic","Relic"],"build_version":"2020-12-22","purchased_purges":3,"victory":false,"max_hp_per_floor":[70,70,75,75,75,75,75,75,75,75,75,75,75,75,75,75,75,75,75,75,75,75,75,75,75,75,75,75,75,75,75,75,75,75,75,75,75,75,75,75,75,75,75,75,75,75,75,75,75,75,75],"card_choices":[{"not_picked":["Deadly Poison","Underhanded Strike"],"picked":"Acrobatics","floor":1},{"not_picked":["Acrobatics","Prepared"],"picked":"Blur","floor":2},{"not_picked":["Underhanded Strike","Riddle With Holes"],"picked":"Dagger Spray","floor":5},{"not_picked":["Outmaneuver","Heel Hook"],"picked":"Backstab","floor":7},{"not_picked":["Endless Agony","Poisoned Stab"],"picked":"Crippling Poison","floor":10},{"not_picked":["Deflect","Prepared"],"picked":"Leg Sweep","floor":11},{"not_picked":["Tactician","Noxious Fumes"],"picked":"Flying Knee","floor":12},{"not_picked":["Riddle With Holes","Outmaneuver"],"picked":"All Out Attack","floor":13},{"not_picked":["Reflex","Poisoned Stab+1"],"picked":"Dagger Spray+1","floor":18},{"not_picked":["Finisher+1","Dash"],"picked":"Cloak And Dagger","floor":19},{"not_picked":["Slice","Acrobatics"],"picked":"Quick Slash","floor":20},{"not_picked":["A Thousand Cuts","Bane","Flying Knee"],"picked":"SKIP","floor":21},{"not_picked":["Reflex","Sucker Punch"],"picked":"Distraction+1","floor":24},{"not_picked":["Masterful Stab","Infinite Blades","Prepared"],"picked":"SKIP","floor":27},{"not_picked":["Bane","Prepared"],"picked":"Backflip+1","floor":28},{"not_picked":["Flechettes","Predator"],"picked":"Cloak And Dagger","floor":30},{"not_picked":["Flying Knee+1","Cloak And Dagger+1","Sucker Punch"],"picked":"SKIP","floor":31},{"not_picked":["Unload","Malaise"],"picked":"Wraith Form v2","floor":33},{"not_picked":["Underhanded Strike","Finisher+1"],"picked":"Skewer+1","floor":35},{"not_picked":["Accuracy","Underhanded Strike+1","Backflip+1"],"picked":"SKIP","floor":36},{"not_picked":["Predator","Tactician+1"],"picked":"Dodge and Roll+1","floor":37},{"not_picked":["Dagger Throw+1","Deadly Poison+1"],"picked":"Setup+1","floor":44},{"not_picked":["Catalyst+1","Slice+1"],"picked":"Skewer+1","floor":46}],"player_experience":109867,"relics_obtained":[{"floor":7,"key":"Oddly Smooth Stone"},{"floor":9,"key":"Pantograph"},{"floor":10,"key":"Bronze Scales"},{"floor":12,"key":"Juzu Bracelet"},{"floor":24,"key":"Red Mask"},{"floor":28,"key":"Bag of Marbles"},{"floor":30,"key":"Centennial Puzzle"},{"floor":43,"key":"Toxic Egg 2"},{"floor":44,"key":"Ice Cream"},{"floor":48,"key":"Calipers"}],"event_choices":[{"damage_healed":0,"gold_gain":0,"player_choice":"Donut","damage_taken":0,"max_hp_gain":5,"max_hp_loss":0,"event_name":"Big Fish","floor":3,"gold_loss":0},{"damage_healed":0,"gold_gain":0,"player_choice":"Searched \u00271\u0027 times","damage_taken":0,"max_hp_gain":0,"max_hp_loss":0,"event_name":"Dead Adventurer","floor":7,"gold_loss":0},{"damage_healed":0,"gold_gain":0,"player_choice":"Opened","damage_taken":0,"relics_obtained":["Smiling Mask"],"max_hp_gain":0,"max_hp_loss":0,"event_name":"The Mausoleum","floor":22,"gold_loss":0,"cards_obtained":["Writhe"]},{"damage_healed":0,"gold_gain":0,"player_choice":"Fought Bandits","damage_taken":0,"max_hp_gain":0,"max_hp_loss":0,"event_name":"Masked Bandits","floor":24,"gold_loss":0},{"cards_removed":["Survivor"],"damage_healed":0,"gold_gain":0,"player_choice":"Removed Skill","damage_taken":0,"max_hp_gain":0,"max_hp_loss":0,"event_name":"Falling","floor":38,"gold_loss":0},{"damage_healed":0,"gold_gain":0,"cards_transformed":["Strike_G"],"player_choice":"Transformed","damage_taken":0,"max_hp_gain":0,"max_hp_loss":0,"event_name":"Transmorgrifier","floor":39,"gold_loss":0,"cards_obtained":["Backflip"]},{"cards_removed":["Regret"],"damage_healed":0,"gold_gain":0,"player_choice":"Removed Curses","damage_taken":0,"max_hp_gain":0,"max_hp_loss":0,"event_name":"Fountain of Cleansing","floor":47,"gold_loss":0},{"damage_healed":0,"gold_gain":0,"player_choice":"Fight","damage_taken":0,"max_hp_gain":0,"max_hp_loss":0,"event_name":"Mysterious Sphere","floor":48,"gold_loss":0}],"is_beta":false,"boss_relics":[{"not_picked":["Tiny House","Philosopher\u0027s Stone"],"picked":"Cursed Key"},{"not_picked":["Runic Dome","Fusion Hammer"],"picked":"HoveringKite"}],"items_purged_floors":[14,29,41],"is_endless":false,"potions_floor_spawned":[5,7,11,19,21,30,33,36,37,48],"killed_by":"Donu and Deca","ascension_level":9}}