{"host":"svad1nuufomhazap","time":1612581902,"event":{"mods":["Act Like it!","Aspiration","BaseMod","Bestiary","BetterRewards","Conspire","Custom Start","Downfall","GifTheSpireLib","Minty Spire (QoL Compilation)","Morshu Shopkeeper","Pale of the Ancients","Permanent Neow","Shop Mod","StSLib","Unceasing Turn Reminder"],"gold_per_floor":[99,119,104,104,279,314,339,339,357,374,274,205,234,249,267,368,368,368,380,480,480,480,499,522,57,57,76,88,106,136,146,157,259,259,59,71,121,121,150,181,181,207,207,207,233,265,265,298,315,315,315,341,32,32,32,32,32,32],"floor_reached":56,"language":"ENG","playtime":7288,"items_purged":["Writhe","hexamod:Strike"],"score":958,"play_id":"3519c080-bffb-4e0c-bd8a-f9de8583452a","local_time":"20210205212502","is_ascension_mode":true,"campfire_choices":[{"data":"hexamod:Float","floor":1.0,"key":"SMITH"},{"floor":11.0,"key":"REST"},{"floor":18.0,"key":"RECALL"},{"data":"hexamod:SearingWound","floor":26.0,"key":"SMITH"},{"data":"hexamod:Toasty","floor":35.0,"key":"SMITH"},{"floor":44.0,"key":"REST"},{"floor":47.0,"key":"REST"},{"floor":54.0,"key":"REST"}],"circlet_count":0,"master_deck":["hexamod:Strike","hexamod:Strike","hexamod:Strike","hexamod:Defend","hexamod:Defend","hexamod:Defend","hexamod:Defend","hexamod:Sear","hexamod:Float+1","Parasite","hexamod:EmpoweredFlame","hexamod:Hexaguard","hexamod:ForkedFlame","hexamod:ExtraCrispy","hexamod:FlamesFromBeyond","hexamod:SuperheatedStrike","hexamod:Firestarter","hexamod:FastForward","hexamod:HeatMetal","hexamod:BurningTouch","hexamod:ApocalypseNow","hexamod:GhostflameBarrier","hexamod:RecurringNightmare","RitualDagger","hexamod:SpectersWail+1","hexamod:InspiringFlames","hexamod:SearingWound+1","hexamod:WildfireWeapon","hexamod:SuperheatedStrike","hexamod:GhostShield","hexamod:ThermalTransfer","hexamod:ChargedBarrage+1","hexamod:Toasty+1","hexamod:Hexaguard+1","hexamod:EmpoweredFlame","hexamod:VolcanoVisage","hexamod:GhostShield+1","hexamod:BurningTouch+1","expansioncontent:AwakenDeath","hexamod:StepThrough+1","hexamod:ThermalTransfer+1","hexamod:HeatMetal+1","hexamod:HauntingEcho+1","hexamod:HeatCrush+1"],"relics":["hexamod:SpiritBrand","Incense Burner","aspiration:ChemicalBlood","Bag of Preparation","downfall:HeartBlessingGreen","Meat on the Bone","Philosopher\u0027s Stone","Gambling Chip","Mercury Hourglass","Gremlin Horn","TungstenRod","Ginger","Black Star","downfall:HeartBlessingBlue","downfall:HeartBlessingRed","WingedGreaves","conspire:Flyswatter","aspiration:Lifesprig","Blood Vial","Bird Faced Urn","Calipers","Omamori","Molten Egg 2","Smiling Mask","Happy Flower","Lizard Tail","Vajra","Mango","Torii","HornCleat"],"acts_visited":["Exordium","TheCity","TheBeyond","TheEnding"],"potions_floor_usage":[56,56,56,56,56,56,56,56,56,56],"damage_taken":[{"damage":0.0,"enemies":"Small Slimes","floor":2.0,"turns":3.0},{"damage":0.0,"enemies":"downfall:FleeingMerchant","floor":3.0,"turns":4.0},{"damage":38.0,"enemies":"Gremlin Nob","floor":6.0,"turns":7.0},{"damage":1.0,"enemies":"Jaw Worm","floor":9.0,"turns":3.0},{"damage":0.0,"enemies":"Cultist","floor":10.0,"turns":3.0},{"damage":2.0,"enemies":"downfall:FleeingMerchant","floor":12.0,"turns":4.0},{"damage":7.0,"enemies":"Lagavulin","floor":13.0,"turns":4.0},{"damage":1.0,"enemies":"Blue Slaver","floor":14.0,"turns":4.0},{"damage":6.0,"enemies":"Exordium Wildlife","floor":15.0,"turns":3.0},{"damage":33.0,"enemies":"DF_ARCHETYPE_STREAMLINE","floor":16.0,"turns":9.0},{"damage":7.0,"enemies":"Chosen","floor":19.0,"turns":3.0},{"damage":26.0,"enemies":"WA_ARCHETYPE_RETAIN","floor":20.0,"turns":5.0},{"damage":10.0,"enemies":"3 Byrds","floor":23.0,"turns":4.0},{"damage":7.0,"enemies":"downfall:FleeingMerchant","floor":25.0,"turns":4.0},{"damage":0.0,"enemies":"Centurion and Healer","floor":27.0,"turns":3.0},{"damage":0.0,"enemies":"Sentry and Sphere","floor":28.0,"turns":3.0},{"damage":0.0,"enemies":"3 Cultists","floor":29.0,"turns":3.0},{"damage":13.0,"enemies":"Slavers","floor":30.0,"turns":5.0},{"damage":8.0,"enemies":"Centurion and Healer","floor":31.0,"turns":4.0},{"damage":2.0,"enemies":"Chosen and Byrds","floor":32.0,"turns":4.0},{"damage":32.0,"enemies":"IC_MUSHROOM_ARCHETYPE","floor":33.0,"turns":6.0},{"damage":0.0,"enemies":"Orb Walker","floor":36.0,"turns":3.0},{"damage":48.0,"enemies":"Orb Walker","floor":37.0,"turns":4.0},{"damage":14.0,"enemies":"downfall:FleeingMerchant","floor":39.0,"turns":3.0},{"damage":13.0,"enemies":"Reptomancer","floor":40.0,"turns":5.0},{"damage":8.0,"enemies":"Nemesis","floor":42.0,"turns":5.0},{"damage":32.0,"enemies":"conspire:MimicChest","floor":45.0,"turns":6.0},{"damage":32.0,"enemies":"Giant Head","floor":46.0,"turns":8.0},{"damage":65.0,"enemies":"Nemesis","floor":48.0,"turns":7.0},{"damage":0.0,"enemies":"3 Shapes","floor":49.0,"turns":3.0},{"damage":28.0,"enemies":"SI_POISON_ARCHETYPE","floor":50.0,"turns":10.0},{"damage":140.0,"enemies":"downfall:CharBossMerchant","floor":52.0,"turns":10.0},{"damage":54.0,"enemies":"downfall:NeowBoss","floor":55.0,"turns":21.0},{"damage":82,"enemies":"downfall:NeowBossFinal","floor":56,"turns":11}],"seed_played":"-6858426061235290764","potions_obtained":[{"floor":6.0,"key":"SkillPotion"},{"floor":10.0,"key":"champ:CounterPotion"},{"floor":13.0,"key":"Energy Potion"},{"floor":16.0,"key":"Weak Potion"},{"floor":16.0,"key":"SpeedPotion"},{"floor":23.0,"key":"Energy Potion"},{"floor":27.0,"key":"Swift Potion"},{"floor":28.0,"key":"Swift Potion"},{"floor":31.0,"key":"PowerPotion"},{"floor":40.0,"key":"hexamod:SoulburnPotion"},{"floor":45.0,"key":"CultistPotion"},{"floor":45.0,"key":"Swift Potion"},{"floor":48.0,"key":"EntropicBrew"},{"floor":52.0,"key":"Weak Potion"},{"floor":55.0,"key":"conspire:TimeTravelPotion"}],"is_trial":false,"path_per_floor":["R","M","$","?","?","E","T","?","M","M","R","$","E","M","M","B",null,"R","M","?","?","?","M","T","$","R","M","M","M","E","M","M","B",null,"R","M","?","?","$","E","T","E","?","R","?","E","R","E","M","B",null,"E","$","R","B","B"],"character_chosen":"THE_SPIRIT","items_purchased":["hexamod:Firestarter","TungstenRod","hexamod:SearingWound","conspire:Flyswatter","HornCleat"],"campfire_rested":4,"item_purchase_floors":[12,25,25,39,53],"current_hp_per_floor":[70,70,70,75,75,37,37,37,36,36,58,56,49,48,42,21,75,75,68,42,36,36,38,38,43,43,43,43,43,42,46,44,24,75,85,85,49,49,47,46,46,44,44,69,43,37,62,23,37,35,85,43,43,72,44,1,1,1],"gold":32,"neow_bonus":"ONE_RARE_RELIC","is_daily":false,"chose_seed":false,"campfire_upgraded":3,"win_rate":0.0,"timestamp":1612581902,"path_taken":["R","M","$","?","?","E","T","?","?","M","R","$","E","M","M","BOSS","R","M","?","?","?","M","T","$","R","M","?","M","E","M","M","BOSS","R","M","?","?","?","E","T","E","?","R","?","E","R","E","M","BOSS","E","$","R","BOSS","BOSS"],"items_purchased_type":["Card","Relic","Card","Relic","Relic"],"build_version":"2020-12-22","purchased_purges":2,"victory":false,"max_hp_per_floor":[70,70,70,75,75,75,75,75,75,75,75,75,75,75,75,75,75,75,75,75,75,75,75,75,75,75,75,75,75,75,75,75,75,75,85,85,85,85,85,85,85,85,85,85,85,85,85,85,85,85,85,99,99,99,99,99,99,99],"card_choices":[{"not_picked":["hexamod:RadiantFlame","hexamod:GhostflameBarrier"],"picked":"hexamod:EmpoweredFlame","floor":2.0},{"not_picked":["hexamod:SpectersWail","hexamod:GhostLash"],"picked":"hexamod:Hexaguard","floor":3.0},{"not_picked":["hexamod:Incineration","hexamod:NightmareGuise"],"picked":"hexamod:ForkedFlame","floor":6.0},{"not_picked":["hexamod:SpectersWail","hexamod:NightmareGuise"],"picked":"hexamod:ExtraCrispy","floor":9.0},{"not_picked":["hexamod:SecondSeal","hexamod:RainOfEmbers"],"picked":"hexamod:FlamesFromBeyond","floor":10.0},{"not_picked":["hexamod:ThermalTransfer","hexamod:HeatMetal"],"picked":"hexamod:SuperheatedStrike","floor":12.0},{"not_picked":["hexamod:Rewind","hexamod:SwordOfDarkness"],"picked":"hexamod:FastForward","floor":13.0},{"not_picked":["hexamod:EmpoweredFlame","hexamod:ThirdSeal"],"picked":"hexamod:HeatMetal","floor":14.0},{"not_picked":["hexamod:HeatMetal","hexamod:Haunt"],"picked":"hexamod:BurningTouch","floor":15.0},{"not_picked":["hexamod:TimeOfNeed","hexamod:GiftsFromTheDead"],"picked":"hexamod:ApocalypseNow","floor":16.0},{"not_picked":["hexamod:NightmareStrike","hexamod:NightmareGuise"],"picked":"hexamod:GhostflameBarrier","floor":19.0},{"not_picked":["hexamod:SwordOfDarkness","hexamod:SpectralSpark+1"],"picked":"hexamod:RecurringNightmare","floor":20.0},{"not_picked":["hexamod:RainOfEmbers","hexamod:SpectralSpark+1"],"picked":"hexamod:SpectersWail+1","floor":23.0},{"not_picked":["hexamod:RadiantFlame","hexamod:PhantomFireball+1"],"picked":"hexamod:InspiringFlames","floor":25.0},{"not_picked":["hexamod:SoulSteal","hexamod:BacktrackSmack+1"],"picked":"hexamod:WildfireWeapon","floor":27.0},{"not_picked":["hexamod:EmpoweredFlame+1","hexamod:BacktrackSmack+1"],"picked":"hexamod:SuperheatedStrike","floor":28.0},{"not_picked":["hexamod:NightmareStrike","hexamod:TimeWarp"],"picked":"hexamod:GhostShield","floor":29.0},{"not_picked":["hexamod:GhostflameBarrier","hexamod:InspiringFlames","hexamod:SpectralAdrenaline"],"picked":"SKIP","floor":30.0},{"not_picked":["hexamod:HeatMetal","hexamod:HauntingEcho"],"picked":"hexamod:ThermalTransfer","floor":31.0},{"not_picked":["hexamod:HeatMetal+1","hexamod:Again"],"picked":"hexamod:ChargedBarrage+1","floor":32.0},{"not_picked":["hexamod:ForkedFlame","hexamod:WildfireWeapon"],"picked":"hexamod:Toasty","floor":33.0},{"not_picked":["hexamod:BacktrackSmack+1","hexamod:FlamesFromBeyond+1"],"picked":"hexamod:Hexaguard+1","floor":36.0},{"not_picked":["hexamod:SwordOfDarkness+1","hexamod:ThirdSeal"],"picked":"hexamod:EmpoweredFlame","floor":37.0},{"not_picked":["hexamod:DynamicBlow","hexamod:PhantomCloak"],"picked":"hexamod:VolcanoVisage","floor":39.0},{"not_picked":["hexamod:GhostLash","hexamod:SixthSeal"],"picked":"hexamod:GhostShield+1","floor":40.0},{"not_picked":["hexamod:GhostLash+1","hexamod:NightmareStrike+1"],"picked":"hexamod:BurningTouch+1","floor":42.0},{"not_picked":["expansioncontent:YouAreMine","expansioncontent:Chronoboost"],"picked":"expansioncontent:AwakenDeath","floor":43.0},{"not_picked":["hexamod:RadiantFlame","hexamod:NightmareGuise"],"picked":"hexamod:StepThrough+1","floor":45.0},{"not_picked":["hexamod:SpectersWail+1","hexamod:FifthSeal"],"picked":"hexamod:ThermalTransfer+1","floor":46.0},{"not_picked":["hexamod:ShieldOfDarkness","hexamod:NightmareGuise"],"picked":"hexamod:HeatMetal+1","floor":48.0},{"not_picked":["hexamod:SuperheatedStrike+1","hexamod:SpectralAdrenaline+1"],"picked":"hexamod:HauntingEcho+1","floor":49.0},{"not_picked":["hexamod:SwordOfDarkness+1","hexamod:BacktrackSmack+1"],"picked":"hexamod:HeatCrush+1","floor":52.0}],"player_experience":318552,"relics_obtained":[{"floor":6.0,"key":"aspiration:ChemicalBlood"},{"floor":7.0,"key":"Bag of Preparation"},{"floor":13.0,"key":"Meat on the Bone"},{"floor":20.0,"key":"Gambling Chip"},{"floor":20.0,"key":"Mercury Hourglass"},{"floor":30.0,"key":"Ginger"},{"floor":37.0,"key":"WingedGreaves"},{"floor":40.0,"key":"aspiration:Lifesprig"},{"floor":40.0,"key":"Blood Vial"},{"floor":41.0,"key":"Bird Faced Urn"},{"floor":42.0,"key":"Calipers"},{"floor":42.0,"key":"Omamori"},{"floor":45.0,"key":"Molten Egg 2"},{"floor":46.0,"key":"Smiling Mask"},{"floor":46.0,"key":"Happy Flower"},{"floor":48.0,"key":"Lizard Tail"},{"floor":48.0,"key":"Vajra"},{"floor":52.0,"key":"Mango"},{"floor":52.0,"key":"Torii"}],"event_choices":[{"damage_healed":0.0,"max_hp_gain":5.0,"max_hp_loss":0.0,"gold_gain":0.0,"event_name":"Big Fish","player_choice":"Donut","floor":4.0,"gold_loss":0.0,"damage_taken":0.0},{"damage_healed":0.0,"max_hp_gain":0.0,"max_hp_loss":0.0,"gold_gain":0.0,"event_name":"conspire:Investor","player_choice":"Leave","floor":38.0,"gold_loss":0.0,"damage_taken":0.0}],"is_beta":false,"boss_relics":[{"not_picked":["conspire:SlowCooker","Fusion Hammer"],"picked":"Philosopher\u0027s Stone"},{"not_picked":["conspire:RunicOctahedron","Astrolabe"],"picked":"Black Star"}],"items_purged_floors":[39,53],"is_endless":false,"potions_floor_spawned":[6,10,13,14,16,27,28,30,31,33,40,45,49],"killed_by":"downfall:NeowBossFinal","ascension_level":1}}