{"host":"c6u7e77myxvw4d0m","time":1612603771,"event":{"mods":["AchievementEnabler","BaseMod","Bestiary","Colored Map","Colored Powertips","Minty Spire (QoL Compilation)","Rare Cards Sparkle","Relic Stats","everything is the same but u backflip on backflip"],"gold_per_floor":[115,132,149,7,0,0,0,29,120,132,132],"floor_reached":10,"language":"ENG","playtime":1043,"items_purged":[],"score":132,"play_id":"a2bc0528-cc0d-40fb-989b-17332fd1efeb","local_time":"20210206112931","is_ascension_mode":true,"campfire_choices":[{"data":"Calculated Gamble","floor":7,"key":"SMITH"}],"circlet_count":0,"master_deck":["AscendersBane","Strike_G","Strike_G","Strike_G","Strike_G+1","Strike_G","Defend_G","Defend_G","Defend_G","Defend_G","Defend_G","Survivor","Neutralize","Sucker Punch","Bane","Calculated Gamble+1","A Thousand Cuts+1","Blade Dance","Quick Slash"],"relics":["Runic Pyramid","MawBank","Letter Opener"],"acts_visited":["Exordium"],"potions_floor_usage":[8],"damage_taken":[{"damage":0,"enemies":"Small Slimes","floor":1,"turns":5},{"damage":0,"enemies":"2 Louse","floor":2,"turns":4},{"damage":0,"enemies":"Cultist","floor":3,"turns":4},{"damage":17,"enemies":"Lagavulin","floor":8,"turns":5},{"damage":36,"enemies":"Gremlin Nob","floor":10,"turns":3}],"seed_played":"-766582759312318046","potions_obtained":[{"floor":2,"key":"ColorlessPotion"}],"is_trial":false,"path_per_floor":["M","M","M","$","?","?","R","E","T","E"],"character_chosen":"THE_SILENT","items_purchased":["A Thousand Cuts","Blade Dance"],"campfire_rested":0,"item_purchase_floors":[4,4],"current_hp_per_floor":[59,59,59,59,59,39,39,22,22,0,0],"gold":132,"neow_bonus":"BOSS_RELIC","is_daily":false,"chose_seed":false,"campfire_upgraded":1,"win_rate":0.0,"timestamp":1612603771,"path_taken":["M","M","M","$","?","?","R","E","T","E"],"items_purchased_type":["Card","Card"],"build_version":"2020-12-22","purchased_purges":0,"victory":false,"max_hp_per_floor":[66,66,66,66,66,66,66,66,66,66,66],"relic_stats":{"counters":[5,21],"Letter Opener":[0],"MawBank":24,"obtain_stats":[{"Letter Opener":9,"MawBank":8,"Ring of the Snake":0,"Runic Pyramid":0},{"Letter Opener":4,"MawBank":4,"Ring of the Snake":0,"Runic Pyramid":0},{"Letter Opener":18,"MawBank":18,"Ring of the Snake":0,"Runic Pyramid":0}]},"card_choices":[{"not_picked":["Dodge and Roll","Underhanded Strike"],"picked":"Sucker Punch","floor":1},{"not_picked":["Outmaneuver","Caltrops"],"picked":"Bane","floor":2},{"not_picked":["Deflect","Eviscerate"],"picked":"Calculated Gamble","floor":3},{"not_picked":["Blade Dance","Burst"],"picked":"Quick Slash","floor":8}],"player_experience":703885,"relics_obtained":[{"floor":8,"key":"MawBank"},{"floor":9,"key":"Letter Opener"}],"event_choices":[{"damage_healed":0,"gold_gain":0,"player_choice":"Left Gold","damage_taken":0,"max_hp_gain":0,"max_hp_loss":0,"event_name":"World of Goop","floor":5,"gold_loss":7},{"damage_healed":0,"gold_gain":0,"player_choice":"Entered Light","damage_taken":20,"max_hp_gain":0,"max_hp_loss":0,"event_name":"Shining Light","floor":6,"gold_loss":0,"cards_upgraded":["Strike_G","A Thousand Cuts"]}],"is_beta":false,"boss_relics":[],"items_purged_floors":[],"is_endless":false,"potions_floor_spawned":[2],"killed_by":"Gremlin Nob","ascension_level":20}}