{"host":"1mv6gj0zv8k9e9tz","time":1612617931,"event":{"mods":["AchievementEnabler","BaseMod","Better Third Choice","Colored Map","DeckTracker","Highlight Path","KOR Keyword Fix","Keyboard Shortcuts","Minty Spire (QoL Compilation)","Permanent Neow","Quick Restart","Rare Cards Sparkle","StSLib","SuperFastMode","everything is the same but u backflip on backflip"],"gold_per_floor":[113,113,34,34,44,75,75,408,408,437,437,356,356,376,376,453,453,465,465,465,481,492,492,507,507,556,556,74,85,95,108,108,185,235,255,255,255,265,265,265,295,320,320,352,352,352,19,19,19,19,19,19,19,53,53,53],"floor_reached":55,"language":"KOR","playtime":3609,"items_purged":["Strike_B+1"],"score":1438,"play_id":"26de5545-8296-448b-b1f8-057bf5015a53","local_time":"20210206222531","is_ascension_mode":true,"campfire_choices":[{"data":"Dualcast","floor":7.0,"key":"SMITH"},{"data":"Storm","floor":11.0,"key":"SMITH"},{"data":"Zap","floor":13.0,"key":"SMITH"},{"data":"Hologram","floor":15.0,"key":"SMITH"},{"data":"Defragment","floor":23.0,"key":"SMITH"},{"data":"Seek","floor":25.0,"key":"SMITH"},{"data":"Consume","floor":27.0,"key":"SMITH"},{"data":"Capacitor","floor":32.0,"key":"SMITH"},{"data":"Double Energy","floor":40.0,"key":"SMITH"},{"floor":46,"key":"RECALL"},{"data":"Buffer","floor":49,"key":"SMITH"},{"data":"Defragment","floor":52,"key":"SMITH"}],"circlet_count":0,"master_deck":["AscendersBane","Strike_B+1","Strike_B+1","Defend_B+1","Defend_B+1","Defend_B+1","Defend_B+1","Zap+1","Dualcast+1","Biased Cognition+1","Hologram+1","Ball Lightning","Conserve Battery+1","Storm+1","Self Repair","Storm","Seek+1","CurseOfTheBell","Defragment+1","Consume+1","Capacitor+1","Coolheaded","Double Energy+1","Defragment+1","Glacier","Defragment+1","Buffer+1","White Noise+1"],"relics":["Cracked Core","NeowsBlessing","FaceOfCleric","Ancient Tea Set","Old Coin","Mummified Hand","Potion Belt","Calling Bell","DataDisk","Eternal Feather","Thread and Needle","OrangePellets","War Paint","Tiny House","Juzu Bracelet","Dead Branch","Blue Candle","Akabeko","Membership Card","HornCleat","Du-Vu Doll"],"acts_visited":["Exordium","TheCity","TheBeyond","TheEnding"],"potions_floor_usage":[42,42,50,50,55],"damage_taken":[{"damage":0.0,"enemies":"2 Louse","floor":1.0,"turns":1.0},{"damage":0.0,"enemies":"Small Slimes","floor":5.0,"turns":1.0},{"damage":0.0,"enemies":"Gremlin Nob","floor":6.0,"turns":1.0},{"damage":27.0,"enemies":"3 Sentries","floor":8.0,"turns":4.0},{"damage":15.0,"enemies":"Lagavulin","floor":10.0,"turns":7.0},{"damage":0.0,"enemies":"Cultist","floor":14.0,"turns":2.0},{"damage":14.0,"enemies":"Slime Boss","floor":16.0,"turns":7.0},{"damage":5.0,"enemies":"Spheric Guardian","floor":18.0,"turns":4.0},{"damage":14.0,"enemies":"3 Byrds","floor":21.0,"turns":3.0},{"damage":21.0,"enemies":"Snecko","floor":22.0,"turns":5.0},{"damage":0.0,"enemies":"Snake Plant","floor":24.0,"turns":2.0},{"damage":2.0,"enemies":"3 Cultists","floor":29.0,"turns":4.0},{"damage":28.0,"enemies":"Shelled Parasite and Fungi","floor":30.0,"turns":3.0},{"damage":6.0,"enemies":"Snake Plant","floor":31.0,"turns":3.0},{"damage":25.0,"enemies":"Collector","floor":33.0,"turns":6.0},{"damage":5.0,"enemies":"3 Darklings","floor":35.0,"turns":4.0},{"damage":12.0,"enemies":"Orb Walker","floor":38.0,"turns":2.0},{"damage":0.0,"enemies":"Reptomancer","floor":41.0,"turns":4.0},{"damage":0,"enemies":"Mind Bloom Boss Battle","floor":42,"turns":5},{"damage":11,"enemies":"Nemesis","floor":44,"turns":5},{"damage":55,"enemies":"Awakened One","floor":50,"turns":12},{"damage":0,"enemies":"Shield and Spear","floor":54,"turns":4},{"damage":103,"enemies":"The Heart","floor":55,"turns":5}],"seed_played":"699949945656327894","potions_obtained":[{"floor":5.0,"key":"SpeedPotion"},{"floor":16.0,"key":"Fire Potion"},{"floor":24.0,"key":"Weak Potion"},{"floor":29.0,"key":"Explosive Potion"},{"floor":30.0,"key":"PotionOfCapacity"},{"floor":34.0,"key":"AttackPotion"},{"floor":35.0,"key":"SkillPotion"},{"floor":54,"key":"PotionOfCapacity"}],"is_trial":false,"path_per_floor":["M","?","$","?","M","E","R","E","T","E","R","$","R","M","R","B",null,"M","?","?","M","M","R","M","R","T","R","$","M","M","M","R","B",null,"M","?","?","M","?","R","E","?","T","E","?","R","$","?","R","B",null,"R","$","E","B"],"character_chosen":"DEFECT","items_purchased":["Biased Cognition","Self Repair","Capacitor","OrangePellets","War Paint","Membership Card","Buffer","HornCleat"],"campfire_rested":0,"item_purchase_floors":[3,12,28,28,28,47,47,47],"current_hp_per_floor":[64,69,69,69,70,71,71,45,45,31,31,31,31,32,32,26,68,71,71,47,41,28,40,48,60,60,72,72,71,51,46,58,41,87,90,90,90,86,86,101,102,104,104,101,100,100,100,100,100,53,89,101,101,102,0,0],"gold":53,"neow_bonus":"THREE_ENEMY_KILL","is_daily":false,"chose_seed":false,"campfire_upgraded":11,"win_rate":0.0,"timestamp":1612617931,"path_taken":["M","?","$","?","?","E","R","E","T","E","R","$","R","M","R","BOSS","M","?","?","M","M","R","M","R","T","R","$","M","M","M","R","BOSS","M","?","?","M","?","R","E","?","T","E","?","R","$","?","R","BOSS","R","$","E","BOSS"],"items_purchased_type":["Card","Card","Card","Relic","Relic","Relic","Card","Relic"],"build_version":"2020-12-22","purchased_purges":1,"victory":false,"max_hp_per_floor":[71,76,76,76,77,78,78,79,79,80,80,80,80,81,81,82,82,83,83,88,89,90,90,91,91,91,91,91,92,93,94,94,95,100,101,101,101,102,102,102,103,104,104,105,100,100,100,100,100,101,101,101,101,102,102,102],"card_choices":[{"not_picked":["Steam","Rebound","Conserve Battery"],"picked":"SKIP","floor":1.0},{"not_picked":["Stack","Loop"],"picked":"Hologram","floor":5.0},{"not_picked":["Capacitor","Creative AI"],"picked":"Ball Lightning","floor":6.0},{"not_picked":["Streamline","Double Energy"],"picked":"Conserve Battery","floor":8.0},{"not_picked":["Self Repair","Auto Shields"],"picked":"Storm","floor":10.0},{"not_picked":["Sweeping Beam","Cold Snap"],"picked":"Storm","floor":14.0},{"not_picked":["Reboot","All For One"],"picked":"Seek","floor":16.0},{"not_picked":["Gash","Leap","Barrage"],"picked":"SKIP","floor":18.0},{"not_picked":["Steam","Gash","Rip and Tear"],"picked":"SKIP","floor":21.0},{"not_picked":["Sunder","Leap+1"],"picked":"Defragment","floor":22.0},{"not_picked":["Heatsinks","Fusion"],"picked":"Consume","floor":24.0},{"not_picked":["Recycle","Barrage","Hologram"],"picked":"SKIP","floor":29.0},{"not_picked":["Stack","Tempest+1"],"picked":"Coolheaded","floor":30.0},{"not_picked":["Genetic Algorithm","Hologram","Amplify"],"picked":"SKIP","floor":31.0},{"not_picked":["Go for the Eyes","Redo"],"picked":"Double Energy","floor":34.0},{"not_picked":["Genetic Algorithm","Go for the Eyes"],"picked":"Defragment+1","floor":35.0},{"not_picked":["Conserve Battery","Leap+1"],"picked":"Glacier","floor":38.0},{"not_picked":["Streamline","Beam Cell","Turbo+1"],"picked":"SKIP","floor":41.0},{"not_picked":["Streamline","Barrage"],"picked":"Defragment","floor":42},{"not_picked":["Leap","White Noise","Cold Snap+1"],"picked":"SKIP","floor":44},{"not_picked":["Sweeping Beam","Go for the Eyes"],"picked":"White Noise+1","floor":54}],"player_experience":629853,"relics_obtained":[{"floor":6.0,"key":"Ancient Tea Set"},{"floor":8.0,"key":"Old Coin"},{"floor":9.0,"key":"Mummified Hand"},{"floor":10.0,"key":"Potion Belt"},{"floor":17.0,"key":"DataDisk"},{"floor":17.0,"key":"Eternal Feather"},{"floor":17.0,"key":"Thread and Needle"},{"floor":41.0,"key":"Juzu Bracelet"},{"floor":42,"key":"Dead Branch"},{"floor":43,"key":"Blue Candle"},{"floor":44,"key":"Akabeko"},{"floor":54,"key":"Du-Vu Doll"}],"event_choices":[{"damage_healed":0.0,"max_hp_gain":5.0,"max_hp_loss":0.0,"gold_gain":0.0,"event_name":"Big Fish","player_choice":"Donut","floor":2.0,"gold_loss":0.0,"damage_taken":0.0},{"damage_healed":0.0,"max_hp_gain":0.0,"max_hp_loss":0.0,"gold_gain":0.0,"event_name":"FaceTrader","player_choice":"Trade","floor":4.0,"gold_loss":0.0,"damage_taken":0.0,"relics_obtained":["FaceOfCleric"]},{"damage_healed":0.0,"max_hp_gain":0.0,"max_hp_loss":8.0,"gold_gain":0.0,"event_name":"betterThird:BetterWriting","player_choice":"Simplicity","floor":19.0,"gold_loss":0.0,"damage_taken":0.0},{"damage_healed":0.0,"max_hp_gain":5.0,"max_hp_loss":0.0,"gold_gain":0.0,"event_name":"Forgotten Altar","player_choice":"Shed Blood","floor":20.0,"gold_loss":0.0,"damage_taken":29.0},{"damage_healed":0.0,"max_hp_gain":0.0,"max_hp_loss":0.0,"gold_gain":0.0,"event_name":"Mysterious Sphere","player_choice":"Ignored","floor":36.0,"gold_loss":0.0,"damage_taken":0.0},{"damage_healed":0.0,"max_hp_gain":0.0,"max_hp_loss":0.0,"gold_gain":0.0,"event_name":"Tomb of Lord Red Mask","player_choice":"Ignored","floor":37.0,"gold_loss":0.0,"damage_taken":0.0},{"cards_removed":["Strike_B"],"damage_healed":0.0,"max_hp_gain":0.0,"max_hp_loss":0.0,"gold_gain":0.0,"event_name":"Falling","player_choice":"Removed Attack","floor":39.0,"gold_loss":0.0,"damage_taken":0.0},{"damage_healed":0,"gold_gain":0,"player_choice":"Fight","damage_taken":0,"max_hp_gain":0,"max_hp_loss":0,"event_name":"MindBloom","floor":42,"gold_loss":0},{"damage_healed":0,"gold_gain":0,"player_choice":"Max HP","damage_taken":0,"max_hp_gain":0,"max_hp_loss":5,"event_name":"Winding Halls","floor":45,"gold_loss":0},{"damage_healed":0,"gold_gain":0,"player_choice":"Memory 1","damage_taken":0,"max_hp_gain":0,"max_hp_loss":0,"event_name":"SensoryStone","floor":48,"gold_loss":0}],"is_beta":false,"boss_relics":[{"not_picked":["Nuclear Battery","Runic Pyramid"],"picked":"Calling Bell"},{"not_picked":["Sozu","Fusion Hammer"],"picked":"Tiny House"}],"items_purged_floors":[28],"is_endless":false,"potions_floor_spawned":[5,16,24,29,30,35,54],"killed_by":"The Heart","ascension_level":17}}