{"host":"5kerkh94hj8hofz6","time":1612572044,"event":{"mods":["AchievementEnabler","BaseMod","Colored Map","Colored Powertips","Highlight Path","Minty Spire (QoL Compilation)","StSLib","The Cursed","The Hierophant"],"gold_per_floor":[217,236,256,1,18,18,18,18,43,53,64,74,106,122,122,189,189,252,277,277,338,34,96,164,246,273,273,340,408,52,129,129,272,272,298,332,372,365,405,405,396,396,422,466,404,404,15,77,77,32,32],"floor_reached":50,"language":"ENG","playtime":4904,"items_purged":["hierophant:Defend_Hierophant","hierophant:Punish"],"score":574,"play_id":"e3cb467e-64b3-44a4-9c57-0dc3761e5a78","local_time":"20210206134044","is_ascension_mode":false,"campfire_choices":[{"data":"hierophant:ThreeLashes","floor":7.0,"key":"SMITH"},{"floor":15.0,"key":"REST"},{"data":"hierophant:ArchangelShield","floor":27.0,"key":"SMITH"},{"floor":32.0,"key":"REST"},{"floor":40.0,"key":"REST"},{"floor":42.0,"key":"REST"},{"floor":49,"key":"REST"}],"circlet_count":0,"master_deck":["hierophant:Strike_Hierophant","hierophant:Strike_Hierophant","hierophant:Defend_Hierophant","hierophant:Defend_Hierophant","hierophant:Defend_Hierophant","hierophant:ChurchCoffers+1","hierophant:ThreeLashes+1","hierophant:Encroach","hierophant:SealAway","hierophant:HammerAndAnvil","hierophant:MirrorShield","hierophant:BulkyChest","hierophant:ArchangelShield+1","hierophant:ChurchCoffers+1","hierophant:Martyrdom","hierophant:FieryStrike","hierophant:Chorus","hierophant:AuricForm","hierophant:Sermon+1"],"relics":["hierophant:PropheticMaskRelic","Gremlin Horn","Orichalcum","Vajra","Busted Crown","DollysMirror","Oddly Smooth Stone","CeramicFish","Nunchaku","ClockworkSouvenir","SlaversCollar","Ginger","Toxic Egg 2","Calipers"],"acts_visited":["Exordium","TheCity","TheBeyond"],"potions_floor_usage":[48,50,50,50,50,50],"damage_taken":[{"damage":0.0,"enemies":"2 Louse","floor":1.0,"turns":1.0},{"damage":2.0,"enemies":"Small Slimes","floor":2.0,"turns":5.0},{"damage":1.0,"enemies":"Cultist","floor":3.0,"turns":3.0},{"damage":2.0,"enemies":"Blue Slaver","floor":5.0,"turns":4.0},{"damage":4.0,"enemies":"Exordium Thugs","floor":10.0,"turns":3.0},{"damage":1.0,"enemies":"3 Louse","floor":11.0,"turns":2.0},{"damage":9.0,"enemies":"Blue Slaver","floor":12.0,"turns":3.0},{"damage":11.0,"enemies":"3 Sentries","floor":13.0,"turns":7.0},{"damage":9.0,"enemies":"Exordium Wildlife","floor":14.0,"turns":4.0},{"damage":39.0,"enemies":"The Guardian","floor":16.0,"turns":19.0},{"damage":2.0,"enemies":"Shell Parasite","floor":18.0,"turns":7.0},{"damage":14.0,"enemies":"2 Thieves","floor":19.0,"turns":3.0},{"damage":9.0,"enemies":"Shelled Parasite and Fungi","floor":21.0,"turns":8.0},{"damage":23.0,"enemies":"Gremlin Leader","floor":23.0,"turns":7.0},{"damage":14.0,"enemies":"Snake Plant","floor":24.0,"turns":6.0},{"damage":0.0,"enemies":"Slavers","floor":25.0,"turns":4.0},{"damage":7.0,"enemies":"3 Cultists","floor":28.0,"turns":5.0},{"damage":0.0,"enemies":"Centurion and Healer","floor":29.0,"turns":5.0},{"damage":4.0,"enemies":"Cultist and Chosen","floor":31.0,"turns":6.0},{"damage":31.0,"enemies":"Collector","floor":33.0,"turns":13.0},{"damage":3.0,"enemies":"3 Darklings","floor":35.0,"turns":4.0},{"damage":5.0,"enemies":"Orb Walker","floor":36.0,"turns":3.0},{"damage":0.0,"enemies":"Mind Bloom Boss Battle","floor":37.0,"turns":7.0},{"damage":24.0,"enemies":"Transient","floor":38.0,"turns":5.0},{"damage":36.0,"enemies":"Jaw Worm Horde","floor":39.0,"turns":4.0},{"damage":27.0,"enemies":"Nemesis","floor":41.0,"turns":9.0},{"damage":4,"enemies":"Sphere and 2 Shapes","floor":44,"turns":6},{"damage":4,"enemies":"Maw","floor":45,"turns":8},{"damage":25,"enemies":"4 Shapes","floor":48,"turns":11},{"damage":48,"enemies":"Awakened One","floor":50,"turns":24}],"seed_played":"-2149779165027441897","potions_obtained":[{"floor":1.0,"key":"LiquidMemories"},{"floor":3.0,"key":"AttackPotion"},{"floor":11.0,"key":"SpeedPotion"},{"floor":12.0,"key":"DistilledChaos"},{"floor":14.0,"key":"BlessingOfTheForge"},{"floor":18.0,"key":"EssenceOfSteel"},{"floor":24.0,"key":"AttackPotion"},{"floor":25.0,"key":"SpeedPotion"},{"floor":33.0,"key":"SkillPotion"},{"floor":36.0,"key":"Explosive Potion"},{"floor":39.0,"key":"SkillPotion"},{"floor":41.0,"key":"FairyPotion"},{"floor":48,"key":"FearPotion"}],"is_trial":false,"path_per_floor":["M","M","M","$","M","?","R","?","T","M","M","M","E","M","R","B",null,"M","M","?","M","$","E","M","E","T","R","M","M","$","M","R","B",null,"M","M","?","M","M","R","E","R","T","M","M","?","$","M","R","B"],"character_chosen":"HIEROPHANT","items_purchased":["Gremlin Horn","hierophant:ArchangelShield","DollysMirror","ClockworkSouvenir","hierophant:Martyrdom","hierophant:FieryStrike","Calipers","EntropicBrew"],"campfire_rested":5,"item_purchase_floors":[4,22,22,30,30,30,47,47],"current_hp_per_floor":[75,73,72,72,70,70,70,70,70,66,65,56,45,36,58,19,75,73,59,75,66,66,43,29,29,29,29,22,22,22,18,40,9,75,72,67,67,43,7,29,2,24,24,20,16,16,16,22,44,0,0],"gold":32,"neow_bonus":"HUNDRED_GOLD","is_daily":false,"chose_seed":false,"campfire_upgraded":2,"win_rate":0.0,"timestamp":1612572044,"path_taken":["M","M","M","$","M","?","R","?","T","M","M","M","E","M","R","BOSS","M","?","?","M","$","E","M","E","T","R","M","M","?","M","R","BOSS","M","M","?","M","M","R","E","R","T","M","M","?","?","M","R","BOSS"],"items_purchased_type":["Relic","Card","Relic","Relic","Card","Card","Relic","Potion"],"build_version":"2020-12-22","purchased_purges":2,"victory":false,"max_hp_per_floor":[75,75,75,75,75,75,75,75,75,75,75,75,75,75,75,75,75,75,75,75,75,75,75,75,75,75,75,75,75,75,75,75,75,75,75,75,75,75,75,75,75,75,75,75,75,75,75,75,75,75,75],"card_choices":[{"not_picked":["hierophant:AuricShield","hierophant:Sermon","hierophant:Dazzle"],"picked":"SKIP","floor":1.0},{"not_picked":["hierophant:Alms","hierophant:AuricBeam"],"picked":"hierophant:ThreeLashes","floor":2.0},{"not_picked":["hierophant:Smite","hierophant:HolyVerse"],"picked":"hierophant:Encroach","floor":3.0},{"not_picked":["hierophant:AuricShield","hierophant:Dazzle","hierophant:Encroach"],"picked":"SKIP","floor":5.0},{"not_picked":["hierophant:MorningPrayer","hierophant:Encroach"],"picked":"hierophant:SealAway","floor":10.0},{"not_picked":["hierophant:AuricForm","hierophant:Sermon","hierophant:AuricBeam"],"picked":"SKIP","floor":11.0},{"not_picked":["hierophant:MorningPrayer","hierophant:AuricBeam"],"picked":"hierophant:HammerAndAnvil","floor":12.0},{"not_picked":["hierophant:HammerAndAnvil","hierophant:Upheaval"],"picked":"hierophant:MirrorShield","floor":13.0},{"not_picked":["hierophant:MorningPrayer","hierophant:Levitation","hierophant:ThreeLashes"],"picked":"SKIP","floor":14.0},{"not_picked":["hierophant:DivineIntervention","hierophant:LocustPlague"],"picked":"hierophant:BulkyChest","floor":16.0},{"not_picked":["hierophant:RecallFunds"],"picked":"SKIP","floor":18.0},{"not_picked":["hierophant:HammerAndAnvil"],"picked":"SKIP","floor":19.0},{"not_picked":["hierophant:PassingBell"],"picked":"SKIP","floor":21.0},{"not_picked":["hierophant:HammerAndAnvil+1"],"picked":"SKIP","floor":23.0},{"not_picked":["hierophant:AuricShield"],"picked":"SKIP","floor":24.0},{"not_picked":["hierophant:Doubloon+1"],"picked":"SKIP","floor":25.0},{"not_picked":["hierophant:AuricBeam"],"picked":"SKIP","floor":28.0},{"not_picked":["hierophant:DisplayOfPower"],"picked":"SKIP","floor":29.0},{"not_picked":[],"picked":"hierophant:Chorus","floor":31.0},{"not_picked":[],"picked":"hierophant:AuricForm","floor":33.0},{"not_picked":["hierophant:PristineSoul+1"],"picked":"SKIP","floor":35.0},{"not_picked":["hierophant:ThreeLashes+1"],"picked":"SKIP","floor":36.0},{"not_picked":["hierophant:Martyrdom"],"picked":"SKIP","floor":38.0},{"not_picked":[],"picked":"hierophant:Sermon+1","floor":39.0},{"not_picked":["hierophant:Purify+1"],"picked":"SKIP","floor":41.0},{"not_picked":["hierophant:MorningPrayer+1"],"picked":"SKIP","floor":44},{"not_picked":["hierophant:CoinFling"],"picked":"SKIP","floor":45},{"not_picked":["hierophant:MorningPrayer+1"],"picked":"SKIP","floor":48}],"player_experience":412563,"relics_obtained":[{"floor":9.0,"key":"Orichalcum"},{"floor":13.0,"key":"Vajra"},{"floor":23.0,"key":"Oddly Smooth Stone"},{"floor":25.0,"key":"CeramicFish"},{"floor":26.0,"key":"Nunchaku"},{"floor":37.0,"key":"Ginger"},{"floor":41.0,"key":"Toxic Egg 2"}],"event_choices":[{"damage_healed":0.0,"max_hp_gain":0.0,"max_hp_loss":0.0,"gold_gain":0.0,"event_name":"Living Wall","player_choice":"Grow","floor":6.0,"gold_loss":0.0,"damage_taken":0.0,"cards_upgraded":["hierophant:ChurchCoffers"]},{"cards_removed":["hierophant:Strike_Hierophant"],"damage_healed":0.0,"max_hp_gain":0.0,"max_hp_loss":0.0,"gold_gain":0.0,"event_name":"Bonfire Elementals","player_choice":"Offered Basic","floor":8.0,"gold_loss":0.0,"damage_taken":0.0},{"damage_healed":25.0,"max_hp_gain":0.0,"max_hp_loss":0.0,"gold_gain":0.0,"event_name":"The Library","player_choice":"Heal","floor":20.0,"gold_loss":0.0,"damage_taken":0.0},{"damage_healed":0.0,"max_hp_gain":0.0,"max_hp_loss":0.0,"gold_gain":0.0,"event_name":"MindBloom","player_choice":"Fight","floor":37.0,"gold_loss":0.0,"damage_taken":0.0},{"cards_removed":["hierophant:Strike_Hierophant"],"damage_healed":0,"gold_gain":0,"player_choice":"Removed Attack","damage_taken":0,"max_hp_gain":0,"max_hp_loss":0,"event_name":"Falling","floor":46,"gold_loss":0}],"is_beta":false,"boss_relics":[{"not_picked":["Tiny House","SacredBark"],"picked":"Busted Crown"},{"not_picked":["Empty Cage","Coffee Dripper"],"picked":"SlaversCollar"}],"items_purged_floors":[22,30],"is_endless":false,"potions_floor_spawned":[1,3,11,12,14,18,24,25,33,36,39,41,48],"killed_by":"Awakened One","ascension_level":0}}