{"host":"yq2wmfr0u0wuvxc0","time":1612654747,"event":{"mods":["Act Like it!","Aspiration","BaseMod","Colored Powertips","Curses Come First","Defuse TimeMaze Blight","Downfall","Friendly Minions","Gensokyo","Gremlin Mod","Hallownest","Hubris","Infinite Spire","Koishi","Lobotomy","Marisa????????","Minty Spire (QoL Compilation)","Pale of the Ancients","Quick Restart","Rare Cards Sparkle","Remilia??????","Shop Mod","Smile Girya","Spicy Shops","StSLib","Wide Potions","Youmu??????"],"gold_per_floor":[359,359,359,377,393,393,416,469,545,545,545,545,220,251,251,395,395,419,419,419,437,437,437,497,511,564,564,664,664,363,363,363,503,503,544,665,665,700,700,700,724,248,248,309,309,392,99,140,140,140,140,140,534,594,594],"floor_reached":56,"language":"ZHS","playtime":2504,"items_purged":["Strike_MRS","Lust_TH","Strike_MRS"],"score":1344,"play_id":"22b62bd7-b34c-4800-b360-b12aad0ec72a","local_time":"20210206153907","is_ascension_mode":false,"campfire_choices":[{"floor":6.0,"key":"REST"},{"floor":12.0,"key":"REST"},{"floor":15.0,"key":"REST"},{"data":"EnergyFlow","floor":23.0,"key":"SMITH"},{"data":"MaximisePower","floor":29.0,"key":"SMITH"},{"data":"SprinkleStarSeal","floor":32.0,"key":"SMITH"},{"floor":40.0,"key":"RECALL"},{"data":"OortCloud","floor":45.0,"key":"SMITH"},{"data":"BinaryStars","floor":49.0,"key":"SMITH"},{"data":"OneTimeOff","floor":52.0,"key":"SMITH"}],"circlet_count":0,"master_deck":["Defend_MRS","Defend_MRS+1","Defend_MRS+1","MasterSpark+1","UpSweep","MagicAbsorber","GrandCross+1","GrandCross+1","WitchOfGreed","SprinkleStarSeal+1","EnergyFlow+1","ManaRampage+1","PulseMagic+1","OortCloud+1","BinaryStars+1","ChargingUp+1","ChargingUp+1","Orbital+1","OneTimeOff+1","MaximisePower+1","Parasite","Parasite","EnergyRecoil","TreasureHunter","DeepEcoloBomb+1","OrrerysSun","Parasite","MillisecondPulsars","Acceleration+1","MaximisePower+1"],"relics":["MiniHakkero","Golden Idol","Juzu Bracelet","hubris:MysteriousPyramids","Astrolabe","hubris:Icosahedron","Ice Cream","ShroomBag","infinitespire:WardingShard","hubris:Towel","Cursed Key","Bag of Preparation","ClockworkSouvenir","Eternal Feather","MealTicket","Bottled Tornado","CatCart","SimpleLauncher","SproutingBranch","hubris:NiceRug","Nunchaku","hubris:SphereOfDissonance","hubris:EmptyBottle","Pen Nib","DollysMirror","War Paint","Mummified Hand","Whetstone"],"acts_visited":["Exordium","TheCity","TheBeyond","TheEnding"],"potions_floor_usage":[55,55,55],"damage_taken":[{"damage":6.0,"enemies":"Jaw Worm","floor":1.0,"turns":3.0},{"damage":0.0,"enemies":"2 Louse","floor":4.0,"turns":3.0},{"damage":5.0,"enemies":"Small Slimes","floor":5.0,"turns":3.0},{"damage":0.0,"enemies":"3 Louse","floor":7.0,"turns":2.0},{"damage":37.0,"enemies":"Lagavulin","floor":8.0,"turns":8.0},{"damage":7.0,"enemies":"Large Slime","floor":14.0,"turns":5.0},{"damage":15.0,"enemies":"Hexaghost","floor":16.0,"turns":10.0},{"damage":0.0,"enemies":"Chosen","floor":18.0,"turns":3.0},{"damage":0.0,"enemies":"Spheric Guardian","floor":21.0,"turns":1.0},{"damage":17.0,"enemies":"Nightmare","floor":24.0,"turns":6.0},{"damage":2.0,"enemies":"Centurion and Healer","floor":25.0,"turns":2.0},{"damage":9.0,"enemies":"Champ","floor":33.0,"turns":6.0},{"damage":19.0,"enemies":"3 Shapes","floor":35.0,"turns":5.0},{"damage":0.0,"enemies":"Orb Walker","floor":36.0,"turns":3.0},{"damage":0.0,"enemies":"Jaw Worm Horde","floor":38.0,"turns":3.0},{"damage":1.0,"enemies":"Sphere and 2 Shapes","floor":41.0,"turns":3.0},{"damage":3.0,"enemies":"Giant Head","floor":44.0,"turns":7.0},{"damage":0.0,"enemies":"Orin","floor":46.0,"turns":6.0},{"damage":3.0,"enemies":"Nemesis","floor":48.0,"turns":3.0},{"damage":1.0,"enemies":"hubris:GrandSnecko","floor":50.0,"turns":3.0},{"damage":2.0,"enemies":"hubris:Merchant","floor":53.0,"turns":6.0},{"damage":0.0,"enemies":"Shield and Spear","floor":54.0,"turns":3.0},{"damage":19,"enemies":"The Heart","floor":55,"turns":7}],"seed_played":"-457711914478252542","potions_obtained":[{"floor":5.0,"key":"EssenceOfSteel"},{"floor":7.0,"key":"Fire Potion"},{"floor":8.0,"key":"Strength Potion"},{"floor":16.0,"key":"BottledSpark"},{"floor":21.0,"key":"Guardian:BlockOnCardUsePotion"},{"floor":35.0,"key":"ShroomBrew"},{"floor":38.0,"key":"Explosive Potion"},{"floor":41.0,"key":"Explosive Potion"},{"floor":44.0,"key":"EntropicBrew"},{"floor":53.0,"key":"PowerPotion"},{"floor":53.0,"key":"DistilledChaos"}],"is_trial":false,"path_per_floor":["M","?","?","M","M","R","M","E","T","?","?","R","$","M","R","B",null,"M","?","?","M","?","R","NM","M","T","T","?","R","$","?","R","B",null,"M","M","?","M","?","R","M","$","T","E","R","?","$","E","R","B",null,"R","$","E","B",null],"character_chosen":"MARISA","items_purchased":["EnergyFlow","ManaRampage","PulseMagic","EnergyRecoil","infinitespire:WardingShard","OrrerysSun","Bag of Preparation","ClockworkSouvenir","SimpleLauncher"],"campfire_rested":3,"item_purchase_floors":[13,13,13,30,30,42,42,42,47],"current_hp_per_floor":[48,48,30,30,25,47,47,10,10,10,10,32,32,25,47,32,75,75,75,75,75,75,75,58,56,56,56,56,56,56,56,56,51,75,56,56,56,60,60,60,61,61,61,74,75,75,75,75,75,75,75,75,75,75,72],"gold":594,"neow_bonus":"TWO_FIFTY_GOLD","is_daily":false,"chose_seed":false,"campfire_upgraded":6,"win_rate":0.0,"timestamp":1612654747,"path_taken":["M","?","?","M","M","R","M","E","T","?","?","R","$","M","R","BOSS","M","?","?","M","?","R","NM","M","T","?","?","R","$","?","R","BOSS","M","M","?","M","?","R","M","$","T","E","R","?","$","E","R","BOSS","R","$","E","BOSS"],"items_purchased_type":["Card","Card","Card","Card","Relic","Card","Relic","Relic","Relic"],"build_version":"2020-12-22","purchased_purges":3,"victory":true,"max_hp_per_floor":[75,75,75,75,75,75,75,75,75,75,75,75,75,75,75,75,75,75,75,75,75,75,75,75,75,75,75,75,75,75,75,75,75,75,75,75,75,75,75,75,75,75,75,75,75,75,75,75,75,75,75,75,75,75,75],"card_choices":[{"not_picked":["MilkyWay","Acceleration"],"picked":"MagicAbsorber","floor":1.0},{"not_picked":["NonDirectionalLaser","ChargeUpSpray"],"picked":"GrandCross","floor":4.0},{"not_picked":["GravityBeat","SporeBomb"],"picked":"GrandCross","floor":5.0},{"not_picked":["Occultation","NonDirectionalLaser"],"picked":"WitchOfGreed","floor":7.0},{"not_picked":["SuperNova","MilkyWay","MysteriousBeam"],"picked":"SKIP","floor":8.0},{"not_picked":["MachineGunSpark","LuminesStrike"],"picked":"OortCloud","floor":14.0},{"not_picked":["SatelliteIllusion","CollectingQuirk"],"picked":"BinaryStars","floor":16.0},{"not_picked":["GasGiant","DoubleSpark","IllusionStar"],"picked":"SKIP","floor":18.0},{"not_picked":["NonDirectionalLaser","GalacticHalo"],"picked":"OneTimeOff","floor":21.0},{"not_picked":["SporeBomb","Robbery"],"picked":"MaximisePower","floor":24.0},{"not_picked":["WitchLeyline","DC","ShootingEcho"],"picked":"SKIP","floor":25.0},{"not_picked":["BlazingStar","EscapeVelocity"],"picked":"TreasureHunter","floor":33.0},{"not_picked":["WitchLeyline+1","GravityBeat+1"],"picked":"DeepEcoloBomb+1","floor":35.0},{"not_picked":["GalacticHalo","IllusionStar","LuminesStrike+1"],"picked":"SKIP","floor":36.0},{"not_picked":["MagicChant+1","LuminesStrike+1","AsteroidBelt"],"picked":"SKIP","floor":38.0},{"not_picked":["GrandCross+1","BlazeAway","EarthLightRay"],"picked":"SKIP","floor":41.0},{"not_picked":["IllusionStar","EscapeVelocity"],"picked":"MillisecondPulsars","floor":44.0},{"not_picked":["IllusionStar","SatelliteIllusion"],"picked":"Acceleration+1","floor":48.0},{"not_picked":["ChargeUpSpray"],"picked":"SKIP","floor":53.0},{"not_picked":["ShootingEcho"],"picked":"SKIP","floor":53.0},{"not_picked":["IllusionStar"],"picked":"SKIP","floor":53.0},{"not_picked":["PowerUp"],"picked":"SKIP","floor":53.0},{"not_picked":["OrrerysSun"],"picked":"SKIP","floor":53.0},{"not_picked":["PanicButton"],"picked":"SKIP","floor":53.0},{"not_picked":["HandOfGreed"],"picked":"SKIP","floor":53.0},{"not_picked":["IllusionStar+1","StarBarrage+1","SporeBomb+1"],"picked":"SKIP","floor":54.0}],"player_experience":325964,"relics_obtained":[{"floor":8.0,"key":"Juzu Bracelet"},{"floor":9.0,"key":"hubris:MysteriousPyramids"},{"floor":24.0,"key":"Ice Cream"},{"floor":27.0,"key":"ShroomBag"},{"floor":43.0,"key":"Eternal Feather"},{"floor":44.0,"key":"MealTicket"},{"floor":44.0,"key":"Bottled Tornado"},{"floor":46.0,"key":"CatCart"},{"floor":48.0,"key":"SproutingBranch"},{"floor":53.0,"key":"Nunchaku"},{"floor":53.0,"key":"hubris:SphereOfDissonance"},{"floor":53.0,"key":"hubris:EmptyBottle"},{"floor":53.0,"key":"Pen Nib"},{"floor":53.0,"key":"DollysMirror"},{"floor":53.0,"key":"War Paint"},{"floor":54.0,"key":"Mummified Hand"},{"floor":54.0,"key":"Whetstone"}],"event_choices":[{"damage_healed":0.0,"max_hp_gain":0.0,"max_hp_loss":0.0,"gold_gain":0.0,"event_name":"Golden Idol","player_choice":"Take Damage","floor":3.0,"gold_loss":0.0,"damage_taken":18.0,"relics_obtained":["Golden Idol"]},{"damage_healed":0.0,"max_hp_gain":0.0,"max_hp_loss":0.0,"gold_gain":0.0,"event_name":"The Mausoleum","player_choice":"Ignored","floor":22.0,"gold_loss":0.0,"damage_taken":0.0},{"damage_healed":0.0,"max_hp_gain":0.0,"max_hp_loss":0.0,"gold_gain":100.0,"event_name":"Golden Shrine","player_choice":"Pray","floor":28.0,"gold_loss":0.0,"damage_taken":0.0},{"damage_healed":0.0,"max_hp_gain":0.0,"max_hp_loss":0.0,"gold_gain":0.0,"event_name":"Accursed Blacksmith","player_choice":"Forge","floor":37.0,"gold_loss":0.0,"damage_taken":0.0,"cards_upgraded":["PulseMagic"]},{"damage_healed":0.0,"max_hp_gain":0.0,"max_hp_loss":0.0,"gold_gain":0.0,"event_name":"Tomb of Lord Red Mask","player_choice":"Ignored","floor":39.0,"gold_loss":0.0,"damage_taken":0.0},{"damage_healed":0.0,"max_hp_gain":0.0,"max_hp_loss":0.0,"gold_gain":0.0,"event_name":"OrinTheCat","player_choice":"Fight","floor":46.0,"gold_loss":0.0,"damage_taken":0.0}],"is_beta":false,"boss_relics":[{"not_picked":["BewitchedHakkero","Coffee Dripper"],"picked":"Astrolabe"},{"not_picked":["Fusion Hammer","aspiration:PoetsPen"],"picked":"Cursed Key"}],"items_purged_floors":[13,30,42],"is_endless":false,"potions_floor_spawned":[5,7,16,21,24,35,41,44],"ascension_level":0}}