{"host":"edndssuekvzbh3is","time":1612590945,"event":{"mods":["BaseMod","Colored Map","Colored Powertips","Minty Spire (QoL Compilation)","SuperFastMode"],"gold_per_floor":[115,133,145,163,163,194,194,213,213,213,213,242,242,258,258,355,355,368,387,402,16,34,34,34],"floor_reached":23,"language":"ENG","playtime":866,"items_purged":[],"score":226,"play_id":"054ae911-d08c-47a1-b0dc-feecf9f77a36","local_time":"20210206005545","is_ascension_mode":true,"campfire_choices":[{"floor":11,"key":"REST"},{"floor":15,"key":"REST"}],"circlet_count":0,"master_deck":["Defend_B","Defend_B","Defend_B","Defend_B","Zap","Dualcast","Coolheaded","Cold Snap","Hello World","Ball Lightning","Barrage","White Noise","Amplify","Go for the Eyes","Multi-Cast","Storm+1","Streamline+1","Ball Lightning+1","Conserve Battery+1","Heatsinks","BootSequence"],"relics":["Cracked Core","Mango","MealTicket","CaptainsWheel","Dead Branch","Gambling Chip","Astrolabe","Mummified Hand"],"acts_visited":["Exordium","TheCity"],"potions_floor_usage":[6,16,22,23],"damage_taken":[{"damage":0,"enemies":"Small Slimes","floor":1,"turns":2},{"damage":2,"enemies":"Jaw Worm","floor":2,"turns":4},{"damage":0,"enemies":"2 Louse","floor":3,"turns":2},{"damage":31,"enemies":"Large Slime","floor":4,"turns":8},{"damage":4,"enemies":"Lagavulin","floor":6,"turns":8},{"damage":24,"enemies":"Lots of Slimes","floor":8,"turns":4},{"damage":12,"enemies":"Gremlin Nob","floor":12,"turns":3},{"damage":12,"enemies":"Blue Slaver","floor":14,"turns":4},{"damage":9,"enemies":"Hexaghost","floor":16,"turns":10},{"damage":7,"enemies":"Chosen","floor":18,"turns":4},{"damage":37,"enemies":"3 Byrds","floor":19,"turns":5},{"damage":13,"enemies":"Centurion and Healer","floor":20,"turns":8},{"damage":9,"enemies":"Snake Plant","floor":22,"turns":4},{"damage":41,"enemies":"Gremlin Leader","floor":23,"turns":4}],"seed_played":"5229469253864886575","potions_obtained":[{"floor":4,"key":"Swift Potion"},{"floor":12,"key":"SmokeBomb"},{"floor":14,"key":"ColorlessPotion"},{"floor":22,"key":"Fruit Juice"}],"is_trial":false,"path_per_floor":["M","M","M","M","?","E","?","M","T","?","R","E","?","M","R","B",null,"M","M","M","$","M","E"],"character_chosen":"DEFECT","items_purchased":["Mummified Hand","BlessingOfTheForge","Heatsinks"],"campfire_rested":2,"item_purchase_floors":[21,21,21],"current_hp_per_floor":[82,80,80,49,49,45,45,21,21,9,33,21,21,9,33,24,82,75,38,25,40,31,0,0],"gold":34,"neow_bonus":"ONE_RARE_RELIC","is_daily":false,"chose_seed":false,"campfire_upgraded":0,"win_rate":0.0,"timestamp":1612590945,"path_taken":["M","M","M","M","?","E","?","M","T","?","R","E","?","M","R","BOSS","M","M","M","$","M","E"],"items_purchased_type":["Relic","Potion","Card"],"build_version":"2020-12-22","purchased_purges":0,"victory":false,"max_hp_per_floor":[82,82,82,82,82,82,82,82,82,82,82,82,82,82,82,82,82,82,82,82,82,82,87,87],"card_choices":[{"not_picked":["Sweeping Beam","Gash"],"picked":"Coolheaded","floor":1},{"not_picked":["Hologram","Barrage"],"picked":"Cold Snap","floor":2},{"not_picked":["Beam Cell","Hologram"],"picked":"Hello World","floor":3},{"not_picked":["Redo","Stack"],"picked":"Ball Lightning","floor":4},{"not_picked":["Coolheaded","Turbo"],"picked":"Barrage","floor":6},{"not_picked":["Steam","Scrape"],"picked":"White Noise","floor":8},{"not_picked":["Fusion","Static Discharge"],"picked":"Amplify","floor":12},{"not_picked":["Ball Lightning","Redo"],"picked":"Go for the Eyes","floor":14},{"not_picked":["Rainbow","Seek"],"picked":"Multi-Cast","floor":16},{"not_picked":["Ball Lightning+1","Gash"],"picked":"Conserve Battery+1","floor":18},{"not_picked":["Barrage+1","Streamline","Go for the Eyes"],"picked":"SKIP","floor":19},{"not_picked":["Sweeping Beam","Ball Lightning+1","Hologram"],"picked":"SKIP","floor":20},{"not_picked":["Skim","Hello World"],"picked":"BootSequence","floor":22}],"player_experience":352254,"relics_obtained":[{"floor":6,"key":"MealTicket"},{"floor":9,"key":"CaptainsWheel"},{"floor":12,"key":"Gambling Chip"}],"event_choices":[{"damage_healed":0,"gold_gain":0,"player_choice":"Ignored","damage_taken":0,"max_hp_gain":0,"max_hp_loss":0,"event_name":"Golden Idol","floor":5,"gold_loss":0},{"cards_removed":["Strike_B"],"damage_healed":0,"gold_gain":0,"player_choice":"Forget","damage_taken":0,"max_hp_gain":0,"max_hp_loss":0,"event_name":"Living Wall","floor":7,"gold_loss":0},{"damage_healed":0,"gold_gain":0,"player_choice":"Success","damage_taken":12,"relics_obtained":["Dead Branch"],"max_hp_gain":0,"max_hp_loss":0,"event_name":"Scrap Ooze","floor":10,"gold_loss":0},{"damage_healed":0,"gold_gain":0,"player_choice":"Ignored","damage_taken":0,"max_hp_gain":0,"max_hp_loss":0,"event_name":"Shining Light","floor":13,"gold_loss":0}],"is_beta":false,"boss_relics":[{"not_picked":["Black Star","Philosopher\u0027s Stone"],"picked":"Astrolabe"}],"items_purged_floors":[],"is_endless":false,"potions_floor_spawned":[4,12,14,22],"killed_by":"Gremlin Leader","ascension_level":2}}