{"host":"t75twhtg6c476ygg","time":1612630853,"event":{"mods":["AchievementEnabler","BaseMod","Colored Powertips","Minty Spire (QoL Compilation)","Quick Restart","Relic Stats","StSLib","SuperFastMode"],"gold_per_floor":[99,99,113,126,173,173,173,207,207,207,207],"floor_reached":11,"language":"ENG","playtime":1976,"items_purged":[],"score":207,"play_id":"7cdad9a6-0b56-4410-807a-9c20f01f2817","local_time":"20210206170053","is_ascension_mode":true,"campfire_choices":[{"floor":10,"key":"REST"}],"circlet_count":0,"master_deck":["Limit Break+1","Pain","Rupture+1","Rupture+1","Reaper+1","Heavy Blade+1"],"relics":["Burning Blood","Pocketwatch","Orichalcum"],"acts_visited":["Exordium","TheBeyond","TheBeyond"],"potions_floor_usage":[],"damage_taken":[{"damage":2,"enemies":"3 Darklings","floor":4,"turns":1},{"damage":1,"enemies":"Writhing Mass","floor":5,"turns":1},{"damage":1,"enemies":"2 Orb Walkers","floor":6,"turns":1},{"damage":1,"enemies":"Transient","floor":8,"turns":1},{"damage":4,"enemies":"Giant Head","floor":9,"turns":2},{"damage":3,"enemies":"3 Darklings","floor":11,"turns":2}],"seed_played":"-8628106991698003849","potions_obtained":[{"floor":5,"key":"SkillPotion"},{"floor":6,"key":"SneckoOil"},{"floor":9,"key":"SteroidPotion"}],"is_trial":false,"path_per_floor":["M","M","M","?","?","M","E","R","M"],"character_chosen":"IRONCLAD","items_purchased":[],"campfire_rested":1,"item_purchase_floors":[],"current_hp_per_floor":[86,88,88,88,88,88,88,88,88,88,88],"gold":207,"neow_bonus":"TEN_PERCENT_HP_BONUS","is_daily":false,"chose_seed":false,"campfire_upgraded":0,"win_rate":0.0,"timestamp":1612630853,"path_taken":["M","M","M","?","?","M","E","R","M"],"items_purchased_type":[],"build_version":"2020-12-22","purchased_purges":0,"victory":false,"max_hp_per_floor":[88,88,88,88,88,88,88,88,88,88,88],"relic_stats":{"counters":[7,9],"Orichalcum":[6],"obtain_stats":[{"Orichalcum":9,"Burning Blood":0,"Pocketwatch":6},{"Orichalcum":6,"Burning Blood":0,"Pocketwatch":4},{"Orichalcum":7,"Burning Blood":0,"Pocketwatch":4}],"Burning Blood":5,"Pocketwatch":[0]},"card_choices":[{"not_picked":["Heavy Blade","Rampage+1","Headbutt"],"picked":"SKIP","floor":4},{"not_picked":["Anger+1","Sword Boomerang+1","Power Through"],"picked":"SKIP","floor":5},{"not_picked":["Flex","Perfected Strike+1","Iron Wave+1"],"picked":"SKIP","floor":8},{"not_picked":["Infernal Blade","Burning Pact+1","Fire Breathing"],"picked":"SKIP","floor":9}],"player_experience":357954,"relics_obtained":[{"floor":6,"key":"Pocketwatch"},{"floor":9,"key":"Orichalcum"}],"event_choices":[{"damage_healed":0,"gold_gain":0,"player_choice":"Fight","damage_taken":0,"max_hp_gain":0,"max_hp_loss":0,"event_name":"Mysterious Sphere","floor":6,"gold_loss":0},{"cards_removed":["Rupture"],"damage_healed":0,"gold_gain":0,"player_choice":"Removed Power","damage_taken":0,"max_hp_gain":0,"max_hp_loss":0,"event_name":"Falling","floor":7,"gold_loss":0}],"is_beta":false,"boss_relics":[],"items_purged_floors":[],"is_endless":false,"potions_floor_spawned":[5,6,9,11],"killed_by":"3 Darklings","ascension_level":9}}