{"host":"oehe2dxjvdgux73m","time":1612615624,"event":{"mods":["AchievementEnabler","BaseMod","Colored Map","Colored Powertips","DeckTracker","Keyboard Shortcuts","Minty Spire (QoL Compilation)","Permanent Neow","Quick Restart","StSLib","SuperFastMode"],"gold_per_floor":[118,118,134,59,39,39,55,55,55,89,106,122,122,122,122,195,195,206,219,45,61,111,111,128,128,128,140,140,140,64,82,82,160,160,176,176,193,211,229,229,263,263,332,332,332],"floor_reached":44,"language":"KOR","playtime":1856,"items_purged":["Strike_G","Strike_G"],"score":880,"play_id":"06b942e9-5de2-4b68-bbe6-f99e6eaf30ff","local_time":"20210206214704","is_ascension_mode":true,"campfire_choices":[{"data":"Blade Dance","floor":6.0,"key":"SMITH"},{"data":"Neutralize","floor":8.0,"key":"SMITH"},{"data":"Prepared","floor":13.0,"key":"SMITH"},{"data":"Crippling Poison","floor":15.0,"key":"SMITH"},{"data":"Burst","floor":23.0,"key":"SMITH"},{"data":"Calculated Gamble","floor":25.0,"key":"SMITH"},{"data":"Footwork","floor":28.0,"key":"SMITH"},{"data":"Calculated Gamble","floor":32.0,"key":"SMITH"},{"floor":40,"key":"RECALL"}],"circlet_count":0,"master_deck":["AscendersBane","Defend_G","Defend_G","Defend_G","Defend_G+1","Defend_G","Survivor","Neutralize+1","Infinite Blades","Poisoned Stab","Cloak And Dagger+1","Blade Dance+1","Prepared+1","Crippling Poison+1","Dagger Throw","Burst+1","Acrobatics","Calculated Gamble+1","Footwork+1","Well Laid Plans","Calculated Gamble+1","Grand Finale","Tactician","Acrobatics","Backflip"],"relics":["Ring of the Snake","Ornamental Fan","Tingsha","Coffee Dripper","Pear","Fusion Hammer","Bag of Preparation"],"acts_visited":["Exordium","TheCity","TheBeyond"],"potions_floor_usage":[44],"damage_taken":[{"damage":0.0,"enemies":"2 Louse","floor":1.0,"turns":3.0},{"damage":0.0,"enemies":"Cultist","floor":3.0,"turns":3.0},{"damage":0.0,"enemies":"Jaw Worm","floor":7.0,"turns":3.0},{"damage":16.0,"enemies":"Gremlin Nob","floor":10.0,"turns":4.0},{"damage":0.0,"enemies":"3 Louse","floor":11.0,"turns":4.0},{"damage":0.0,"enemies":"Blue Slaver","floor":12.0,"turns":3.0},{"damage":25.0,"enemies":"Hexaghost","floor":16.0,"turns":10.0},{"damage":0.0,"enemies":"3 Byrds","floor":18.0,"turns":3.0},{"damage":9.0,"enemies":"Spheric Guardian","floor":19.0,"turns":4.0},{"damage":0.0,"enemies":"Snecko","floor":21.0,"turns":4.0},{"damage":0.0,"enemies":"3 Cultists","floor":24.0,"turns":3.0},{"damage":1.0,"enemies":"Centurion and Healer","floor":27.0,"turns":7.0},{"damage":1.0,"enemies":"Snecko","floor":31.0,"turns":6.0},{"damage":48.0,"enemies":"Collector","floor":33.0,"turns":8.0},{"damage":0.0,"enemies":"3 Darklings","floor":35.0,"turns":4.0},{"damage":12.0,"enemies":"Orb Walker","floor":37.0,"turns":4.0},{"damage":17,"enemies":"Sphere and 2 Shapes","floor":38,"turns":7},{"damage":17,"enemies":"Spire Growth","floor":39,"turns":4},{"damage":11,"enemies":"Nemesis","floor":41,"turns":5},{"damage":1,"enemies":"Giant Head","floor":44,"turns":4}],"seed_played":"1265419570981236915","potions_obtained":[{"floor":1.0,"key":"SpeedPotion"},{"floor":3.0,"key":"SneckoOil"},{"floor":5.0,"key":"FairyPotion"},{"floor":18.0,"key":"Dexterity Potion"},{"floor":21.0,"key":"Weak Potion"},{"floor":31.0,"key":"SteroidPotion"},{"floor":35.0,"key":"CultistPotion"},{"floor":36.0,"key":"FairyPotion"},{"floor":41,"key":"ColorlessPotion"}],"is_trial":false,"path_per_floor":["M","?","M","$","?","R","M","R","T","E","M","M","R","?","R","B",null,"M","M","$","M","?","R","M","R","T","M","R","?","$","M","R","B",null,"M","?","M","M","M","R","E","R","T","E"],"character_chosen":"THE_SILENT","items_purchased":["Calculated Gamble","Well Laid Plans"],"campfire_rested":0,"item_purchase_floors":[20,30],"current_hp_per_floor":[59,41,41,41,41,41,41,41,41,25,25,25,25,25,25,18,50,50,41,41,41,41,41,41,41,51,50,50,50,50,49,49,1,53,53,53,41,24,7,7,17,17,17,16,16],"gold":332,"neow_bonus":"TRANSFORM_TWO_CARDS","is_daily":false,"chose_seed":false,"campfire_upgraded":8,"win_rate":0.0,"timestamp":1612615624,"path_taken":["M","?","M","$","?","R","M","R","T","E","M","?","R","?","R","BOSS","M","M","$","M","?","R","M","R","T","M","R","?","$","M","R","BOSS","M","?","M","M","?","R","E","R","T","E"],"items_purchased_type":["Card","Card"],"build_version":"2020-12-22","purchased_purges":2,"victory":false,"max_hp_per_floor":[60,60,60,60,60,60,60,60,60,60,60,60,60,60,60,60,60,60,60,60,60,60,60,60,60,70,70,70,70,70,70,70,70,70,70,70,70,70,70,70,70,70,70,70,70],"card_choices":[{"not_picked":["Caltrops","Sucker Punch"],"picked":"Cloak And Dagger","floor":1.0},{"not_picked":["Dagger Spray","Deflect"],"picked":"Blade Dance","floor":3.0},{"not_picked":["Outmaneuver","Riddle With Holes","Poisoned Stab"],"picked":"SKIP","floor":7.0},{"not_picked":["Sucker Punch","Expertise"],"picked":"Prepared","floor":10.0},{"not_picked":["Dagger Spray","Deadly Poison"],"picked":"Crippling Poison","floor":11.0},{"not_picked":["Unload","Prepared"],"picked":"Dagger Throw","floor":12.0},{"not_picked":["Doppelganger","Tools of the Trade"],"picked":"Burst","floor":16.0},{"not_picked":["Flying Knee","Dagger Throw+1"],"picked":"Acrobatics","floor":18.0},{"not_picked":["Outmaneuver+1","Sucker Punch","Cloak And Dagger"],"picked":"SKIP","floor":19.0},{"not_picked":["Infinite Blades","Outmaneuver","Deadly Poison"],"picked":"SKIP","floor":21.0},{"not_picked":["Endless Agony","Underhanded Strike"],"picked":"Footwork","floor":24.0},{"not_picked":["Backflip","Acrobatics","Quick Slash"],"picked":"SKIP","floor":27.0},{"not_picked":["Endless Agony","Accuracy"],"picked":"Calculated Gamble","floor":31.0},{"not_picked":["Adrenaline","Phantasmal Killer"],"picked":"Grand Finale","floor":33.0},{"not_picked":["Deflect","Deadly Poison","Dodge and Roll"],"picked":"SKIP","floor":35.0},{"not_picked":["Backflip","Venomology"],"picked":"Tactician","floor":37.0},{"not_picked":["Choke","Backstab+1","PiercingWail"],"picked":"SKIP","floor":38},{"not_picked":["Poisoned Stab","Infinite Blades"],"picked":"Acrobatics","floor":39},{"not_picked":["Masterful Stab","Outmaneuver"],"picked":"Backflip","floor":41}],"player_experience":387864,"relics_obtained":[{"floor":9.0,"key":"Ornamental Fan"},{"floor":10.0,"key":"Tingsha"},{"floor":26.0,"key":"Pear"},{"floor":41,"key":"Bag of Preparation"}],"event_choices":[{"damage_healed":0.0,"max_hp_gain":0.0,"max_hp_loss":0.0,"gold_gain":0.0,"event_name":"Shining Light","player_choice":"Entered Light","floor":2.0,"gold_loss":0.0,"damage_taken":18.0,"cards_upgraded":["Cloak And Dagger","Defend_G"]},{"damage_healed":0.0,"max_hp_gain":0.0,"max_hp_loss":0.0,"gold_gain":0.0,"event_name":"The Woman in Blue","player_choice":"Bought 1 Potion","floor":5.0,"gold_loss":0.0,"damage_taken":0.0},{"cards_removed":["Strike_G"],"damage_healed":0.0,"max_hp_gain":0.0,"max_hp_loss":0.0,"gold_gain":0.0,"event_name":"Living Wall","player_choice":"Forget","floor":14.0,"gold_loss":0.0,"damage_taken":0.0},{"damage_healed":0.0,"max_hp_gain":0.0,"max_hp_loss":0.0,"gold_gain":50.0,"event_name":"Nest","player_choice":"Stole From Cult","floor":22.0,"gold_loss":0.0,"damage_taken":0.0},{"damage_healed":0.0,"max_hp_gain":0.0,"max_hp_loss":0.0,"gold_gain":0.0,"event_name":"Vampires","player_choice":"Ignored","floor":29.0,"gold_loss":0.0,"damage_taken":0.0},{"damage_healed":0.0,"max_hp_gain":0.0,"max_hp_loss":0.0,"gold_gain":0.0,"event_name":"Lab","player_choice":"Got Potions","floor":36.0,"gold_loss":0.0,"damage_taken":0.0}],"is_beta":false,"boss_relics":[{"not_picked":["SlaversCollar","Ring of the Serpent"],"picked":"Coffee Dripper"},{"not_picked":["Tiny House","Calling Bell"],"picked":"Fusion Hammer"}],"items_purged_floors":[4,20],"is_endless":false,"potions_floor_spawned":[1,3,18,21,31,35,38,41],"killed_by":"Giant Head","ascension_level":20}}