{"host":"u1dfzl6o6mfmauc3","time":1612578226,"event":{"mods":["2.2 Compatiblity","AchievementEnabler","BaseMod","Bestiary","Block Reminder","Challenge The Spire","Colored Map","Dark Map","Hermit","Highlight Path","Marisa????????","Minty Spire (QoL Compilation)","Random Character Button","Rare Cards Sparkle","Relic Stats","Robot Space Explorer","StSLib","The Disciple"],"gold_per_floor":[117,117,117,133,208,238,238,255,255,255,17,17,43,43,67,67,171,171,188,208,208,88,88,119,135,135,135,44,64,64,13,27,27,124,124,144,0,49,61,81,81,111,111,134,134,134],"floor_reached":45,"language":"ENG","playtime":1606,"items_purged":["Shame"],"score":615,"play_id":"5b402582-e2bb-4cf2-8c65-e835ecd2d7d0","local_time":"20210205212346","is_ascension_mode":true,"campfire_choices":[{"data":"SashWhip","floor":7,"key":"SMITH"},{"data":"Ragnarok","floor":12,"key":"SMITH"},{"floor":16,"key":"REST"},{"floor":30,"key":"REST"},{"floor":33,"key":"REST"},{"floor":41,"key":"REST"}],"circlet_count":0,"master_deck":["Strike_P+1","Strike_P","Strike_P+1","Strike_P+1","Defend_P","Defend_P","Defend_P","Eruption+1","Vigilance+1","Protect+1","Consecrate","SashWhip+1","ThirdEye+1","Ragnarok+1","CutThroughFate","Crescendo","WaveOfTheHand+1","LessonLearned","WreathOfFlame","LikeWater","Tantrum+1","Dark Shackles","Conclude+1","Wallop","EmptyFist+1","Halt+1"],"relics":["PureWater","NeowsBlessing","Nunchaku","Kunai","Singing Bowl","Pear","Smiling Mask","Runic Pyramid","Damaru","GoldenEye","Bag of Marbles","Sozu","Red Mask","Girya","Regal Pillow","Dream Catcher"],"acts_visited":["Exordium","TheCity","TheBeyond"],"potions_floor_usage":[13,17,24,34,34,40],"damage_taken":[{"damage":0,"enemies":"Jaw Worm","floor":1,"turns":1},{"damage":0,"enemies":"Small Slimes","floor":4,"turns":1},{"damage":0,"enemies":"3 Sentries","floor":6,"turns":1},{"damage":0,"enemies":"2 Louse","floor":8,"turns":1},{"damage":6,"enemies":"Lagavulin","floor":13,"turns":5},{"damage":52,"enemies":"Hexaghost","floor":17,"turns":8},{"damage":15,"enemies":"Shell Parasite","floor":19,"turns":6},{"damage":0,"enemies":"Chosen","floor":20,"turns":4},{"damage":31,"enemies":"Slavers","floor":24,"turns":5},{"damage":9,"enemies":"Centurion and Healer","floor":25,"turns":5},{"damage":8,"enemies":"Sentry and Sphere","floor":29,"turns":3},{"damage":0,"enemies":"Chosen and Byrds","floor":32,"turns":3},{"damage":56,"enemies":"Collector","floor":34,"turns":9},{"damage":0,"enemies":"Orb Walker","floor":36,"turns":1},{"damage":11,"enemies":"2 Orb Walkers","floor":38,"turns":3},{"damage":8,"enemies":"3 Shapes","floor":39,"turns":10},{"damage":45,"enemies":"Maw","floor":40,"turns":6},{"damage":33,"enemies":"Nemesis","floor":42,"turns":7},{"damage":44,"enemies":"Giant Head","floor":45,"turns":5}],"seed_played":"6247871016833884893","potions_obtained":[{"floor":1,"key":"LiquidMemories"},{"floor":8,"key":"SneckoOil"},{"floor":17,"key":"AttackPotion"},{"floor":24,"key":"LiquidMemories"},{"floor":25,"key":"FearPotion"},{"floor":32,"key":"BottledMiracle"}],"is_trial":false,"path_per_floor":["M","?","?","M","?","E","R","M","T","T","$","R","E","?","T","R","B",null,"M","M","?","$","?","E","M","?","T","$","M","R","$","M","R","B",null,"M","?","?","M","M","R","E","?","T","E"],"character_chosen":"WATCHER","items_purchased":["Ragnarok","CutThroughFate","Crescendo","LikeWater","Dark Shackles","Fire Potion"],"campfire_rested":4,"item_purchase_floors":[11,11,11,22,28,31],"current_hp_per_floor":[72,65,65,65,58,58,58,58,58,58,58,58,62,46,46,70,18,82,67,69,69,69,69,40,31,31,31,31,23,48,48,50,76,22,90,90,90,81,73,28,55,24,26,26,0,0],"gold":134,"neow_bonus":"THREE_ENEMY_KILL","is_daily":false,"chose_seed":false,"campfire_upgraded":2,"win_rate":0.0,"timestamp":1612578226,"path_taken":["M","?","?","M","?","E","R","?","T","T","$","R","E","?","?","R","BOSS","M","M","?","$","?","E","M","?","T","$","M","R","?","M","R","BOSS","M","?","?","M","M","R","E","?","T","E"],"items_purchased_type":["Card","Card","Card","Card","Card","Potion"],"build_version":"2020-12-22","purchased_purges":1,"victory":false,"max_hp_per_floor":[72,72,72,72,72,72,72,72,72,72,72,72,82,82,82,82,82,82,82,84,84,84,84,86,86,86,86,86,86,86,86,88,88,90,90,90,90,92,92,92,92,94,96,96,96,96],"relic_stats":{"Sozu":2,"Nunchaku":[14],"Regal Pillow":0,"Dream Catcher":0,"Singing Bowl":14,"counters":[19,84],"Kunai":[21],"Smiling Mask":25,"GoldenEye":[26],"obtain_stats":[{"Girya":38,"Regal Pillow":42,"Pear":13,"NeowsBlessing":0,"Singing Bowl":10,"Damaru":21,"Smiling Mask":15,"GoldenEye":24,"Sozu":35,"Nunchaku":6,"Dream Catcher":44,"Bag of Marbles":27,"Red Mask":37,"Kunai":9,"PureWater":0,"Runic Pyramid":18},{"Girya":15,"Regal Pillow":18,"Pear":5,"NeowsBlessing":0,"Singing Bowl":4,"Damaru":8,"Smiling Mask":5,"GoldenEye":9,"Sozu":13,"Nunchaku":3,"Dream Catcher":18,"Bag of Marbles":10,"Red Mask":14,"Kunai":4,"PureWater":0,"Runic Pyramid":6},{"Girya":56,"Regal Pillow":79,"Pear":9,"NeowsBlessing":0,"Singing Bowl":4,"Damaru":27,"Smiling Mask":9,"GoldenEye":32,"Sozu":52,"Nunchaku":3,"Dream Catcher":79,"Bag of Marbles":37,"Red Mask":53,"Kunai":4,"PureWater":0,"Runic Pyramid":17}]},"card_choices":[{"not_picked":["Crescendo","FlyingSleeves"],"picked":"Protect","floor":1},{"not_picked":["Halt","FlyingSleeves"],"picked":"Consecrate","floor":4},{"not_picked":["Crescendo","Protect"],"picked":"SashWhip","floor":6},{"not_picked":["Wireheading","Indignation"],"picked":"ThirdEye","floor":8},{"not_picked":["PathToVictory","Crescendo"],"picked":"WaveOfTheHand","floor":13},{"not_picked":["MasterReality","Judgement"],"picked":"LessonLearned","floor":17},{"not_picked":["Consecrate+1","Vengeance"],"picked":"WreathOfFlame","floor":19},{"not_picked":["Consecrate","ReachHeaven+1","CarveReality"],"picked":"Singing Bowl","floor":20},{"not_picked":["Evaluate","ReachHeaven","Scrawl"],"picked":"Singing Bowl","floor":24},{"not_picked":["ThirdEye","Prostrate"],"picked":"Tantrum","floor":25},{"not_picked":["Crescendo+1","JustLucky"],"picked":"Conclude+1","floor":29},{"not_picked":["Nirvana","ThirdEye+1","MentalFortress+1"],"picked":"Singing Bowl","floor":32},{"not_picked":["Blasphemy","Judgement","MasterReality"],"picked":"Singing Bowl","floor":34},{"not_picked":["CrushJoints","ForeignInfluence+1"],"picked":"Wallop","floor":36},{"not_picked":["ReachHeaven+1","Crescendo+1","Swivel"],"picked":"Singing Bowl","floor":38},{"not_picked":["CrushJoints+1","CutThroughFate+1"],"picked":"EmptyFist+1","floor":39},{"not_picked":["BowlingBash+1","Prostrate+1"],"picked":"Halt+1","floor":40},{"not_picked":["Prostrate+1","Wish","Evaluate+1"],"picked":"Singing Bowl","floor":42},{"not_picked":["HandOfGreed","Panache","Deep Breath"],"picked":"Singing Bowl","floor":43}],"player_experience":230889,"relics_obtained":[{"floor":6,"key":"Nunchaku"},{"floor":9,"key":"Kunai"},{"floor":10,"key":"Singing Bowl"},{"floor":13,"key":"Pear"},{"floor":15,"key":"Smiling Mask"},{"floor":24,"key":"GoldenEye"},{"floor":27,"key":"Bag of Marbles"},{"floor":38,"key":"Girya"},{"floor":42,"key":"Regal Pillow"},{"floor":44,"key":"Dream Catcher"}],"event_choices":[{"cards_removed":["Defend_P"],"damage_healed":0,"gold_gain":0,"player_choice":"Card Removal","damage_taken":7,"max_hp_gain":0,"max_hp_loss":0,"event_name":"Golden Wing","floor":2,"gold_loss":0},{"damage_healed":0,"gold_gain":0,"player_choice":"Grow","damage_taken":0,"max_hp_gain":0,"max_hp_loss":0,"event_name":"Living Wall","floor":3,"gold_loss":0,"cards_upgraded":["Eruption"]},{"damage_healed":0,"gold_gain":75,"player_choice":"Touch","damage_taken":7,"max_hp_gain":0,"max_hp_loss":0,"event_name":"FaceTrader","floor":5,"gold_loss":0},{"damage_healed":0,"gold_gain":0,"player_choice":"Entered Light","damage_taken":16,"max_hp_gain":0,"max_hp_loss":0,"event_name":"Shining Light","floor":14,"gold_loss":0,"cards_upgraded":["Vigilance","Protect"]},{"damage_healed":0,"gold_gain":0,"player_choice":"Stole Relic","damage_taken":0,"relics_obtained":["Damaru"],"max_hp_gain":0,"max_hp_loss":0,"event_name":"Addict","floor":21,"gold_loss":0,"cards_obtained":["Shame"]},{"damage_healed":0,"gold_gain":0,"player_choice":"Ignored","damage_taken":0,"max_hp_gain":0,"max_hp_loss":0,"event_name":"Ghosts","floor":23,"gold_loss":0},{"damage_healed":0,"gold_gain":0,"player_choice":"Ignored","damage_taken":0,"max_hp_gain":0,"max_hp_loss":0,"event_name":"Cursed Tome","floor":26,"gold_loss":0},{"damage_healed":0,"gold_gain":0,"player_choice":"Paid","damage_taken":0,"relics_obtained":["Red Mask"],"max_hp_gain":0,"max_hp_loss":0,"event_name":"Tomb of Lord Red Mask","floor":37,"gold_loss":144},{"damage_healed":0,"gold_gain":0,"player_choice":"Fight","damage_taken":0,"max_hp_gain":0,"max_hp_loss":0,"event_name":"Mysterious Sphere","floor":38,"gold_loss":0},{"damage_healed":0,"gold_gain":0,"player_choice":"Memory 1","damage_taken":0,"max_hp_gain":0,"max_hp_loss":0,"event_name":"SensoryStone","floor":43,"gold_loss":0}],"is_beta":false,"boss_relics":[{"not_picked":["HolyWater","Tiny House"],"picked":"Runic Pyramid"},{"not_picked":["Coffee Dripper","Runic Dome"],"picked":"Sozu"}],"items_purged_floors":[22],"is_endless":false,"potions_floor_spawned":[1,8,17,24,25,32,39,42],"killed_by":"Giant Head","ascension_level":4}}