{"host":"hcg2wesxzfo46upw","time":1612651250,"event":{"mods":["2.2 Compatiblity","AchievementEnabler","Act Like it!","Aspiration","BaseMod","Beaked The Cultist","Better Altar","Better Match","Better Note","Better Sensory Stone","Better Skull","Better Third Choice","Bossed Relics","ChefMod","Clockwork Mod","Conspire","Downfall","Elementarium","Gensokyo","GifTheSpireLib","Glutton Mod","Hermit","Hubris","Infinite Spire","Jedi Mod","Mad Scientist","Minty Spire (QoL Compilation)","Pale of the Ancients","Reliquary","Replay The Spire","Robot Space Explorer","Shade Mod","Spicy Shops","Spikes Relics","StSLib","Stuff the Spire","The Blackbeard","The Bug Knight","The Construct","The Cursed","The Death Knight","The Disciple","The Forsaken","The Jungle","The Marked","The Necromancer","The Runesmith","The Vixen","Wandering Minibosses"],"gold_per_floor":[118,118,132,132,145,175,190,51,51,61,61,80,114,126,126,222,222,236,255,255,255,255],"floor_reached":21,"language":"ENG","playtime":1471,"items_purged":["Amnesia"],"score":218,"play_id":"58ece7db-7154-43e3-a689-c4231a82bf3e","local_time":"20210206234050","is_ascension_mode":false,"campfire_choices":[{"data":"hermit:Manifest","floor":11,"key":"SMITH"},{"data":"hermit:Showdown","floor":15,"key":"SMITH"}],"circlet_count":0,"master_deck":["hermit:Strike_Hermit","hermit:Strike_Hermit","hermit:Strike_Hermit","hermit:Strike_Hermit","hermit:Defend_Hermit","hermit:Defend_Hermit","hermit:Defend_Hermit","hermit:Defend_Hermit","hermit:Snapshot","hermit:Covet","hermit:LowProfile","hermit:HoleUp","hermit:Enervate","hermit:FinalCanter","hermit:Brawl","hermit:Showdown+1","hermit:Midnight","hermit:Manifest+1","hermit:FullyLoaded","hermit:RoundhouseKick","hermit:SprayPray","hermit:FromBeyond","hermit:Roulette+1","ReplayTheSpireMod:Book of Names"],"relics":["hermit:Momento","NeowsBlessing","Runesmith:Nanobots","Ring of Fury","ReplayTheSpireMod:Ring of Sloth","InkBottle","BranchBurnRelic","infinitespire:CursedDice","reliquary:WritOfMandamus","hermit:ClaspedLocket","Cauldron"],"acts_visited":["Exordium","TheCity"],"potions_floor_usage":[13,13,16,21,21,21,21,21],"damage_taken":[{"damage":0,"enemies":"2 Louse","floor":1,"turns":1},{"damage":0,"enemies":"Small Slimes","floor":3,"turns":1},{"damage":0,"enemies":"Jaw Worm","floor":5,"turns":1},{"damage":11,"enemies":"Gremlin Nob","floor":6,"turns":4},{"damage":0,"enemies":"Exordium Thugs","floor":7,"turns":4},{"damage":7,"enemies":"conspire:2 RoseBushes","floor":10,"turns":3},{"damage":5,"enemies":"Exordium Wildlife","floor":12,"turns":3},{"damage":0,"enemies":"Replay:BlueRogue","floor":13,"turns":5},{"damage":0,"enemies":"Blue Slaver","floor":14,"turns":1},{"damage":61,"enemies":"The Guardian","floor":16,"turns":10},{"damage":34,"enemies":"Chosen","floor":18,"turns":6},{"damage":19,"enemies":"Centurion and Healer","floor":19,"turns":3},{"damage":29,"enemies":"3 Cultists","floor":21,"turns":6}],"seed_played":"-548936268636562325","potions_obtained":[{"floor":3,"key":"LifebloodPotion"},{"floor":6,"key":"Weak Potion"},{"floor":10,"key":"Toxic Potion"},{"floor":12,"key":"Explosive Potion"},{"floor":16,"key":"DeathKnight:RimePotion"},{"floor":18,"key":"Strength Potion"},{"floor":20,"key":"hexamod:SoulburnPotion"},{"floor":20,"key":"EntropicBrew"}],"is_trial":false,"path_per_floor":["M","?","M","?","M","E","M","$","T","M","R","M","E","M","R","B",null,"M","M","AVR","M"],"character_chosen":"HERMIT","items_purchased":["hermit:Showdown","hermit:Midnight"],"campfire_rested":0,"item_purchase_floors":[8,8],"current_hp_per_floor":[75,75,75,75,75,64,64,64,64,57,57,52,52,52,52,27,75,41,22,22,0,0],"gold":255,"neow_bonus":"THREE_ENEMY_KILL","is_daily":false,"chose_seed":false,"campfire_upgraded":2,"win_rate":0.0,"timestamp":1612651250,"path_taken":["M","?","M","?","?","E","M","$","T","M","R","M","E","M","R","BOSS","M","?","AVR","M"],"items_purchased_type":["Card","Card"],"build_version":"2020-12-22","purchased_purges":1,"victory":false,"max_hp_per_floor":[75,75,75,75,75,75,75,75,75,75,75,75,75,75,75,75,75,75,75,75,75,75],"card_choices":[{"not_picked":["hermit:BodyArmor","hermit:WideOpen"],"picked":"hermit:LowProfile","floor":1},{"not_picked":["hermit:Glare","hermit:LowProfile"],"picked":"hermit:HoleUp","floor":3},{"not_picked":["hermit:Desperado","hermit:CalledShot"],"picked":"hermit:Enervate","floor":5},{"not_picked":["hermit:Glare","hermit:Spite"],"picked":"hermit:FinalCanter","floor":6},{"not_picked":["hermit:Coalescence","hermit:LowProfile"],"picked":"hermit:Brawl","floor":7},{"not_picked":["hermit:Ricochet","hermit:Brawl"],"picked":"hermit:Manifest","floor":10},{"not_picked":["hermit:HoleUp","hermit:Roulette"],"picked":"hermit:FullyLoaded","floor":12},{"not_picked":["hermit:PistolWhip","hermit:Misfire"],"picked":"hermit:RoundhouseKick","floor":13},{"not_picked":["hermit:Ricochet","hermit:Roulette"],"picked":"hermit:SprayPray","floor":14},{"not_picked":["hermit:EternalForm","hermit:Gambit"],"picked":"hermit:FromBeyond","floor":16},{"not_picked":["hermit:SprayPray+1","hermit:Feint"],"picked":"hermit:Roulette+1","floor":18},{"not_picked":["hermit:Feint","hermit:SprayPray","hermit:TrackingShot"],"picked":"SKIP","floor":19}],"player_experience":270392,"relics_obtained":[{"floor":2,"key":"Runesmith:Nanobots"},{"floor":4,"key":"Ring of Fury"},{"floor":4,"key":"ReplayTheSpireMod:Ring of Sloth"},{"floor":6,"key":"InkBottle"},{"floor":9,"key":"Dead Branch"},{"floor":13,"key":"infinitespire:CursedDice"}],"event_choices":[],"is_beta":false,"boss_relics":[{"not_picked":["conspire:SlowCooker","aspiration:FutureDiary"],"picked":"reliquary:WritOfMandamus"}],"items_purged_floors":[20],"is_endless":false,"potions_floor_spawned":[3,6,10,12,16,18],"killed_by":"3 Cultists","ascension_level":0}}