{"host":"ydg0vn0pu4pubmdt","time":1612605963,"event":{"mods":["AchievementEnabler","BaseMod","Colored Map","Gold Saver","Minty Spire (QoL Compilation)","Quick Restart","SuperFastMode"],"gold_per_floor":[116,116,116,41,55,81,99,99,99,99,110,160,174,186,186,260,260,260,260],"floor_reached":18,"language":"KOR","playtime":286,"items_purged":["Defend_P"],"score":374,"play_id":"5b994275-aa7f-409f-a468-0d78cb038fe0","local_time":"20210206190603","is_ascension_mode":true,"campfire_choices":[{"data":"Eruption","floor":8,"key":"SMITH"},{"floor":15,"key":"REST"}],"circlet_count":0,"master_deck":["AscendersBane","Strike_P","Strike_P","Strike_P+1","Defend_P","Defend_P","Defend_P","Eruption+1","Vigilance","FearNoEvil+1","FlurryOfBlows","EmptyFist","InnerPeace"],"relics":["PureWater","NeowsBlessing","FaceOfCleric","Mercury Hourglass","Omamori","Sozu"],"acts_visited":["Exordium","TheCity"],"potions_floor_usage":[14,16],"damage_taken":[{"damage":0,"enemies":"2 Louse","floor":1,"turns":2},{"damage":0,"enemies":"Small Slimes","floor":5,"turns":1},{"damage":0,"enemies":"Lagavulin","floor":6,"turns":1},{"damage":0,"enemies":"Cultist","floor":7,"turns":2},{"damage":1,"enemies":"3 Louse","floor":11,"turns":3},{"damage":1,"enemies":"Looter","floor":13,"turns":2},{"damage":15,"enemies":"Exordium Thugs","floor":14,"turns":3},{"damage":40,"enemies":"The Guardian","floor":16,"turns":11},{"damage":0,"enemies":"3 Byrds","floor":18,"turns":2}],"seed_played":"6051820614793062375","potions_obtained":[{"floor":1,"key":"AttackPotion"},{"floor":5,"key":"Fire Potion"},{"floor":14,"key":"LiquidMemories"}],"is_trial":false,"path_per_floor":["M","?","?","$","M","E","M","R","T","?","M","?","M","M","R","B",null,"M"],"character_chosen":"WATCHER","items_purchased":[],"campfire_rested":1,"item_purchase_floors":[],"current_hp_per_floor":[61,54,54,54,55,56,57,57,57,36,36,36,36,22,44,5,58,58,58],"gold":260,"neow_bonus":"THREE_ENEMY_KILL","is_daily":false,"chose_seed":false,"campfire_upgraded":1,"win_rate":0.0,"timestamp":1612605963,"path_taken":["M","?","?","$","?","E","M","R","T","?","M","?","?","M","R","BOSS","M"],"items_purchased_type":[],"build_version":"2020-12-22","purchased_purges":1,"victory":false,"max_hp_per_floor":[68,68,68,68,69,70,71,71,71,71,72,72,73,74,74,75,75,75,75],"card_choices":[{"not_picked":["WaveOfTheHand","Meditate"],"picked":"FearNoEvil","floor":1},{"not_picked":["Worship","LikeWater"],"picked":"FlurryOfBlows","floor":5},{"not_picked":["SpiritShield","PathToVictory"],"picked":"EmptyFist","floor":6},{"not_picked":["Consecrate","Indignation"],"picked":"InnerPeace","floor":7},{"not_picked":["JustLucky","Worship","SashWhip"],"picked":"SKIP","floor":11},{"not_picked":["WindmillStrike","PathToVictory","Evaluate"],"picked":"SKIP","floor":13},{"not_picked":["LikeWater","Evaluate","BowlingBash"],"picked":"SKIP","floor":14}],"player_experience":644680,"relics_obtained":[{"floor":6,"key":"Mercury Hourglass"},{"floor":9,"key":"Omamori"}],"event_choices":[{"cards_removed":["Strike_P"],"damage_healed":0,"gold_gain":0,"player_choice":"Card Removal","damage_taken":7,"max_hp_gain":0,"max_hp_loss":0,"event_name":"Golden Wing","floor":2,"gold_loss":0},{"damage_healed":0,"gold_gain":0,"player_choice":"Trade","damage_taken":0,"relics_obtained":["FaceOfCleric"],"max_hp_gain":0,"max_hp_loss":0,"event_name":"FaceTrader","floor":3,"gold_loss":0},{"damage_healed":0,"gold_gain":0,"player_choice":"Entered Light","damage_taken":21,"max_hp_gain":0,"max_hp_loss":0,"event_name":"Shining Light","floor":10,"gold_loss":0,"cards_upgraded":["Strike_P","FearNoEvil"]},{"damage_healed":0,"gold_gain":50,"player_choice":"Pray","damage_taken":0,"max_hp_gain":0,"max_hp_loss":0,"event_name":"Golden Shrine","floor":12,"gold_loss":0}],"is_beta":false,"boss_relics":[{"not_picked":["SlaversCollar","Runic Dome"],"picked":"Sozu"}],"items_purged_floors":[4],"is_endless":false,"potions_floor_spawned":[1,5,6,7,14],"killed_by":"3 Byrds","ascension_level":20}}