{"host":"rf8f5793azs0jd9i","time":1612585051,"event":{"mods":["AchievementEnabler","Aspiration","BaseMod","Colored Powertips","Hubris","Infinite Spire","Minty Spire (QoL Compilation)","Replay The Spire","StSLib"],"gold_per_floor":[112,124,138,4242,4259,4259,4286,4286,4286,4286,4286,4303,4303,4303,4303,4303,4303],"floor_reached":16,"language":"ENG","playtime":757,"items_purged":["Strike_P"],"score":100,"play_id":"f5d46465-a03e-4cdc-a441-335e5f02da80","local_time":"20210205221731","is_ascension_mode":false,"campfire_choices":[{"data":"Eruption","floor":10,"key":"SMITH"},{"data":"ThirdEye","floor":15,"key":"SMITH"}],"circlet_count":0,"master_deck":["Strike_P","Strike_P","Strike_P","Defend_P","Defend_P","Eruption+1","Vigilance","ThirdEye+1","Collect","Pray","MentalFortress+1","Magnetism+1","Consecrate","Establishment+1"],"relics":["PureWater","NeowsBlessing","Frozen Egg 2","Frozen Eye","aspiration:ArtOfWarUpgrade","Replay:Bottled Flurry","aspiration:HummingbirdHeart","hubris:Towel"],"acts_visited":["Exordium"],"potions_floor_usage":[],"damage_taken":[{"damage":0,"enemies":"Cultist","floor":1,"turns":1},{"damage":0,"enemies":"2 Louse","floor":2,"turns":1},{"damage":0,"enemies":"Jaw Worm","floor":3,"turns":1},{"damage":14,"enemies":"Looter","floor":5,"turns":4},{"damage":15,"enemies":"Lagavulin","floor":7,"turns":6},{"damage":3,"enemies":"Lots of Slimes","floor":12,"turns":6},{"damage":42,"enemies":"The Guardian","floor":16,"turns":6}],"seed_played":"-6937387245867094767","potions_obtained":[{"floor":5,"key":"Block Potion"},{"floor":12,"key":"Energy Potion"}],"is_trial":false,"path_per_floor":["M","M","M","$","M","R","E","R","T","R","?","M","?","?","R","B"],"character_chosen":"WATCHER","items_purchased":["Frozen Egg 2","Frozen Eye","Art of War","MentalFortress+1","Magnetism+1"],"campfire_rested":0,"item_purchase_floors":[4,4,4,4,4],"current_hp_per_floor":[72,72,72,72,58,58,43,43,43,43,43,40,40,40,40,0,0],"gold":4303,"neow_bonus":"THREE_ENEMY_KILL","is_daily":false,"chose_seed":false,"campfire_upgraded":2,"win_rate":0.0,"timestamp":1612585051,"path_taken":["M","M","M","$","?","R","E","R","T","R","?","M","?","?","R","BOSS"],"items_purchased_type":["Relic","Relic","Relic","Card","Card"],"build_version":"2020-12-22","purchased_purges":1,"victory":false,"max_hp_per_floor":[72,72,72,72,72,72,72,72,72,72,72,72,72,72,72,72,72],"card_choices":[{"not_picked":["EmptyFist","Sanctity"],"picked":"ThirdEye","floor":1},{"not_picked":["MentalFortress","ClearTheMind"],"picked":"Collect","floor":2},{"not_picked":["Halt","Replay:ManipulateFuture"],"picked":"Pray","floor":3},{"not_picked":["EmptyBody","EmptyFist"],"picked":"Consecrate","floor":5},{"not_picked":["Establishment+1","WaveOfTheHand","WreathOfFlame"],"picked":"SKIP","floor":7},{"not_picked":["WaveOfTheHand","WreathOfFlame"],"picked":"Establishment+1","floor":7},{"not_picked":["ReachHeaven","ClearTheMind","WaveOfTheHand"],"picked":"SKIP","floor":12}],"player_experience":60564,"relics_obtained":[{"floor":7,"key":"Replay:Bottled Flurry"},{"floor":9,"key":"aspiration:HummingbirdHeart"}],"event_choices":[{"cards_removed":["Defend_P"],"damage_healed":0,"gold_gain":0,"player_choice":"Forget","damage_taken":0,"max_hp_gain":0,"max_hp_loss":0,"event_name":"Living Wall","floor":13,"gold_loss":0},{"cards_removed":["Defend_P"],"damage_healed":0,"gold_gain":0,"player_choice":"Purged","damage_taken":0,"max_hp_gain":0,"max_hp_loss":0,"event_name":"Purifier","floor":14,"gold_loss":0}],"is_beta":false,"boss_relics":[],"items_purged_floors":[4],"is_endless":false,"potions_floor_spawned":[5,12],"killed_by":"The Guardian","ascension_level":0}}