{"host":"8czslf765hghnpcx","time":1612598659,"event":{"mods":["BaseMod","BetterRewards","Colored Map","Downfall","GifTheSpireLib","Minty Spire (QoL Compilation)","Quick Restart","StSLib","WarShipGirlsR/’ΩΩ¢…Ÿ≈ÆR mod","noobMod"],"gold_per_floor":[99,119,134,149,25,25,79,107,107,127,140,175,175,192,203,307,307,307,318,330,343,355,383,406,436,454,470,483,483,483,502,522,626,626,526,544,561,561,561,561,587,587,291,311,311,335,335,48,64,64],"floor_reached":51,"language":"ZHS","playtime":2337,"items_purged":["Slimebound:Strike_Slimebound","Slimebound:Defend_Slimebound","Slimebound:Strike_Slimebound","Slimebound:Defend_Slimebound"],"score":768,"play_id":"8b21ec43-3aa6-483d-bd24-87da4a34c853","local_time":"20210206160419","is_ascension_mode":false,"campfire_choices":[{"data":"Slimebound:CorrosiveSpit","floor":1,"key":"SMITH"},{"data":"Slimebound:SamplingLick","floor":6,"key":"SMITH"},{"data":"Slimebound:ComboTackle","floor":9,"key":"SMITH"},{"data":"Slimebound:WasteNot","floor":18,"key":"SMITH"},{"floor":30,"key":"REST"},{"data":"Slimebound:CheckThePlaybook","floor":35,"key":"SMITH"},{"data":"expansioncontent:Chronoboost","floor":40,"key":"SMITH"},{"data":"Slimebound:Darklings","floor":42,"key":"SMITH"},{"data":"Slimebound:SelfFormingGoo","floor":45,"key":"SMITH"},{"data":"expansioncontent:InvincibleStrength","floor":47,"key":"SMITH"}],"circlet_count":0,"master_deck":["Slimebound:Tackle+1","Slimebound:Split","Slimebound:CorrosiveSpit+1","Slimebound:Gluttony","Slimebound:SamplingLick+1","Slimebound:SplitBruiser","Slimebound:ItLooksTasty","Slimebound:SpikyOuterGoop","Slimebound:ComboTackle+1","Slimebound:MegaLick","Slimebound:LeadByExample+1","Slimebound:HauntingLick+1","downfall:Malfunctioning","Slimebound:GoopSpray","Slimebound:LivingWall","Slimebound:AcidTongue+1","Slimebound:ComboTackle","Slimebound:CheckThePlaybook+1","Slimebound:SplitMire","Slimebound:Schlurp","Slimebound:MassRepurpose","Slimebound:Equalize+1","Slimebound:SlimeTap","Panache","Slimebound:SplitBruiser","Slimebound:Darklings+1","expansioncontent:InvincibleStrength","expansioncontent:Chronoboost+1","expansioncontent:InvincibleStrength+1","expansioncontent:YouAreMine","Slimebound:SelfFormingGoo+1","expansioncontent:QuickStudy","Slimebound:Nibble","Slimebound:LivingWall"],"relics":["Slimebound:AbsorbEndCombat","ice","Bronze Scales","Odd Mushroom","White Beast Statue","Busted Crown","Bag of Preparation","Happy Flower","Blood Vial","Empty Cage","downfall:HeartBlessingGreen","Smiling Mask","Bag of Marbles","Toy Ornithopter"],"acts_visited":["Exordium","TheCity","TheBeyond"],"potions_floor_usage":[12,12,16,22,22,23,33,33,36,36],"damage_taken":[{"damage":10,"enemies":"Small Slimes","floor":2,"turns":3},{"damage":14,"enemies":"Jaw Worm","floor":3,"turns":3},{"damage":6,"enemies":"2 Louse","floor":4,"turns":3},{"damage":7,"enemies":"downfall:FleeingMerchant","floor":5,"turns":4},{"damage":22,"enemies":"The Mushroom Lair","floor":8,"turns":4},{"damage":19,"enemies":"Exordium Wildlife","floor":10,"turns":3},{"damage":6,"enemies":"Red Slaver","floor":11,"turns":2},{"damage":9,"enemies":"Gremlin Nob","floor":12,"turns":3},{"damage":3,"enemies":"Exordium Thugs","floor":14,"turns":3},{"damage":5,"enemies":"3 Louse","floor":15,"turns":2},{"damage":12,"enemies":"DF_ARCHETYPE_STREAMLINE","floor":16,"turns":6},{"damage":10,"enemies":"3 Byrds","floor":19,"turns":4},{"damage":24,"enemies":"Chosen","floor":20,"turns":5},{"damage":12,"enemies":"Snake Plant","floor":21,"turns":3},{"damage":7,"enemies":"Sentry and Sphere","floor":22,"turns":3},{"damage":40,"enemies":"Book of Stabbing","floor":23,"turns":5},{"damage":4,"enemies":"Gremlin Leader","floor":25,"turns":5},{"damage":9,"enemies":"Chosen and Byrds","floor":26,"turns":3},{"damage":28,"enemies":"Snake Plant","floor":27,"turns":3},{"damage":30,"enemies":"Centurion and Healer","floor":28,"turns":2},{"damage":9,"enemies":"Snecko","floor":31,"turns":3},{"damage":14,"enemies":"Shelled Parasite and Fungi","floor":32,"turns":4},{"damage":11,"enemies":"IC_MUSHROOM_ARCHETYPE","floor":33,"turns":5},{"damage":3,"enemies":"downfall:FleeingMerchant","floor":36,"turns":4},{"damage":21,"enemies":"3 Darklings","floor":37,"turns":2},{"damage":11,"enemies":"3 Shapes","floor":44,"turns":2},{"damage":57,"enemies":"Jaw Worm Horde","floor":49,"turns":6},{"damage":63,"enemies":"SI_POISON_ARCHETYPE","floor":50,"turns":6}],"seed_played":"-7381564654071962312","potions_obtained":[{"floor":2,"key":"FearPotion"},{"floor":4,"key":"LiquidMemories"},{"floor":10,"key":"champ:CounterPotion"},{"floor":11,"key":"champ:CounterPotion"},{"floor":14,"key":"Fire Potion"},{"floor":15,"key":"Block Potion"},{"floor":16,"key":"BlessingOfTheForge"},{"floor":19,"key":"DuplicationPotion"},{"floor":20,"key":"DistilledChaos"},{"floor":22,"key":"champ:CounterPotion"},{"floor":23,"key":"Block Potion"},{"floor":25,"key":"Fire Potion"},{"floor":26,"key":"Fruit Juice"},{"floor":33,"key":"Fire Potion"},{"floor":36,"key":"ColorlessPotion"},{"floor":37,"key":"FairyPotion"},{"floor":44,"key":"BlessingOfTheForge"}],"is_trial":false,"path_per_floor":["R","M","M","M","$","R","T","?","R","M","M","E","?","M","M","B",null,"R","M","M","M","M","E","T","E","M","M","M","?","R","M","M","B",null,"R","?","M","?","?","R","T","R","$","M","R","T","R","$","M","B",null],"character_chosen":"SLIMEBOUND","items_purchased":["Slimebound:SpikyOuterGoop","Panache","Bag of Marbles","expansioncontent:YouAreMine","expansioncontent:QuickStudy","Slimebound:Nibble"],"campfire_rested":1,"item_purchase_floors":[5,36,43,43,48,48],"current_hp_per_floor":[65,57,49,49,50,50,50,32,32,17,17,10,10,13,12,8,65,65,58,42,34,35,65,65,61,60,38,14,14,38,35,35,51,96,96,101,98,98,88,88,88,88,88,97,97,97,97,97,44,115],"gold":64,"neow_bonus":"REMOVE_CARD","is_daily":false,"chose_seed":false,"campfire_upgraded":9,"win_rate":0.0,"timestamp":1612598659,"path_taken":["R","M","M","M","$","R","T","?","R","M","M","E","?","M","M","BOSS","R","M","M","M","M","E","T","E","M","M","M","?","R","M","M","BOSS","R","?","M","?","?","R","T","R","$","M","R","?","R","$","M","BOSS"],"items_purchased_type":["Card","Card","Relic","Card","Card","Card"],"build_version":"2020-12-22","purchased_purges":4,"victory":true,"max_hp_per_floor":[65,65,65,65,65,65,65,65,65,65,65,65,65,65,65,65,65,65,65,65,65,65,65,65,70,74,80,81,81,81,82,85,96,96,96,101,103,103,103,103,103,103,103,106,106,106,106,106,113,119],"card_choices":[{"not_picked":["Slimebound:ForwardTackle","Slimebound:ItLooksTasty"],"picked":"Slimebound:Gluttony","floor":2},{"not_picked":["Slimebound:SlimeSpikes","Slimebound:ComboTackle"],"picked":"Slimebound:SamplingLick","floor":3},{"not_picked":["Slimebound:ServeAndProtect","Slimebound:Prepare"],"picked":"Slimebound:SplitBruiser","floor":4},{"not_picked":["Slimebound:Chomp","Slimebound:SplitLeeching"],"picked":"Slimebound:ItLooksTasty","floor":5},{"not_picked":["Slimebound:MassFeed","Slimebound:ForwardTackle"],"picked":"Slimebound:ComboTackle","floor":8},{"not_picked":["Slimebound:SplitMire","Slimebound:Prepare"],"picked":"Slimebound:MegaLick","floor":10},{"not_picked":["Slimebound:SplitAcid","Slimebound:BestDefense"],"picked":"Slimebound:LeadByExample","floor":11},{"not_picked":["Slimebound:SplitBruiser","Slimebound:SlimeSpikes"],"picked":"Slimebound:HauntingLick","floor":12},{"not_picked":["Slimebound:SplitLeeching","Slimebound:GoopTackle"],"picked":"Slimebound:GoopSpray","floor":14},{"not_picked":["Slimebound:FlameTackle","Slimebound:ProtectTheBoss"],"picked":"Slimebound:LivingWall","floor":15},{"not_picked":["Slimebound:SlimeSlap","Slimebound:FirmFortitude"],"picked":"Slimebound:WasteNot","floor":16},{"not_picked":[],"picked":"Slimebound:AcidTongue+1","floor":19},{"not_picked":["Slimebound:RollThrough"],"picked":"SKIP","floor":20},{"not_picked":["Slimebound:PressTheAttack"],"picked":"SKIP","floor":21},{"not_picked":[],"picked":"Slimebound:ComboTackle","floor":22},{"not_picked":["Slimebound:SlimeBarrage+1"],"picked":"SKIP","floor":23},{"not_picked":[],"picked":"Slimebound:CheckThePlaybook","floor":25},{"not_picked":[],"picked":"Slimebound:SplitMire","floor":26},{"not_picked":["Slimebound:FormOfPuddle"],"picked":"SKIP","floor":27},{"not_picked":[],"picked":"Slimebound:Schlurp","floor":28},{"not_picked":[],"picked":"Slimebound:MassRepurpose","floor":29},{"not_picked":[],"picked":"Slimebound:Equalize+1","floor":31},{"not_picked":["Slimebound:GoopTackle"],"picked":"SKIP","floor":32},{"not_picked":[],"picked":"Slimebound:SlimeTap","floor":36},{"not_picked":[],"picked":"Slimebound:SplitBruiser","floor":37},{"not_picked":["expansioncontent:PolyBeam","expansioncontent:Hexaburn"],"picked":"expansioncontent:InvincibleStrength","floor":39},{"not_picked":["expansioncontent:HyperBeam","expansioncontent:LastStand"],"picked":"expansioncontent:Chronoboost","floor":39},{"not_picked":["expansioncontent:Hexaburn","expansioncontent:HyperBeam"],"picked":"expansioncontent:InvincibleStrength","floor":39},{"not_picked":[],"picked":"Slimebound:SelfFormingGoo","floor":44},{"not_picked":[],"picked":"Slimebound:LivingWall","floor":49}],"player_experience":129763,"relics_obtained":[{"floor":7,"key":"Bronze Scales"},{"floor":8,"key":"Odd Mushroom"},{"floor":12,"key":"White Beast Statue"},{"floor":23,"key":"Bag of Preparation"},{"floor":24,"key":"Happy Flower"},{"floor":25,"key":"Blood Vial"},{"floor":41,"key":"Smiling Mask"},{"floor":46,"key":"Toy Ornithopter"}],"event_choices":[{"damage_healed":0,"gold_gain":0,"player_choice":"Fought Mushrooms","damage_taken":0,"max_hp_gain":0,"max_hp_loss":0,"event_name":"Mushrooms","floor":8,"gold_loss":0}],"is_beta":false,"boss_relics":[{"not_picked":["Philosopher\u0027s Stone","Calling Bell"],"picked":"Busted Crown"},{"not_picked":["Tiny House","Pandora\u0027s Box"],"picked":"Empty Cage"}],"items_purged_floors":[5,36,43,48],"is_endless":false,"potions_floor_spawned":[2,4,10,11,14,15,16,19,20,21,22,23,25,26,27,28,31,32,33,36,37,44,49],"ascension_level":0}}