{"host":"q8mjpf3krl0t4p3x","time":1612644282,"event":{"mods":["BaseMod","Colored Map","Colored Powertips","Googly Eyes","Minty Spire (QoL Compilation)","Quick Restart","StSLib","everything is the same but u backflip on backflip","slay the spire mod where everything is the same but ironclad has a cowboy hat"],"gold_per_floor":[116,116,128,128,147,172,172,183,183,108,108,122,153,171,171,269,269,289,289,308,308,324,324,349,349,349,349,366,385,404,416,416,416,416],"floor_reached":33,"language":"ENG","playtime":1120,"items_purged":["Strike_R"],"score":450,"play_id":"c53db20c-1e0a-4e1b-a560-efda383a7aa3","local_time":"20210206124442","is_ascension_mode":true,"campfire_choices":[{"data":"Iron Wave","floor":7,"key":"SMITH"},{"floor":15,"key":"REST"},{"floor":23,"key":"REST"},{"floor":25,"key":"REST"},{"data":"Flame Barrier","floor":27,"key":"SMITH"},{"floor":32,"key":"REST"}],"circlet_count":0,"master_deck":["AscendersBane","Strike_R","Defend_R","Defend_R","Defend_R","Defend_R","Bash","Shrug It Off","Iron Wave+1","Seeing Red","Bash","True Grit","Flame Barrier+1","Immolate","Offering+1","Uppercut+1","Sword Boomerang+1","Immolate","Battle Trance+1"],"relics":["Burning Blood","Sundial","Ornamental Fan","InkBottle","Astrolabe","CultistMask","Oddly Smooth Stone","Bottled Lightning"],"acts_visited":["Exordium","TheCity"],"potions_floor_usage":[6,13,16,16,33,33],"damage_taken":[{"damage":6,"enemies":"Jaw Worm","floor":1,"turns":5},{"damage":1,"enemies":"Cultist","floor":3,"turns":4},{"damage":7,"enemies":"Small Slimes","floor":5,"turns":4},{"damage":66,"enemies":"Lagavulin","floor":6,"turns":10},{"damage":3,"enemies":"Red Slaver","floor":8,"turns":6},{"damage":14,"enemies":"Large Slime","floor":12,"turns":6},{"damage":18,"enemies":"3 Sentries","floor":13,"turns":6},{"damage":0,"enemies":"Lots of Slimes","floor":14,"turns":1},{"damage":23,"enemies":"Slime Boss","floor":16,"turns":7},{"damage":14,"enemies":"Shell Parasite","floor":18,"turns":4},{"damage":14,"enemies":"Spheric Guardian","floor":20,"turns":4},{"damage":23,"enemies":"Snake Plant","floor":22,"turns":5},{"damage":32,"enemies":"Slavers","floor":24,"turns":5},{"damage":7,"enemies":"Cultist and Chosen","floor":28,"turns":4},{"damage":17,"enemies":"Shelled Parasite and Fungi","floor":29,"turns":4},{"damage":6,"enemies":"3 Cultists","floor":30,"turns":3},{"damage":8,"enemies":"Cultist and Chosen","floor":31,"turns":4},{"damage":89,"enemies":"Automaton","floor":33,"turns":10}],"seed_played":"1106069078794618022","potions_obtained":[{"floor":3,"key":"BloodPotion"},{"floor":11,"key":"CultistPotion"},{"floor":11,"key":"Fire Potion"},{"floor":13,"key":"DuplicationPotion"},{"floor":22,"key":"EssenceOfSteel"},{"floor":24,"key":"ColorlessPotion"}],"is_trial":false,"path_per_floor":["M","?","M","?","M","E","R","M","T","$","?","M","E","M","R","B",null,"M","?","M","?","M","R","E","R","T","R","M","M","M","M","R","B"],"character_chosen":"IRONCLAD","items_purchased":[],"campfire_rested":4,"item_purchase_floors":[],"current_hp_per_floor":[80,80,85,85,84,41,41,44,44,44,44,36,24,30,56,39,76,68,68,60,60,43,69,43,69,69,69,68,57,57,55,81,0,0],"gold":416,"neow_bonus":"TEN_PERCENT_HP_BONUS","is_daily":false,"chose_seed":false,"campfire_upgraded":2,"win_rate":0.0,"timestamp":1612644282,"path_taken":["M","?","M","?","M","E","R","?","T","?","?","?","E","M","R","BOSS","M","?","?","?","?","R","E","R","T","R","M","M","M","M","R","BOSS"],"items_purchased_type":[],"build_version":"2020-12-22","purchased_purges":1,"victory":false,"max_hp_per_floor":[88,88,88,88,88,88,88,88,88,88,88,88,88,88,88,88,88,88,88,88,88,88,88,88,88,88,88,88,88,88,88,88,88,88],"card_choices":[{"not_picked":["Sentinel","Headbutt"],"picked":"Shrug It Off","floor":1},{"not_picked":["Warcry","Battle Trance"],"picked":"Iron Wave","floor":3},{"not_picked":["Feel No Pain","Clothesline"],"picked":"True Grit","floor":5},{"not_picked":["Sword Boomerang","Iron Wave"],"picked":"Flame Barrier","floor":6},{"not_picked":["Iron Wave","Evolve"],"picked":"Immolate","floor":8},{"not_picked":["Headbutt","Shockwave","Anger"],"picked":"SKIP","floor":12},{"not_picked":["Combust","Dual Wield","Havoc"],"picked":"SKIP","floor":13},{"not_picked":["Intimidate","Armaments","Heavy Blade"],"picked":"SKIP","floor":14},{"not_picked":["Iron Wave+1","Havoc","True Grit"],"picked":"SKIP","floor":18},{"not_picked":["Warcry","Anger","Armaments"],"picked":"SKIP","floor":20},{"not_picked":["Body Slam","Heavy Blade","Rupture"],"picked":"SKIP","floor":22},{"not_picked":["Reckless Charge","Iron Wave","Feed"],"picked":"SKIP","floor":24},{"not_picked":["Thunderclap","Sword Boomerang","Warcry"],"picked":"SKIP","floor":28},{"not_picked":["Body Slam","Twin Strike","Iron Wave"],"picked":"SKIP","floor":29},{"not_picked":["Clothesline","Sword Boomerang","Heavy Blade"],"picked":"SKIP","floor":30},{"not_picked":["Metallicize","Reaper"],"picked":"Battle Trance+1","floor":31}],"player_experience":325325,"relics_obtained":[{"floor":6,"key":"Sundial"},{"floor":9,"key":"Ornamental Fan"},{"floor":13,"key":"InkBottle"},{"floor":24,"key":"Oddly Smooth Stone"},{"floor":26,"key":"Bottled Lightning"}],"event_choices":[{"damage_healed":0,"gold_gain":0,"player_choice":"Ignored","damage_taken":0,"max_hp_gain":0,"max_hp_loss":0,"event_name":"Golden Wing","floor":2,"gold_loss":0},{"damage_healed":0,"gold_gain":0,"player_choice":"2 cards matched","damage_taken":0,"max_hp_gain":0,"max_hp_loss":0,"event_name":"Match and Keep!","floor":4,"gold_loss":0,"cards_obtained":["Seeing Red","Bash"]},{"damage_healed":0,"gold_gain":0,"player_choice":"Got Potions","damage_taken":0,"max_hp_gain":0,"max_hp_loss":0,"event_name":"Lab","floor":11,"gold_loss":0},{"damage_healed":0,"gold_gain":0,"player_choice":"Copied","damage_taken":0,"max_hp_gain":0,"max_hp_loss":0,"event_name":"Duplicator","floor":19,"gold_loss":0,"cards_obtained":["Immolate"]},{"damage_healed":0,"gold_gain":0,"player_choice":"Trade","damage_taken":0,"relics_obtained":["CultistMask"],"max_hp_gain":0,"max_hp_loss":0,"event_name":"FaceTrader","floor":21,"gold_loss":0}],"is_beta":false,"boss_relics":[{"not_picked":["Tiny House","Runic Cube"],"picked":"Astrolabe"}],"items_purged_floors":[10],"is_endless":false,"potions_floor_spawned":[3,13,14,22,24,29,30],"killed_by":"Automaton","ascension_level":12}}