{"host":"qmnyg5dk1o6rw6mz","time":1612581875,"event":{"mods":["2.2 Compatiblity","AchievementEnabler","Act Like it!","Aspiration","Astrologer","BaseMod","Better Altar","Better Match","Better Note","Better Sensory Stone","Better Skull","Better Third Choice","Better Vampires","Colored Map","Colored Powertips","Conspire","Defuse TimeMaze Blight","Disable Question Mark Monsters","Displayed Cursed Tome","Downfall","GifTheSpireLib","Hermit","Highlight Path","Hubris","Infinite Spire","Minty Spire (QoL Compilation)","Pale of the Ancients","Permanent Neow","Quick Restart","Relic Filter","Relic Sorter","Reliquary","Replay The Spire","Shop Mod","Spicy Shops","StSLib","Synergy Search","The Blue Laboratory","The Construct","The Disciple","Unceasing Turn Reminder","Wide Potions"],"gold_per_floor":[99,117,117,67,67,118,118,118,118,139,180,212,212,240,250,363,363,363,396,411,443,443,443,443,443,513,547,565,565,575,575,575],"floor_reached":30,"language":"ENG","playtime":1024,"items_purged":[],"score":258,"play_id":"e7e5baec-3381-4646-894b-da168cf7b3a6","local_time":"20210206112435","is_ascension_mode":false,"campfire_choices":[{"floor":1,"key":"DIG"},{"data":"hubris:InfiniteBlow+1","floor":13,"key":"SMITH"},{"data":"hubris:InfiniteBlow+2","floor":25,"key":"SMITH"}],"circlet_count":0,"master_deck":["hexamod:Strike","hexamod:Strike","hexamod:Strike","hexamod:Defend","hexamod:Defend","hexamod:Defend","hexamod:Defend","hexamod:Sear","hexamod:Float","hexamod:PhantomFireball","conspire:SpireCoStock","hubris:InfiniteBlow+3","hexamod:WildfireWeapon","hexamod:HeatMetal+1","hexamod:SecondSeal","hexamod:Rewind","hexamod:HeatMetal","hexamod:SpectersWail","hexamod:ForkedFlame+1","hexamod:SpectersWail","hexamod:Firestarter+1","hexamod:SixthSeal","hexamod:DynamicBlow"],"relics":["hexamod:SpiritBrand","construct:BoolHorns","reliquary:SharkskinSheath","downfall:BrokenWingStatue","reliquary:Knoch","aspiration:TomeofQuesting","Vajra","hubris:RunicObelisk","hubris:Towel","construct:FoamFinger","hexamod:MatchstickCase"],"acts_visited":["Exordium","TheCity"],"potions_floor_usage":[6,16,20],"damage_taken":[{"damage":1,"enemies":"Jaw Worm","floor":2,"turns":5},{"damage":16,"enemies":"3 Sentries","floor":6,"turns":8},{"damage":0,"enemies":"Small Slimes","floor":10,"turns":3},{"damage":6,"enemies":"Replay:BlueRogue","floor":11,"turns":6},{"damage":8,"enemies":"conspire:RoseBush","floor":12,"turns":3},{"damage":0,"enemies":"2 Fungi Beasts","floor":14,"turns":3},{"damage":0,"enemies":"3 Louse","floor":15,"turns":2},{"damage":13,"enemies":"WA_ARCHETYPE_RETAIN","floor":16,"turns":4},{"damage":19,"enemies":"conspire:FuzzyDice","floor":19,"turns":5},{"damage":0,"enemies":"3 Byrds","floor":20,"turns":2},{"damage":13,"enemies":"conspire:HollyBat","floor":21,"turns":7},{"damage":1,"enemies":"conspire:Head Lice","floor":27,"turns":2},{"damage":23,"enemies":"Centurion and Healer","floor":28,"turns":4},{"damage":10,"enemies":"Snake Plant","floor":30,"turns":2}],"seed_played":"-3352834008747591121","potions_obtained":[{"floor":2,"key":"blueLaboratory:RecallPotion"},{"floor":6,"key":"blueLaboratory:Moonshine"},{"floor":11,"key":"blueLaboratory:ArtificerPotion"},{"floor":12,"key":"champ:CounterPotion"},{"floor":19,"key":"champ:CounterPotion"},{"floor":28,"key":"hexamod:EctoCoolerPotion"}],"is_trial":false,"path_per_floor":["R_BF","M","?","?","?","E","T","?","?","M","E","M","R","M","M","B",null,"R_BF","M","M","M","PTL","PTL","?","R","T","E","M","?","M"],"character_chosen":"THE_SPIRIT","items_purchased":[],"campfire_rested":0,"item_purchase_floors":[],"current_hp_per_floor":[63,62,62,62,46,30,30,30,51,51,45,37,37,37,37,24,63,63,44,44,31,31,31,31,31,31,30,7,7,0,0,0],"gold":575,"neow_bonus":"ONE_RARE_RELIC","is_daily":false,"chose_seed":false,"campfire_upgraded":2,"win_rate":0.0,"timestamp":1612581875,"path_taken":["R_BF","M","?","?","?","E","T","?","?","M","E","M","R","M","M","BOSS","R_BF","M","M","M","PTL","PTL","?","R","T","E","M","?","M"],"items_purchased_type":[],"build_version":"2020-12-22","purchased_purges":0,"victory":false,"max_hp_per_floor":[63,63,63,63,63,63,63,63,63,63,63,63,63,63,63,63,63,63,63,63,63,63,63,63,63,63,63,63,63,63,63,63],"card_choices":[{"not_picked":["hexamod:NightmareStrike","hexamod:FourthSeal"],"picked":"hexamod:PhantomFireball","floor":2},{"not_picked":["infinitespire:Starlight","infinitespire:UltimateForm"],"picked":"hubris:InfiniteBlow","floor":5},{"not_picked":["hexamod:InspiringFlames","hexamod:BurningTouch"],"picked":"hexamod:WildfireWeapon","floor":6},{"not_picked":["hexamod:NightmareGuise","hexamod:NightmareStrike"],"picked":"hexamod:HeatMetal","floor":10},{"not_picked":["hexamod:NightmareStrike","hexamod:GhostLash"],"picked":"hexamod:SecondSeal","floor":11},{"not_picked":["hexamod:BacktrackSmack","hexamod:Incineration"],"picked":"hexamod:Rewind","floor":12},{"not_picked":["hexamod:SwordOfDarkness","hexamod:ExtraCrispy"],"picked":"hexamod:HeatMetal","floor":14},{"not_picked":["hexamod:InspiringFlames","hexamod:FastForward"],"picked":"hexamod:SpectersWail","floor":15},{"not_picked":["hexamod:HexaLevel","hexamod:ParanormalForm"],"picked":"hexamod:ForkedFlame","floor":16},{"not_picked":["hexamod:InspiringFlames","hexamod:SwordOfDarkness+1"],"picked":"hexamod:SpectersWail","floor":19},{"not_picked":["hexamod:GhostShield","hexamod:ChargedBarrage"],"picked":"hexamod:Firestarter+1","floor":20},{"not_picked":["hexamod:ThermalTransfer","hexamod:DynamicBlow"],"picked":"hexamod:SixthSeal","floor":21},{"not_picked":["hexamod:PhantomFireball","hexamod:BurningTouch","hexamod:SpectersWail"],"picked":"SKIP","floor":27},{"not_picked":["hexamod:Again","hexamod:ThirdSeal"],"picked":"hexamod:DynamicBlow","floor":28}],"player_experience":171222,"relics_obtained":[{"floor":1,"key":"reliquary:SharkskinSheath"},{"floor":6,"key":"reliquary:Knoch"},{"floor":7,"key":"aspiration:TomeofQuesting"},{"floor":11,"key":"Vajra"},{"floor":26,"key":"construct:FoamFinger"},{"floor":27,"key":"hexamod:MatchstickCase"}],"event_choices":[{"damage_healed":0,"gold_gain":0,"player_choice":"Invest 1","damage_taken":0,"max_hp_gain":0,"max_hp_loss":0,"event_name":"conspire:Investor","floor":4,"gold_loss":0},{"damage_healed":21,"gold_gain":0,"player_choice":"Banana","damage_taken":0,"max_hp_gain":0,"max_hp_loss":0,"event_name":"Big Fish","floor":9,"gold_loss":0}],"is_beta":false,"boss_relics":[{"not_picked":["hubris:GrandSneckoEye","Honey Jar"],"picked":"hubris:RunicObelisk"}],"items_purged_floors":[],"is_endless":false,"potions_floor_spawned":[2,6,11,12,19,28],"killed_by":"Snake Plant","ascension_level":0}}