{"host":"y7b1p9nkx4idorr2","time":1612621781,"event":{"mods":["AchievementEnabler","Act Like it!","BaseMod","Colored Map","Downfall","GifTheSpireLib","Googly Eyes","Highlight Path","Mimic Mod","Minty Spire (QoL Compilation)","Shop Mod","Spicy Shops","StSLib","Unceasing Turn Reminder"],"gold_per_floor":[99,199,216,216,235,248,281,181,192,192,225,260,287,303,314,314,314,314],"floor_reached":16,"language":"ENG","playtime":679,"items_purged":[],"score":114,"play_id":"5111fe11-d307-43a7-9eb4-a75b55206ec9","local_time":"20210206082941","is_ascension_mode":false,"campfire_choices":[{"floor":1,"key":"RECALL"},{"data":"sneckomod:SnekBite","floor":8,"key":"SMITH"},{"data":"sneckomod:SoulDraw","floor":10,"key":"SMITH"}],"circlet_count":0,"master_deck":["sneckomod:Strike","sneckomod:Strike","sneckomod:Strike","sneckomod:Defend","sneckomod:Defend","sneckomod:Defend","sneckomod:TailWhip","sneckomod:SnekBite+1","sneckomod:Unknown","sneckomod:Unknown","sneckomod:UnknownExhaust","Regret","sneckomod:ImprovisedAttack","sneckomod:SoulDraw+1","sneckomod:QuickMove","sneckomod:UnknownUncommonAttack","sneckomod:DiceCrush","sneckomod:UnknownDraw","sneckomod:DiceBlock","sneckomod:Unknown0Cost","sneckomod:DiceCrush"],"relics":["sneckomod:SneckoSoul","Bag of Marbles","sneckomod:LoadedDie","downfall:HeartBlessingRed","Shuriken","StrikeDummy"],"acts_visited":["Exordium"],"potions_floor_usage":[7,13,16,16],"damage_taken":[{"damage":3,"enemies":"Small Slimes","floor":3,"turns":3},{"damage":3,"enemies":"Jaw Worm","floor":5,"turns":3},{"damage":0,"enemies":"Cultist","floor":6,"turns":2},{"damage":23,"enemies":"Large Slime","floor":7,"turns":9},{"damage":6,"enemies":"Large Slime","floor":9,"turns":2},{"damage":19,"enemies":"Gremlin Nob","floor":11,"turns":3},{"damage":7,"enemies":"Lots of Slimes","floor":12,"turns":4},{"damage":27,"enemies":"Lagavulin","floor":13,"turns":4},{"damage":0,"enemies":"Blue Slaver","floor":14,"turns":3},{"damage":5,"enemies":"Gremlin Gang","floor":15,"turns":2},{"damage":15,"enemies":"IC_STATUS_ARCHETYPE","floor":16,"turns":4}],"seed_played":"40059413005038631","potions_obtained":[{"floor":5,"key":"BlessingOfTheForge"},{"floor":9,"key":"SteroidPotion"},{"floor":13,"key":"sneckomod:CheatPotion"},{"floor":14,"key":"SkillPotion"}],"is_trial":false,"path_per_floor":["R","?","M","?","M","M","MIM","R","M","R","E","M","E","M","M","B"],"character_chosen":"THE_SNECKO","items_purchased":[],"campfire_rested":0,"item_purchase_floors":[],"current_hp_per_floor":[99,99,96,96,93,93,70,70,64,64,45,45,18,18,13,0,0,0],"gold":314,"neow_bonus":"TEN_PERCENT_HP_BONUS","is_daily":false,"chose_seed":false,"campfire_upgraded":2,"win_rate":0.0,"timestamp":1612621781,"path_taken":["R","?","M","?","M","M","MIM","R","M","R","E","?","E","M","M","BOSS"],"items_purchased_type":[],"build_version":"2020-12-22","purchased_purges":0,"victory":false,"max_hp_per_floor":[99,99,99,99,99,99,99,99,99,99,99,99,99,99,99,99,99,99],"card_choices":[{"not_picked":["sneckomod:Nope","sneckomod:IronFang"],"picked":"sneckomod:UnknownExhaust","floor":3},{"not_picked":["sneckomod:SoulDraw","sneckomod:CheapStock"],"picked":"sneckomod:ImprovisedAttack","floor":5},{"not_picked":["sneckomod:DiceCrush","sneckomod:UnknownBlock"],"picked":"sneckomod:SoulDraw","floor":6},{"not_picked":["sneckomod:Unknown2Cost","sneckomod:UnknownCommonAttack"],"picked":"sneckomod:QuickMove","floor":7},{"not_picked":["sneckomod:Memorize","sneckomod:Unknown1Cost"],"picked":"sneckomod:UnknownUncommonAttack","floor":9},{"not_picked":["sneckomod:UnknownX","sneckomod:QuickBite"],"picked":"sneckomod:DiceCrush","floor":11},{"not_picked":["sneckomod:WideSting","sneckomod:DangerNoodle"],"picked":"sneckomod:UnknownDraw","floor":12},{"not_picked":["sneckomod:Unknown1Cost","sneckomod:CheapStock"],"picked":"sneckomod:DiceBlock","floor":13},{"not_picked":["sneckomod:SoulDraw","sneckomod:UnknownDraw"],"picked":"sneckomod:Unknown0Cost","floor":14},{"not_picked":["sneckomod:Unknown0Cost","sneckomod:Nope"],"picked":"sneckomod:DiceCrush","floor":15}],"player_experience":2302282,"relics_obtained":[{"floor":7,"key":"sneckomod:LoadedDie"},{"floor":11,"key":"Shuriken"},{"floor":13,"key":"StrikeDummy"}],"event_choices":[{"damage_healed":0,"gold_gain":0,"player_choice":"Box","damage_taken":0,"relics_obtained":["Bag of Marbles"],"max_hp_gain":0,"max_hp_loss":0,"event_name":"Big Fish","floor":4,"gold_loss":0,"cards_obtained":["Regret"]}],"is_beta":false,"boss_relics":[],"items_purged_floors":[],"is_endless":false,"potions_floor_spawned":[5,9,13,14],"killed_by":"IC_STATUS_ARCHETYPE","ascension_level":0}}