{"host":"06gxn1c1bsk424jw","time":1612601125,"event":{"mods":["BaseMod","DeckTracker","Minty Spire (QoL Compilation)","SuperFastMode"],"gold_per_floor":[110,110,135,135,60,91,91,51,51,51,95,95,135,149,149,245,245,261,261,277,80,94,94,135,135,135,156,195,216,46,96,96,192,192,212,273,273,273,273,273,294,307,334,334,373,373,31,75,75,75,75,75,40,79,79,79],"floor_reached":55,"language":"KOR","playtime":4982,"items_purged":["Injury","Normality","Pain"],"score":1336,"play_id":"8f9f1f32-8e2a-44e2-9371-6f5f3e9fba07","local_time":"20210206174525","is_ascension_mode":true,"campfire_choices":[{"floor":10,"key":"REST"},{"floor":12,"key":"REST"},{"data":"Neutralize","floor":15,"key":"SMITH"},{"floor":23,"key":"RECALL"},{"data":"Footwork","floor":25,"key":"SMITH"},{"data":"Footwork","floor":32,"key":"SMITH"},{"floor":40,"key":"REST"},{"data":"Accuracy","floor":44,"key":"SMITH"},{"floor":46,"key":"REST"},{"data":"Cloak And Dagger","floor":49,"key":"SMITH"},{"data":"Caltrops","floor":52,"key":"SMITH"}],"circlet_count":0,"master_deck":["AscendersBane","Strike_G","Strike_G","Defend_G","Defend_G","Defend_G","Survivor","Neutralize+1","Flying Knee","Cloak And Dagger+1","Footwork+1","Footwork+1","Bouncing Flask+1","Adrenaline+1","Blade Dance+1","Doppelganger+1","Caltrops+1","Unload","Die Die Die","Dodge and Roll+1","Backflip+1","Phantasmal Killer+1","Concentrate+1","Accuracy+1","Catalyst+1","Adrenaline+1","Tactician+1","Backflip+1","Jack Of All Trades+1","Dagger Spray+1","Reflex+1","Predator+1","Decay","Flechettes+1","Trip+1","Poisoned Stab+1","Caltrops","Acrobatics+1","Finisher+1","Acrobatics+1"],"relics":["Ring of the Snake","Bag of Marbles","Golden Idol","FossilizedHelix","Nunchaku","Mummified Hand","Toxic Egg 2","Potion Belt","Cursed Key","Anchor","Tiny Chest","Oddly Smooth Stone","Strawberry","Empty Cage","Thread and Needle","Molten Egg 2","Bottled Flame","Happy Flower"],"acts_visited":["Exordium","TheCity","TheBeyond","TheEnding"],"potions_floor_usage":[11,13,20,33,35,36,50,54],"damage_taken":[{"damage":0,"enemies":"Small Slimes","floor":1,"turns":3},{"damage":2,"enemies":"2 Louse","floor":3,"turns":3},{"damage":25,"enemies":"3 Sentries","floor":6,"turns":14},{"damage":7,"enemies":"Lagavulin","floor":11,"turns":9},{"damage":6,"enemies":"3 Sentries","floor":13,"turns":8},{"damage":0,"enemies":"Jaw Worm","floor":14,"turns":3},{"damage":17,"enemies":"The Guardian","floor":16,"turns":10},{"damage":0,"enemies":"3 Byrds","floor":18,"turns":5},{"damage":2,"enemies":"2 Thieves","floor":20,"turns":4},{"damage":0,"enemies":"Snake Plant","floor":22,"turns":4},{"damage":0,"enemies":"Book of Stabbing","floor":24,"turns":4},{"damage":0,"enemies":"Cultist and Chosen","floor":27,"turns":3},{"damage":3,"enemies":"Gremlin Leader","floor":28,"turns":7},{"damage":0,"enemies":"Centurion and Healer","floor":29,"turns":5},{"damage":36,"enemies":"Champ","floor":33,"turns":14},{"damage":0,"enemies":"3 Shapes","floor":35,"turns":1},{"damage":28,"enemies":"2 Orb Walkers","floor":36,"turns":5},{"damage":7,"enemies":"3 Darklings","floor":41,"turns":2},{"damage":1,"enemies":"Spire Growth","floor":42,"turns":4},{"damage":19,"enemies":"Giant Head","floor":45,"turns":7},{"damage":0,"enemies":"Sphere and 2 Shapes","floor":48,"turns":3},{"damage":39,"enemies":"Awakened One","floor":50,"turns":7},{"damage":0,"enemies":"Shield and Spear","floor":54,"turns":5},{"damage":82,"enemies":"The Heart","floor":55,"turns":5}],"seed_played":"-6631908597271533052","potions_obtained":[{"floor":6,"key":"Strength Potion"},{"floor":11,"key":"Explosive Potion"},{"floor":13,"key":"SkillPotion"},{"floor":18,"key":"CunningPotion"},{"floor":20,"key":"GamblersBrew"},{"floor":28,"key":"Dexterity Potion"},{"floor":36,"key":"Block Potion"},{"floor":41,"key":"Swift Potion"}],"is_trial":false,"path_per_floor":["M","?","M","?","$","E","?","$","T","R","E","R","E","M","R","B",null,"M","?","M","$","M","R","E","R","T","M","E","M","$","?","R","B",null,"M","?","?","T","?","R","M","M","T","R","E","R","$","M","R","B",null,"R","$","E","B"],"character_chosen":"THE_SILENT","items_purchased":["Footwork","Anchor","Backflip+1","Catalyst+1","Trip+1","Poisoned Stab+1","Caltrops","Finisher+1"],"campfire_rested":4,"item_purchase_floors":[8,21,21,30,47,47,47,53],"current_hp_per_floor":[59,59,57,62,62,37,11,11,11,32,25,46,40,40,40,23,59,59,59,57,57,57,57,57,57,57,57,61,61,61,61,61,25,65,65,37,37,37,37,60,53,52,52,52,33,56,56,56,56,17,63,63,63,63,0,0],"gold":79,"neow_bonus":"RANDOM_COMMON_RELIC","is_daily":false,"chose_seed":false,"campfire_upgraded":6,"win_rate":0.0,"timestamp":1612601125,"path_taken":["M","?","M","?","$","E","?","$","T","R","E","R","E","M","R","BOSS","M","?","M","$","M","R","E","R","T","M","E","M","$","?","R","BOSS","M","?","?","?","?","R","M","M","T","R","E","R","$","?","R","BOSS","R","$","E","BOSS"],"items_purchased_type":["Card","Relic","Card","Card","Card","Card","Card","Card"],"build_version":"2020-12-22","purchased_purges":3,"victory":false,"max_hp_per_floor":[66,66,66,71,71,71,71,71,71,71,71,71,71,71,71,71,71,71,71,71,71,71,71,71,71,71,71,78,78,78,78,78,78,78,78,78,78,78,78,78,78,78,78,78,78,78,78,78,78,78,78,78,78,78,78,78],"card_choices":[{"not_picked":["Sucker Punch","Dodge and Roll"],"picked":"Flying Knee","floor":1},{"not_picked":["Dodge and Roll","Backflip"],"picked":"Cloak And Dagger","floor":3},{"not_picked":["Terror","Dagger Throw"],"picked":"Footwork","floor":6},{"not_picked":["Deflect+1","Quick Slash"],"picked":"Bouncing Flask+1","floor":11},{"not_picked":["Flying Knee","Dagger Spray"],"picked":"Adrenaline+1","floor":13},{"not_picked":["Slice","PiercingWail+1"],"picked":"Blade Dance+1","floor":14},{"not_picked":["Phantasmal Killer+1","Grand Finale"],"picked":"Doppelganger+1","floor":16},{"not_picked":["Tactician+1","Escape Plan+1"],"picked":"Caltrops","floor":18},{"not_picked":["Caltrops","Deadly Poison+1"],"picked":"Dodge and Roll+1","floor":20},{"not_picked":["Masterful Stab","Poisoned Stab","Sucker Punch"],"picked":"SKIP","floor":22},{"not_picked":["Flying Knee","Quick Slash"],"picked":"Phantasmal Killer+1","floor":24},{"not_picked":["Expertise+1","Underhanded Strike"],"picked":"Concentrate+1","floor":27},{"not_picked":["Outmaneuver+1","Blade Dance+1"],"picked":"Accuracy","floor":28},{"not_picked":["Deflect+1","Bane","Slice"],"picked":"SKIP","floor":29},{"not_picked":["Doppelganger+1","Tools of the Trade"],"picked":"Adrenaline+1","floor":33},{"not_picked":["Riddle With Holes","Infinite Blades"],"picked":"Tactician+1","floor":35},{"not_picked":["Poisoned Stab","Quick Slash"],"picked":"Backflip+1","floor":36},{"not_picked":["Finesse+1","Secret Weapon+1"],"picked":"Jack Of All Trades+1","floor":37},{"not_picked":["Prepared+1","Deflect+1"],"picked":"Reflex+1","floor":41},{"not_picked":["Cloak And Dagger+1","Deadly Poison+1"],"picked":"Predator+1","floor":42},{"not_picked":["Tactician+1","Slice+1"],"picked":"Flechettes+1","floor":45},{"not_picked":["Outmaneuver+1","Bane+1"],"picked":"Acrobatics+1","floor":48},{"not_picked":["Dagger Spray+1","Blade Dance+1"],"picked":"Acrobatics+1","floor":54}],"player_experience":763147,"relics_obtained":[{"floor":6,"key":"FossilizedHelix"},{"floor":9,"key":"Mummified Hand"},{"floor":11,"key":"Toxic Egg 2"},{"floor":13,"key":"Potion Belt"},{"floor":24,"key":"Tiny Chest"},{"floor":26,"key":"Oddly Smooth Stone"},{"floor":28,"key":"Strawberry"},{"floor":36,"key":"Thread and Needle"},{"floor":38,"key":"Molten Egg 2"},{"floor":45,"key":"Bottled Flame"},{"floor":54,"key":"Happy Flower"}],"event_choices":[{"damage_healed":0,"gold_gain":0,"player_choice":"Take Wound","damage_taken":0,"relics_obtained":["Golden Idol"],"max_hp_gain":0,"max_hp_loss":0,"event_name":"Golden Idol","floor":2,"gold_loss":0,"cards_obtained":["Injury"]},{"damage_healed":0,"gold_gain":0,"player_choice":"Donut","damage_taken":0,"max_hp_gain":5,"max_hp_loss":0,"event_name":"Big Fish","floor":4,"gold_loss":0},{"damage_healed":0,"gold_gain":0,"player_choice":"Success","damage_taken":26,"relics_obtained":["Nunchaku"],"max_hp_gain":0,"max_hp_loss":0,"event_name":"Scrap Ooze","floor":7,"gold_loss":0},{"damage_healed":0,"gold_gain":0,"cards_transformed":["Strike_G","Defend_G"],"player_choice":"Became Test Subject","damage_taken":0,"max_hp_gain":0,"max_hp_loss":0,"event_name":"Drug Dealer","floor":19,"gold_loss":0,"cards_obtained":["Unload","Die Die Die"]},{"damage_healed":0,"gold_gain":50,"player_choice":"Stole From Cult","damage_taken":0,"max_hp_gain":0,"max_hp_loss":0,"event_name":"Nest","floor":31,"gold_loss":0},{"damage_healed":0,"gold_gain":0,"player_choice":"Fight","damage_taken":0,"max_hp_gain":0,"max_hp_loss":0,"event_name":"Mysterious Sphere","floor":36,"gold_loss":0},{"damage_healed":0,"gold_gain":0,"player_choice":"Memory 1","damage_taken":0,"max_hp_gain":0,"max_hp_loss":0,"event_name":"SensoryStone","floor":37,"gold_loss":0},{"damage_healed":0,"gold_gain":0,"cards_transformed":["Strike_G"],"player_choice":"Transformed","damage_taken":0,"max_hp_gain":0,"max_hp_loss":0,"event_name":"Transmorgrifier","floor":39,"gold_loss":0,"cards_obtained":["Dagger Spray"]}],"is_beta":false,"boss_relics":[{"not_picked":["Busted Crown","Ring of the Serpent"],"picked":"Cursed Key"},{"not_picked":["Fusion Hammer","Runic Dome"],"picked":"Empty Cage"}],"items_purged_floors":[5,30,47],"is_endless":false,"potions_floor_spawned":[6,11,13,18,20,28,36,41],"killed_by":"The Heart","ascension_level":15}}