{"host":"2zjdcgw4be5n15ja","time":1612624029,"event":{"mods":["AchievementEnabler","BaseMod","Better Skull","Better Third Choice","BetterRewards","Block Reminder","Hermit","Marisa????????","Minty Spire (QoL Compilation)","Poor People Problems","Quick Restart","Rare Cards Sparkle","Reimu??????","Relic Stats","Reliquary","StSLib","The Runesmith","The Senshi","TheFirefly","Yakumo Yukari mod"],"gold_per_floor":[114,214,25,25,25,60,74,74,97,114,37,69,29,29,29],"floor_reached":14,"language":"ENG","playtime":564,"items_purged":[],"score":101,"play_id":"1d565f42-635d-4ada-904b-d01a79280d3b","local_time":"20210207040709","is_ascension_mode":true,"campfire_choices":[],"circlet_count":0,"master_deck":["Strike_P","Strike_P","Strike_P","Strike_P","Defend_P","Defend_P","Defend_P","Defend_P","Eruption","Vigilance","Perseverance","SandsOfTime+1","Burn","Alpha+1","FlurryOfBlows","FlyingSleeves","Pray","Blasphemy","FearNoEvil"],"relics":["PureWater","Medical Kit","Du-Vu Doll","Omamori"],"acts_visited":["Exordium"],"potions_floor_usage":[12,14,14,14],"damage_taken":[{"damage":12,"enemies":"2 Louse","floor":1,"turns":2},{"damage":27,"enemies":"Gremlin Nob","floor":6,"turns":5},{"damage":0,"enemies":"Cultist","floor":7,"turns":2},{"damage":0,"enemies":"Small Slimes","floor":10,"turns":2},{"damage":13,"enemies":"3 Sentries","floor":12,"turns":4},{"damage":47,"enemies":"Gremlin Nob","floor":14,"turns":4}],"seed_played":"-7918357288590287721","potions_obtained":[{"floor":1,"key":"SkillPotion"},{"floor":6,"key":"DuplicationPotion"},{"floor":10,"key":"Swift Potion"},{"floor":12,"key":"Weak Potion"}],"is_trial":false,"path_per_floor":["M","?","$","?","?","E","M","?","T","M","$","E","$","E"],"character_chosen":"WATCHER","items_purchased":["Medical Kit","SandsOfTime","Pray","FearNoEvil"],"campfire_rested":0,"item_purchase_floors":[3,3,11,13],"current_hp_per_floor":[67,67,67,67,67,40,40,40,40,40,40,27,27,0,0],"gold":29,"neow_bonus":"TEN_PERCENT_HP_BONUS","is_daily":false,"chose_seed":false,"campfire_upgraded":0,"win_rate":0.0,"timestamp":1612624029,"path_taken":["M","?","?","?","?","E","M","?","T","?","?","E","$","E"],"items_purchased_type":["Relic","Card","Card","Card"],"build_version":"2020-12-22","purchased_purges":0,"victory":false,"max_hp_per_floor":[79,79,79,79,79,79,79,79,79,79,79,79,79,79,79],"relic_stats":{"counters":[6,19],"Medical Kit":[2],"obtain_stats":[{"Du-Vu Doll":6,"Omamori":12,"PureWater":0,"Medical Kit":3},{"Du-Vu Doll":2,"Omamori":5,"PureWater":0,"Medical Kit":1},{"Du-Vu Doll":7,"Omamori":15,"PureWater":0,"Medical Kit":2}]},"card_choices":[{"not_picked":["JustLucky","EmptyBody"],"picked":"Perseverance","floor":1},{"not_picked":["ClearTheMind","EmptyFist"],"picked":"Alpha","floor":6},{"not_picked":["Indignation","ClearTheMind"],"picked":"FlurryOfBlows","floor":7},{"not_picked":["PathToVictory","FlurryOfBlows"],"picked":"FlyingSleeves","floor":10},{"not_picked":["Consecrate","PathToVictory"],"picked":"Blasphemy","floor":12}],"player_experience":404692,"relics_obtained":[{"floor":6,"key":"Du-Vu Doll"},{"floor":12,"key":"Omamori"}],"event_choices":[{"damage_healed":0,"gold_gain":100,"player_choice":"Pray","damage_taken":0,"max_hp_gain":0,"max_hp_loss":0,"event_name":"Golden Shrine","floor":2,"gold_loss":0},{"damage_healed":67,"gold_gain":0,"player_choice":"Embrace Burn","damage_taken":0,"max_hp_gain":0,"max_hp_loss":79,"event_name":"betterThird:BetterShining","floor":4,"gold_loss":0},{"damage_healed":0,"gold_gain":0,"player_choice":"Grow","damage_taken":0,"max_hp_gain":0,"max_hp_loss":0,"event_name":"Living Wall","floor":5,"gold_loss":0,"cards_upgraded":["SandsOfTime"]},{"damage_healed":0,"gold_gain":0,"player_choice":"Upgraded","damage_taken":0,"max_hp_gain":0,"max_hp_loss":0,"event_name":"Upgrade Shrine","floor":8,"gold_loss":0,"cards_upgraded":["Alpha"]}],"is_beta":false,"boss_relics":[],"items_purged_floors":[],"is_endless":false,"potions_floor_spawned":[1,6,10,12],"killed_by":"Gremlin Nob","ascension_level":1}}