{"host":"ypzb5vvnu9f3ii1t","time":1612604809,"event":{"mods":["AchievementEnabler","BaseMod","Colored Map","DeckTracker","Keyboard Shortcuts","Minty Spire (QoL Compilation)","Permanent Neow","Quick Restart","SuperFastMode"],"gold_per_floor":[117,117,117,128,154,179,179,214,289,323,336,336,336,346,346,445,495,515,515,52,72,86,86,98,115,140,140,160,1,1,1,1,106,106,126,138,138,138,138],"floor_reached":38,"language":"KOR","playtime":1292,"items_purged":["Strike_R"],"score":574,"play_id":"d5e25a64-2f25-46a9-9f6e-e2da19286dfc","local_time":"20210206184649","is_ascension_mode":true,"campfire_choices":[{"data":"Combust","floor":7.0,"key":"SMITH"},{"data":"Limit Break","floor":13.0,"key":"SMITH"},{"floor":15.0,"key":"REST"},{"floor":23.0,"key":"REST"},{"floor":27.0,"key":"REST"},{"floor":30.0,"key":"REST"},{"data":"Rupture","floor":32.0,"key":"SMITH"}],"circlet_count":0,"master_deck":["Strike_R","Strike_R","Strike_R","Defend_R","Defend_R","Defend_R","Defend_R","Bash+1","Pommel Strike","Metallicize","Combust+1","Limit Break+1","Brutality","Offering","Rupture+1","Flex+1","Metallicize","Disarm","Offering","Dual Wield+1","Limit Break","Exhume","Shrug It Off"],"relics":["Burning Blood","NeowsBlessing","Pen Nib","Nunchaku","Dream Catcher","InkBottle","Peace Pipe","FaceOfCleric","Tiny House","Mango","Art of War","Philosopher\u0027s Stone"],"acts_visited":["Exordium","TheCity","TheBeyond"],"potions_floor_usage":[],"damage_taken":[{"damage":0.0,"enemies":"Cultist","floor":1.0,"turns":1.0},{"damage":0.0,"enemies":"Jaw Worm","floor":4.0,"turns":1.0},{"damage":0.0,"enemies":"Lagavulin","floor":6.0,"turns":1.0},{"damage":22.0,"enemies":"3 Sentries","floor":8.0,"turns":6.0},{"damage":19.0,"enemies":"Lagavulin","floor":10.0,"turns":8.0},{"damage":3.0,"enemies":"2 Louse","floor":11.0,"turns":2.0},{"damage":14.0,"enemies":"Gremlin Gang","floor":14.0,"turns":2.0},{"damage":40.0,"enemies":"Slime Boss","floor":16.0,"turns":7.0},{"damage":45.0,"enemies":"3 Byrds","floor":18.0,"turns":4.0},{"damage":27.0,"enemies":"2 Thieves","floor":21.0,"turns":4.0},{"damage":6.0,"enemies":"Snecko","floor":22.0,"turns":3.0},{"damage":30.0,"enemies":"Cultist and Chosen","floor":24.0,"turns":5.0},{"damage":29.0,"enemies":"Centurion and Healer","floor":25.0,"turns":5.0},{"damage":28.0,"enemies":"Shelled Parasite and Fungi","floor":28.0,"turns":5.0},{"damage":46.0,"enemies":"Automaton","floor":33.0,"turns":5.0},{"damage":48,"enemies":"3 Darklings","floor":35,"turns":3},{"damage":45,"enemies":"Orb Walker","floor":36,"turns":4},{"damage":0,"enemies":"Mind Bloom Boss Battle","floor":38,"turns":2}],"seed_played":"-4962502887749471058","potions_obtained":[{"floor":1.0,"key":"BloodPotion"},{"floor":6.0,"key":"Explosive Potion"},{"floor":8.0,"key":"Block Potion"},{"floor":14.0,"key":"DistilledChaos"},{"floor":17.0,"key":"SteroidPotion"},{"floor":18.0,"key":"DistilledChaos"},{"floor":22.0,"key":"Weak Potion"},{"floor":25.0,"key":"ElixirPotion"},{"floor":33.0,"key":"Dexterity Potion"},{"floor":35,"key":"Dexterity Potion"}],"is_trial":false,"path_per_floor":["M","?","$","M","T","E","R","E","T","E","M","?","R","M","R","B",null,"M","?","$","M","M","R","M","M","T","R","M","$","R","$","R","B",null,"M","M","?","?"],"character_chosen":"IRONCLAD","items_purchased":["Metallicize","Mango","Limit Break"],"campfire_rested":4,"item_purchase_floors":[20,20,29],"current_hp_per_floor":[80,80,80,80,80,80,80,64,64,51,54,54,54,47,71,38,76,55,60,74,54,55,86,63,41,41,72,51,51,83,83,83,44,92,51,13,13,13,13],"gold":138,"neow_bonus":"THREE_ENEMY_KILL","is_daily":false,"chose_seed":false,"campfire_upgraded":3,"win_rate":0.0,"timestamp":1612604809,"path_taken":["M","?","?","?","?","E","R","E","T","E","M","?","R","?","R","BOSS","M","?","$","M","M","R","M","M","T","R","M","?","R","$","R","BOSS","M","M","?","?"],"items_purchased_type":["Card","Relic","Card"],"build_version":"2020-12-22","purchased_purges":1,"victory":false,"max_hp_per_floor":[80,80,80,80,80,80,80,80,80,80,80,80,80,81,81,82,87,88,88,102,103,104,104,105,106,106,106,107,107,107,107,107,108,108,109,110,110,110,110],"card_choices":[{"not_picked":["Whirlwind","True Grit","Flame Barrier"],"picked":"SKIP","floor":1.0},{"not_picked":["Rage","Shrug It Off"],"picked":"Metallicize","floor":4.0},{"not_picked":["Heavy Blade","Twin Strike"],"picked":"Combust","floor":6.0},{"not_picked":["Fire Breathing","Rampage"],"picked":"Limit Break","floor":8.0},{"not_picked":["Dropkick","Spot Weakness"],"picked":"Brutality","floor":10.0},{"not_picked":["Clash","Perfected Strike","Sword Boomerang"],"picked":"SKIP","floor":11.0},{"not_picked":["Carnage","Rampage","Pommel Strike"],"picked":"SKIP","floor":14.0},{"not_picked":["Pummel","Fire Breathing"],"picked":"Flex","floor":15.0},{"not_picked":["Berserk","Exhume"],"picked":"Offering","floor":16.0},{"not_picked":["Wild Strike","Heavy Blade"],"picked":"Rupture","floor":17.0},{"not_picked":["Iron Wave+1","Anger"],"picked":"Flex+1","floor":18.0},{"not_picked":["Sword Boomerang","Perfected Strike"],"picked":"Disarm","floor":21.0},{"not_picked":["Shockwave","Iron Wave","Pommel Strike"],"picked":"SKIP","floor":22.0},{"not_picked":["True Grit","Evolve","Headbutt+1"],"picked":"SKIP","floor":24.0},{"not_picked":["Evolve+1","Uppercut+1"],"picked":"Offering","floor":25.0},{"not_picked":["Twin Strike+1","Cleave"],"picked":"Dual Wield+1","floor":28.0},{"not_picked":["Immolate","Feed"],"picked":"Exhume","floor":33.0},{"not_picked":["Cleave+1","True Grit+1"],"picked":"Shrug It Off","floor":35},{"not_picked":["Wild Strike","Pommel Strike","Flame Barrier+1"],"picked":"SKIP","floor":36}],"player_experience":183411,"relics_obtained":[{"floor":5.0,"key":"Pen Nib"},{"floor":6.0,"key":"Nunchaku"},{"floor":8.0,"key":"Dream Catcher"},{"floor":9.0,"key":"InkBottle"},{"floor":10.0,"key":"Peace Pipe"},{"floor":26.0,"key":"Art of War"}],"event_choices":[{"damage_healed":0.0,"max_hp_gain":0.0,"max_hp_loss":0.0,"gold_gain":0.0,"cards_transformed":["Strike_R"],"event_name":"Transmorgrifier","player_choice":"Transformed","floor":2.0,"gold_loss":0.0,"damage_taken":0.0,"cards_obtained":["Pommel Strike"]},{"damage_healed":0.0,"max_hp_gain":0.0,"max_hp_loss":0.0,"gold_gain":0.0,"event_name":"FaceTrader","player_choice":"Trade","floor":12.0,"gold_loss":0.0,"damage_taken":0.0,"relics_obtained":["FaceOfCleric"]},{"cards_removed":["Flex"],"damage_healed":5.0,"max_hp_gain":0.0,"max_hp_loss":0.0,"gold_gain":0.0,"event_name":"Bonfire Elementals","player_choice":"Offered Common","floor":19.0,"gold_loss":0.0,"damage_taken":0.0},{"cards_removed":["Flex"],"damage_healed":5.0,"max_hp_gain":0.0,"max_hp_loss":0.0,"gold_gain":0.0,"event_name":"Bonfire Elementals","player_choice":"Offered Special","floor":19.0,"gold_loss":0.0,"damage_taken":0.0},{"damage_healed":0,"gold_gain":0,"player_choice":"Memory 1","damage_taken":0,"max_hp_gain":0,"max_hp_loss":0,"event_name":"SensoryStone","floor":37,"gold_loss":0},{"damage_healed":0,"gold_gain":0,"player_choice":"Fight","damage_taken":0,"max_hp_gain":0,"max_hp_loss":0,"event_name":"MindBloom","floor":38,"gold_loss":0}],"is_beta":false,"boss_relics":[{"not_picked":["SacredBark","Runic Dome"],"picked":"Tiny House"},{"not_picked":["Pandora\u0027s Box","Astrolabe"],"picked":"Philosopher\u0027s Stone"}],"items_purged_floors":[20],"is_endless":false,"potions_floor_spawned":[1,6,8,14,18,22,25,33,35],"killed_by":"Mind Bloom Boss Battle","ascension_level":5}}