{"host":"l2dnabsh5e0fsksb","time":1612589645,"event":{"mods":["2.2 Compatiblity","BaseMod","Downfall","Minty Spire (QoL Compilation)","Quick Restart","StSLib"],"gold_per_floor":[99,99,99,111,123,135,223,260,272,84,115,27,55,101,129,218,230,242,274,299,311,334,357,396,419,431,461,503,515,562,574,600,683,695,707,732,756,287,304,359,359,359,359,387,402,413,430,441,451,451,451,451,451,451],"floor_reached":52,"language":"ENG","playtime":2161,"items_purged":[],"score":1350,"play_id":"6cfe7255-4a59-4474-9af8-9bc1e102dd89","local_time":"20210206160405","is_ascension_mode":true,"campfire_choices":[{"floor":1,"key":"RECALL"},{"data":"bronze:WhirlingStrike","floor":10,"key":"SMITH"},{"floor":12,"key":"REST"},{"data":"bronze:Format","floor":18,"key":"SMITH"},{"data":"bronze:Iterate","floor":26,"key":"SMITH"},{"data":"bronze:Repair","floor":29,"key":"SMITH"},{"data":"bronze:Mutator","floor":35,"key":"SMITH"},{"data":"1","floor":42,"key":"LIFT"}],"circlet_count":0,"master_deck":["AscendersBane","bronze:Strike","bronze:Strike","bronze:Strike","bronze:Strike","bronze:Defend","bronze:Defend","bronze:Defend","bronze:Defend","bronze:Replicate","bronze:WhirlingStrike+1","bronze:Return","bronze:Fortify+1","bronze:OilSpill","bronze:Constructor","bronze:Flail","bronze:Optimize","bronze:Format+1","bronze:BronzeOrb+1","bronze:DelayedSlice","bronze:Iterate+1","bronze:DelayedGuard","bronze:FollowUp","bronze:Repair+1","bronze:Mutator+1","bronze:Virus","bronze:InfiniteBeams","bronze:BuggyMess+1","bronze:Iterate","bronze:DelayedSlice","bronze:Iterate+1","bronze:OilSpill+1","bronze:Fortify","bronze:FineTuning"],"relics":["bronze:BronzeCore","downfall:HeartsMalice","MawBank","downfall:ShatteredFragment","Bronze Scales","Pantograph","downfall:HeartBlessingBlue","downfall:HeartBlessingRed","downfall:HeartBlessingGreen","Bottled Flame","expansioncontent:StudyCardRelic","bronze:CableSpool","Kunai","Busted Crown","Blue Candle","Boot","TungstenRod","Girya","Orichalcum"],"acts_visited":["Exordium","TheCity","TheBeyond","TheEnding"],"potions_floor_usage":[16,33,33,39,50,50],"damage_taken":[{"damage":0,"enemies":"Jaw Worm","floor":2,"turns":1},{"damage":0,"enemies":"Small Slimes","floor":6,"turns":1},{"damage":0,"enemies":"3 Sentries","floor":8,"turns":1},{"damage":2,"enemies":"2 Louse","floor":11,"turns":2},{"damage":0,"enemies":"2 Fungi Beasts","floor":13,"turns":2},{"damage":16,"enemies":"Gremlin Nob","floor":14,"turns":3},{"damage":0,"enemies":"3 Louse","floor":15,"turns":1},{"damage":28,"enemies":"IC_STATUS_ARCHETYPE","floor":16,"turns":5},{"damage":1,"enemies":"Shell Parasite","floor":19,"turns":3},{"damage":0,"enemies":"3 Byrds","floor":20,"turns":2},{"damage":0,"enemies":"Cultist and Chosen","floor":22,"turns":3},{"damage":5,"enemies":"Shelled Parasite and Fungi","floor":23,"turns":4},{"damage":3,"enemies":"3 Cultists","floor":25,"turns":3},{"damage":7,"enemies":"Snecko","floor":27,"turns":3},{"damage":0,"enemies":"Gremlin Leader","floor":28,"turns":6},{"damage":4,"enemies":"Book of Stabbing","floor":30,"turns":4},{"damage":9,"enemies":"Snake Plant","floor":32,"turns":4},{"damage":13,"enemies":"SI_MIRROR_ARCHETYPE","floor":33,"turns":8},{"damage":0,"enemies":"Orb Walker","floor":36,"turns":2},{"damage":0,"enemies":"3 Darklings","floor":37,"turns":3},{"damage":10,"enemies":"downfall:FleeingMerchant","floor":38,"turns":4},{"damage":0,"enemies":"Transient","floor":39,"turns":5},{"damage":9,"enemies":"2 Orb Walkers","floor":40,"turns":4},{"damage":18,"enemies":"Nemesis","floor":44,"turns":5},{"damage":0,"enemies":"Jaw Worm Horde","floor":45,"turns":2},{"damage":9,"enemies":"Spire Growth","floor":46,"turns":4},{"damage":14,"enemies":"4 Shapes","floor":47,"turns":6},{"damage":0,"enemies":"3 Darklings","floor":48,"turns":3},{"damage":5,"enemies":"Writhing Mass","floor":49,"turns":4},{"damage":63,"enemies":"WA_ARCHETYPE_DIVINITY","floor":50,"turns":8},{"damage":95,"enemies":"downfall:CharBossMerchant","floor":52,"turns":8}],"seed_played":"6138144446282053089","potions_obtained":[{"floor":11,"key":"Dexterity Potion"},{"floor":13,"key":"bronze:BurnAndBuffPotion"},{"floor":16,"key":"SteroidPotion"},{"floor":27,"key":"Block Potion"},{"floor":31,"key":"bronze:FreeFunctionsPotion"},{"floor":33,"key":"Strength Potion"},{"floor":36,"key":"SkillPotion"},{"floor":44,"key":"Energy Potion"}],"is_trial":false,"path_per_floor":["R","M","?","?","?","M","T","E","?","R","M","R","M","E","M","B",null,"R","M","M","?","M","M","T","M","R","M","E","R","E","?","M","B",null,"R","M","M","$","M","?","T","R","?","E","M","M","M","M","M","B",null,"E"],"character_chosen":"THE_AUTOMATON","items_purchased":["bronze:Iterate","Blue Candle","Boot"],"campfire_rested":1,"item_purchase_floors":[38,38,38],"current_hp_per_floor":[57,57,57,36,36,36,36,36,31,41,39,60,60,44,44,41,65,65,64,64,64,64,59,59,56,56,49,49,49,55,55,64,66,71,71,73,73,73,73,64,64,64,64,46,46,47,43,63,58,20,60,0,0,0],"gold":451,"neow_bonus":"THREE_ENEMY_KILL","is_daily":false,"chose_seed":false,"campfire_upgraded":5,"win_rate":0.0,"timestamp":1612589645,"path_taken":["R","M","?","?","?","M","T","E","?","R","M","R","M","E","M","BOSS","R","M","M","?","?","M","T","?","R","M","E","R","E","?","M","BOSS","R","M","M","$","?","?","T","R","?","E","M","M","M","?","M","BOSS","E"],"items_purchased_type":["Card","Relic","Relic"],"build_version":"2020-12-22","purchased_purges":0,"victory":false,"max_hp_per_floor":[63,63,63,63,63,63,63,63,63,73,73,73,73,73,73,73,73,73,73,73,73,73,73,73,73,73,73,73,73,73,73,73,73,73,73,73,73,73,73,73,73,73,73,73,73,73,73,73,73,73,73,73,73,73],"card_choices":[{"not_picked":["bronze:Overheat","bronze:Invalidate"],"picked":"bronze:WhirlingStrike","floor":2},{"not_picked":["bronze:WildBeam","bronze:ClassDefault"],"picked":"bronze:Return","floor":6},{"not_picked":["bronze:Terminator","bronze:Invalidate"],"picked":"bronze:Fortify","floor":8},{"not_picked":["bronze:Backtrace","bronze:DelayedGuard"],"picked":"bronze:OilSpill","floor":11},{"not_picked":["bronze:BuggyMess","bronze:Assembly"],"picked":"bronze:Constructor","floor":13},{"not_picked":["bronze:ClassDefault","bronze:GetLatest"],"picked":"bronze:Flail","floor":14},{"not_picked":["bronze:Separator","bronze:BronzeOrb"],"picked":"bronze:Optimize","floor":15},{"not_picked":["bronze:BurnOut","bronze:Hardcode"],"picked":"bronze:Format","floor":16},{"not_picked":["bronze:Overload","bronze:Separator"],"picked":"bronze:BronzeOrb","floor":19},{"not_picked":["bronze:Deprecate","bronze:Branch"],"picked":"bronze:DelayedSlice","floor":20},{"not_picked":["bronze:Constructor","bronze:DelayedSlice"],"picked":"bronze:Iterate","floor":22},{"not_picked":["bronze:BitShift","bronze:BugBarrage","bronze:Branch"],"picked":"SKIP","floor":23},{"not_picked":["bronze:Backtrace","bronze:Allocate"],"picked":"bronze:DelayedGuard","floor":25},{"not_picked":["bronze:Refactor","bronze:Safeguard"],"picked":"bronze:FollowUp","floor":27},{"not_picked":["bronze:DarkDash+1","bronze:Virus"],"picked":"bronze:Repair","floor":28},{"not_picked":["bronze:ForLoop","bronze:Fortify"],"picked":"bronze:Mutator","floor":30},{"not_picked":["bronze:BugBarrage","bronze:CloningBeam","bronze:Overload"],"picked":"SKIP","floor":32},{"not_picked":["bronze:TinkerersToolbox","bronze:Mutator"],"picked":"bronze:Virus","floor":33},{"not_picked":["bronze:Safeguard"],"picked":"SKIP","floor":36},{"not_picked":[],"picked":"bronze:InfiniteBeams","floor":37},{"not_picked":[],"picked":"bronze:BuggyMess+1","floor":38},{"not_picked":[],"picked":"bronze:DelayedSlice","floor":39},{"not_picked":[],"picked":"bronze:OilSpill+1","floor":44},{"not_picked":["bronze:Overheat+1"],"picked":"SKIP","floor":45},{"not_picked":[],"picked":"bronze:Fortify","floor":46},{"not_picked":[],"picked":"bronze:FineTuning","floor":47},{"not_picked":["bronze:WhirlingStrike"],"picked":"SKIP","floor":48},{"not_picked":["bronze:Allocate"],"picked":"SKIP","floor":49}],"player_experience":1905699,"relics_obtained":[{"floor":8,"key":"Bronze Scales"},{"floor":14,"key":"Bottled Flame"},{"floor":24,"key":"Whetstone"},{"floor":28,"key":"bronze:CableSpool"},{"floor":30,"key":"Kunai"},{"floor":40,"key":"TungstenRod"},{"floor":41,"key":"Girya"},{"floor":44,"key":"Orichalcum"}],"event_choices":[{"damage_healed":0,"gold_gain":0,"player_choice":"Box","damage_taken":0,"relics_obtained":["MawBank"],"max_hp_gain":0,"max_hp_loss":0,"event_name":"Big Fish","floor":3,"gold_loss":0,"cards_obtained":["Regret"]},{"cards_removed":["Regret"],"damage_healed":0,"gold_gain":0,"player_choice":"Card Removal","damage_taken":0,"max_hp_gain":0,"max_hp_loss":0,"event_name":"The Cleric","floor":5,"gold_loss":0},{"damage_healed":0,"gold_gain":0,"player_choice":"Success","damage_taken":5,"relics_obtained":["Pantograph"],"max_hp_gain":0,"max_hp_loss":0,"event_name":"Scrap Ooze","floor":9,"gold_loss":0},{"damage_healed":0,"gold_gain":0,"player_choice":"Fight","damage_taken":0,"max_hp_gain":0,"max_hp_loss":0,"event_name":"Mysterious Sphere","floor":40,"gold_loss":0}],"is_beta":false,"boss_relics":[{"not_picked":["Cursed Key","bronze:MakeshiftBattery"],"picked":"expansioncontent:StudyCardRelic"},{"not_picked":["Snecko Eye","Coffee Dripper"],"picked":"Busted Crown"}],"items_purged_floors":[],"is_endless":false,"potions_floor_spawned":[11,13,15,16,19,27,28,33,36,37,44,46,48,49],"killed_by":"downfall:CharBossMerchant","ascension_level":16}}