{"host":"8is2j71l4wmybkoi","time":1612606890,"event":{"mods":["AchievementEnabler","BaseMod","Colored Map","Minty Spire (QoL Compilation)","Rare Cards Sparkle","StSLib","SuperFastMode"],"gold_per_floor":[111,111,122,132,57,57,85,102,128,128,145,145,157,13,13,88,88,104,104,4,4,18,18,50,50,50,50,61,73,83,110,110,185,185,198,198,212,229,229,256,256,281,281,281,310,39,58,71,71,71,71],"floor_reached":50,"language":"KOR","playtime":3421,"items_purged":["Strike_G","Strike_G","Strike_G"],"score":1045,"play_id":"eff41cec-4776-4ae3-8700-069f7c85eb0f","local_time":"20210206192130","is_ascension_mode":true,"campfire_choices":[{"data":"Dash","floor":6.0,"key":"SMITH"},{"data":"Envenom","floor":10.0,"key":"SMITH"},{"data":"Cloak And Dagger","floor":15.0,"key":"SMITH"},{"data":"Neutralize","floor":23.0,"key":"SMITH"},{"data":"Doppelganger","floor":25.0,"key":"SMITH"},{"data":"Well Laid Plans","floor":27.0,"key":"SMITH"},{"data":"Blade Dance","floor":32.0,"key":"SMITH"},{"data":"Tactician","floor":41.0,"key":"SMITH"},{"data":"Terror","floor":44,"key":"SMITH"},{"floor":49,"key":"RECALL"}],"circlet_count":0,"master_deck":["AscendersBane","Defend_G+1","Defend_G","Defend_G","Defend_G+1","Defend_G","Survivor","Neutralize+1","Quick Slash","Dagger Spray","Dash+1","Envenom+1","Cloak And Dagger+1","Well Laid Plans+1","Doppelganger+1","Blade Dance+1","Cloak And Dagger+1","Heel Hook","Terror+1","PiercingWail","Tactician+1","Prepared+1","Bouncing Flask","Corpse Explosion","Slice+1","Backflip","Finisher","Bullet Time","Acrobatics+1","Catalyst"],"relics":["Ring of the Snake","NeowsBlessing","MealTicket","Pen Nib","PreservedInsect","Sozu","Orichalcum","Bag of Marbles","Lizard Tail","WristBlade","Bird Faced Urn","War Paint","Lantern","Medical Kit"],"acts_visited":["Exordium","TheCity","TheBeyond"],"potions_floor_usage":[],"damage_taken":[{"damage":0.0,"enemies":"2 Louse","floor":1.0,"turns":1.0},{"damage":0.0,"enemies":"Cultist","floor":3.0,"turns":1.0},{"damage":0.0,"enemies":"Jaw Worm","floor":4.0,"turns":1.0},{"damage":19.0,"enemies":"Gremlin Nob","floor":7.0,"turns":5.0},{"damage":16.0,"enemies":"Large Slime","floor":8.0,"turns":8.0},{"damage":0.0,"enemies":"Exordium Thugs","floor":11.0,"turns":4.0},{"damage":4.0,"enemies":"Looter","floor":13.0,"turns":4.0},{"damage":10.0,"enemies":"Hexaghost","floor":16.0,"turns":9.0},{"damage":18.0,"enemies":"Spheric Guardian","floor":18.0,"turns":4.0},{"damage":14.0,"enemies":"Shell Parasite","floor":22.0,"turns":4.0},{"damage":5.0,"enemies":"Gremlin Leader","floor":24.0,"turns":4.0},{"damage":2.0,"enemies":"Cultist and Chosen","floor":28.0,"turns":3.0},{"damage":0.0,"enemies":"Centurion and Healer","floor":29.0,"turns":4.0},{"damage":1.0,"enemies":"Snecko","floor":30.0,"turns":4.0},{"damage":14.0,"enemies":"Book of Stabbing","floor":31.0,"turns":5.0},{"damage":32.0,"enemies":"Champ","floor":33.0,"turns":10.0},{"damage":0.0,"enemies":"3 Darklings","floor":35.0,"turns":1.0},{"damage":0.0,"enemies":"3 Shapes","floor":37.0,"turns":1.0},{"damage":10.0,"enemies":"Jaw Worm Horde","floor":38.0,"turns":3.0},{"damage":14.0,"enemies":"Giant Head","floor":40.0,"turns":6.0},{"damage":0.0,"enemies":"Reptomancer","floor":42.0,"turns":3.0},{"damage":1,"enemies":"Giant Head","floor":45,"turns":4},{"damage":0,"enemies":"4 Shapes","floor":47,"turns":4},{"damage":0,"enemies":"Transient","floor":48,"turns":5},{"damage":72,"enemies":"Awakened One","floor":50,"turns":7}],"seed_played":"1391735062495843597","potions_obtained":[{"floor":1.0,"key":"Poison Potion"},{"floor":2.0,"key":"Block Potion"},{"floor":2.0,"key":"Fire Potion"},{"floor":7.0,"key":"LiquidMemories"}],"is_trial":false,"path_per_floor":["M","?","M","M","$","R","E","M","T","R","M","?","M","$","R","B",null,"M","?","$","?","M","R","E","R","T","R","M","M","M","E","R","B",null,"M","?","M","M","?","E","R","E","T","R","E","$","M","M","R","B"],"character_chosen":"THE_SILENT","items_purchased":["PreservedInsect","Medical Kit"],"campfire_rested":0,"item_purchase_floors":[14,46],"current_hp_per_floor":[59,59,59,59,59,59,40,24,24,24,24,24,20,35,35,25,56,38,38,53,53,39,39,34,34,34,34,32,32,31,17,17,19,54,54,54,54,44,44,30,30,30,30,30,33,48,52,54,54,0,0],"gold":71,"neow_bonus":"THREE_ENEMY_KILL","is_daily":false,"chose_seed":false,"campfire_upgraded":9,"win_rate":0.0,"timestamp":1612606890,"path_taken":["M","?","?","M","$","R","E","M","T","R","?","?","M","?","R","BOSS","M","?","?","?","M","R","E","R","T","R","M","M","M","E","R","BOSS","M","?","?","M","?","E","R","E","T","R","E","$","M","M","R","BOSS"],"items_purchased_type":["Relic","Relic"],"build_version":"2020-12-22","purchased_purges":3,"victory":false,"max_hp_per_floor":[66,66,66,66,66,66,66,66,66,66,66,66,66,66,66,66,66,66,66,66,66,66,66,66,66,66,66,66,66,66,66,66,66,66,66,66,66,66,66,66,66,66,66,66,66,66,66,66,66,66,66],"card_choices":[{"not_picked":["Calculated Gamble","Prepared"],"picked":"Quick Slash","floor":1.0},{"not_picked":["Accuracy","Acrobatics"],"picked":"Dagger Spray","floor":3.0},{"not_picked":["Concentrate","Deadly Poison"],"picked":"Dash","floor":4.0},{"not_picked":["Dodge and Roll","Slice"],"picked":"Envenom","floor":7.0},{"not_picked":["Dagger Spray","Predator"],"picked":"Cloak And Dagger","floor":8.0},{"not_picked":["All Out Attack","Slice"],"picked":"Well Laid Plans","floor":11.0},{"not_picked":["Underhanded Strike","Prepared","Quick Slash"],"picked":"SKIP","floor":13.0},{"not_picked":["Venomology","Envenom"],"picked":"Doppelganger","floor":16.0},{"not_picked":["Dodge and Roll","Flying Knee"],"picked":"Blade Dance","floor":18.0},{"not_picked":["Acrobatics","Sucker Punch"],"picked":"Heel Hook","floor":22.0},{"not_picked":["Sucker Punch","Envenom"],"picked":"Terror","floor":24.0},{"not_picked":["Poisoned Stab","Prepared"],"picked":"PiercingWail","floor":28.0},{"not_picked":["Setup","Deadly Poison"],"picked":"Tactician","floor":29.0},{"not_picked":["Cloak And Dagger","Underhanded Strike"],"picked":"Prepared","floor":30.0},{"not_picked":["Prepared","Deflect"],"picked":"Bouncing Flask","floor":31.0},{"not_picked":["Unload","Wraith Form v2"],"picked":"Corpse Explosion","floor":33.0},{"not_picked":["Dash+1","Heel Hook","Outmaneuver"],"picked":"SKIP","floor":35.0},{"not_picked":["Deflect","Dodge and Roll","Quick Slash+1"],"picked":"SKIP","floor":37.0},{"not_picked":["Caltrops","Deadly Poison"],"picked":"Slice+1","floor":38.0},{"not_picked":["Dagger Throw","Flying Knee"],"picked":"Backflip","floor":40.0},{"not_picked":["Calculated Gamble+1","Setup"],"picked":"Finisher","floor":42},{"not_picked":["Bane+1","Prepared"],"picked":"Bullet Time","floor":45},{"not_picked":["Bouncing Flask","Prepared"],"picked":"Acrobatics+1","floor":47},{"not_picked":["Quick Slash","Bouncing Flask"],"picked":"Catalyst","floor":48}],"player_experience":1012838,"relics_obtained":[{"floor":7.0,"key":"MealTicket"},{"floor":9.0,"key":"Pen Nib"},{"floor":24.0,"key":"Orichalcum"},{"floor":26.0,"key":"Bag of Marbles"},{"floor":31.0,"key":"Lizard Tail"},{"floor":40.0,"key":"Bird Faced Urn"},{"floor":42,"key":"War Paint"},{"floor":45,"key":"Lantern"}],"event_choices":[{"damage_healed":0.0,"max_hp_gain":0.0,"max_hp_loss":0.0,"gold_gain":0.0,"event_name":"Lab","player_choice":"Got Potions","floor":2.0,"gold_loss":0.0,"damage_taken":0.0},{"cards_removed":["Strike_G"],"damage_healed":0.0,"max_hp_gain":0.0,"max_hp_loss":0.0,"gold_gain":0.0,"event_name":"Living Wall","player_choice":"Forget","floor":12.0,"gold_loss":0.0,"damage_taken":0.0},{"damage_healed":0.0,"max_hp_gain":0.0,"max_hp_loss":0.0,"gold_gain":0.0,"event_name":"Duplicator","player_choice":"Copied","floor":19.0,"gold_loss":0.0,"damage_taken":0.0,"cards_obtained":["Cloak And Dagger"]},{"cards_removed":["Strike_G"],"damage_healed":0.0,"max_hp_gain":0.0,"max_hp_loss":0.0,"gold_gain":0.0,"event_name":"Bonfire Elementals","player_choice":"Offered Basic","floor":21.0,"gold_loss":0.0,"damage_taken":0.0},{"damage_healed":0.0,"max_hp_gain":0.0,"max_hp_loss":0.0,"gold_gain":0.0,"event_name":"Accursed Blacksmith","player_choice":"Forge","floor":36.0,"gold_loss":0.0,"damage_taken":0.0,"cards_upgraded":["Prepared"]},{"damage_healed":0.0,"max_hp_gain":0.0,"max_hp_loss":0.0,"gold_gain":0.0,"event_name":"Tomb of Lord Red Mask","player_choice":"Ignored","floor":39.0,"gold_loss":0.0,"damage_taken":0.0}],"is_beta":false,"boss_relics":[{"not_picked":["Empty Cage","SlaversCollar"],"picked":"Sozu"},{"not_picked":["Philosopher\u0027s Stone","Tiny House"],"picked":"WristBlade"}],"items_purged_floors":[5,20,46],"is_endless":false,"potions_floor_spawned":[1,4,7,24,29,30,33,38,42,45,48],"killed_by":"Awakened One","ascension_level":15}}