{"host":"4k1o517shm2ba6vh","time":1612627043,"event":{"mods":["AchievementEnabler","BaseMod","Downfall","Minty Spire (QoL Compilation)","Smile Girya","StSLib","The Poker Player","everything is the same but u backflip on backflip"],"gold_per_floor":[99,111,129,140,15,15,15,44,64,64,91,101,120,5,18,18,18,18],"floor_reached":16,"language":"ENG","playtime":1923,"items_purged":["bronze:Strike","bronze:Defend"],"score":139,"play_id":"7b039652-1361-4755-8459-0b4d30a81694","local_time":"20210206095723","is_ascension_mode":false,"campfire_choices":[{"data":"bronze:Goto","floor":1,"key":"SMITH"},{"data":"bronze:BronzeOrb","floor":10,"key":"SMITH"}],"circlet_count":0,"master_deck":["bronze:Strike","bronze:Strike","bronze:Strike","bronze:Defend","bronze:Defend","bronze:Defend","bronze:Replicate","bronze:Goto+1","bronze:ChildClass","bronze:Optimize","bronze:Break","bronze:BronzeOrb+1","bronze:Return","bronze:Return","bronze:Repair","bronze:CutThrough"],"relics":["bronze:BronzeCore","Bottled Flame","Strawberry","Regal Pillow"],"acts_visited":["Exordium"],"potions_floor_usage":[11,11,13,16],"damage_taken":[{"damage":1,"enemies":"Cultist","floor":2,"turns":3},{"damage":2,"enemies":"Small Slimes","floor":3,"turns":4},{"damage":1,"enemies":"Jaw Worm","floor":4,"turns":3},{"damage":2,"enemies":"downfall:FleeingMerchant","floor":5,"turns":4},{"damage":8,"enemies":"3 Sentries","floor":8,"turns":6},{"damage":0,"enemies":"Blue Slaver","floor":9,"turns":2},{"damage":41,"enemies":"Lagavulin","floor":11,"turns":6},{"damage":0,"enemies":"Exordium Wildlife","floor":12,"turns":2},{"damage":0,"enemies":"Lots of Slimes","floor":13,"turns":4},{"damage":0,"enemies":"downfall:FleeingMerchant","floor":14,"turns":4},{"damage":0,"enemies":"Exordium Wildlife","floor":15,"turns":3},{"damage":77,"enemies":"WA_ARCHETYPE_RETAIN","floor":16,"turns":9}],"seed_played":"523314690523258620","potions_obtained":[{"floor":2,"key":"Swift Potion"},{"floor":3,"key":"CultistPotion"},{"floor":11,"key":"GamblersBrew"},{"floor":12,"key":"LiquidBronze"},{"floor":13,"key":"Fruit Juice"}],"is_trial":false,"path_per_floor":["R","M","M","M","$","?","T","E","M","R","E","M","M","$","M","B"],"character_chosen":"THE_AUTOMATON","items_purchased":["bronze:BronzeOrb"],"campfire_rested":0,"item_purchase_floors":[5],"current_hp_per_floor":[77,76,74,73,71,71,71,70,70,70,29,36,48,48,55,0,0,0],"gold":18,"neow_bonus":"TEN_PERCENT_HP_BONUS","is_daily":false,"chose_seed":false,"campfire_upgraded":2,"win_rate":0.0,"timestamp":1612627043,"path_taken":["R","M","M","M","$","?","T","E","M","R","E","M","M","$","M","BOSS"],"items_purchased_type":["Card"],"build_version":"2020-12-22","purchased_purges":2,"victory":false,"max_hp_per_floor":[77,77,77,77,77,77,77,84,84,84,84,84,89,89,89,89,89,89],"card_choices":[{"not_picked":["bronze:Invalidate","bronze:WildBeam"],"picked":"bronze:ChildClass","floor":2},{"not_picked":["bronze:Turbo","bronze:FollowUp"],"picked":"bronze:Optimize","floor":3},{"not_picked":["bronze:OilSpill","bronze:WildBeam","bronze:Optimize"],"picked":"SKIP","floor":4},{"not_picked":["bronze:OilSpill","bronze:CutThrough"],"picked":"bronze:Break","floor":5},{"not_picked":["bronze:FollowUp","bronze:BugBarrage"],"picked":"bronze:Return","floor":8},{"not_picked":["bronze:Frontload","bronze:Optimize"],"picked":"bronze:Return","floor":9},{"not_picked":["bronze:Invalidate","bronze:Overheat"],"picked":"bronze:Repair","floor":11},{"not_picked":["bronze:BugBarrage","bronze:Frontload","bronze:WhirlingStrike"],"picked":"SKIP","floor":12},{"not_picked":["bronze:Fortify","bronze:Iterate","bronze:ForceShield"],"picked":"SKIP","floor":13},{"not_picked":["bronze:CleanCode","bronze:BuggyMess","bronze:Backtrace"],"picked":"SKIP","floor":14},{"not_picked":["bronze:Philosophize","bronze:Iterate"],"picked":"bronze:CutThrough","floor":15}],"player_experience":474958,"relics_obtained":[{"floor":7,"key":"Bottled Flame"},{"floor":8,"key":"Strawberry"},{"floor":11,"key":"Regal Pillow"}],"event_choices":[],"is_beta":false,"boss_relics":[],"items_purged_floors":[5,14],"is_endless":false,"potions_floor_spawned":[2,3,11,12,13],"killed_by":"WA_ARCHETYPE_RETAIN","ascension_level":0}}