{"host":"j1eo1fqrqta44853","time":1612641259,"event":{"mods":["Act Like it!","Bartender","BaseMod","CatGirl Mod","Custom Start","Downfall","Elementarium","Gensokyo","GungeonMod","HololiveMod","Hubris","Infinite Spire","KinomotoSakuraMod(????)","Koishi","Lobotomy","LobotomyExtend","Marisa????????","Minty Spire (QoL Compilation)","Pale of the Ancients","Rare Cards Sparkle","Reimu??????","Reliquary","Replay The Spire","SIMod","Shedinja","Spire Arcade","StSLib","The Alterego","The Jungle","The Marked","The Mystic","The Runesmith","The Senshi","The Vixen","TheBandit","Waifu the Spire","WarShipGirlsR/????R mod","Yakumo Yukari mod"],"gold_per_floor":[362,362,378,378,394,394,427,427,453,467,467,467,467,487,487,487,487],"floor_reached":16,"language":"ENG","playtime":1441,"items_purged":[],"score":100,"play_id":"4239300f-d2c0-4914-925f-f9505f481979","local_time":"20210206135419","is_ascension_mode":false,"campfire_choices":[{"floor":6,"key":"RECALL"},{"floor":8,"key":"REST"},{"data":"infinitespire:Starlight","floor":11,"key":"SMITH"},{"data":"Koishi:UnconsciousUrges","floor":15,"key":"SMITH"}],"circlet_count":0,"master_deck":["Koishi:BasicStrike","Koishi:BasicStrike","Koishi:BasicStrike","Koishi:BasicStrike","Koishi:BasicDefend","Koishi:BasicDefend","Koishi:BasicDefend","Koishi:BasicDefend","Koishi:Provoke","Koishi:HauntingSlash","Koishi:SpiritedAway","Koishi:SubterraneanRose","infinitespire:Starlight+1","Koishi:SubconsciousSweep","Koishi:UnconsciousUrges+1","Koishi:FleetingPhantom","Koishi:CatchAndRose"],"relics":["Koishi:ImaginaryFriend","DemoMod:Bottle"],"acts_visited":["Exordium"],"potions_floor_usage":[7,16],"damage_taken":[{"damage":12,"enemies":"Jaw Worm","floor":1,"turns":5},{"damage":0,"enemies":"2 Louse","floor":3,"turns":2},{"damage":2,"enemies":"Small Slimes","floor":5,"turns":5},{"damage":30,"enemies":"Lagavulin","floor":7,"turns":11},{"damage":13,"enemies":"Blue Slaver","floor":10,"turns":5},{"damage":0,"enemies":"Exordium Wildlife","floor":14,"turns":4},{"damage":74,"enemies":"Fading Forest","floor":16,"turns":9}],"seed_played":"-3536112567120169885","potions_obtained":[{"floor":3,"key":"Ancient Potion"},{"floor":14,"key":"Fire Potion"}],"is_trial":false,"path_per_floor":["M","?","M","?","M","R","E","R","T","M","R","?","?","M","R","B"],"character_chosen":"KOISHI","items_purchased":[],"campfire_rested":1,"item_purchase_floors":[],"current_hp_per_floor":[32,40,41,26,36,36,20,38,38,36,36,36,36,51,51,0,0],"gold":487,"neow_bonus":"TWO_FIFTY_GOLD","is_daily":false,"chose_seed":false,"campfire_upgraded":2,"win_rate":0.0,"timestamp":1612641259,"path_taken":["M","?","M","?","M","R","E","R","T","?","R","?","?","M","R","BOSS"],"items_purchased_type":[],"build_version":"2020-12-22","purchased_purges":0,"victory":false,"max_hp_per_floor":[60,60,60,60,60,60,60,60,60,60,60,60,60,60,60,60,60],"card_choices":[{"not_picked":["Koishi:MassHysteria","Koishi:Whimsy"],"picked":"Koishi:SpiritedAway","floor":1},{"not_picked":["Koishi:MassHysteria","Koishi:TremblingHands"],"picked":"Koishi:SubterraneanRose","floor":3},{"not_picked":["Replay:Fractal Strike","ReplayTheSpireMod:??????????????????????"],"picked":"infinitespire:Starlight","floor":4},{"not_picked":["Koishi:Vanish","Koishi:YoukaiPolygraph"],"picked":"Koishi:SubconsciousSweep","floor":5},{"not_picked":["Koishi:TraumaticStroke","Koishi:FreudianInstinct"],"picked":"Koishi:UnconsciousUrges","floor":7},{"not_picked":["Koishi:SubconsciousSweep","Koishi:EmbersOfLove"],"picked":"Koishi:FleetingPhantom","floor":10},{"not_picked":["Koishi:DanmakuParanoia","Koishi:SubterraneanRose"],"picked":"Koishi:CatchAndRose","floor":14}],"player_experience":1143114,"relics_obtained":[{"floor":7,"key":"DemoMod:Bottle"}],"event_choices":[],"is_beta":false,"boss_relics":[],"items_purged_floors":[],"is_endless":false,"potions_floor_spawned":[3,14],"killed_by":"Fading Forest","ascension_level":0}}