{"host":"oigynbtg272c19pw","time":1612601845,"event":{"mods":["BaseMod","Colored Map","Minty Spire (QoL Compilation)","Relic Stats","Slay the Relics Exporter","StSLib"],"gold_per_floor":[109,109,122,133,58,58,92,92,92,92,112,112,112],"floor_reached":12,"playtime":345,"items_purged":["Writhe"],"score":156,"play_id":"4c9a32f1-58ba-4386-a776-334e35043e6f","local_time":"20210206095725","is_ascension_mode":true,"campfire_choices":[{"data":"Deadly Poison","floor":6,"key":"SMITH"},{"data":"Envenom","floor":8,"key":"SMITH"},{"floor":10,"key":"REST"}],"circlet_count":0,"master_deck":["AscendersBane","Strike_G","Strike_G","Strike_G","Strike_G","Defend_G","Defend_G","Defend_G","Defend_G","Defend_G","Survivor","Neutralize","Deadly Poison+1","Blade Dance","Well Laid Plans","Envenom+1","Poisoned Stab"],"relics":["Ring of the Snake","StrikeDummy","Question Card"],"acts_visited":["Exordium"],"potions_floor_usage":[7,12],"damage_taken":[{"damage":1,"enemies":"Cultist","floor":1,"turns":4},{"damage":10,"enemies":"Jaw Worm","floor":3,"turns":5},{"damage":2,"enemies":"Small Slimes","floor":4,"turns":4},{"damage":42,"enemies":"Gremlin Nob","floor":7,"turns":4},{"damage":9,"enemies":"3 Louse","floor":11,"turns":3},{"damage":17,"enemies":"3 Sentries","floor":12,"turns":4}],"seed_played":"1271156497811555004","potions_obtained":[{"floor":1,"key":"SteroidPotion"},{"floor":7,"key":"Regen Potion"},{"floor":11,"key":"Regen Potion"}],"is_trial":false,"path_per_floor":["M","?","M","M","$","R","E","R","T","R","M","E"],"character_chosen":"THE_SILENT","items_purchased":[],"campfire_rested":1,"item_purchase_floors":[],"current_hp_per_floor":[70,70,60,58,58,58,16,16,16,39,30,22,22],"gold":112,"neow_bonus":"TWENTY_PERCENT_HP_BONUS","is_daily":false,"chose_seed":false,"campfire_upgraded":2,"win_rate":0.0,"timestamp":1612601845,"path_taken":["M","?","M","?","$","R","E","R","T","R","M","E"],"items_purchased_type":[],"build_version":"2020-12-13","purchased_purges":1,"victory":false,"max_hp_per_floor":[78,78,78,78,78,78,78,78,78,78,78,78,78],"relic_stats":{"counters":[6,24],"Question Card":1,"obtain_stats":[{"StrikeDummy":7,"Question Card":9,"Ring of the Snake":0},{"StrikeDummy":4,"Question Card":4,"Ring of the Snake":0},{"StrikeDummy":17,"Question Card":17,"Ring of the Snake":0}],"Ring of the Snake":[12]},"card_choices":[{"not_picked":["Backstab","Dodge and Roll"],"picked":"Deadly Poison","floor":1},{"not_picked":["Flying Knee","Distraction"],"picked":"Blade Dance","floor":3},{"not_picked":["Dagger Throw","Outmaneuver"],"picked":"Well Laid Plans","floor":4},{"not_picked":["Predator","Acrobatics"],"picked":"Envenom","floor":7},{"not_picked":["Dodge and Roll","Underhanded Strike","Caltrops"],"picked":"Poisoned Stab","floor":11}],"player_experience":1548820,"relics_obtained":[{"floor":7,"key":"StrikeDummy"},{"floor":9,"key":"Question Card"}],"event_choices":[{"cards_removed":["Strike_G"],"damage_healed":0,"gold_gain":0,"player_choice":"Offered Basic","damage_taken":0,"max_hp_gain":0,"max_hp_loss":0,"event_name":"Bonfire Elementals","floor":2,"gold_loss":0}],"is_beta":false,"boss_relics":[],"items_purged_floors":[5],"is_endless":false,"potions_floor_spawned":[1,7,11],"killed_by":"3 Sentries","ascension_level":20}}