{"host":"q57ekfojy3i00x9o","time":1612640560,"event":{"mods":["Arknights","Aspiration","BaseMod","Colored Map","Energized Spire","Hermit","Minty Spire (QoL Compilation)","Quick Restart","Spicy Shops","Spikes Relics","StSLib","slay the spire mod where everything is the same but ironclad has a cowboy hat"],"gold_per_floor":[118,118,118,42,52,52,84,84,111,137,137,37,56,231,231,332,332,346,223,223,173,185,185,210,221,302,302,302,302,328,348,348,450,450,467,249,1248,1262,1147,1147,1177,1189,1236,376,387,387,418,418,418,418],"floor_reached":51,"language":"RUS","playtime":1154,"items_purged":["Doubt","Normality","Normality"],"score":1283,"play_id":"a76da668-cd87-4b4a-ae06-fa9261ec3d2f","local_time":"20210207004240","is_ascension_mode":true,"campfire_choices":[{"data":"Venomology","floor":6.0,"key":"SMITH"},{"data":"Cloak And Dagger","floor":8.0,"key":"SMITH"},{"floor":11.0,"key":"REST"},{"data":"Accuracy","floor":15.0,"key":"SMITH"},{"data":"Cloak And Dagger","floor":23.0,"key":"SMITH"},{"floor":27.0,"key":"REST"},{"floor":32.0,"key":"REST"},{"data":"Glass Knife","floor":46.0,"key":"SMITH"},{"data":"Finisher","floor":49,"key":"SMITH"}],"circlet_count":0,"master_deck":["AscendersBane","Defend_G","Defend_G","Defend_G","Defend_G","Defend_G","Survivor","Neutralize+1","Cloak And Dagger+1","Venomology+1","Outmaneuver","Neutralize","Dagger Spray","Footwork","Finisher+1","Accuracy+1","Cloak And Dagger+1","Die Die Die","Predator+1","Flying Knee","Slice","Masterful Stab+1","Poisoned Stab","Bite","Bite","Bite","Bite","Bite","Blade Dance+1","Backflip","Glass Knife+1","Accuracy+1","Slice+1","Prepared+1","Clash+1","Pommel Strike","Footwork","Twin Strike","Secret Technique","Blade Dance+1","Metallicize+1"],"relics":["Ring of the Snake","StoneCalendar","HandDrill","Vajra","Snake Skull","aspiration:PoetsPen_weak","CherryCoatedStake","aspiration:HummingbirdHeart","Centennial Puzzle","aspiration:IroncladSkillbook","Membership Card","DollysMirror","MealTicket","Paper Crane","Boot","aspiration:Lifesprig","Sling","War Paint","TheAbacus","Bag of Preparation","aspiration:ChemicalBlood","aspiration:SeaSaltIceCream","ZombieTooth"],"acts_visited":["Exordium","TheCity","TheBeyond"],"potions_floor_usage":[47,50,50],"damage_taken":[{"damage":8.0,"enemies":"Jaw Worm","floor":1.0,"turns":7.0},{"damage":0.0,"enemies":"2 Louse","floor":5.0,"turns":2.0},{"damage":22.0,"enemies":"Gremlin Nob","floor":7.0,"turns":5.0},{"damage":20.0,"enemies":"3 Sentries","floor":10.0,"turns":7.0},{"damage":0.0,"enemies":"Cultist","floor":13.0,"turns":3.0},{"damage":35.0,"enemies":"Slime Boss","floor":16.0,"turns":7.0},{"damage":22.0,"enemies":"Spheric Guardian","floor":18.0,"turns":4.0},{"damage":0.0,"enemies":"3 Byrds","floor":22.0,"turns":3.0},{"damage":12.0,"enemies":"Book of Stabbing","floor":24.0,"turns":3.0},{"damage":10.0,"enemies":"3 Cultists","floor":25.0,"turns":4.0},{"damage":0.0,"enemies":"Slavers","floor":30.0,"turns":2.0},{"damage":12.0,"enemies":"Snake Plant","floor":31.0,"turns":2.0},{"damage":12.0,"enemies":"Collector","floor":33.0,"turns":7.0},{"damage":0.0,"enemies":"3 Darklings","floor":35.0,"turns":3.0},{"damage":0.0,"enemies":"Orb Walker","floor":38.0,"turns":2.0},{"damage":26.0,"enemies":"Giant Head","floor":41.0,"turns":6.0},{"damage":8.0,"enemies":"Jaw Worm Horde","floor":42.0,"turns":3.0},{"damage":0.0,"enemies":"3 Darklings","floor":45.0,"turns":2.0},{"damage":0,"enemies":"Reptomancer","floor":47,"turns":2},{"damage":12,"enemies":"Donu and Deca","floor":50,"turns":4}],"seed_played":"-4521758959998763767","potions_obtained":[{"floor":1.0,"key":"Fire Potion"},{"floor":13.0,"key":"Fire Potion"},{"floor":16.0,"key":"DuplicationPotion"},{"floor":18.0,"key":"Block Potion"},{"floor":24.0,"key":"Swift Potion"},{"floor":33.0,"key":"Poison Potion"},{"floor":42.0,"key":"CunningPotion"},{"floor":45.0,"key":"CunningPotion"},{"floor":47,"key":"DistilledChaos"}],"is_trial":false,"path_per_floor":["M","?","?","$","M","R","E","R","T","E","R","$","M","?","R","B",null,"M","$","?","?","M","R","E","M","T","R","?","?","E","M","R","B",null,"M","$","?","M","$","?","E","M","T","$","M","R","E","?","R","B",null],"character_chosen":"THE_SILENT","items_purchased":["HandDrill","Accuracy","Cloak And Dagger","Flying Knee","Membership Card","DollysMirror","MealTicket","Prepared","aspiration:Lifesprig","Sling","War Paint","Footwork","Twin Strike","TheAbacus","Bag of Preparation","aspiration:ChemicalBlood","Secret Technique","Explosive Potion"],"campfire_rested":3,"item_purchase_floors":[4,12,12,19,36,36,39,39,44,44,44,44,44,44,44,44,44,44],"current_hp_per_floor":[55,52,52,52,52,52,30,30,30,12,33,33,35,35,35,2,53,33,33,33,33,35,35,25,20,20,41,41,28,32,22,44,75,75,75,75,75,75,75,75,57,62,62,75,75,75,75,71,71,65],"gold":418,"neow_bonus":"UPGRADE_CARD","is_daily":false,"chose_seed":false,"campfire_upgraded":6,"win_rate":0.0,"timestamp":1612640560,"path_taken":["M","?","?","$","M","R","E","R","T","E","R","$","?","?","R","BOSS","M","$","?","?","M","R","E","?","T","R","?","?","E","M","R","BOSS","M","$","?","M","$","?","E","M","T","$","M","R","E","?","R","BOSS"],"items_purchased_type":["Relic","Card","Card","Card","Relic","Relic","Relic","Card","Relic","Relic","Relic","Card","Card","Relic","Relic","Relic","Card","Potion"],"build_version":"2020-12-22","purchased_purges":3,"victory":true,"max_hp_per_floor":[70,70,70,70,70,70,70,70,70,70,70,70,70,70,70,70,70,70,70,70,70,70,70,70,70,70,70,70,75,75,75,75,75,75,75,75,75,75,75,75,75,75,75,75,75,75,75,71,71,71],"card_choices":[{"not_picked":["Flechettes","Skewer"],"picked":"Cloak And Dagger","floor":1.0},{"not_picked":["Deflect","Dagger Throw"],"picked":"Dagger Spray","floor":5.0},{"not_picked":["Dagger Spray","Outmaneuver"],"picked":"Footwork","floor":7.0},{"not_picked":["Deflect","Acrobatics"],"picked":"Finisher","floor":10.0},{"not_picked":["Underhanded Strike","Riddle With Holes","Setup"],"picked":"SKIP","floor":13.0},{"not_picked":["Corpse Explosion","Unload"],"picked":"Die Die Die","floor":16.0},{"not_picked":["Backflip","Poisoned Stab"],"picked":"Predator+1","floor":18.0},{"not_picked":["Dagger Spray","Bane"],"picked":"Slice","floor":22.0},{"not_picked":["Acrobatics","Bane"],"picked":"Masterful Stab+1","floor":24.0},{"not_picked":["Wraith Form v2","Underhanded Strike"],"picked":"Poisoned Stab","floor":25.0},{"not_picked":["Prepared","Grand Finale"],"picked":"Blade Dance","floor":30.0},{"not_picked":["Pace","Outmaneuver"],"picked":"Backflip","floor":31.0},{"not_picked":["Grand Finale","Wraith Form v2"],"picked":"Glass Knife","floor":33.0},{"not_picked":["Pommel Strike","Body Slam","PiercingWail+1"],"picked":"Cleave","floor":35.0},{"not_picked":["Bane","Pummel","Rage+1"],"picked":"Slice+1","floor":38.0},{"not_picked":["Corruption","Deadly Poison+1","Sword Boomerang+1"],"picked":"Clash+1","floor":41.0},{"not_picked":["Prepared+1","InfectiousVector","Dropkick"],"picked":"Pommel Strike","floor":42.0},{"not_picked":["Dagger Spray+1","Clothesline","Warcry"],"picked":"Blade Dance+1","floor":45.0},{"not_picked":["Perfected Strike","Second Wind+1","Armaments"],"picked":"Metallicize+1","floor":47}],"player_experience":749933,"relics_obtained":[{"floor":7.0,"key":"Blood Vial"},{"floor":9.0,"key":"Vajra"},{"floor":10.0,"key":"Snake Skull"},{"floor":24.0,"key":"CherryCoatedStake"},{"floor":26.0,"key":"aspiration:HummingbirdHeart"},{"floor":30.0,"key":"Centennial Puzzle"},{"floor":41.0,"key":"Paper Crane"},{"floor":43.0,"key":"Boot"},{"floor":47,"key":"aspiration:SeaSaltIceCream"}],"event_choices":[{"damage_healed":0.0,"max_hp_gain":0.0,"max_hp_loss":0.0,"gold_gain":0.0,"event_name":"Scrap Ooze","player_choice":"Success","floor":2.0,"gold_loss":0.0,"damage_taken":3.0,"relics_obtained":["StoneCalendar"]},{"damage_healed":0.0,"max_hp_gain":0.0,"max_hp_loss":0.0,"gold_gain":0.0,"event_name":"Match and Keep!","player_choice":"3 cards matched","floor":3.0,"gold_loss":0.0,"damage_taken":0.0,"cards_obtained":["Venomology","Outmaneuver","Neutralize"]},{"damage_healed":0.0,"max_hp_gain":0.0,"max_hp_loss":0.0,"gold_gain":175.0,"event_name":"Liars Game","player_choice":"AGREE","floor":14.0,"gold_loss":0.0,"damage_taken":0.0,"cards_obtained":["Doubt"]},{"damage_healed":0.0,"max_hp_gain":0.0,"max_hp_loss":0.0,"gold_gain":0.0,"event_name":"Beggar","player_choice":"Ignored","floor":20.0,"gold_loss":0.0,"damage_taken":0.0},{"damage_healed":0.0,"max_hp_gain":0.0,"max_hp_loss":0.0,"gold_gain":0.0,"event_name":"The Joust","player_choice":"Bet on Owner","floor":21.0,"gold_loss":50.0,"damage_taken":0.0},{"damage_healed":0.0,"max_hp_gain":0.0,"max_hp_loss":0.0,"gold_gain":0.0,"event_name":"Vampires","player_choice":"Became a vampire (Vial)","floor":28.0,"relics_lost":["Blood Vial"],"gold_loss":0.0,"damage_taken":0.0,"cards_obtained":["Bite","Bite","Bite","Bite","Bite"]},{"damage_healed":0.0,"max_hp_gain":5.0,"max_hp_loss":0.0,"gold_gain":0.0,"event_name":"Forgotten Altar","player_choice":"Shed Blood","floor":29.0,"gold_loss":0.0,"damage_taken":18.0},{"damage_healed":0.0,"max_hp_gain":0.0,"max_hp_loss":0.0,"gold_gain":999.0,"event_name":"MindBloom","player_choice":"Gold","floor":37.0,"gold_loss":0.0,"damage_taken":0.0,"cards_obtained":["Normality","Normality"]},{"cards_removed":["Cleave"],"damage_healed":0.0,"max_hp_gain":0.0,"max_hp_loss":0.0,"gold_gain":0.0,"event_name":"Falling","player_choice":"Removed Attack","floor":40.0,"gold_loss":0.0,"damage_taken":0.0},{"damage_healed":0,"gold_gain":0,"player_choice":"Max HP","damage_taken":0,"max_hp_gain":0,"max_hp_loss":4,"event_name":"Winding Halls","floor":48,"gold_loss":0}],"is_beta":false,"boss_relics":[{"not_picked":["aspiration:FutureDiary","energizedSpire:EnergizedDie"],"picked":"aspiration:PoetsPen_weak"},{"not_picked":["Sozu","Pandora\u0027s Box"],"picked":"aspiration:IroncladSkillbook"}],"items_purged_floors":[19,39,44],"is_endless":false,"potions_floor_spawned":[1,13,16,18,22,24,33,42,45,47],"ascension_level":11}}