{"host":"oiw60b5ins9fyx34","time":1612597857,"event":{"mods":["BaseMod","Colored Map","Colored Powertips","Minty Spire (QoL Compilation)","Permanent Neow","Quick Restart","Rare Cards Sparkle","Relic Stats","StSLib","The Cursed"],"gold_per_floor":[118,131,141,151,162,189,189,224,224,29,29,29,62,73,73,177,177,194,206,106,125,125,125,151,151,151,170,170,170,170,197,197,197,197],"floor_reached":33,"language":"JPN","playtime":982,"items_purged":["Strike_R","Strike_R"],"score":396,"play_id":"c31e4733-c5fa-4dd7-85fc-3a59f7aaaaaa","local_time":"20210206165057","is_ascension_mode":true,"campfire_choices":[{"data":"Bludgeon","floor":7,"key":"SMITH"},{"floor":11,"key":"REST"},{"floor":15,"key":"REST"},{"floor":23,"key":"REST"},{"floor":25,"key":"REST"},{"floor":29,"key":"REST"},{"data":"Bludgeon","floor":32,"key":"SMITH"}],"circlet_count":0,"master_deck":["Strike_R","Strike_R","Strike_R","Defend_R","Defend_R","Defend_R","Defend_R","Bash","Bludgeon+1","Thunderclap","Wild Strike","Fiend Fire","Feel No Pain","Shockwave","Cleave","Barricade","Disarm+1","Dark Embrace","Fire Breathing","Cleave","Double Tap+1","Ghostly Armor+1","Armaments+1","Ghostly Armor+1","Necronomicurse","Headbutt","Clothesline","Bludgeon+1"],"relics":["Burning Blood","Pen Nib","Vajra","Toxic Egg 2","Nunchaku","Philosopher\u0027s Stone","Necronomicon","Shovel","Meat on the Bone","Prayer Wheel"],"acts_visited":["Exordium","TheCity"],"potions_floor_usage":[13,14,24,24,33],"damage_taken":[{"damage":1,"enemies":"Cultist","floor":1,"turns":3},{"damage":10,"enemies":"2 Louse","floor":2,"turns":3},{"damage":3,"enemies":"Small Slimes","floor":3,"turns":2},{"damage":13,"enemies":"2 Fungi Beasts","floor":4,"turns":3},{"damage":0,"enemies":"Exordium Wildlife","floor":5,"turns":3},{"damage":27,"enemies":"Gremlin Nob","floor":6,"turns":4},{"damage":30,"enemies":"Lagavulin","floor":8,"turns":5},{"damage":30,"enemies":"Gremlin Nob","floor":13,"turns":4},{"damage":21,"enemies":"Lots of Slimes","floor":14,"turns":4},{"damage":40,"enemies":"The Guardian","floor":16,"turns":7},{"damage":0,"enemies":"Spheric Guardian","floor":18,"turns":2},{"damage":45,"enemies":"3 Byrds","floor":19,"turns":6},{"damage":12,"enemies":"3 Cultists","floor":21,"turns":5},{"damage":40,"enemies":"Slavers","floor":24,"turns":5},{"damage":28,"enemies":"Shelled Parasite and Fungi","floor":27,"turns":6},{"damage":6,"enemies":"Gremlin Leader","floor":31,"turns":2},{"damage":98,"enemies":"Automaton","floor":33,"turns":8}],"seed_played":"2811863350769155544","potions_obtained":[{"floor":5,"key":"Weak Potion"},{"floor":6,"key":"Regen Potion"},{"floor":8,"key":"SkillPotion"},{"floor":13,"key":"FairyPotion"},{"floor":18,"key":"Regen Potion"},{"floor":21,"key":"AttackPotion"},{"floor":24,"key":"Ancient Potion"}],"is_trial":false,"path_per_floor":["M","M","M","M","M","E","R","E","T","$","R","$","E","M","R","B",null,"M","M","$","M","?","R","E","R","T","M","?","R","?","E","R","B"],"character_chosen":"IRONCLAD","items_purchased":["Disarm+1","Dark Embrace"],"campfire_rested":5,"item_purchase_floors":[10,10],"current_hp_per_floor":[80,76,79,72,78,57,57,33,33,33,57,57,45,30,54,20,80,80,41,41,35,19,43,23,47,47,37,37,61,61,61,61,0,0],"gold":197,"neow_bonus":"ONE_RANDOM_RARE_CARD","is_daily":false,"chose_seed":false,"campfire_upgraded":2,"win_rate":0.0,"timestamp":1612597857,"path_taken":["M","M","M","M","?","E","R","E","T","?","R","$","E","M","R","BOSS","M","M","$","M","?","R","E","R","T","M","?","R","?","E","R","BOSS"],"items_purchased_type":["Card","Card"],"build_version":"2020-12-22","purchased_purges":2,"victory":false,"max_hp_per_floor":[80,80,80,80,80,80,80,80,80,80,80,80,80,80,80,80,80,80,80,80,80,80,80,80,80,80,80,80,80,80,80,80,80,80],"relic_stats":{"Nunchaku":[7],"Shovel":0,"counters":[17,72],"Prayer Wheel":0,"Pen Nib":[8],"Necronomicon":[10],"obtain_stats":[{"Nunchaku":13,"Shovel":24,"Vajra":8,"Philosopher\u0027s Stone":17,"Prayer Wheel":31,"Pen Nib":6,"Necronomicon":22,"Toxic Egg 2":9,"Burning Blood":0,"Meat on the Bone":26},{"Nunchaku":8,"Shovel":14,"Vajra":7,"Philosopher\u0027s Stone":10,"Prayer Wheel":16,"Pen Nib":6,"Necronomicon":13,"Toxic Egg 2":7,"Burning Blood":0,"Meat on the Bone":14},{"Nunchaku":27,"Shovel":56,"Vajra":23,"Philosopher\u0027s Stone":38,"Prayer Wheel":64,"Pen Nib":18,"Necronomicon":51,"Toxic Egg 2":23,"Burning Blood":0,"Meat on the Bone":56}],"Burning Blood":85,"Meat on the Bone":12},"card_choices":[{"not_picked":["Pommel Strike","Feel No Pain"],"picked":"Thunderclap","floor":1},{"not_picked":["Anger","Twin Strike"],"picked":"Wild Strike","floor":2},{"not_picked":["Perfected Strike","Thunderclap"],"picked":"Fiend Fire","floor":3},{"not_picked":["Iron Wave","Warcry"],"picked":"Feel No Pain","floor":4},{"not_picked":["Bloodletting","Intimidate"],"picked":"Shockwave","floor":5},{"not_picked":["Perfected Strike","Iron Wave"],"picked":"Cleave","floor":6},{"not_picked":["Iron Wave","Anger"],"picked":"Barricade","floor":8},{"not_picked":["Searing Blow","Warcry+1"],"picked":"Fire Breathing","floor":13},{"not_picked":["Perfected Strike","Sword Boomerang"],"picked":"Cleave","floor":14},{"not_picked":["Berserk","Fiend Fire"],"picked":"Double Tap+1","floor":16},{"not_picked":["Fire Breathing","Havoc+1"],"picked":"Ghostly Armor+1","floor":18},{"not_picked":["Clash","Searing Blow+1"],"picked":"Armaments+1","floor":19},{"not_picked":["Iron Wave","Havoc+1"],"picked":"Ghostly Armor+1","floor":21},{"not_picked":["Wild Strike","Feel No Pain"],"picked":"Headbutt","floor":24},{"not_picked":["Anger","Rage+1"],"picked":"Clothesline","floor":27},{"not_picked":["Anger","Heavy Blade"],"picked":"Bludgeon","floor":31}],"player_experience":698805,"relics_obtained":[{"floor":6,"key":"Pen Nib"},{"floor":8,"key":"Vajra"},{"floor":9,"key":"Toxic Egg 2"},{"floor":13,"key":"Nunchaku"},{"floor":22,"key":"Necronomicon"},{"floor":24,"key":"Shovel"},{"floor":26,"key":"Meat on the Bone"},{"floor":31,"key":"Prayer Wheel"}],"event_choices":[{"damage_healed":0,"gold_gain":0,"player_choice":"Obtained Book","damage_taken":16,"max_hp_gain":0,"max_hp_loss":0,"event_name":"Cursed Tome","floor":22,"gold_loss":0},{"damage_healed":0,"gold_gain":0,"player_choice":"Ignored","damage_taken":0,"max_hp_gain":0,"max_hp_loss":0,"event_name":"The Mausoleum","floor":28,"gold_loss":0},{"damage_healed":0,"gold_gain":0,"player_choice":"Ignored","damage_taken":0,"max_hp_gain":0,"max_hp_loss":0,"event_name":"Vampires","floor":30,"gold_loss":0}],"is_beta":false,"boss_relics":[{"not_picked":["SacredBark","Velvet Choker"],"picked":"Philosopher\u0027s Stone"}],"items_purged_floors":[10,20],"is_endless":false,"potions_floor_spawned":[5,6,8,13,18,21,24],"killed_by":"Automaton","ascension_level":4}}