{"host":"995ppxxqmb2p2due","time":1612639803,"event":{"mods":["BaseMod","Downfall","Minty Spire (QoL Compilation)","StSLib"],"gold_per_floor":[99,99,99,15,33,33,33,65,65,90,107,117,17,37,47,144,144,144,164,164,164,67,83,83,102,118,133,133,133,133,133],"floor_reached":29,"language":"ENG","playtime":1738,"items_purged":[],"score":260,"play_id":"8664e404-4a6f-4ca7-95ba-e7935178c25f","local_time":"20210206143003","is_ascension_mode":false,"campfire_choices":[{"floor":1,"key":"RECALL"},{"data":"Guardian:SpikerProtocol","floor":6,"key":"SMITH"},{"data":"Guardian:TwinSlam","floor":9,"key":"SMITH"},{"data":"Guardian:CurlUp","floor":13,"key":"SMITH"}],"circlet_count":0,"master_deck":["Guardian:Strike_Guardian","Guardian:Strike_Guardian","Guardian:Strike_Guardian","Guardian:Defend_Guardian","Guardian:Defend_Guardian","Guardian:Defend_Guardian","Guardian:CurlUp","Guardian:TwinSlam+1","Guardian:CurlUp+1","Guardian:SpikerProtocol+1","Guardian:SpikerProtocol","Guardian:GuardianWhirl+1","Guardian:PiercingHide","Guardian:PiercingHide","Guardian:BodySlam+1","Guardian:GuardianWhirl+1","Guardian:Gem_Orange","CurseOfTheBell","Guardian:Gem_Purple","Guardian:Harden","Guardian:PrimingBeam+1","Guardian:CrystalBeam+1"],"relics":["Guardian:ModeShifter","Molten Egg 2","Pear","downfall:HeartBlessingRed","Calling Bell","Guardian:PickAxe","Torii","Sundial","Pantograph","downfall:RedIOU"],"acts_visited":["Exordium","TheCity"],"potions_floor_usage":[],"damage_taken":[{"damage":0,"enemies":"downfall:FleeingMerchant","floor":4,"turns":4},{"damage":0,"enemies":"Cultist","floor":5,"turns":5},{"damage":8,"enemies":"Gremlin Nob","floor":8,"turns":5},{"damage":17,"enemies":"Lagavulin","floor":10,"turns":9},{"damage":2,"enemies":"Small Slimes","floor":11,"turns":3},{"damage":0,"enemies":"Jaw Worm","floor":12,"turns":3},{"damage":10,"enemies":"Large Slime","floor":14,"turns":8},{"damage":6,"enemies":"Exordium Wildlife","floor":15,"turns":5},{"damage":14,"enemies":"SI_SHIV_ARCHETYPE","floor":16,"turns":10},{"damage":0,"enemies":"3 Byrds","floor":19,"turns":3},{"damage":2,"enemies":"downfall:FleeingMerchant","floor":22,"turns":4},{"damage":24,"enemies":"Centurion and Healer","floor":23,"turns":6},{"damage":12,"enemies":"Snake Plant","floor":25,"turns":6},{"damage":22,"enemies":"Snecko","floor":26,"turns":8},{"damage":1,"enemies":"3 Cultists","floor":27,"turns":4},{"damage":38,"enemies":"Centurion and Healer","floor":29,"turns":7}],"seed_played":"-4416494239288331599","potions_obtained":[{"floor":5,"key":"SpeedPotion"},{"floor":8,"key":"sneckomod:MuddlingPotion"},{"floor":12,"key":"Dexterity Potion"}],"is_trial":false,"path_per_floor":["R","?","?","$","M","R","T","E","R","E","M","M","R","M","M","B",null,"R","M","?","?","$","M","T","M","M","M","?","M"],"character_chosen":"GUARDIAN","items_purchased":["Guardian:SpikerProtocol","Guardian:Harden"],"campfire_rested":0,"item_purchase_floors":[4,22],"current_hp_per_floor":[88,88,88,88,88,88,88,90,90,73,71,71,71,61,55,41,98,98,98,98,98,96,72,72,60,38,37,37,0,0,0],"gold":133,"neow_bonus":"TEN_PERCENT_HP_BONUS","is_daily":false,"chose_seed":false,"campfire_upgraded":3,"win_rate":0.0,"timestamp":1612639803,"path_taken":["R","?","?","$","M","R","T","E","R","E","M","?","R","M","M","BOSS","R","M","?","?","$","M","T","?","M","M","?","M"],"items_purchased_type":["Card","Card"],"build_version":"2020-12-22","purchased_purges":0,"victory":false,"max_hp_per_floor":[88,88,88,88,88,88,88,98,98,98,98,98,98,98,98,98,98,98,98,98,98,98,98,98,98,98,98,98,98,98,98],"card_choices":[{"not_picked":["Guardian:Recover","Guardian:Suspension"],"picked":"Guardian:SpikerProtocol","floor":4},{"not_picked":["Guardian:VentSteam","Guardian:Emergency"],"picked":"Guardian:Gem_Crimson","floor":5},{"not_picked":["Guardian:AncientConstruct","Guardian:TemporalShield"],"picked":"Guardian:Gem_Lightblue","floor":8},{"not_picked":["Guardian:Gem_Crimson","Guardian:Preprogram"],"picked":"Guardian:GuardianWhirl+1","floor":10},{"not_picked":["Guardian:BronzeOrb+1","Guardian:ShieldSpikes"],"picked":"Guardian:PiercingHide","floor":11},{"not_picked":["Guardian:ShieldCharger","Guardian:Reroute+1"],"picked":"Guardian:PiercingHide","floor":12},{"not_picked":["Guardian:TemporalStrike+1","Guardian:Gem_Cyan"],"picked":"Guardian:BodySlam+1","floor":14},{"not_picked":["Guardian:VentSteam","Guardian:RollAttack+1"],"picked":"Guardian:GuardianWhirl+1","floor":15},{"not_picked":["Guardian:SphericShield","Guardian:HyperBeam_Guardian+1"],"picked":"Guardian:Gem_Orange","floor":16},{"not_picked":["Guardian:Gem_Green","Guardian:Recover","Guardian:TimeCapacitor+1"],"picked":"SKIP","floor":19},{"not_picked":["Guardian:TemporalStrike+1","Guardian:DonusPower+1"],"picked":"Guardian:Gem_Blue","floor":22},{"not_picked":["Guardian:ChargeCore+1","Guardian:Gem_Cyan"],"picked":"Guardian:PrimingBeam+1","floor":23},{"not_picked":["Guardian:Reroute+1","Guardian:Planning+1"],"picked":"Guardian:CrystalBeam+1","floor":25},{"not_picked":["Guardian:PiercingHide","Guardian:VentSteam","Guardian:FastForward"],"picked":"SKIP","floor":26},{"not_picked":["Guardian:SpikerProtocol","Guardian:Recover+1","Guardian:WalkerClaw+1"],"picked":"SKIP","floor":27}],"player_experience":109585,"relics_obtained":[{"floor":7,"key":"Molten Egg 2"},{"floor":8,"key":"Pear"},{"floor":10,"key":"MealTicket"},{"floor":17,"key":"Guardian:PickAxe"},{"floor":17,"key":"Torii"},{"floor":17,"key":"Sundial"}],"event_choices":[{"cards_removed":["Guardian:Defend_Guardian"],"damage_healed":0,"gold_gain":0,"player_choice":"Card Removal","damage_taken":0,"max_hp_gain":0,"max_hp_loss":0,"event_name":"The Cleric","floor":2,"gold_loss":0}],"is_beta":false,"boss_relics":[{"not_picked":["Pandora\u0027s Box","Sozu"],"picked":"Calling Bell"}],"items_purged_floors":[],"is_endless":false,"potions_floor_spawned":[5,8,12,14,15,19,23,25],"killed_by":"Centurion and Healer","ascension_level":0}}