{"host":"rolltorest","time":1612648085,"event":{"mods":["BaseMod","Minty Spire (QoL Compilation)","Relic Stats","Slay the Relics Exporter","StSLib"],"gold_per_floor":[110,110,120,136,136,136,162,162,242,242,254,264,1,26,26,26,26],"floor_reached":16,"language":"ENG","playtime":382,"items_purged":[],"score":220,"play_id":"128ca02f-8654-4b7d-b0b9-65c44662b2bf","local_time":"20210206134805","is_ascension_mode":true,"campfire_choices":[{"floor":6,"key":"REST"},{"data":"Iron Wave","floor":8,"key":"SMITH"},{"data":"Clothesline","floor":10,"key":"SMITH"},{"floor":15,"key":"REST"}],"circlet_count":0,"master_deck":["AscendersBane","Bash","Bloodletting","Flame Barrier","Bloodletting","Cleave","Seeing Red","Body Slam","Dual Wield","Hemokinesis","Clothesline","Clothesline+1","Thunderclap","Iron Wave+1","Iron Wave","Dark Embrace","HandOfGreed","Burning Pact"],"relics":["Pandora\u0027s Box","Bag of Preparation","Toy Ornithopter","Gremlin Horn","Tiny Chest"],"acts_visited":["Exordium"],"potions_floor_usage":[11,14],"damage_taken":[{"damage":6,"enemies":"Small Slimes","floor":1,"turns":3},{"damage":2,"enemies":"2 Louse","floor":3,"turns":2},{"damage":12,"enemies":"Jaw Worm","floor":4,"turns":3},{"damage":11,"enemies":"Gremlin Nob","floor":7,"turns":3},{"damage":0,"enemies":"3 Louse","floor":11,"turns":1},{"damage":5,"enemies":"Exordium Thugs","floor":12,"turns":4},{"damage":18,"enemies":"Lagavulin","floor":14,"turns":5},{"damage":17,"enemies":"Hexaghost","floor":16,"turns":7}],"seed_played":"-3385808394692979844","potions_obtained":[{"floor":1,"key":"Explosive Potion"},{"floor":3,"key":"SkillPotion"}],"is_trial":false,"path_per_floor":["M","?","M","M","$","R","E","R","T","R","M","M","$","E","R","B"],"character_chosen":"IRONCLAD","items_purchased":["Dark Embrace","HandOfGreed"],"campfire_rested":2,"item_purchase_floors":[13,13],"current_hp_per_floor":[62,27,25,13,13,35,24,24,24,24,29,24,24,11,33,16,16],"gold":26,"neow_bonus":"BOSS_RELIC","is_daily":false,"chose_seed":false,"campfire_upgraded":2,"win_rate":0.0,"timestamp":1612648085,"path_taken":["M","?","M","M","$","R","E","R","T","R","M","M","$","E","R","BOSS"],"items_purchased_type":["Card","Card"],"build_version":"2020-12-18","purchased_purges":0,"victory":false,"max_hp_per_floor":[75,75,75,75,75,75,75,75,75,75,75,75,75,75,75,75,75],"relic_stats":{"Gremlin Horn":[1,1],"counters":[8,28],"Pandora\u0027s Box":["Bloodletting","Flame Barrier","Bloodletting","Cleave","Seeing Red","Body Slam","Dual Wield","Hemokinesis","Clothesline"],"Tiny Chest":0,"Bag of Preparation":[14],"obtain_stats":[{"Gremlin Horn":9,"Pandora\u0027s Box":0,"Tiny Chest":14,"Bag of Preparation":2,"Burning Blood":0,"Toy Ornithopter":7},{"Gremlin Horn":4,"Pandora\u0027s Box":0,"Tiny Chest":7,"Bag of Preparation":1,"Burning Blood":0,"Toy Ornithopter":4},{"Gremlin Horn":11,"Pandora\u0027s Box":0,"Tiny Chest":21,"Bag of Preparation":3,"Burning Blood":0,"Toy Ornithopter":11}],"Toy Ornithopter":10},"card_choices":[{"not_picked":["Body Slam","Rampage","True Grit"],"picked":"SKIP","floor":1},{"not_picked":["Bloodletting","Iron Wave"],"picked":"Clothesline","floor":3},{"not_picked":["Clash","Flex"],"picked":"Thunderclap","floor":4},{"not_picked":["Searing Blow","Cleave"],"picked":"Iron Wave","floor":7},{"not_picked":["Sword Boomerang","Cleave"],"picked":"Iron Wave","floor":11},{"not_picked":["Iron Wave","Havoc","Clash"],"picked":"SKIP","floor":12},{"not_picked":["Sword Boomerang","Heavy Blade"],"picked":"Burning Pact","floor":14}],"player_experience":1892755,"relics_obtained":[{"floor":7,"key":"Toy Ornithopter"},{"floor":9,"key":"Gremlin Horn"},{"floor":14,"key":"Tiny Chest"}],"event_choices":[{"damage_healed":0,"gold_gain":0,"player_choice":"Success","damage_taken":35,"relics_obtained":["Bag of Preparation"],"max_hp_gain":0,"max_hp_loss":0,"event_name":"Scrap Ooze","floor":2,"gold_loss":0}],"is_beta":true,"boss_relics":[],"items_purged_floors":[],"is_endless":false,"potions_floor_spawned":[1,3],"killed_by":"Hexaghost","ascension_level":20}}