{"host":"g76rhe4j5kh9hdf9","time":1612590158,"event":{"mods":["Act Like it!","BaseMod","Bestiary","Better Third Choice","Downfall","GifTheSpireLib","Minty Spire (QoL Compilation)","Relic Stats","Spicy Shops","StSLib"],"gold_per_floor":[99,99,99,99,24,41,95,114,147,147,47,47,47,81,92,194,194,194,214,231,249,134,234,234,253,253,153,173,173,8,33,33,33,33],"floor_reached":32,"language":"ENG","playtime":2915,"items_purged":["bronze:Strike","downfall:Malfunctioning"],"score":320,"play_id":"3c5e5706-e55e-4885-8e35-2505a7410e67","local_time":"20210205214238","is_ascension_mode":true,"campfire_choices":[{"data":"bronze:Replicate","floor":1.0,"key":"SMITH"},{"data":"bronze:Goto","floor":11,"key":"SMITH"},{"floor":13,"key":"REST"},{"data":"bronze:BuggyMess","floor":18,"key":"SMITH"},{"data":"bronze:Terminator","floor":27,"key":"SMITH"},{"data":"bronze:FollowUp","floor":29,"key":"SMITH"}],"circlet_count":0,"master_deck":["bronze:Strike+1","bronze:Strike","bronze:Strike+1","bronze:Defend+1","bronze:Defend","bronze:Defend","bronze:Defend","bronze:Replicate+1","bronze:Goto+1","bronze:Terminator+1","bronze:BuggyMess+1","bronze:Refactor+1","bronze:SpaghettiCode+1","bronze:FollowUp+1","bronze:Goto+1","bronze:BitShift+1","bronze:ChosenStrike+1","bronze:Verify","Mind Blast","Shame","Writhe","bronze:FindAndReplace+1"],"relics":["bronze:BronzeCore","downfall:HeartsMalice","Lantern","Letter Opener","downfall:HeartBlessingGreen","Toxic Egg 2","sneckomod:SneckoTalon","downfall:GremlinSack","Girya","downfall:HeartBlessingBlue","Medical Kit","Whetstone"],"acts_visited":["Exordium","TheCity"],"potions_floor_usage":[9,15,16,21,22,25,31],"damage_taken":[{"damage":0.0,"enemies":"Jaw Worm","floor":2.0,"turns":1.0},{"damage":0.0,"enemies":"Small Slimes","floor":3.0,"turns":1.0},{"damage":0.0,"enemies":"downfall:FleeingMerchant","floor":5.0,"turns":1.0},{"damage":0.0,"enemies":"2 Louse","floor":6.0,"turns":3.0},{"damage":16.0,"enemies":"2 Fungi Beasts","floor":8.0,"turns":5.0},{"damage":37,"enemies":"Gremlin Nob","floor":9,"turns":4},{"damage":0,"enemies":"Lagavulin","floor":14,"turns":6},{"damage":0,"enemies":"Lots of Slimes","floor":15,"turns":2},{"damage":31,"enemies":"SI_SHIV_ARCHETYPE","floor":16,"turns":15},{"damage":13,"enemies":"3 Byrds","floor":19,"turns":3},{"damage":12,"enemies":"Snecko","floor":20,"turns":5},{"damage":0,"enemies":"Cultist and Chosen","floor":21,"turns":3},{"damage":0,"enemies":"downfall:FleeingMerchant","floor":22,"turns":4},{"damage":0,"enemies":"downfall:FleeingMerchant","floor":23,"turns":3},{"damage":30,"enemies":"Snake Plant","floor":25,"turns":4},{"damage":3,"enemies":"Centurion and Healer","floor":28,"turns":4},{"damage":6,"enemies":"downfall:FleeingMerchant","floor":30,"turns":4},{"damage":13,"enemies":"Book of Stabbing","floor":31,"turns":4},{"damage":12,"enemies":"Cultist and Chosen","floor":32,"turns":1}],"seed_played":"-6174563271858630821","potions_obtained":[{"floor":8.0,"key":"SteroidPotion"},{"floor":9,"key":"Energy Potion"},{"floor":14,"key":"bronze:BurnAndBuffPotion"},{"floor":16,"key":"bronze:CleanCodePotion"},{"floor":19,"key":"Regen Potion"},{"floor":20,"key":"bronze:FreeFunctionsPotion"},{"floor":23,"key":"Swift Potion"},{"floor":28,"key":"EssenceOfSteel"},{"floor":31,"key":"champ:CounterPotion"}],"is_trial":false,"path_per_floor":["R","M","M","?","$","M","T","M","E","?","R","?","R","E","M","B",null,"R","M","M","M","$","?","T","M","?","R","M","R","$","E","M"],"character_chosen":"THE_AUTOMATON","items_purchased":["Medical Kit"],"campfire_rested":1,"item_purchase_floors":[30],"current_hp_per_floor":[70,70,70,70,70,70,70,54,17,17,17,17,38,38,38,7,70,70,57,45,54,54,54,54,24,24,34,31,31,25,12,0,0,0],"gold":33,"neow_bonus":"THREE_ENEMY_KILL","is_daily":false,"chose_seed":false,"campfire_upgraded":5,"win_rate":0.0,"timestamp":1612590158,"path_taken":["R","M","M","?","$","M","T","M","E","?","R","?","R","E","M","BOSS","R","M","M","M","$","?","T","?","?","R","M","R","$","E","M"],"items_purchased_type":["Relic"],"build_version":"2020-12-22","purchased_purges":2,"victory":false,"max_hp_per_floor":[70,70,70,70,70,70,70,70,70,70,70,70,70,70,70,70,70,70,70,70,70,70,70,70,70,70,80,80,80,80,80,80,80,80],"relic_stats":{"counters":[19,70],"Letter Opener":[223],"Whetstone":["bronze:ChosenStrike","bronze:Strike"],"Medical Kit":[1],"obtain_stats":[{"Girya":26,"Lantern":7,"bronze:BronzeCore":0,"downfall:HeartsMalice":0,"downfall:HeartBlessingGreen":11,"Letter Opener":9,"Whetstone":31,"sneckomod:SneckoTalon":17,"Medical Kit":30,"downfall:BrokenWingStatue":4,"downfall:GremlinSack":23,"downfall:HeartBlessingBlue":27,"Toxic Egg 2":14},{"Girya":15,"Lantern":4,"bronze:BronzeCore":0,"downfall:HeartsMalice":0,"downfall:HeartBlessingGreen":6,"Letter Opener":6,"Whetstone":18,"sneckomod:SneckoTalon":9,"Medical Kit":17,"downfall:BrokenWingStatue":2,"downfall:GremlinSack":14,"downfall:HeartBlessingBlue":15,"Toxic Egg 2":7},{"Girya":57,"Lantern":3,"bronze:BronzeCore":0,"downfall:HeartsMalice":0,"downfall:HeartBlessingGreen":12,"Letter Opener":12,"Whetstone":69,"sneckomod:SneckoTalon":35,"Medical Kit":65,"downfall:BrokenWingStatue":0,"downfall:GremlinSack":53,"downfall:HeartBlessingBlue":57,"Toxic Egg 2":18}]},"card_choices":[{"not_picked":["bronze:Fortify","bronze:Frontload"],"picked":"bronze:Terminator","floor":2.0},{"not_picked":["bronze:Philosophize","bronze:Fortify"],"picked":"bronze:BuggyMess","floor":3.0},{"not_picked":["bronze:DelayedGuard","bronze:Overheat","bronze:BugBarrage"],"picked":"SKIP","floor":5.0},{"not_picked":["bronze:WhirlingStrike","bronze:DigitalCarnage","bronze:ForLoop"],"picked":"SKIP","floor":6.0},{"not_picked":["bronze:Shield","bronze:ForLoop"],"picked":"bronze:Refactor","floor":8.0},{"not_picked":["bronze:ForLoop","bronze:CutThrough","bronze:ItsAFeature"],"picked":"SKIP","floor":9},{"not_picked":["bronze:Break","bronze:ChildClass+1","bronze:Branch"],"picked":"SKIP","floor":14},{"not_picked":["bronze:Overload+1","bronze:DelayedSlice","bronze:OilSpill"],"picked":"SKIP","floor":15},{"not_picked":["bronze:HardenedForm","bronze:Assembly+1"],"picked":"bronze:SpaghettiCode+1","floor":16},{"not_picked":["bronze:CutThrough","bronze:Separator","bronze:Boost+1"],"picked":"SKIP","floor":19},{"not_picked":["bronze:Refactor+1","bronze:Constructor+1","bronze:Overload+1"],"picked":"SKIP","floor":20},{"not_picked":["bronze:ClassDefault+1","bronze:DarkDash","bronze:DelayedGuard+1"],"picked":"SKIP","floor":21},{"not_picked":["bronze:DelayedGuard+1","bronze:OilSpill+1"],"picked":"bronze:FollowUp","floor":22},{"not_picked":["bronze:Philosophize+1","bronze:Shield+1","bronze:ForceShield+1"],"picked":"SKIP","floor":25},{"not_picked":["bronze:BuggyMess+1","bronze:ItsAFeature"],"picked":"bronze:FindAndReplace+1","floor":28},{"not_picked":["bronze:ForceShield+1","bronze:Invalidate+1","bronze:Shield+1"],"picked":"SKIP","floor":30},{"not_picked":["bronze:CloningBeam+1","bronze:BitShift+1","bronze:CutThrough"],"picked":"SKIP","floor":31}],"player_experience":612100,"relics_obtained":[{"floor":7.0,"key":"Lantern"},{"floor":9,"key":"Letter Opener"},{"floor":14,"key":"Toxic Egg 2"},{"floor":23,"key":"downfall:GremlinSack"},{"floor":31,"key":"Whetstone"}],"event_choices":[],"is_beta":false,"boss_relics":[{"not_picked":["Fusion Hammer","Calling Bell"],"picked":"sneckomod:SneckoTalon"}],"items_purged_floors":[5,22],"is_endless":false,"potions_floor_spawned":[8,9,14,16,19,20,23,28,31],"killed_by":"Cultist and Chosen","ascension_level":2}}