{"host":"hpdezpg731xgox4e","time":1612642282,"event":{"mods":["2.2 Compatiblity","Aspiration","BaseMod","Downfall","GifTheSpireLib","Minty Spire (QoL Compilation)","Shop Mod","StSLib"],"gold_per_floor":[99,99,35,49,67,118,118,118,118,136,136,147,147,165,178,275,275,275,285,285,302,302,26,77,92,92,104,114,114,129,14,24,119,119,119,131,131,131,131,148,148,13,13,13,13,45,45,45,56,56],"floor_reached":51,"language":"ENG","playtime":5175,"items_purged":["downfall:Icky","downfall:Bewildered"],"score":667,"play_id":"4fc9706f-6d1a-4b51-adeb-6b9362aa832b","local_time":"20210206151122","is_ascension_mode":false,"campfire_choices":[{"data":"champ:Taunt","floor":1,"key":"SMITH"},{"data":"champ:EnGarde","floor":8,"key":"SMITH"},{"data":"champ:Shatter","floor":11,"key":"SMITH"},{"data":"champ:BringItOn","floor":13,"key":"SMITH"},{"data":"champ:LastStand","floor":18,"key":"SMITH"},{"floor":29,"key":"REST"},{"data":"champ:UltimateStance","floor":35,"key":"SMITH"},{"data":"champ:Taunt","floor":43,"key":"SMITH"},{"floor":45,"key":"REST"},{"data":"champ:HeavySlash","floor":47,"key":"SMITH"}],"circlet_count":0,"master_deck":["champ:Strike+1","champ:Strike+1","champ:Strike+1","champ:Strike+1","champ:Defend","champ:Defend","champ:Defend","champ:Defend","champ:Execute+1","champ:Taunt+1","champ:Devastate+1","champ:EnGarde+1","champ:ShieldSlam","champ:FlashCut+1","champ:Shatter+1","champ:BringItOn+1","champ:SkillfulDodge","champ:HeartStrike","champ:LastStand+1","champ:CrookedStrike","champ:RecklessLeap+1","champ:Taunt+1","champ:AdrenalArmor","champ:CrookedStrike","champ:StanceDance+1","champ:HeavySlash+1","champ:RisingSlash","champ:FanOfKnives+1","champ:GutPunch","champ:UltimateStance+1","CurseOfTheBell","champ:FanOfKnives+1","expansioncontent:PrepareCrush+1","champ:UltimateStance+1","champ:LastStand+1","Parasite","champ:CalledShot+1","champ:FaceSlap","champ:ArenaPreparation+1","champ:BerserkersShout+1","champ:GutPunch","champ:BringItOn+1","champ:ShieldWall+1"],"relics":["champ:ChampionCrown","champ:LiftRelic","Kunai","bronze:MakeshiftBattery","Bag of Marbles","Nunchaku","sneckomod:BabySnecko","Calling Bell","Bronze Scales","Toxic Egg 2","Gambling Chip","aspiration:AnachronicSnailShell","Bottled Flame","Torii","Strawberry"],"acts_visited":["Exordium","TheCity","TheBeyond"],"potions_floor_usage":[16,33,50,50],"damage_taken":[{"damage":25,"enemies":"downfall:FleeingMerchant","floor":3,"turns":4},{"damage":10,"enemies":"2 Louse","floor":4,"turns":2},{"damage":11,"enemies":"Jaw Worm","floor":5,"turns":5},{"damage":10,"enemies":"Small Slimes","floor":10,"turns":3},{"damage":31,"enemies":"Exordium Wildlife","floor":12,"turns":4},{"damage":24,"enemies":"Large Slime","floor":14,"turns":5},{"damage":6,"enemies":"3 Louse","floor":15,"turns":2},{"damage":18,"enemies":"SI_SHIV_ARCHETYPE","floor":16,"turns":6},{"damage":11,"enemies":"Chosen","floor":19,"turns":3},{"damage":10,"enemies":"Spheric Guardian","floor":21,"turns":2},{"damage":17,"enemies":"downfall:FleeingMerchant","floor":23,"turns":4},{"damage":32,"enemies":"Snake Plant","floor":25,"turns":4},{"damage":24,"enemies":"Snecko","floor":27,"turns":5},{"damage":16,"enemies":"Chosen and Byrds","floor":28,"turns":4},{"damage":5,"enemies":"Snake Plant","floor":30,"turns":4},{"damage":45,"enemies":"downfall:FleeingMerchant","floor":31,"turns":4},{"damage":18,"enemies":"Snecko","floor":32,"turns":4},{"damage":96,"enemies":"WA_ARCHETYPE_CALM","floor":33,"turns":10},{"damage":22,"enemies":"Orb Walker","floor":36,"turns":2},{"damage":49,"enemies":"3 Shapes","floor":40,"turns":5},{"damage":18,"enemies":"downfall:FleeingMerchant","floor":42,"turns":4},{"damage":88,"enemies":"Nemesis","floor":46,"turns":9},{"damage":16,"enemies":"Spire Growth","floor":49,"turns":2},{"damage":141,"enemies":"IC_BLOCK_ARCHETYPE","floor":50,"turns":11}],"seed_played":"9107769701284380744","potions_obtained":[{"floor":5,"key":"FearPotion"},{"floor":14,"key":"Fire Potion"},{"floor":16,"key":"Regen Potion"},{"floor":21,"key":"Ancient Potion"},{"floor":28,"key":"Block Potion"},{"floor":33,"key":"Swift Potion"}],"is_trial":false,"path_per_floor":["R","?","$","M","M","T","T","R","?","M","R","M","R","M","M","B",null,"R","M","?","M","?","$","T","M","?","M","M","R","M","$","M","B",null,"R","M","?","?","?","M","T","$","R","$","R","E","R","$","M","B",null],"character_chosen":"THE_CHAMP","items_purchased":["champ:EnGarde","champ:CrookedStrike","Bag of Marbles","champ:ArenaPreparation+1","Torii","champ:BerserkersShout+1","champ:GutPunch"],"campfire_rested":2,"item_purchase_floors":[3,23,23,42,42,42,42],"current_hp_per_floor":[99,99,94,94,93,93,93,93,93,93,93,72,72,68,62,54,99,99,98,98,98,98,96,96,64,64,60,54,83,83,83,65,34,99,99,97,97,97,97,63,63,55,55,55,84,82,82,82,81,75],"gold":56,"neow_bonus":"TEN_PERCENT_HP_BONUS","is_daily":false,"chose_seed":false,"campfire_upgraded":8,"win_rate":0.0,"timestamp":1612642282,"path_taken":["R","?","$","M","M","?","T","R","?","M","R","?","R","M","M","BOSS","R","M","?","M","?","$","T","?","?","M","M","R","M","$","M","BOSS","R","M","?","?","?","?","T","$","R","$","R","E","R","?","M","BOSS"],"items_purchased_type":["Card","Card","Relic","Card","Relic","Card","Card"],"build_version":"2020-12-22","purchased_purges":2,"victory":true,"max_hp_per_floor":[99,99,99,99,99,99,99,99,99,99,99,99,99,99,99,99,99,99,99,99,99,99,99,99,99,99,99,99,99,99,99,99,99,99,99,99,99,99,99,99,99,99,99,99,99,106,106,106,106,106],"card_choices":[{"not_picked":["champ:FocusedDefense","champ:Backstep"],"picked":"champ:Devastate","floor":3},{"not_picked":["champ:PreciseThrust","champ:Lariat"],"picked":"champ:ShieldSlam","floor":4},{"not_picked":["champ:Circumvent","champ:CrownThrow"],"picked":"champ:FlashCut","floor":5},{"not_picked":["champ:FocusedDefense","champ:FanOfKnives"],"picked":"champ:Shatter","floor":10},{"not_picked":["champ:BladeFlurry","champ:EnGarde"],"picked":"champ:BringItOn","floor":12},{"not_picked":["champ:RapidStrikes","champ:Backstep"],"picked":"champ:SkillfulDodge","floor":14},{"not_picked":["champ:FlashCut","champ:EnragedBash"],"picked":"champ:HeartStrike","floor":15},{"not_picked":["champ:MurderStrike","champ:GladiatorForm"],"picked":"champ:LastStand","floor":16},{"not_picked":["champ:FlashCut","champ:PerfectedStrike"],"picked":"champ:CrookedStrike","floor":19},{"not_picked":["champ:BerserkersShout+1","champ:Haymaker"],"picked":"champ:RecklessLeap+1","floor":21},{"not_picked":["champ:BringItOn","champ:TornadoPunch"],"picked":"champ:AdrenalArmor","floor":23},{"not_picked":["champ:BringItOn","champ:CrownThrow"],"picked":"champ:StanceDance+1","floor":25},{"not_picked":["champ:BerserkersShout","champ:GutPunch+1"],"picked":"champ:HeavySlash","floor":27},{"not_picked":["champ:Backstep","champ:GladiatorStyle","champ:EnGarde"],"picked":"SKIP","floor":28},{"not_picked":["champ:Endure","champ:PerfectedStrike"],"picked":"champ:RisingSlash","floor":30},{"not_picked":["champ:CrownThrow","champ:FalseCounter+1"],"picked":"champ:FanOfKnives+1","floor":31},{"not_picked":["champ:CrownThrow","champ:Haymaker"],"picked":"champ:GutPunch","floor":32},{"not_picked":["champ:HoldFirm","champ:CheapShot"],"picked":"champ:UltimateStance","floor":33},{"not_picked":["champ:FocusedDefense+1","champ:Haymaker+1"],"picked":"champ:FanOfKnives+1","floor":36},{"not_picked":["expansioncontent:Hexaburn","expansioncontent:InvincibleStrength"],"picked":"expansioncontent:PrepareCrush","floor":37},{"not_picked":["champ:BerserkersShout+1","champ:StanceDance+1"],"picked":"champ:CalledShot+1","floor":40},{"not_picked":["champ:AdrenalArmor+1","champ:LastStand"],"picked":"champ:FaceSlap","floor":42},{"not_picked":["champ:FocusedBerserking+1","champ:Duel"],"picked":"champ:BringItOn+1","floor":46},{"not_picked":["champ:EndlessRage","champ:BerserkersShout+1"],"picked":"champ:ShieldWall+1","floor":49}],"player_experience":36872,"relics_obtained":[{"floor":6,"key":"Boot"},{"floor":7,"key":"Kunai"},{"floor":24,"key":"Nunchaku"},{"floor":34,"key":"Bronze Scales"},{"floor":34,"key":"Toxic Egg 2"},{"floor":34,"key":"Gambling Chip"},{"floor":38,"key":"aspiration:AnachronicSnailShell"},{"floor":41,"key":"Bottled Flame"},{"floor":46,"key":"Strawberry"}],"event_choices":[{"damage_healed":0,"gold_gain":0,"player_choice":"Ignored","damage_taken":0,"max_hp_gain":0,"max_hp_loss":0,"event_name":"Vampires","floor":20,"gold_loss":0}],"is_beta":false,"boss_relics":[{"not_picked":["aspiration:DefectSkillbook","Fusion Hammer"],"picked":"bronze:MakeshiftBattery"},{"not_picked":["Philosopher\u0027s Stone","aspiration:SilentSkillbook"],"picked":"Calling Bell"}],"items_purged_floors":[23,31],"is_endless":false,"potions_floor_spawned":[5,14,16,21,28,33,36,49],"ascension_level":0}}