{"host":"v1yaqosqoe6j1o0n","time":1612607588,"event":{"mods":["BaseMod","Minty Spire (QoL Compilation)","StSLib"],"gold_per_floor":[110,126,137,137,137,212,212,5,81,92,106,10,10,38,38,134,134,152,152,152,172,182,182,199,199,225,225,225,244,244,254,254,357,357,368,109,126,126,145,145,171,184,184,197,197,212,265,265,265,265],"floor_reached":51,"language":"ENG","playtime":2401,"items_purged":[],"score":779,"play_id":"352cc9bd-d859-4c17-9b0a-27d3ca15e453","local_time":"20210206023308","is_ascension_mode":false,"campfire_choices":[{"floor":7.0,"key":"REST"},{"data":"Blade Dance","floor":15.0,"key":"SMITH"},{"floor":23.0,"key":"REST"},{"floor":27.0,"key":"REST"},{"floor":30.0,"key":"REST"},{"floor":32,"key":"REST"},{"floor":40,"key":"REST"},{"data":"Seek","floor":49,"key":"SMITH"}],"circlet_count":0,"master_deck":["Strike_G+1","Strike_G+1","Strike_G+1","Strike_G+1","Strike_G+1","Defend_G+1","Defend_G+1","Defend_G+1","Defend_G+1","Defend_G+1","Survivor","Neutralize","Choke","Dash","Quick Slash","Offering","Blade Dance+1","Finisher","Dark Shackles","Echo Form","ThirdEye","Necronomicurse","Rip and Tear","Seek+1","J.A.X.","Accuracy","A Thousand Cuts","Perfected Strike+1","Writhe","Fusion","Doubt","Feed"],"relics":["Ring of the Snake","NeowsBlessing","Lizard Tail","PrismaticShard","HornCleat","Ancient Tea Set","Sozu","Necronomicon","Lantern","Busted Crown","Shuriken","Tough Bandages","Bronze Scales","Ginger"],"acts_visited":["Exordium","TheCity","TheBeyond"],"potions_floor_usage":[],"damage_taken":[{"damage":0.0,"enemies":"Cultist","floor":1.0,"turns":1.0},{"damage":0.0,"enemies":"2 Louse","floor":2.0,"turns":1.0},{"damage":0.0,"enemies":"Small Slimes","floor":3.0,"turns":1.0},{"damage":4.0,"enemies":"Blue Slaver","floor":10.0,"turns":3.0},{"damage":2.0,"enemies":"Looter","floor":11.0,"turns":3.0},{"damage":10.0,"enemies":"3 Sentries","floor":14.0,"turns":6.0},{"damage":11.0,"enemies":"Slime Boss","floor":16.0,"turns":9.0},{"damage":11.0,"enemies":"2 Thieves","floor":18.0,"turns":3.0},{"damage":6.0,"enemies":"Spheric Guardian","floor":21.0,"turns":3.0},{"damage":18.0,"enemies":"3 Cultists","floor":22.0,"turns":5.0},{"damage":29.0,"enemies":"Sentry and Sphere","floor":24.0,"turns":4.0},{"damage":11.0,"enemies":"Cultist and Chosen","floor":29.0,"turns":4.0},{"damage":6,"enemies":"Snecko","floor":31,"turns":2},{"damage":29,"enemies":"Collector","floor":33,"turns":5},{"damage":20,"enemies":"3 Darklings","floor":35,"turns":3},{"damage":3,"enemies":"Orb Walker","floor":37,"turns":1},{"damage":17,"enemies":"Spire Growth","floor":39,"turns":3},{"damage":22,"enemies":"Reptomancer","floor":41,"turns":2},{"damage":14,"enemies":"Transient","floor":42,"turns":5},{"damage":16,"enemies":"Maw","floor":44,"turns":6},{"damage":10,"enemies":"3 Darklings","floor":46,"turns":3},{"damage":39,"enemies":"2 Orb Walkers","floor":47,"turns":4},{"damage":55,"enemies":"Donu and Deca","floor":50,"turns":7}],"seed_played":"8153877951796254133","potions_obtained":[{"floor":1.0,"key":"PowerPotion"},{"floor":3.0,"key":"FairyPotion"},{"floor":16.0,"key":"Block Potion"}],"is_trial":false,"path_per_floor":["M","M","M","?","?","?","R","$","T","M","M","$","$","E","R","B",null,"M","?","?","M","M","R","M","?","T","R","?","M","R","M","R","B",null,"M","$","M","?","M","R","E","M","T","M","?","M","?","?","R","B",null],"character_chosen":"THE_SILENT","items_purchased":["PrismaticShard","Quick Slash","Blade Dance","Finisher","Shuriken"],"campfire_rested":6,"item_purchase_floors":[8,8,12,12,36],"current_hp_per_floor":[70,70,70,70,58,47,68,68,68,64,62,62,62,52,52,41,70,59,59,43,37,19,40,11,11,11,32,32,21,42,36,57,28,70,50,50,47,65,48,69,47,33,33,17,70,60,21,61,61,6],"gold":265,"neow_bonus":"THREE_ENEMY_KILL","is_daily":false,"chose_seed":false,"campfire_upgraded":2,"win_rate":0.0,"timestamp":1612607588,"path_taken":["M","M","?","?","?","?","R","$","T","M","M","?","$","E","R","BOSS","M","?","?","M","M","R","M","?","T","R","?","M","R","M","R","BOSS","M","$","M","?","M","R","E","M","T","M","?","M","?","?","R","BOSS"],"items_purchased_type":["Relic","Card","Card","Card","Relic"],"build_version":"2020-12-22","purchased_purges":0,"victory":true,"max_hp_per_floor":[70,70,70,70,70,70,70,70,70,70,70,70,70,70,70,70,70,70,70,70,70,70,70,70,70,70,70,70,70,70,70,70,70,70,70,70,70,70,70,70,70,70,70,70,70,70,70,61,61,61],"card_choices":[{"not_picked":["Backflip","Dagger Spray"],"picked":"Choke","floor":1.0},{"not_picked":["Prepared","Catalyst"],"picked":"Dash","floor":2.0},{"not_picked":["Bane","Acrobatics","Riddle With Holes"],"picked":"SKIP","floor":3.0},{"not_picked":["True Grit","Clash","Aggregate"],"picked":"SKIP","floor":10.0},{"not_picked":["PanicButton","Underhanded Strike"],"picked":"Offering","floor":11.0},{"not_picked":["Heavy Blade","Carnage"],"picked":"Dark Shackles","floor":14.0},{"not_picked":["Storm of Steel","Amplify"],"picked":"Echo Form","floor":16.0},{"not_picked":["EmptyFist","Coolheaded"],"picked":"ThirdEye","floor":18.0},{"not_picked":["Anger","Bouncing Flask","Capacitor"],"picked":"SKIP","floor":21.0},{"not_picked":["Blade Dance","True Grit+1"],"picked":"Rip and Tear","floor":22.0},{"not_picked":["Evaluate","Beam Cell"],"picked":"Seek","floor":24.0},{"not_picked":["Genetic Algorithm","Cleave","Halt"],"picked":"SKIP","floor":29.0},{"not_picked":["Flying Knee+1","Dropkick"],"picked":"Accuracy","floor":31},{"not_picked":["Metamorphosis","Bludgeon"],"picked":"A Thousand Cuts","floor":33},{"not_picked":[],"picked":"Perfected Strike+1","floor":35},{"not_picked":["Evaluate"],"picked":"SKIP","floor":37},{"not_picked":["Quick Slash"],"picked":"SKIP","floor":39},{"not_picked":["Dodge and Roll+1"],"picked":"SKIP","floor":41},{"not_picked":[],"picked":"Fusion","floor":42},{"not_picked":["Blizzard+1"],"picked":"SKIP","floor":44},{"not_picked":[],"picked":"Feed","floor":46}],"player_experience":49429,"relics_obtained":[{"floor":9.0,"key":"HornCleat"},{"floor":14.0,"key":"Ancient Tea Set"},{"floor":20.0,"key":"Necronomicon"},{"floor":26.0,"key":"Lantern"},{"floor":41,"key":"Tough Bandages"},{"floor":43,"key":"Bronze Scales"},{"floor":47,"key":"Ginger"}],"event_choices":[{"damage_healed":0.0,"max_hp_gain":0.0,"max_hp_loss":0.0,"gold_gain":0.0,"event_name":"The Cleric","player_choice":"Leave","floor":4.0,"gold_loss":0.0,"damage_taken":0.0},{"damage_healed":0.0,"max_hp_gain":0.0,"max_hp_loss":0.0,"gold_gain":0.0,"event_name":"Scrap Ooze","player_choice":"Success","floor":5.0,"gold_loss":0.0,"damage_taken":12.0,"relics_obtained":["Lizard Tail"]},{"damage_healed":0.0,"max_hp_gain":0.0,"max_hp_loss":0.0,"gold_gain":75.0,"event_name":"World of Goop","player_choice":"Gather Gold","floor":6.0,"gold_loss":0.0,"damage_taken":11.0},{"damage_healed":0.0,"max_hp_gain":0.0,"max_hp_loss":0.0,"gold_gain":0.0,"event_name":"Vampires","player_choice":"Ignored","floor":19.0,"gold_loss":0.0,"damage_taken":0.0},{"damage_healed":0.0,"max_hp_gain":0.0,"max_hp_loss":0.0,"gold_gain":0.0,"event_name":"Cursed Tome","player_choice":"Obtained Book","floor":20.0,"gold_loss":0.0,"damage_taken":16.0},{"damage_healed":0.0,"max_hp_gain":0.0,"max_hp_loss":0.0,"gold_gain":0.0,"event_name":"Drug Dealer","player_choice":"Obtain J.A.X.","floor":25.0,"gold_loss":0.0,"damage_taken":0.0,"cards_obtained":["J.A.X."]},{"damage_healed":0.0,"max_hp_gain":0.0,"max_hp_loss":0.0,"gold_gain":0.0,"event_name":"Back to Basics","player_choice":"Simplicity","floor":28.0,"gold_loss":0.0,"damage_taken":0.0,"cards_upgraded":["Strike_G","Strike_G","Strike_G","Strike_G","Strike_G","Defend_G","Defend_G","Defend_G","Defend_G","Defend_G"]},{"damage_healed":18,"gold_gain":0,"player_choice":"Writhe","damage_taken":0,"max_hp_gain":0,"max_hp_loss":0,"event_name":"Winding Halls","floor":38,"gold_loss":0,"cards_obtained":["Writhe"]},{"damage_healed":53,"gold_gain":0,"player_choice":"Heal","damage_taken":0,"max_hp_gain":0,"max_hp_loss":0,"event_name":"MindBloom","floor":45,"gold_loss":0,"cards_obtained":["Doubt"]},{"damage_healed":0,"gold_gain":0,"player_choice":"Fight","damage_taken":0,"max_hp_gain":0,"max_hp_loss":0,"event_name":"Mysterious Sphere","floor":47,"gold_loss":0},{"damage_healed":61,"gold_gain":0,"player_choice":"Heal","damage_taken":0,"max_hp_gain":0,"max_hp_loss":9,"event_name":"The Moai Head","floor":48,"gold_loss":0}],"is_beta":false,"boss_relics":[{"not_picked":["Black Star","Ring of the Serpent"],"picked":"Sozu"},{"not_picked":["Empty Cage","Tiny House"],"picked":"Busted Crown"}],"items_purged_floors":[],"is_endless":false,"potions_floor_spawned":[1,3,16,21,22,31,33,35,37,39,44,46],"ascension_level":0}}