{"host":"2zjdcgw4be5n15ja","time":1612620528,"event":{"mods":["AchievementEnabler","BaseMod","Better Skull","Better Third Choice","BetterRewards","Block Reminder","Hermit","Marisa????????","Minty Spire (QoL Compilation)","Poor People Problems","Quick Restart","Rare Cards Sparkle","Reimu??????","Relic Stats","Reliquary","StSLib","The Runesmith","The Senshi","TheFirefly","Yakumo Yukari mod"],"gold_per_floor":[119,119,137,42,42,42,83,83,106,146,146,161,240,313,313,443,443,458,458,28,44,67,67,85,85,85,85,85],"floor_reached":27,"language":"ENG","playtime":2761,"items_purged":["DeusExMachina"],"score":230,"play_id":"eb4700bd-a7ab-491a-a0c4-f3668e13ea66","local_time":"20210207030848","is_ascension_mode":true,"campfire_choices":[{"floor":6,"key":"REST"},{"floor":8,"key":"REST"},{"floor":15,"key":"REST"},{"floor":23,"key":"REST"}],"circlet_count":0,"master_deck":["Strike_P","Strike_P","Strike_P","Strike_P","Defend_P","Defend_P","Defend_P","Defend_P","Eruption","Vigilance","DevaForm","DeceiveReality","Brilliance","Prostrate","ClearTheMind","Protect","Evaluate","Prostrate","Fasting2","SpiritShield","FlyingSleeves","BattleHymn","WreathOfFlame","Perseverance+1","Consecrate+1","ReachHeaven+1","Vengeance+1","Writhe"],"relics":["PureWater","Golden Idol","Runesmith:AutoHammer","Damaru","Dream Catcher","Empty Cage","GremlinMask","Meat on the Bone","Dead Branch","Bronze Scales","The Courier"],"acts_visited":["Exordium","TheCity"],"potions_floor_usage":[10,13,27],"damage_taken":[{"damage":3,"enemies":"2 Louse","floor":1,"turns":4},{"damage":2,"enemies":"Cultist","floor":3,"turns":4},{"damage":51,"enemies":"Gremlin Nob","floor":7,"turns":7},{"damage":24,"enemies":"3 Sentries","floor":10,"turns":12},{"damage":1,"enemies":"Jaw Worm","floor":12,"turns":4},{"damage":49,"enemies":"Gremlin Nob","floor":13,"turns":6},{"damage":42,"enemies":"The Guardian","floor":16,"turns":15},{"damage":39,"enemies":"Chosen","floor":18,"turns":6},{"damage":23,"enemies":"3 Byrds","floor":21,"turns":8},{"damage":5,"enemies":"Snecko","floor":22,"turns":6},{"damage":36,"enemies":"Sentry and Sphere","floor":24,"turns":5},{"damage":27,"enemies":"Book of Stabbing","floor":27,"turns":5}],"seed_played":"-3012959521789626406","potions_obtained":[{"floor":7,"key":"EssenceOfSteel"},{"floor":12,"key":"AttackPotion"},{"floor":21,"key":"Weak Potion"}],"is_trial":false,"path_per_floor":["M","?","M","$","?","R","E","R","T","E","?","M","?","?","R","B",null,"M","?","$","M","M","R","M","?","T","E"],"character_chosen":"WATCHER","items_purchased":["ClearTheMind","Protect","Meat on the Bone","BattleHymn","WreathOfFlame"],"campfire_rested":4,"item_purchase_floors":[4,4,20,20,20],"current_hp_per_floor":[48,48,46,46,46,67,16,37,37,13,72,71,22,22,43,1,72,33,33,33,22,29,50,26,26,26,0,0],"gold":85,"neow_bonus":"THREE_RARE_CARDS","is_daily":false,"chose_seed":false,"campfire_upgraded":0,"win_rate":0.0,"timestamp":1612620528,"path_taken":["M","?","?","?","?","R","E","R","T","E","?","?","?","?","R","BOSS","M","?","$","?","M","R","M","?","T","E"],"items_purchased_type":["Card","Card","Relic","Card","Card"],"build_version":"2020-12-22","purchased_purges":1,"victory":false,"max_hp_per_floor":[72,72,72,72,72,72,72,72,72,72,72,72,72,72,72,72,72,72,72,72,72,72,72,72,72,72,72,72],"relic_stats":{"Dream Catcher":2,"counters":[12,82],"Golden Idol":84,"Dead Branch":[18],"Bronze Scales":[33],"obtain_stats":[{"Dream Catcher":10,"Golden Idol":5,"Dead Branch":21,"Bronze Scales":25,"Damaru":9,"GremlinMask":19,"The Courier":26,"Runesmith:AutoHammer":7,"PureWater":0,"Empty Cage":17,"reliquary:FerryPass":13,"Meat on the Bone":20},{"Dream Catcher":4,"Golden Idol":2,"Dead Branch":9,"Bronze Scales":11,"Damaru":3,"GremlinMask":8,"The Courier":11,"Runesmith:AutoHammer":3,"PureWater":0,"Empty Cage":7,"reliquary:FerryPass":5,"Meat on the Bone":8},{"Dream Catcher":27,"Golden Idol":8,"Dead Branch":66,"Bronze Scales":77,"Damaru":15,"GremlinMask":58,"The Courier":77,"Runesmith:AutoHammer":15,"PureWater":0,"Empty Cage":52,"reliquary:FerryPass":31,"Meat on the Bone":58}],"Meat on the Bone":36},"card_choices":[{"not_picked":["Ragnarok","DeusExMachina"],"picked":"DevaForm","floor":0},{"not_picked":["Evaluate","Sanctity"],"picked":"DeceiveReality","floor":1},{"not_picked":["FollowUp","SashWhip"],"picked":"Prostrate","floor":3},{"not_picked":["EmptyBody","CutThroughFate"],"picked":"DeceiveReality","floor":7},{"not_picked":["BowlingBash","WaveOfTheHand"],"picked":"Evaluate","floor":10},{"not_picked":["Consecrate","JustLucky"],"picked":"Prostrate","floor":12},{"not_picked":["Weave","BowlingBash"],"picked":"Fasting2","floor":13},{"not_picked":["Crescendo","EmptyBody"],"picked":"SpiritShield","floor":15},{"not_picked":["Brilliance","DevaForm"],"picked":"DeusExMachina","floor":16},{"not_picked":["Evaluate","JustLucky"],"picked":"FlyingSleeves","floor":18},{"not_picked":["CutThroughFate","SashWhip"],"picked":"Perseverance+1","floor":21},{"not_picked":["JustLucky","Wallop"],"picked":"Consecrate+1","floor":22},{"not_picked":["Prostrate","Perseverance"],"picked":"ReachHeaven+1","floor":23},{"not_picked":["Protect+1","Collect"],"picked":"Vengeance+1","floor":24}],"player_experience":404692,"relics_obtained":[{"floor":7,"key":"Runesmith:AutoHammer"},{"floor":9,"key":"Damaru"},{"floor":10,"key":"Dream Catcher"},{"floor":21,"key":"Dead Branch"},{"floor":26,"key":"The Courier"}],"event_choices":[{"damage_healed":0,"gold_gain":0,"player_choice":"2 cards matched","damage_taken":0,"max_hp_gain":0,"max_hp_loss":0,"event_name":"Match and Keep!","floor":2,"gold_loss":0,"cards_obtained":["Indignation","Brilliance"]},{"damage_healed":0,"gold_gain":0,"player_choice":"Take Wound","damage_taken":0,"relics_obtained":["Golden Idol"],"max_hp_gain":0,"max_hp_loss":0,"event_name":"Golden Idol","floor":5,"gold_loss":0,"cards_obtained":["Injury"]},{"cards_removed":["DeceiveReality"],"damage_healed":59,"gold_gain":0,"player_choice":"Offered Uncommon","damage_taken":0,"max_hp_gain":0,"max_hp_loss":0,"event_name":"Bonfire Elementals","floor":11,"gold_loss":0},{"damage_healed":0,"gold_gain":0,"player_choice":"Searched \u00272\u0027 times","damage_taken":0,"relics_obtained":["reliquary:FerryPass"],"max_hp_gain":0,"max_hp_loss":0,"event_name":"Dead Adventurer","floor":13,"gold_loss":0},{"damage_healed":0,"gold_gain":73,"player_choice":"Gained Gold","damage_taken":0,"max_hp_gain":0,"max_hp_loss":0,"event_name":"Golden Wing","floor":14,"gold_loss":0},{"damage_healed":0,"gold_gain":0,"player_choice":"Trade","damage_taken":0,"relics_obtained":["GremlinMask"],"max_hp_gain":0,"max_hp_loss":0,"event_name":"FaceTrader","floor":19,"gold_loss":0},{"damage_healed":0,"gold_gain":0,"player_choice":"Opened","damage_taken":0,"relics_obtained":["Bronze Scales"],"max_hp_gain":0,"max_hp_loss":0,"event_name":"The Mausoleum","floor":25,"gold_loss":0,"cards_obtained":["Writhe"]}],"is_beta":false,"boss_relics":[{"not_picked":["Pandora\u0027s Box","reliquary:RedCape"],"picked":"Empty Cage"}],"items_purged_floors":[20],"is_endless":false,"potions_floor_spawned":[7,12,21],"killed_by":"Book of Stabbing","ascension_level":1}}