{"host":"at5b10nm0iti0w4x","time":1612636850,"event":{"mods":["AchievementEnabler","BaseMod","Bestiary","Block Reminder","Colored Map","Colored Powertips","Highlight Path","Keyboard Shortcuts","Minty Spire (QoL Compilation)","Relic Stats","StSLib","SuperFastMode"],"gold_per_floor":[111,136,154,173,185,185,210,223,223,255,285,285,250,262,262,365,365,382,382,396,311,325,351,351,377,402,402,430,430,23,23,23,118,118,128,178,226,236,236,262,274,274,297,297,324,284,304,324,324,324],"floor_reached":51,"language":"ENG","playtime":2202,"items_purged":[],"score":798,"play_id":"343d97bd-ec7c-41c4-b08b-fe2f84a77f84","local_time":"20210206134050","is_ascension_mode":false,"campfire_choices":[{"data":"Terror","floor":6,"key":"SMITH"},{"data":"Noxious Fumes","floor":12,"key":"SMITH"},{"data":"Footwork","floor":15,"key":"SMITH"},{"data":"Night Terror","floor":24,"key":"SMITH"},{"data":"Footwork","floor":27,"key":"SMITH"},{"data":"Adrenaline","floor":29,"key":"SMITH"},{"data":"Sucker Punch","floor":32,"key":"SMITH"},{"floor":42,"key":"REST"},{"data":"Apotheosis","floor":44,"key":"SMITH"},{"floor":49,"key":"REST"}],"circlet_count":0,"master_deck":["Strike_G","Strike_G","Strike_G","Strike_G","Strike_G","Defend_G","Defend_G","Defend_G","Defend_G","Defend_G","Survivor","Neutralize","Deadly Poison","Quick Slash","Terror+1","Dagger Spray","Adrenaline+1","Noxious Fumes+1","Backstab","Footwork+1","Night Terror+1","Footwork+1","Sucker Punch+1","PiercingWail+1","Backflip","Venomology+1","Acrobatics","Bane+1","Apotheosis+1","Crippling Poison+1","Parasite"],"relics":["Ring of the Snake","NeowsBlessing","Nunchaku","Centennial Puzzle","Mummified Hand","Snake Skull","Odd Mushroom","SlaversCollar","Letter Opener","MealTicket","Lizard Tail","Happy Flower","Matryoshka","Bottled Tornado","ClockworkSouvenir","MutagenicStrength","Velvet Choker","Tingsha","CaptainsWheel","Anchor","Regal Pillow","Oddly Smooth Stone","Toy Ornithopter"],"acts_visited":["Exordium","TheCity","TheBeyond"],"potions_floor_usage":[10,23,23,36,37,38,40,41,47,48,50,50,50,50],"damage_taken":[{"damage":0,"enemies":"Cultist","floor":1,"turns":1},{"damage":0,"enemies":"2 Louse","floor":3,"turns":1},{"damage":0,"enemies":"Jaw Worm","floor":4,"turns":1},{"damage":0,"enemies":"2 Fungi Beasts","floor":5,"turns":4},{"damage":13,"enemies":"Lagavulin","floor":7,"turns":6},{"damage":0,"enemies":"3 Louse","floor":8,"turns":3},{"damage":22,"enemies":"Gremlin Nob","floor":10,"turns":4},{"damage":9,"enemies":"The Mushroom Lair","floor":11,"turns":3},{"damage":0,"enemies":"Blue Slaver","floor":14,"turns":1},{"damage":20,"enemies":"Hexaghost","floor":16,"turns":9},{"damage":1,"enemies":"2 Thieves","floor":18,"turns":4},{"damage":6,"enemies":"Spheric Guardian","floor":20,"turns":4},{"damage":3,"enemies":"Snake Plant","floor":22,"turns":4},{"damage":19,"enemies":"Slavers","floor":23,"turns":5},{"damage":4,"enemies":"Book of Stabbing","floor":25,"turns":6},{"damage":4,"enemies":"Gremlin Leader","floor":28,"turns":5},{"damage":5,"enemies":"Automaton","floor":33,"turns":8},{"damage":0,"enemies":"Orb Walker","floor":35,"turns":3},{"damage":0,"enemies":"Mind Bloom Boss Battle","floor":36,"turns":4},{"damage":43,"enemies":"2 Orb Walkers","floor":37,"turns":4},{"damage":3,"enemies":"3 Darklings","floor":38,"turns":4},{"damage":1,"enemies":"Giant Head","floor":40,"turns":7},{"damage":3,"enemies":"Sphere and 2 Shapes","floor":41,"turns":6},{"damage":0,"enemies":"Nemesis","floor":45,"turns":7},{"damage":21,"enemies":"Writhing Mass","floor":47,"turns":5},{"damage":24,"enemies":"Maw","floor":48,"turns":6},{"damage":19,"enemies":"Time Eater","floor":50,"turns":11}],"seed_played":"5614309197432485965","potions_obtained":[{"floor":3,"key":"FearPotion"},{"floor":4,"key":"GhostInAJar"},{"floor":10,"key":"Fruit Juice"},{"floor":11,"key":"Regen Potion"},{"floor":23,"key":"Energy Potion"},{"floor":40,"key":"Fire Potion"}],"is_trial":false,"path_per_floor":["M","T","M","M","M","R","E","M","T","E","?","R","?","M","R","B",null,"M","?","M","?","M","E","R","E","T","R","E","R","$","?","R","B",null,"M","?","?","M","?","E","M","R","T","R","E","?","M","M","R","B",null],"character_chosen":"THE_SILENT","items_purchased":["Bottled Tornado","Backflip","ClockworkSouvenir"],"campfire_rested":2,"item_purchase_floors":[30,30,30],"current_hp_per_floor":[70,70,70,70,70,70,57,57,57,40,31,31,49,49,49,29,75,74,74,68,68,65,61,61,57,57,57,53,53,68,68,68,63,75,75,75,32,29,29,28,25,47,47,47,47,47,31,12,49,50],"gold":324,"neow_bonus":"THREE_ENEMY_KILL","is_daily":false,"chose_seed":false,"campfire_upgraded":8,"win_rate":0.0,"timestamp":1612636850,"path_taken":["M","?","M","M","?","R","E","M","T","E","?","R","?","M","R","BOSS","M","?","M","?","M","E","R","E","T","R","E","R","$","?","R","BOSS","M","?","?","M","?","E","M","R","T","R","E","?","?","?","R","BOSS"],"items_purchased_type":["Relic","Card","Relic"],"build_version":"2020-12-22","purchased_purges":0,"victory":true,"max_hp_per_floor":[70,70,70,70,70,70,70,70,70,75,75,75,75,75,75,75,75,75,75,75,75,75,75,75,75,75,75,75,75,75,75,75,75,75,75,75,75,75,75,75,75,75,75,75,75,75,75,75,75,75],"relic_stats":{"Regal Pillow":15,"Happy Flower":[23],"counters":[27,126],"Tingsha":[37],"Snake Skull":[133],"Letter Opener":[242],"Nunchaku":[26],"Centennial Puzzle":[51],"Lizard Tail":0,"Mummified Hand":[67],"MealTicket":15,"obtain_stats":[{"Regal Pillow":43,"NeowsBlessing":0,"Happy Flower":26,"Velvet Choker":34,"Oddly Smooth Stone":43,"Tingsha":36,"Snake Skull":10,"Letter Opener":21,"Odd Mushroom":11,"Bottled Tornado":30,"ClockworkSouvenir":30,"SlaversCollar":17,"Nunchaku":2,"Centennial Puzzle":7,"Lizard Tail":25,"CaptainsWheel":37,"Anchor":40,"Matryoshka":28,"Mummified Hand":9,"MutagenicStrength":31,"MealTicket":23,"Toy Ornithopter":45,"Ring of the Snake":0},{"Regal Pillow":23,"NeowsBlessing":0,"Happy Flower":15,"Velvet Choker":17,"Oddly Smooth Stone":23,"Tingsha":19,"Snake Skull":7,"Letter Opener":12,"Odd Mushroom":8,"Bottled Tornado":16,"ClockworkSouvenir":16,"SlaversCollar":10,"Nunchaku":1,"Centennial Puzzle":5,"Lizard Tail":15,"CaptainsWheel":20,"Anchor":22,"Matryoshka":16,"Mummified Hand":6,"MutagenicStrength":16,"MealTicket":14,"Toy Ornithopter":24,"Ring of the Snake":0},{"Regal Pillow":97,"NeowsBlessing":0,"Happy Flower":56,"Velvet Choker":69,"Oddly Smooth Stone":97,"Tingsha":76,"Snake Skull":20,"Letter Opener":41,"Odd Mushroom":23,"Bottled Tornado":61,"ClockworkSouvenir":61,"SlaversCollar":33,"Nunchaku":1,"Centennial Puzzle":13,"Lizard Tail":56,"CaptainsWheel":80,"Anchor":91,"Matryoshka":61,"Mummified Hand":16,"MutagenicStrength":61,"MealTicket":50,"Toy Ornithopter":104,"Ring of the Snake":0}],"Toy Ornithopter":30,"Ring of the Snake":[54]},"card_choices":[{"not_picked":["Deflect","Endless Agony"],"picked":"Deadly Poison","floor":1},{"not_picked":["Caltrops","Slice"],"picked":"Quick Slash","floor":3},{"not_picked":["All Out Attack","Outmaneuver"],"picked":"Terror","floor":4},{"not_picked":["Dagger Throw","Cloak And Dagger"],"picked":"Dagger Spray","floor":5},{"not_picked":["Crippling Poison","Cloak And Dagger"],"picked":"Adrenaline","floor":7},{"not_picked":["Poisoned Stab","Slice"],"picked":"Noxious Fumes","floor":8},{"not_picked":["Flying Knee","PiercingWail"],"picked":"Backstab","floor":10},{"not_picked":["Acrobatics","Terror"],"picked":"Footwork","floor":11},{"not_picked":["Dagger Throw","Slice","Expertise"],"picked":"SKIP","floor":14},{"not_picked":["Bullet Time","Tools of the Trade"],"picked":"Night Terror","floor":16},{"not_picked":["Backflip","Slice","Deadly Poison"],"picked":"SKIP","floor":18},{"not_picked":["Cloak And Dagger","Terror"],"picked":"Sucker Punch","floor":20},{"not_picked":["Reflex","Slice+1","Infinite Blades"],"picked":"SKIP","floor":22},{"not_picked":["Masterful Stab+1","Eviscerate","Flechettes+1"],"picked":"SKIP","floor":23},{"not_picked":["Deflect","Bullet Time"],"picked":"PiercingWail+1","floor":25},{"not_picked":["Quick Slash","Dagger Spray","Blade Dance"],"picked":"SKIP","floor":28},{"not_picked":["Glass Knife","Die Die Die"],"picked":"Venomology","floor":33},{"not_picked":["Prepared+1","Sucker Punch+1"],"picked":"Acrobatics","floor":35},{"not_picked":["Choke","Cloak And Dagger+1"],"picked":"Bane+1","floor":36},{"not_picked":["Deadly Poison","Outmaneuver","Slice+1"],"picked":"SKIP","floor":38},{"not_picked":["PanicButton","Good Instincts"],"picked":"Apotheosis","floor":39},{"not_picked":["Backstab","All Out Attack+1","Caltrops"],"picked":"SKIP","floor":40},{"not_picked":["Deflect","Blade Dance+1","Flechettes"],"picked":"SKIP","floor":41},{"not_picked":["Bouncing Flask","All Out Attack+1"],"picked":"Crippling Poison+1","floor":45},{"not_picked":["Dagger Spray","Acrobatics","Dagger Throw+1"],"picked":"SKIP","floor":47},{"not_picked":["Acrobatics+1","Blade Dance+1","Crippling Poison+1"],"picked":"SKIP","floor":48}],"player_experience":41808,"relics_obtained":[{"floor":2,"key":"Nunchaku"},{"floor":7,"key":"Centennial Puzzle"},{"floor":9,"key":"Mummified Hand"},{"floor":10,"key":"Snake Skull"},{"floor":11,"key":"Odd Mushroom"},{"floor":23,"key":"MealTicket"},{"floor":25,"key":"Lizard Tail"},{"floor":26,"key":"Happy Flower"},{"floor":28,"key":"Matryoshka"},{"floor":36,"key":"Tingsha"},{"floor":37,"key":"CaptainsWheel"},{"floor":40,"key":"Anchor"},{"floor":43,"key":"Regal Pillow"},{"floor":43,"key":"Oddly Smooth Stone"},{"floor":45,"key":"Toy Ornithopter"}],"event_choices":[{"damage_healed":0,"gold_gain":0,"player_choice":"Fought Mushrooms","damage_taken":0,"max_hp_gain":0,"max_hp_loss":0,"event_name":"Mushrooms","floor":11,"gold_loss":0},{"damage_healed":18,"gold_gain":0,"player_choice":"Healed","damage_taken":0,"max_hp_gain":0,"max_hp_loss":0,"event_name":"The Cleric","floor":13,"gold_loss":35},{"damage_healed":0,"gold_gain":0,"player_choice":"Read","damage_taken":0,"max_hp_gain":0,"max_hp_loss":0,"event_name":"The Library","floor":19,"gold_loss":0,"cards_obtained":["Footwork"]},{"damage_healed":0,"gold_gain":0,"player_choice":"Obtained Relic","damage_taken":0,"relics_obtained":["Letter Opener"],"max_hp_gain":0,"max_hp_loss":0,"event_name":"Addict","floor":21,"gold_loss":85},{"damage_healed":0,"gold_gain":0,"player_choice":"Inject Mutagens","damage_taken":0,"relics_obtained":["MutagenicStrength"],"max_hp_gain":0,"max_hp_loss":0,"event_name":"Drug Dealer","floor":31,"gold_loss":0},{"damage_healed":0,"gold_gain":0,"player_choice":"Fight","damage_taken":0,"max_hp_gain":0,"max_hp_loss":0,"event_name":"MindBloom","floor":36,"gold_loss":0},{"damage_healed":0,"gold_gain":0,"player_choice":"Fight","damage_taken":0,"max_hp_gain":0,"max_hp_loss":0,"event_name":"Mysterious Sphere","floor":37,"gold_loss":0},{"damage_healed":0,"gold_gain":0,"player_choice":"Memory 1","damage_taken":0,"max_hp_gain":0,"max_hp_loss":0,"event_name":"SensoryStone","floor":39,"gold_loss":0},{"damage_healed":0,"gold_gain":0,"player_choice":"Upgrade","damage_taken":0,"max_hp_gain":0,"max_hp_loss":0,"event_name":"Designer","floor":46,"gold_loss":40,"cards_upgraded":["Venomology"]}],"is_beta":false,"boss_relics":[{"not_picked":["HoveringKite","Calling Bell"],"picked":"SlaversCollar"},{"not_picked":["Ring of the Serpent","Pandora\u0027s Box"],"picked":"Velvet Choker"}],"items_purged_floors":[],"is_endless":false,"potions_floor_spawned":[3,4,10,11,22,23,36,37,40,45],"ascension_level":0}}