{"host":"5jdby9iqu3ct6557","time":1612571004,"event":{"mods":["BaseMod","DeckTracker","Highlight Path","Minty Spire (QoL Compilation)","Relic Stats","StSLib"],"gold_per_floor":[13,30,46,46,59,59,94,109,109,109,109,129,129,139,139,214,214,227,239,30,50,50,50,50,78,124,150,54,74,104,115,115,188,188,198,216,235,245,245,274,274,274,274],"floor_reached":42,"language":"ENG","playtime":12190,"items_purged":[],"score":944,"play_id":"e3c5d001-d179-4bbb-8ff7-b81a38ec8899","local_time":"20210205192324","is_ascension_mode":true,"campfire_choices":[{"data":"Beam Cell","floor":6,"key":"SMITH"},{"floor":10,"key":"REST"},{"data":"Darkness","floor":13,"key":"SMITH"},{"data":"Zap","floor":15,"key":"SMITH"},{"floor":23,"key":"REST"},{"floor":32,"key":"REST"},{"floor":41,"key":"REST"}],"circlet_count":0,"master_deck":["AscendersBane","Defend_B","Defend_B","Defend_B","Zap+1","Dualcast","Beam Cell+1","BootSequence","Tempest","Darkness+1","Ball Lightning","Coolheaded","Leap","Seek","Compile Driver","White Noise","Doom and Gloom","Self Repair","Steam Power","Glacier","Capacitor","Creative AI","Aggregate+1","Rip and Tear+1","Force Field+1","Loop","Stack"],"relics":["Cracked Core","Dead Branch","Strawberry","Letter Opener","Fusion Hammer","Bronze Scales","Mummified Hand","Omamori","Ornamental Fan","Astrolabe","Ancient Tea Set"],"acts_visited":["Exordium","TheCity","TheBeyond"],"potions_floor_usage":[16,21,25,30],"damage_taken":[{"damage":0,"enemies":"Cultist","floor":1,"turns":3},{"damage":0,"enemies":"Small Slimes","floor":2,"turns":2},{"damage":0,"enemies":"2 Louse","floor":3,"turns":2},{"damage":0,"enemies":"Blue Slaver","floor":5,"turns":3},{"damage":39,"enemies":"Gremlin Nob","floor":7,"turns":4},{"damage":18,"enemies":"Lots of Slimes","floor":8,"turns":4},{"damage":0,"enemies":"3 Louse","floor":12,"turns":2},{"damage":11,"enemies":"Exordium Thugs","floor":14,"turns":4},{"damage":6,"enemies":"Hexaghost","floor":16,"turns":9},{"damage":1,"enemies":"3 Byrds","floor":18,"turns":4},{"damage":1,"enemies":"Spheric Guardian","floor":19,"turns":3},{"damage":21,"enemies":"Shelled Parasite and Fungi","floor":21,"turns":5},{"damage":6,"enemies":"Book of Stabbing","floor":25,"turns":6},{"damage":8,"enemies":"Centurion and Healer","floor":29,"turns":4},{"damage":31,"enemies":"Slavers","floor":30,"turns":4},{"damage":20,"enemies":"Cultist and Chosen","floor":31,"turns":4},{"damage":29,"enemies":"Champ","floor":33,"turns":11},{"damage":15,"enemies":"Orb Walker","floor":35,"turns":4},{"damage":16,"enemies":"3 Shapes","floor":36,"turns":4},{"damage":1,"enemies":"3 Darklings","floor":37,"turns":3},{"damage":4,"enemies":"4 Shapes","floor":38,"turns":3},{"damage":10,"enemies":"Nemesis","floor":40,"turns":11},{"damage":67,"enemies":"Spire Growth","floor":42,"turns":4}],"seed_played":"6417195003242716745","potions_obtained":[{"floor":7,"key":"Swift Potion"},{"floor":8,"key":"AttackPotion"},{"floor":16,"key":"EntropicBrew"},{"floor":19,"key":"ColorlessPotion"},{"floor":25,"key":"Explosive Potion"},{"floor":37,"key":"DuplicationPotion"}],"is_trial":false,"path_per_floor":["M","M","M","$","M","R","E","M","T","R","?","M","R","M","R","B",null,"M","M","$","M","?","R","?","E","T","T","$","M","E","M","R","B",null,"M","M","M","M","?","E","R","M"],"character_chosen":"DEFECT","items_purchased":["Bronze Scales","Doom and Gloom","Capacitor","Explosive Potion"],"campfire_rested":4,"item_purchase_floors":[20,20,28,28],"current_hp_per_floor":[64,64,64,64,64,64,32,14,14,37,37,37,37,26,26,20,64,63,62,62,41,41,64,64,58,58,58,58,57,33,13,36,14,62,54,45,51,47,47,44,66,0,0],"gold":274,"neow_bonus":"ONE_RARE_RELIC","is_daily":false,"chose_seed":false,"campfire_upgraded":3,"win_rate":0.0,"timestamp":1612571004,"path_taken":["M","M","?","?","M","R","E","M","T","R","?","M","R","M","R","BOSS","M","?","$","M","?","R","?","E","T","?","?","M","E","M","R","BOSS","M","M","?","M","?","E","R","M"],"items_purchased_type":["Relic","Card","Card","Potion"],"build_version":"2020-12-22","purchased_purges":0,"victory":false,"max_hp_per_floor":[71,71,71,71,71,71,78,78,78,78,78,78,78,78,78,78,78,78,78,78,78,78,78,78,78,78,78,78,78,78,78,78,78,78,78,78,78,78,74,74,74,74,74],"relic_stats":{"counters":[23,103],"Mummified Hand":[54],"Ornamental Fan":[28],"Dead Branch":[95],"Bronze Scales":[184],"Astrolabe":["Aggregate","Rip and Tear","Force Field"],"Letter Opener":[394],"obtain_stats":[{"Mummified Hand":25,"Ornamental Fan":30,"Dead Branch":0,"Strawberry":7,"Bronze Scales":20,"Astrolabe":34,"Fusion Hammer":17,"Omamori":27,"Letter Opener":9,"Cracked Core":0,"Ancient Tea Set":40},{"Mummified Hand":13,"Ornamental Fan":15,"Dead Branch":0,"Strawberry":5,"Bronze Scales":11,"Astrolabe":17,"Fusion Hammer":9,"Omamori":13,"Letter Opener":6,"Cracked Core":0,"Ancient Tea Set":22},{"Mummified Hand":51,"Ornamental Fan":59,"Dead Branch":0,"Strawberry":14,"Bronze Scales":40,"Astrolabe":74,"Fusion Hammer":33,"Omamori":51,"Letter Opener":18,"Cracked Core":0,"Ancient Tea Set":99}]},"card_choices":[{"not_picked":["Gash","Turbo"],"picked":"Beam Cell","floor":1},{"not_picked":["Beam Cell","Turbo"],"picked":"BootSequence","floor":2},{"not_picked":["Chill","Turbo"],"picked":"Tempest","floor":3},{"not_picked":["Stack","Hologram"],"picked":"Streamline","floor":5},{"not_picked":["Go for the Eyes","Self Repair"],"picked":"Darkness","floor":7},{"not_picked":["Redo","Hologram"],"picked":"Ball Lightning","floor":8},{"not_picked":["Steam","Redo"],"picked":"Coolheaded","floor":12},{"not_picked":["Amplify","Ball Lightning"],"picked":"Leap","floor":14},{"not_picked":["Rainbow","Reboot"],"picked":"Seek","floor":16},{"not_picked":["Hologram","Storm+1"],"picked":"Compile Driver","floor":18},{"not_picked":["Blizzard+1","Turbo"],"picked":"White Noise","floor":19},{"not_picked":["Steam","Lockon"],"picked":"Self Repair","floor":21},{"not_picked":["Electrodynamics","Meteor Strike"],"picked":"Creative AI","floor":33},{"not_picked":["Go for the Eyes","Rebound+1"],"picked":"Loop","floor":35},{"not_picked":["BootSequence","Gash"],"picked":"Stack","floor":40}],"player_experience":2530305,"relics_obtained":[{"floor":7,"key":"Strawberry"},{"floor":9,"key":"Letter Opener"},{"floor":25,"key":"Mummified Hand"},{"floor":27,"key":"Omamori"},{"floor":30,"key":"Ornamental Fan"},{"floor":40,"key":"Ancient Tea Set"}],"event_choices":[{"cards_removed":["Strike_B"],"damage_healed":0,"gold_gain":0,"player_choice":"Offered Basic","damage_taken":0,"max_hp_gain":0,"max_hp_loss":0,"event_name":"Bonfire Elementals","floor":11,"gold_loss":0},{"damage_healed":0,"gold_gain":0,"cards_transformed":["Strike_B","Strike_B"],"player_choice":"Became Test Subject","damage_taken":0,"max_hp_gain":0,"max_hp_loss":0,"event_name":"Drug Dealer","floor":24,"gold_loss":0,"cards_obtained":["Steam Power","Glacier"]},{"damage_healed":0,"gold_gain":0,"player_choice":"Max HP","damage_taken":0,"max_hp_gain":0,"max_hp_loss":4,"event_name":"Winding Halls","floor":39,"gold_loss":0}],"is_beta":false,"boss_relics":[{"not_picked":["Snecko Eye","Cursed Key"],"picked":"Fusion Hammer"},{"not_picked":["FrozenCore","Inserter"],"picked":"Astrolabe"}],"items_purged_floors":[],"is_endless":false,"potions_floor_spawned":[7,8,12,14,16,19,25,29,37],"killed_by":"Spire Growth","ascension_level":20}}