{"host":"cmkyc3p4v2g7wnr3","time":1612650113,"event":{"mods":["AchievementEnabler","BaseMod","Better Match","Better Note","BetterRewards","Block Reminder","Colored Map","Colored Powertips","DeckTracker","Gold Saver","Hermit","Hubris","Infinite Spire","Jorbs\u0027s Wanderer Trilogy","Marked Mod","Minty Spire (QoL Compilation)","Potionbrewer","Prisma Mod","Quick Restart","Rare Cards Sparkle","Reliquary","Replay The Spire","Shop Mod","StSLib","Synergy Search","The Administrix","The Animator","The Bug Knight","The Construct","The Cursed","The Disciple","The Hierophant","The Marked","The Mystic","The Runesmith","The Servant 0.9.4","TheBandit"],"gold_per_floor":[632,115,115,1125,370,370,443,476,476,487,487,519,519,534,534,629,629,647,662,712,110,122,122,134,134,160,179,179,192,227,227,227,332,332,350,361,377,377,393,393,406,437,509,509,534,551,579,29,29,43,43,43,49,85,97,97],"floor_reached":55,"language":"ENG","playtime":5692,"items_purged":["theMarked:Strike","theMarked:Strike"],"score":862,"play_id":"22256646-bd80-43fb-87ce-4f8105a4c1aa","local_time":"20210206232153","is_ascension_mode":false,"campfire_choices":[{"data":"theMarked:ParalyzingBlade","floor":6,"key":"SMITH"},{"data":"theMarked:OneWithTheBlade","floor":11,"key":"SMITH"},{"floor":13,"key":"REST"},{"data":"theMarked:SoldierOfQuellstein","floor":15,"key":"SMITH"},{"floor":23,"key":"REST"},{"data":"theMarked:Abjuration","floor":25,"key":"SMITH"},{"floor":28,"key":"REST"},{"data":"theMarked:SelfDefenseTraining","floor":32,"key":"PURGE"},{"floor":40,"key":"REST"},{"data":"theMarked:MysticalArsenal","floor":44,"key":"SMITH"},{"floor":49,"key":"REST"},{"data":"theMarked:Toughness","floor":52,"key":"SMITH"}],"circlet_count":0,"master_deck":["theMarked:Strike+1","theMarked:Defend+1","theMarked:Defend+1","theMarked:Defend+1","theMarked:Defend+1","theMarked:SoldierOfQuellstein+1","theMarked:ChainLightning+1","infinitespire:Collect+1","theMarked:FavorableWinds+1","theMarked:ParalyzingBlade+1","theMarked:OneWithTheBlade+1","theMarked:WardOff","theMarked:Abjuration+1","theMarked:RepellingDischarge+1","theMarked:HeightenedSenses+1","theMarked:WardOff+1","theMarked:ChannelForce+1","theMarked:Toughness+1","theMarked:WardOff","theMarked:Static+1","theMarked:MysticalArsenal+1","theMarked:StartUp+1","theMarked:SuspiciousRaven","theMarked:SwordAndMagic+1","theMarked:EmpowerWeapon"],"relics":["theMarked:ArtifactOfAir","MerchantsRug","Boot","Replay:Baseball","hubris:EmptyBottle","reliquary:PorcupineQuills","Replay:Bottled Eggs","Philosopher\u0027s Stone","Art of War","ClockworkSouvenir","Anchor","theMarked:NailFile","Painkiller Herb","Toy Ornithopter","infinitespire:ShieldingShard","Lantern","Kunai","Replay:Bandana","reliquary:WeakTea","Bronze Scales"],"acts_visited":["Exordium","TheCity","TheBeyond","TheEnding"],"potions_floor_usage":[18,18,24,27,27,36,36,36,37,42,42,42,47,47,50,50,55],"damage_taken":[{"damage":1,"enemies":"Jaw Worm","floor":1,"turns":3},{"damage":0,"enemies":"Small Slimes","floor":4,"turns":3},{"damage":3,"enemies":"Lagavulin","floor":8,"turns":6},{"damage":2,"enemies":"2 Louse","floor":10,"turns":2},{"damage":13,"enemies":"Gremlin Nob","floor":12,"turns":4},{"damage":0,"enemies":"2 Fungi Beasts","floor":14,"turns":2},{"damage":19,"enemies":"Hexaghost","floor":16,"turns":11},{"damage":1,"enemies":"2 Thieves","floor":18,"turns":3},{"damage":30,"enemies":"3 Byrds","floor":19,"turns":5},{"damage":0,"enemies":"Cultist and Chosen","floor":22,"turns":5},{"damage":0,"enemies":"3 Cultists","floor":24,"turns":5},{"damage":0,"enemies":"Snecko","floor":27,"turns":4},{"damage":0,"enemies":"Centurion and Healer","floor":29,"turns":4},{"damage":0,"enemies":"Slavers","floor":30,"turns":6},{"damage":7,"enemies":"Champ","floor":33,"turns":12},{"damage":6,"enemies":"Orb Walker","floor":35,"turns":3},{"damage":0,"enemies":"3 Darklings","floor":36,"turns":5},{"damage":9,"enemies":"Maw","floor":37,"turns":9},{"damage":0,"enemies":"Transient","floor":39,"turns":5},{"damage":0,"enemies":"Jaw Worm Horde","floor":41,"turns":3},{"damage":8,"enemies":"Giant Head","floor":42,"turns":10},{"damage":8,"enemies":"Nemesis","floor":45,"turns":7},{"damage":0,"enemies":"Sphere and 2 Shapes","floor":46,"turns":5},{"damage":17,"enemies":"Reptomancer","floor":47,"turns":5},{"damage":0,"enemies":"hubris:GrandSnecko","floor":50,"turns":12},{"damage":17,"enemies":"Shield and Spear","floor":54,"turns":10},{"damage":68,"enemies":"The Heart","floor":55,"turns":5}],"seed_played":"6293408816232050205","potions_obtained":[{"floor":1,"key":"Explosive Potion"},{"floor":18,"key":"Dexterity Potion"},{"floor":19,"key":"CultistPotion"},{"floor":24,"key":"SteroidPotion"},{"floor":35,"key":"Explosive Potion"},{"floor":36,"key":"Energy Potion"},{"floor":38,"key":"Energy Potion"},{"floor":38,"key":"Block Potion"},{"floor":46,"key":"Explosive Potion"},{"floor":47,"key":"Energy Potion"}],"is_trial":false,"path_per_floor":["M","?","?","M","$","R","?","E","T","M","R","E","R","M","R","B",null,"M","M","?","$","M","R","M","R","T","M","R","M","E","?","R","B",null,"?","?","?","?","?","T","?","E","T","T","E","?","E","T","T","B",null,"T","T","E","B"],"character_chosen":"THE_DEFAULT","items_purchased":["MerchantsRug","Boot","Replay:Baseball","hubris:EmptyBottle","theMarked:ParalyzingBlade","Gremlin Food","Art of War","ClockworkSouvenir","theMarked:WardOff","Kunai","Replay:Bandana","Orrery","reliquary:WeakTea"],"campfire_rested":5,"item_purchase_floors":[5,5,5,5,5,21,21,21,21,48,48,48,53],"current_hp_per_floor":[69,69,69,69,69,69,69,66,66,64,64,51,70,70,70,51,70,69,39,39,39,39,60,60,60,60,60,70,70,70,70,70,63,70,64,64,55,55,55,70,70,62,62,62,64,70,53,53,70,70,70,70,70,63,0,0],"gold":97,"neow_bonus":"THREE_CARDS","is_daily":false,"chose_seed":false,"campfire_upgraded":6,"win_rate":0.0,"timestamp":1612650113,"path_taken":["M","?","?","M","$","R","?","E","T","M","R","E","R","M","R","BOSS","M","M","?","$","M","R","M","R","T","M","R","M","E","?","R","BOSS","?","?","?","?","?","T","?","E","T","T","E","?","E","T","T","BOSS","T","T","E","BOSS"],"items_purchased_type":["Relic","Relic","Relic","Relic","Card","Relic","Relic","Relic","Card","Relic","Relic","Relic","Relic"],"build_version":"2020-12-22","purchased_purges":2,"victory":false,"max_hp_per_floor":[70,70,70,70,70,70,70,70,70,70,70,70,70,70,70,70,70,70,70,70,70,70,70,70,70,70,70,70,70,70,70,70,70,70,70,70,70,70,70,70,70,70,70,70,70,70,70,70,70,70,70,70,70,70,70,70],"card_choices":[{"not_picked":["theMarked:Standoff","theMarked:SelfDefenseTraining"],"picked":"theMarked:ChainLightning","floor":0},{"not_picked":["theMarked:Seal","theMarked:Standoff","theMarked:Memento"],"picked":"SKIP","floor":1},{"not_picked":["infinitespire:FinalStrike","infinitespire:Menacing"],"picked":"infinitespire:Collect","floor":2},{"not_picked":["theMarked:Parkour","theMarked:Aftermath","theMarked:BanishingWave"],"picked":"SKIP","floor":4},{"not_picked":["theMarked:TwofoldDefense","theMarked:Aftermath"],"picked":"theMarked:OneWithTheBlade","floor":8},{"not_picked":["theMarked:Improvise","theMarked:LightningStrikesTwice","theMarked:Frustration"],"picked":"SKIP","floor":10},{"not_picked":["theMarked:OneWithTheBlade","theMarked:Heritage"],"picked":"theMarked:WardOff","floor":12},{"not_picked":["theMarked:TakeCover","theMarked:ElectricStrings","theMarked:EnhanceMovement"],"picked":"SKIP","floor":14},{"not_picked":["theMarked:UnarmedFury","theMarked:Vacuum"],"picked":"theMarked:Abjuration","floor":16},{"not_picked":["theMarked:CreepingChasm","theMarked:Indomitable+1"],"picked":"theMarked:RepellingDischarge+1","floor":18},{"not_picked":["theMarked:TakeCover","theMarked:ElectricStrings"],"picked":"theMarked:HeightenedSenses+1","floor":19},{"not_picked":["theMarked:Parkour","theMarked:TakeCover","theMarked:TwofoldDefense+1"],"picked":"SKIP","floor":22},{"not_picked":["theMarked:ElectricStrings","theMarked:Overthink"],"picked":"theMarked:ChannelForce+1","floor":24},{"not_picked":["theMarked:ElectricStrings","theMarked:OneWithTheBlade","theMarked:Reabsorb+1"],"picked":"SKIP","floor":27},{"not_picked":["theMarked:Overcharge","theMarked:Abjuration","theMarked:TwofoldDefense+1"],"picked":"SKIP","floor":29},{"not_picked":["theMarked:TwofoldDefense+1","theMarked:Frustration","theMarked:WastefulAttack"],"picked":"SKIP","floor":30},{"not_picked":["theMarked:Challenge","theMarked:Snap"],"picked":"theMarked:Toughness","floor":33},{"not_picked":["theMarked:LightningStrikesTwice","theMarked:HeightenedSenses"],"picked":"theMarked:WardOff","floor":35},{"not_picked":["theMarked:Frustration","theMarked:ShockingTouch","theMarked:Electrocute"],"picked":"SKIP","floor":36},{"not_picked":["theMarked:Overthink+1","theMarked:BanishingWave+1","theMarked:Polarize"],"picked":"SKIP","floor":37},{"not_picked":["theMarked:Aftermath+1","theMarked:HeightenedSenses"],"picked":"theMarked:Static+1","floor":39},{"not_picked":["theMarked:LightningStrikesTwice+1","theMarked:ChainLightning+1"],"picked":"theMarked:MysticalArsenal","floor":41},{"not_picked":["theMarked:Reabsorb+1","theMarked:RepellingDischarge","theMarked:Overthink+1"],"picked":"SKIP","floor":42},{"not_picked":["theMarked:ElectricStrings+1","theMarked:TunnelVision+1"],"picked":"theMarked:StartUp+1","floor":45},{"not_picked":["theMarked:TwofoldDefense+1","theMarked:TakeCover+1","theMarked:ElectricStrings+1"],"picked":"SKIP","floor":46},{"not_picked":["theMarked:BanishingStrike+1","theMarked:TurnInvisible","theMarked:Overcharge"],"picked":"SKIP","floor":47},{"not_picked":["theMarked:WastefulAttack","theMarked:Frustration+1"],"picked":"theMarked:SuspiciousRaven","floor":48},{"not_picked":["theMarked:Standoff+1","theMarked:Improvise+1"],"picked":"theMarked:SwordAndMagic+1","floor":48},{"not_picked":["theMarked:MuscleMemory+1","theMarked:Parkour+1"],"picked":"theMarked:EmpowerWeapon","floor":54}],"player_experience":350772,"relics_obtained":[{"floor":8,"key":"reliquary:PorcupineQuills"},{"floor":9,"key":"Replay:Multitool"},{"floor":12,"key":"Replay:Bottled Eggs"},{"floor":26,"key":"Anchor"},{"floor":30,"key":"theMarked:NailFile"},{"floor":42,"key":"Toy Ornithopter"},{"floor":43,"key":"infinitespire:ShieldingShard"},{"floor":45,"key":"Omamori"},{"floor":47,"key":"Lantern"},{"floor":54,"key":"Bronze Scales"}],"event_choices":[{"damage_healed":0,"gold_gain":73,"player_choice":"Gained Gold","damage_taken":0,"max_hp_gain":0,"max_hp_loss":0,"event_name":"Golden Wing","floor":7,"gold_loss":0},{"damage_healed":0,"gold_gain":100,"player_choice":"Bet on Murderer","damage_taken":0,"max_hp_gain":0,"max_hp_loss":0,"event_name":"The Joust","floor":20,"gold_loss":50},{"damage_healed":0,"gold_gain":0,"cards_transformed":["theMarked:Strike"],"player_choice":"Transformed","damage_taken":0,"max_hp_gain":0,"max_hp_loss":0,"event_name":"Transmorgrifier","floor":31,"gold_loss":0,"cards_obtained":["theMarked:SelfDefenseTraining"]},{"damage_healed":0,"gold_gain":0,"player_choice":"Got Potions","damage_taken":0,"max_hp_gain":0,"max_hp_loss":0,"event_name":"Lab","floor":38,"gold_loss":0}],"is_beta":false,"boss_relics":[{"not_picked":["ReplayTheSpireMod:DimensionalGlitch","construct:ClawGrip"],"picked":"Philosopher\u0027s Stone"},{"not_picked":["reliquary:Craggleroot","Sozu"],"picked":"Painkiller Herb"}],"items_purged_floors":[5,21],"is_endless":false,"potions_floor_spawned":[1,18,19,24,35,36,41,46,47],"killed_by":"The Heart","ascension_level":0}}