{"host":"9slw7l0ws16384qq","time":1612641885,"event":{"mods":["A Penny For Your Troubles","BaseMod","Colored Map","Downfall","Evolution","Hubris","Minty Spire (QoL Compilation)","Replay The Spire","StS++","StSLib"],"gold_per_floor":[99,115,134,146,157,187,187,204,114,148,148,182,182,208,224,320,320,320,340,340,350,361,103,156,168,168,180,180,205,155,184,203,203,203,203],"floor_reached":33,"language":"FRA","playtime":1186,"items_purged":["bronze:Defend","bronze:Replicate"],"score":536,"play_id":"a0387d97-3c5f-4e7e-84b3-d5be3e0327f6","local_time":"20210206210445","is_ascension_mode":true,"campfire_choices":[{"data":"bronze:WildBeam","floor":1.0,"key":"SMITH"},{"data":"bronze:WildBeam","floor":11.0,"key":"SMITH"},{"data":"bronze:DarkDash","floor":13.0,"key":"SMITH"},{"data":"bronze:DarkDash","floor":18.0,"key":"SMITH"},{"data":"bronze:Shield","floor":26,"key":"SMITH"}],"circlet_count":0,"master_deck":["bronze:WildBeam+1","bronze:WildBeam+1","bronze:WildBeam+1","bronze:WildBeam+1","bronze:Defend","bronze:Defend","bronze:Defend","bronze:Goto","bronze:DarkDash+1","bronze:DarkDash+1","bronze:Shield+1","bronze:TinkerersToolbox","bronze:Shield+1"],"relics":["bronze:BronzeCore","EVO:Axolotl","Whetstone","StSpp:SailorCap","StrikeDummy","Bag of Preparation","Ancient Tea Set","Orichalcum","bronze:ElectromagneticCoil","Medical Kit","Pen Nib","Strawberry","hexamod:BolsterEngine"],"acts_visited":["Exordium","TheCity"],"potions_floor_usage":[25,29,32],"damage_taken":[{"damage":2.0,"enemies":"Small Slimes","floor":2.0,"turns":2.0},{"damage":0.0,"enemies":"2 Louse","floor":3.0,"turns":2.0},{"damage":2.0,"enemies":"Jaw Worm","floor":4.0,"turns":2.0},{"damage":2.0,"enemies":"2 Fungi Beasts","floor":5.0,"turns":2.0},{"damage":0.0,"enemies":"3 Louse","floor":8.0,"turns":1.0},{"damage":5.0,"enemies":"downfall:FleeingMerchant","floor":9.0,"turns":4.0},{"damage":0.0,"enemies":"3 Sentries","floor":10.0,"turns":1.0},{"damage":27.0,"enemies":"Lagavulin","floor":12.0,"turns":4.0},{"damage":0.0,"enemies":"Gremlin Nob","floor":14.0,"turns":2.0},{"damage":0.0,"enemies":"Red Slaver","floor":15.0,"turns":1.0},{"damage":0.0,"enemies":"WA_ARCHETYPE_RETAIN","floor":16.0,"turns":4.0},{"damage":0.0,"enemies":"Spheric Guardian","floor":19.0,"turns":1.0},{"damage":2,"enemies":"Chosen","floor":21,"turns":3},{"damage":10,"enemies":"3 Cultists","floor":22,"turns":5},{"damage":0,"enemies":"downfall:FleeingMerchant","floor":23,"turns":4},{"damage":21,"enemies":"Chosen and Byrds","floor":25,"turns":5},{"damage":0,"enemies":"Shelled Parasite and Fungi","floor":27,"turns":2},{"damage":8,"enemies":"Gremlin Leader","floor":29,"turns":4},{"damage":4,"enemies":"Book of Stabbing","floor":31,"turns":3},{"damage":0,"enemies":"Snecko","floor":32,"turns":5},{"damage":35,"enemies":"SI_MIRROR_ARCHETYPE","floor":33,"turns":5}],"seed_played":"2559099894512044603","potions_obtained":[{"floor":4.0,"key":"AttackPotion"},{"floor":8.0,"key":"hexamod:SoulburnPotion"},{"floor":12.0,"key":"bronze:BuildAFunctionPotion"},{"floor":14.0,"key":"Adrenaline Potion"},{"floor":19.0,"key":"Fire Potion"},{"floor":21,"key":"Fire Potion"},{"floor":27,"key":"SpeedPotion"},{"floor":29,"key":"Guardian:BlockOnCardUsePotion"}],"is_trial":false,"path_per_floor":["R","M","M","M","M","?","T","M","$","E","R","E","R","E","M","B",null,"R","M","?","M","M","$","T","M","R","M","?","E","?","E","M","B"],"character_chosen":"THE_AUTOMATON","items_purchased":["Medical Kit"],"campfire_rested":0,"item_purchase_floors":[23],"current_hp_per_floor":[70,68,68,66,64,64,64,64,59,59,59,32,32,32,32,32,61,61,61,61,59,49,49,49,28,28,28,28,27,56,52,52,17,17,17],"gold":203,"neow_bonus":"RANDOM_COMMON_RELIC","is_daily":false,"chose_seed":false,"campfire_upgraded":5,"win_rate":0.0,"timestamp":1612641885,"path_taken":["R","M","M","M","M","?","T","M","$","E","R","E","R","E","M","BOSS","R","M","?","M","M","$","T","M","R","M","?","E","?","E","M","BOSS"],"items_purchased_type":["Relic"],"build_version":"2020-12-22","purchased_purges":2,"victory":false,"max_hp_per_floor":[70,70,70,70,70,70,70,70,70,70,70,70,70,70,70,70,70,70,70,70,70,70,70,70,70,70,70,70,77,77,77,77,77,77,77],"card_choices":[{"not_picked":["bronze:Frontload","bronze:GetLatest","bronze:WildBeam"],"picked":"SKIP","floor":2.0},{"not_picked":["bronze:Refactor","bronze:Return"],"picked":"bronze:DarkDash","floor":3.0},{"not_picked":["bronze:ClassDefault","bronze:WhirlingStrike","bronze:Iterate"],"picked":"SKIP","floor":4.0},{"not_picked":["bronze:NullPointer","bronze:Deprecate","bronze:Iterate"],"picked":"SKIP","floor":5.0},{"not_picked":["bronze:Terminator","bronze:ClassDefault","bronze:Invalidate"],"picked":"SKIP","floor":8.0},{"not_picked":["bronze:Shell","bronze:Frontload"],"picked":"bronze:DarkDash","floor":9.0},{"not_picked":["bronze:ClassDefault","bronze:Iterate","bronze:Frontload"],"picked":"SKIP","floor":10.0},{"not_picked":["bronze:ClassDefault","bronze:Iterate","bronze:WhirlingStrike"],"picked":"SKIP","floor":12.0},{"not_picked":["bronze:Iterate","bronze:Flail","bronze:Shield"],"picked":"SKIP","floor":14.0},{"not_picked":["bronze:Iterate","bronze:Flail"],"picked":"bronze:Shield","floor":14.0},{"not_picked":["bronze:InfiniteBeams","bronze:Frontload","bronze:WildBeam"],"picked":"SKIP","floor":15.0},{"not_picked":["bronze:BugBarrage","bronze:Iterate+1","bronze:DelayedSlice"],"picked":"SKIP","floor":19.0},{"not_picked":["bronze:Constructor","bronze:Boost","bronze:Repair"],"picked":"SKIP","floor":21},{"not_picked":["bronze:Backtrace+1","bronze:OilSpill+1","bronze:Iterate"],"picked":"SKIP","floor":22},{"not_picked":["bronze:BitShift","bronze:Branch","bronze:Overheat"],"picked":"SKIP","floor":23},{"not_picked":["bronze:OilSpill","bronze:Flail","bronze:Branch+1"],"picked":"SKIP","floor":25},{"not_picked":["bronze:Iterate+1","bronze:Branch","bronze:TinkerersToolbox"],"picked":"SKIP","floor":27},{"not_picked":["bronze:Iterate+1","bronze:Branch"],"picked":"bronze:TinkerersToolbox","floor":27},{"not_picked":["bronze:WhirlingStrike","bronze:Repair+1","bronze:CloningBeam"],"picked":"SKIP","floor":29},{"not_picked":["bronze:Optimize","bronze:Frontload"],"picked":"bronze:Shield+1","floor":31},{"not_picked":["bronze:NullPointer","bronze:Frontload","bronze:FineTuning"],"picked":"SKIP","floor":32}],"player_experience":1646234,"relics_obtained":[{"floor":7.0,"key":"StrikeDummy"},{"floor":10.0,"key":"Bag of Preparation"},{"floor":12.0,"key":"Ancient Tea Set"},{"floor":14.0,"key":"Orichalcum"},{"floor":24,"key":"Pen Nib"},{"floor":29,"key":"Strawberry"},{"floor":31,"key":"hexamod:BolsterEngine"}],"event_choices":[],"is_beta":false,"boss_relics":[{"not_picked":["Honey Jar","Calling Bell"],"picked":"bronze:ElectromagneticCoil"}],"items_purged_floors":[9,23],"is_endless":false,"potions_floor_spawned":[4,8,12,14,15,19,21,22,27,29],"killed_by":"SI_MIRROR_ARCHETYPE","ascension_level":5}}