{"host":"amvb77pwe2wp6zyc","time":1612609707,"event":{"mods":["2.2 Compatiblity","AchievementEnabler","AlwaysNeverKeys","BaseMod","BetterRewards","Downfall","Duelist Mod","GifTheSpireLib","Minty Spire (QoL Compilation)","Permanent Neow","Quick Restart","Relic Filter","Shop Mod","StSLib","SuperFastMode","Trackpad"],"gold_per_floor":[141,151,166,182,13,13,53,53,80,109,109,119,149,160,160,234,234,246,263,274,287,299,299,310,310,310,321,346,261,261,133,133,205,205,216,231,249,273,283,283,310,310,310,340,360,360,377,390,390,390,390,390,89,122,122],"floor_reached":56,"language":"DEU","playtime":882,"items_purged":["theDuelist:NaturiaBeast","theDuelist:Sparks","theDuelist:Sparks","theDuelist:CastleWalls","theDuelist:CastleWalls","theDuelist:CastleWalls","theDuelist:NaturiaRock","theDuelist:NaturiaTulip"],"score":3388,"play_id":"906b7eef-ecd8-4a8c-b51d-0c7b347630b9","local_time":"20210206120827","is_ascension_mode":true,"campfire_choices":[{"data":"theDuelist:NaturiaPineapple","floor":6,"key":"SMITH"},{"floor":8,"key":"DIG"},{"floor":15,"key":"DIG"},{"floor":23,"key":"DIG"},{"floor":25,"key":"DIG"},{"floor":30,"key":"DIG"},{"floor":32,"key":"DIG"},{"floor":40,"key":"DIG"},{"floor":46,"key":"DIG"},{"floor":49,"key":"DIG"},{"floor":52,"key":"DIG"}],"circlet_count":0,"master_deck":["AscendersBane","theDuelist:NaturiaPineapple+1","Bandage Up"],"relics":["theDuelist:MillenniumPuzzle","theDuelist:CardPoolRelic","theDuelist:CardPoolBasicRelic","theDuelist:BoosterPackPoolRelic","theDuelist:CardPoolAddRelic","theDuelist:CardPoolMinusRelic","theDuelist:CardPoolSaveRelic","theDuelist:CardPoolOptionsRelic","Peace Pipe","Membership Card","MerchantsRug","trackpad:FieryHotPepper","Shovel","Unceasing Top","Blue Candle","Medical Kit","Calipers","Gremlin Horn","trackpad:DisasterInABottle","Lizard Tail","Mummified Hand","trackpad:HandOfMidas","Tough Bandages","trackpad:SneckoScepter","Runic Cube","Molten Egg 2","theDuelist:DuelistUrn","Meat on the Bone","trackpad:WritersBlock","theDuelist:BoosterPackHealer","theDuelist:SummonAnchorRare","trackpad:ByrdCharm","theDuelist:NaturiaRelic","Inserter","Happy Flower","White Beast Statue","trackpad:PetRock","TungstenRod","Charon\u0027s Ashes","trackpad:SappingStone","FossilizedHelix"],"acts_visited":["Exordium","TheCity","TheBeyond","TheEnding"],"potions_floor_usage":[53,55],"damage_taken":[{"damage":1,"enemies":"Jaw Worm","floor":1,"turns":1},{"damage":1,"enemies":"Cultist","floor":2,"turns":1},{"damage":1,"enemies":"Small Slimes","floor":3,"turns":1},{"damage":1,"enemies":"Exordium Wildlife","floor":4,"turns":1},{"damage":1,"enemies":"Lagavulin","floor":10,"turns":1},{"damage":1,"enemies":"Blue Slaver","floor":12,"turns":1},{"damage":1,"enemies":"3 Sentries","floor":13,"turns":1},{"damage":0,"enemies":"Gremlin Gang","floor":14,"turns":1},{"damage":1,"enemies":"Slime Boss","floor":16,"turns":1},{"damage":1,"enemies":"2 Thieves","floor":18,"turns":1},{"damage":1,"enemies":"Chosen","floor":19,"turns":1},{"damage":1,"enemies":"Snake Plant","floor":20,"turns":1},{"damage":1,"enemies":"Snecko","floor":21,"turns":1},{"damage":1,"enemies":"Centurion and Healer","floor":22,"turns":1},{"damage":1,"enemies":"Snake Plant","floor":24,"turns":1},{"damage":1,"enemies":"Cultist and Chosen","floor":27,"turns":1},{"damage":1,"enemies":"theDuelist:KaibaA2","floor":28,"turns":1},{"damage":1,"enemies":"Champ","floor":33,"turns":1},{"damage":1,"enemies":"3 Shapes","floor":35,"turns":1},{"damage":1,"enemies":"Orb Walker","floor":36,"turns":1},{"damage":1,"enemies":"Spire Growth","floor":37,"turns":1},{"damage":1,"enemies":"Writhing Mass","floor":39,"turns":1},{"damage":1,"enemies":"Reptomancer","floor":41,"turns":1},{"damage":1,"enemies":"Nemesis","floor":44,"turns":1},{"damage":1,"enemies":"4 Shapes","floor":45,"turns":1},{"damage":1,"enemies":"Jaw Worm Horde","floor":47,"turns":1},{"damage":1,"enemies":"Sphere and 2 Shapes","floor":48,"turns":1},{"damage":0,"enemies":"Awakened One","floor":50,"turns":2},{"damage":0,"enemies":"Shield and Spear","floor":54,"turns":1},{"damage":0,"enemies":"The Heart","floor":55,"turns":3}],"seed_played":"-2124314803209125013","potions_obtained":[{"floor":2,"key":"theDuelist:MillenniumElixir"},{"floor":3,"key":"SpeedPotion"},{"floor":18,"key":"FearPotion"},{"floor":21,"key":"theDuelist:StunPotion"},{"floor":36,"key":"theDuelist:FusionPotion"},{"floor":41,"key":"Guardian:BlockOnCardUsePotion"},{"floor":44,"key":"EntropicBrew"},{"floor":54,"key":"theDuelist:ElectricPotion"}],"is_trial":false,"path_per_floor":["M","M","M","M","$","R","$","R","T","E","?","M","E","M","R","B",null,"M","M","M","M","M","R","M","R","T","M","E","?","R","$","R","B",null,"M","M","M","$","M","R","E","?","T","E","M","R","M","M","R","B",null,"R","$","E","B",null],"character_chosen":"THE_DUELIST","items_purchased":["Peace Pipe","Membership Card","theDuelist:NaturiaPineapple","MerchantsRug","trackpad:FieryHotPepper","Shovel","Unceasing Top","Empty Cage","Blue Candle","Medical Kit","Calipers","Gremlin Horn","Bandage Up","trackpad:DisasterInABottle","trackpad:ByrdCharm","Charon\u0027s Ashes","trackpad:SappingStone","Weak Potion"],"campfire_rested":0,"item_purchase_floors":[0,0,0,0,0,0,0,0,0,0,0,0,0,5,31,53,53,53],"current_hp_per_floor":[24,27,30,33,33,33,33,33,33,36,70,70,70,70,70,70,70,70,70,70,70,70,70,70,70,70,70,70,70,70,70,70,70,70,69,70,70,70,70,70,70,66,66,66,65,65,66,66,66,66,66,66,66,66,66],"gold":122,"neow_bonus":"","is_daily":false,"chose_seed":false,"campfire_upgraded":1,"win_rate":0.0,"timestamp":1612609707,"path_taken":["M","M","M","M","$","R","$","R","T","E","?","M","E","M","R","BOSS","M","M","M","M","M","R","?","R","T","M","E","?","R","$","R","BOSS","M","M","M","$","M","R","E","?","T","E","M","R","M","M","R","BOSS","R","$","E","BOSS"],"items_purchased_type":["Relic","Relic","Card","Relic","Relic","Relic","Relic","Relic","Relic","Relic","Relic","Relic","Card","Relic","Relic","Relic","Relic","Potion"],"build_version":"2020-12-22","purchased_purges":8,"victory":true,"max_hp_per_floor":[70,70,70,70,70,70,70,70,70,70,70,70,70,70,70,70,70,70,70,70,70,70,70,70,70,70,70,70,70,70,70,70,70,70,70,70,70,70,70,70,70,66,66,66,66,66,66,66,66,66,66,66,66,66,66],"card_choices":[{"not_picked":["theDuelist:NaturiaDragonfly","theDuelist:NaturiaRagweed","theDuelist:NaturiaTulip","theDuelist:LonefireBlossom","theDuelist:Alpacaribou"],"picked":"SKIP","floor":1},{"not_picked":["theDuelist:NaturiaDragonfly","theDuelist:NaturiaRagweed","theDuelist:NaturiaTulip","theDuelist:SummoningSwarm","theDuelist:NaturiaMarron"],"picked":"SKIP","floor":2},{"not_picked":["theDuelist:NaturiaPumpkin","theDuelist:NaturiaParadizo","theDuelist:NaturiaRagweed","theDuelist:NaturiaTulip","theDuelist:Alpacaribou"],"picked":"SKIP","floor":3},{"not_picked":["theDuelist:WildNatureRelease","theDuelist:WormBait","theDuelist:NaturiaSacredTree","theDuelist:ConvulsionNature","theDuelist:SeedSacredTree"],"picked":"SKIP","floor":4},{"not_picked":["Finesse","PanicButton","Sadistic Nature","Transmutation"],"picked":"SKIP","floor":10},{"not_picked":["theDuelist:NaturiaHorneedle","theDuelist:SummoningSwarm","theDuelist:WildNatureRelease","theDuelist:WormBait","theDuelist:NaturiaForest"],"picked":"SKIP","floor":12},{"not_picked":["theDuelist:WildNatureRelease","theDuelist:WormBait","theDuelist:NaturiaSacredTree","theDuelist:ConvulsionNature","theDuelist:SeedSacredTree"],"picked":"SKIP","floor":13},{"not_picked":["theDuelist:NaturiaDragonfly","theDuelist:NaturiaMarron","theDuelist:NaturiaTulip","theDuelist:SummoningSwarm","theDuelist:NaturiaPineapple"],"picked":"SKIP","floor":14},{"not_picked":["theDuelist:WildNatureRelease","theDuelist:NaturiaPineapple","theDuelist:NaturiaDragonfly","theDuelist:Alpacaribou","theDuelist:NaturiaWhiteOak"],"picked":"SKIP","floor":18},{"not_picked":["theDuelist:NaturiaPumpkin+1","theDuelist:Wildfire+1","theDuelist:NaturiaParadizo+1"],"picked":"SKIP","floor":19},{"not_picked":["theDuelist:WildNatureRelease","theDuelist:NaturiaPineapple+1","theDuelist:NaturiaRagweed","theDuelist:NaturiaWhiteOak","theDuelist:SeedSacredTree"],"picked":"SKIP","floor":20},{"not_picked":["theDuelist:NaturiaParadizo","theDuelist:NaturiaPineapple","theDuelist:NaturiaTulip+1","theDuelist:Alpacaribou+1","theDuelist:WormBait+1"],"picked":"SKIP","floor":21},{"not_picked":["theDuelist:NaturiaDragonfly","theDuelist:NaturiaTulip","theDuelist:NaturiaMarron","theDuelist:SummoningSwarm","theDuelist:AcidTrapHole"],"picked":"SKIP","floor":22},{"not_picked":["theDuelist:Alpacaribou+1","theDuelist:NaturiaParadizo+1","theDuelist:NaturiaWhiteOak","theDuelist:NaturiaForest+1","theDuelist:CopyPlant"],"picked":"SKIP","floor":24},{"not_picked":["theDuelist:NaturiaPineapple","theDuelist:Wiretap","theDuelist:NaturiaWhiteOak","theDuelist:CopyPlant","theDuelist:WormBait"],"picked":"SKIP","floor":27},{"not_picked":["theDuelist:NaturiaDragonfly+1","theDuelist:Alpacaribou+1","theDuelist:NaturiaPineapple","theDuelist:CopyPlant","theDuelist:LonefireBlossom"],"picked":"SKIP","floor":28},{"not_picked":["theDuelist:Alpacaribou+1","theDuelist:SeedSacredTree","theDuelist:CopyPlant","theDuelist:NaturiaWhiteOak","theDuelist:NaturiaHorneedle+1"],"picked":"SKIP","floor":35},{"not_picked":["theDuelist:NaturiaDragonfly+1","theDuelist:SummoningSwarm","theDuelist:NaturiaTulip","theDuelist:LonefireBlossom","theDuelist:Wiretap"],"picked":"SKIP","floor":36},{"not_picked":["theDuelist:NaturiaDragonfly+1","theDuelist:NaturiaParadizo+1","theDuelist:NaturiaRagweed","theDuelist:CopyPlant","theDuelist:NaturiaPineapple"],"picked":"SKIP","floor":37},{"not_picked":["theDuelist:Wildfire+1"],"picked":"SKIP","floor":39},{"not_picked":["theDuelist:NaturiaDragonfly+1","theDuelist:SummoningSwarm","theDuelist:NaturiaTulip","theDuelist:NaturiaMarron","theDuelist:SeedSacredTree+1"],"picked":"SKIP","floor":41},{"not_picked":["theDuelist:NaturiaParadizo+1","theDuelist:WildNatureRelease+1","theDuelist:Wiretap+1","theDuelist:WormBait","theDuelist:AcidTrapHole+1"],"picked":"SKIP","floor":44},{"not_picked":["theDuelist:NaturiaDragonfly+1","theDuelist:SummoningSwarm+1","theDuelist:NaturiaTulip+1","theDuelist:NaturiaRagweed+1"],"picked":"SKIP","floor":45},{"not_picked":["theDuelist:Wildfire+1","theDuelist:LonefireBlossom","theDuelist:NaturiaParadizo+1","theDuelist:SummoningSwarm","theDuelist:WildNatureRelease+1"],"picked":"SKIP","floor":47},{"not_picked":["theDuelist:NaturiaDragonfly+1","theDuelist:NaturiaMarron","theDuelist:LonefireBlossom","theDuelist:NaturiaRagweed","theDuelist:NaturiaSacredTree"],"picked":"SKIP","floor":48},{"not_picked":["theDuelist:NaturiaPumpkin+1","theDuelist:Wildfire+4","theDuelist:NaturiaParadizo+1"],"picked":"SKIP","floor":54}],"player_experience":414215,"relics_obtained":[{"floor":8,"key":"Lizard Tail"},{"floor":9,"key":"Mummified Hand"},{"floor":10,"key":"trackpad:HandOfMidas"},{"floor":13,"key":"Tough Bandages"},{"floor":15,"key":"trackpad:SneckoScepter"},{"floor":23,"key":"Molten Egg 2"},{"floor":25,"key":"theDuelist:DuelistUrn"},{"floor":26,"key":"Meat on the Bone"},{"floor":28,"key":"trackpad:WritersBlock"},{"floor":30,"key":"theDuelist:SummonAnchorRare"},{"floor":32,"key":"theDuelist:NaturiaRelic"},{"floor":40,"key":"Happy Flower"},{"floor":41,"key":"White Beast Statue"},{"floor":43,"key":"trackpad:PetRock"},{"floor":49,"key":"TungstenRod"},{"floor":54,"key":"FossilizedHelix"}],"event_choices":[{"damage_healed":34,"gold_gain":0,"player_choice":"Full Heal","damage_taken":0,"max_hp_gain":0,"max_hp_loss":0,"event_name":"Wheel of Change","floor":11,"gold_loss":0},{"damage_healed":0,"gold_gain":0,"player_choice":"Obtained Relic","damage_taken":0,"relics_obtained":["theDuelist:BoosterPackHealer"],"max_hp_gain":0,"max_hp_loss":0,"event_name":"Addict","floor":29,"gold_loss":85},{"damage_healed":0,"gold_gain":0,"player_choice":"Max HP","damage_taken":0,"max_hp_gain":0,"max_hp_loss":4,"event_name":"Winding Halls","floor":42,"gold_loss":0}],"is_beta":false,"boss_relics":[{"not_picked":["theDuelist:MillenniumKey","Philosopher\u0027s Stone"],"picked":"Runic Cube"},{"not_picked":["Astrolabe","Tiny House"],"picked":"Inserter"}],"items_purged_floors":[0,0,0,0,0,0,0,0],"is_endless":false,"potions_floor_spawned":[2,3,4,18,21,22,36,41,44,45,47,48,54],"ascension_level":18}}