{"host":"92wx9z21c4p52du4","time":1612634669,"event":{"mods":["BaseMod","Minty Spire (QoL Compilation)","Reliquary","Robot Space Explorer","StSLib","The Blue Laboratory","The Jungle","The Mystic","TheSurvivalist"],"gold_per_floor":[112,125,145,157,167,59,59,77,158,170,187,198,225,237,237,337,337,348,360,16,35,35,35,65,79,79,79,79,79,79,92,92,189,189,202,219,219,230,35,35,68,68,147,0,13,32,32,67,67,67,67,67,30,57,57,57],"floor_reached":55,"language":"ENG","playtime":4167,"items_purged":["mysticmod:Strike_Mystic","mysticmod:Strike_Mystic","mysticmod:ComponentsPouch"],"score":780,"play_id":"24cfb7d6-3835-4fe1-85f7-f337881f83b9","local_time":"20210206120429","is_ascension_mode":false,"campfire_choices":[{"data":"mysticmod:Flourish","floor":7,"key":"SMITH"},{"data":"mysticmod:MysticalShield","floor":15,"key":"SMITH"},{"data":"mysticmod:Feint","floor":23,"key":"SMITH"},{"data":"mysticmod:CorrosiveTouch","floor":29,"key":"SMITH"},{"data":"mysticmod:Daze","floor":32,"key":"SMITH"},{"floor":40,"key":"REST"},{"floor":42,"key":"RECALL"},{"floor":47,"key":"REST"},{"data":"mysticmod:GreaterInvisibility","floor":49,"key":"SMITH"},{"data":"mysticmod:Flurry","floor":52,"key":"SMITH"}],"circlet_count":0,"master_deck":["mysticmod:Strike_Mystic","mysticmod:Strike_Mystic","mysticmod:ArcaneDodge","mysticmod:ShockingGrasp","mysticmod:MirrorStrike","mysticmod:Flourish+1","mysticmod:DiviningBlow","mysticmod:SuddenClarity","mysticmod:Flurry+1","mysticmod:Daze+1","mysticmod:EnergizedRift","mysticmod:MysticalShield+1","mysticmod:CorrosiveTouch+1","mysticmod:Feint+1","mysticmod:Disengage","mysticmod:ObscuringMist","mysticmod:Sideswipe+1","mysticmod:PureInstinct+1","Enlightenment","mysticmod:Disengage+1","mysticmod:PowerAttack+1","theJungle:Gourd","theJungle:Gourd","theJungle:Gourd","theJungle:Gourd","theJungle:Gourd","mysticmod:GreaterInvisibility+1","CurseOfTheBell","mysticmod:Flourish+1","mysticmod:Snowball+1","mysticmod:Grapple","mysticmod:Grapple+1","mysticmod:Fireball","mysticmod:StyleChange+1"],"relics":["mysticmod:SpellBook","NeowsBlessing","Pantograph","Bronze Scales","Busted Crown","Medical Kit","Du-Vu Doll","Boot","theJungle:WildPear","Calling Bell","Pen Nib","HornCleat","Torii","reliquary:ExpiredCoupon","Red Mask","reliquary:BallBearing","reliquary:Knoch"],"acts_visited":["Exordium","Exordium","TheBeyond","TheEnding"],"potions_floor_usage":[5,8,12,13,21,24,25,33,41,41,41,46,50,50,55],"damage_taken":[{"damage":0,"enemies":"Cultist","floor":1,"turns":1},{"damage":0,"enemies":"2 Louse","floor":2,"turns":1},{"damage":0,"enemies":"Small Slimes","floor":3,"turns":1},{"damage":0,"enemies":"Exordium Wildlife","floor":4,"turns":3},{"damage":18,"enemies":"Exordium Thugs","floor":5,"turns":7},{"damage":8,"enemies":"2 Fungi Beasts","floor":8,"turns":3},{"damage":0,"enemies":"Large Slime","floor":10,"turns":5},{"damage":0,"enemies":"Looter","floor":11,"turns":1},{"damage":2,"enemies":"Lots of Slimes","floor":12,"turns":3},{"damage":15,"enemies":"Lagavulin","floor":13,"turns":9},{"damage":0,"enemies":"Blue Slaver","floor":14,"turns":2},{"damage":32,"enemies":"Hexaghost","floor":16,"turns":11},{"damage":4,"enemies":"theJungle:GiantWrat","floor":18,"turns":6},{"damage":17,"enemies":"theJungle:5_Spyders","floor":19,"turns":6},{"damage":5,"enemies":"theJungle:JungleHuntersEncounter","floor":21,"turns":5},{"damage":0,"enemies":"theJungle:Cassacara","floor":24,"turns":1},{"damage":23,"enemies":"theJungle:SlimyTreeVines","floor":25,"turns":10},{"damage":11,"enemies":"theJungle:2_Snecko_Cultists","floor":31,"turns":5},{"damage":2,"enemies":"theJungle:TotemBoss","floor":33,"turns":6},{"damage":47,"enemies":"3 Darklings","floor":35,"turns":11},{"damage":8,"enemies":"Orb Walker","floor":36,"turns":4},{"damage":11,"enemies":"Writhing Mass","floor":38,"turns":8},{"damage":40,"enemies":"Reptomancer","floor":41,"turns":6},{"damage":14,"enemies":"3 Darklings","floor":45,"turns":7},{"damage":2,"enemies":"Maw","floor":46,"turns":10},{"damage":19,"enemies":"Giant Head","floor":48,"turns":10},{"damage":54,"enemies":"Time Eater","floor":50,"turns":17},{"damage":70,"enemies":"Shield and Spear","floor":54,"turns":8},{"damage":59,"enemies":"The Heart","floor":55,"turns":6}],"seed_played":"577771595057182428","potions_obtained":[{"floor":1,"key":"DistilledChaos"},{"floor":2,"key":"LiquidBronze"},{"floor":4,"key":"SteroidPotion"},{"floor":8,"key":"Fruit Juice"},{"floor":10,"key":"Weak Potion"},{"floor":19,"key":"blueLaboratory:RememoryPotion"},{"floor":24,"key":"blueLaboratory:PyrophylliteBrew"},{"floor":33,"key":"blueLaboratory:HeartbeatPotion"},{"floor":38,"key":"Regen Potion"},{"floor":41,"key":"BlessingOfTheForge"},{"floor":45,"key":"blueLaboratory:FruitPunch"},{"floor":46,"key":"blueLaboratory:NullPotion"},{"floor":48,"key":"blueLaboratory:RecallPotion"}],"is_trial":false,"path_per_floor":["M","M","M","M","M","$","R","M","T","M","M","M","E","M","R","B",null,"M","M","$","M","?","R","E","M","T","?","$","R","?","M","R","B",null,"M","M","?","M","$","R","E","R","T","?","M","M","R","E","R","B",null,"R","$","E","B"],"character_chosen":"MYSTIC_CLASS","items_purchased":["mysticmod:Flurry","Enlightenment","Medical Kit","mysticmod:Grapple","mysticmod:Fireball"],"campfire_rested":2,"item_purchase_floors":[6,20,20,39,53],"current_hp_per_floor":[77,77,77,77,59,59,59,56,56,56,56,54,39,39,39,32,82,78,61,61,56,56,56,68,51,51,51,51,51,61,50,50,92,92,45,37,37,26,26,53,39,39,39,39,25,25,53,34,34,5,94,94,94,24,0,0],"gold":57,"neow_bonus":"THREE_ENEMY_KILL","is_daily":false,"chose_seed":false,"campfire_upgraded":7,"win_rate":0.0,"timestamp":1612634669,"path_taken":["M","M","?","?","M","?","R","M","T","M","M","M","E","M","R","BOSS","M","M","$","M","?","R","E","M","T","?","$","R","?","M","R","BOSS","M","M","?","M","?","R","E","R","T","?","M","M","R","E","R","BOSS","R","$","E","BOSS"],"items_purchased_type":["Card","Card","Relic","Card","Card"],"build_version":"2020-12-22","purchased_purges":3,"victory":false,"max_hp_per_floor":[77,77,77,77,77,77,77,82,82,82,82,82,82,82,82,82,82,82,82,82,82,82,82,82,82,82,82,82,82,92,92,92,92,92,92,92,92,92,92,92,92,92,92,92,92,94,94,94,94,94,94,94,94,94,94,94],"card_choices":[{"not_picked":["mysticmod:Sideswipe","mysticmod:DiviningBlow"],"picked":"mysticmod:MirrorStrike","floor":1},{"not_picked":["mysticmod:TomeOfSpells","mysticmod:Disengage"],"picked":"mysticmod:ComponentsPouch","floor":2},{"not_picked":["mysticmod:Disengage","mysticmod:FiveFootStep"],"picked":"mysticmod:Flourish","floor":3},{"not_picked":["mysticmod:IllusionOfCalm","mysticmod:Probe"],"picked":"mysticmod:DiviningBlow","floor":4},{"not_picked":["mysticmod:DiviningBlow","mysticmod:PowerSlash"],"picked":"mysticmod:SuddenClarity","floor":5},{"not_picked":["mysticmod:AllIn","mysticmod:Shield"],"picked":"mysticmod:Daze","floor":8},{"not_picked":["mysticmod:Riposte","mysticmod:IllusionOfCalm"],"picked":"mysticmod:EnergizedRift","floor":10},{"not_picked":["mysticmod:PureInstinct","mysticmod:TomeOfSpells"],"picked":"mysticmod:MysticalShield","floor":11},{"not_picked":["mysticmod:Riposte","mysticmod:Sideswipe"],"picked":"mysticmod:CorrosiveTouch","floor":12},{"not_picked":["mysticmod:ComponentsPouch","mysticmod:MirrorStrike"],"picked":"mysticmod:Feint","floor":13},{"not_picked":["mysticmod:CorrosiveTouch","mysticmod:Snowball"],"picked":"mysticmod:Disengage","floor":14},{"not_picked":["mysticmod:KnowledgePool","mysticmod:Haste"],"picked":"mysticmod:ObscuringMist","floor":16},{"not_picked":[],"picked":"mysticmod:Sideswipe+1","floor":18},{"not_picked":[],"picked":"mysticmod:PureInstinct+1","floor":19},{"not_picked":["mysticmod:Shield"],"picked":"SKIP","floor":21},{"not_picked":[],"picked":"mysticmod:Disengage+1","floor":24},{"not_picked":[],"picked":"mysticmod:PowerAttack+1","floor":25},{"not_picked":["mysticmod:Probe"],"picked":"SKIP","floor":31},{"not_picked":[],"picked":"mysticmod:GreaterInvisibility","floor":33},{"not_picked":["mysticmod:HeavyStrike+1"],"picked":"SKIP","floor":35},{"not_picked":["mysticmod:Riposte+1"],"picked":"SKIP","floor":36},{"not_picked":[],"picked":"mysticmod:Snowball+1","floor":38},{"not_picked":["mysticmod:Daze"],"picked":"SKIP","floor":41},{"not_picked":[],"picked":"mysticmod:Grapple+1","floor":45},{"not_picked":["mysticmod:PowerSlash"],"picked":"SKIP","floor":46},{"not_picked":["mysticmod:Sideswipe+1"],"picked":"SKIP","floor":48},{"not_picked":[],"picked":"mysticmod:StyleChange+1","floor":54}],"player_experience":178188,"relics_obtained":[{"floor":9,"key":"Pantograph"},{"floor":13,"key":"Bronze Scales"},{"floor":24,"key":"Du-Vu Doll"},{"floor":26,"key":"Boot"},{"floor":34,"key":"Pen Nib"},{"floor":34,"key":"HornCleat"},{"floor":34,"key":"Torii"},{"floor":41,"key":"reliquary:ExpiredCoupon"},{"floor":48,"key":"reliquary:BallBearing"},{"floor":54,"key":"reliquary:Knoch"}],"event_choices":[{"damage_healed":0,"gold_gain":0,"player_choice":"Copied","damage_taken":0,"max_hp_gain":0,"max_hp_loss":0,"event_name":"Duplicator","floor":37,"gold_loss":0,"cards_obtained":["mysticmod:Flourish"]},{"damage_healed":0,"gold_gain":0,"player_choice":"Paid","damage_taken":0,"relics_obtained":["Red Mask"],"max_hp_gain":0,"max_hp_loss":0,"event_name":"Tomb of Lord Red Mask","floor":44,"gold_loss":147}],"is_beta":false,"boss_relics":[{"not_picked":["Runic Dome","mysticmod:DeckOfManyThings"],"picked":"Busted Crown"},{"not_picked":["Coffee Dripper","Pandora\u0027s Box"],"picked":"Calling Bell"}],"items_purged_floors":[6,20,39],"is_endless":false,"potions_floor_spawned":[1,2,4,8,10,19,24,33,38,41,45,46,48],"killed_by":"The Heart","ascension_level":0}}