{"host":"q5l3nirlejh5mn15","time":1612586998,"event":{"mods":["100% Spire Juice","BaseMod","Downfall","Energized Spire","Hermit","Koishi","Marisa£®ÏF”Í°°ƒß¿Ì…≥£©","Minty Spire (QoL Compilation)","MostiFishMod","Reimu£®≤©¿ˆ¡È√Œ£©","Relic Filter Mod","Reliquary","Remilia£®¿Ÿ√◊¿Ú—«£©","RumiaBox-¬∂√◊Ê´µƒ…Ò√ÿ∫–◊”","Spicy Shops","StSLib","The Hierophant","The Servant 0.9.4","Warlord Emblem","[IsaacMod]“‘»ˆº‚À˛","°æπ¶ƒ‹Mod°øªÏ„Á÷Æª∑–ﬁ∏¥≤π∂°"],"gold_per_floor":[99,113,113,130,115,115,139,172,72,88,144,44,76,76,93,214,94,94,111,165,185,285,112,139,139,162,187,215,215,222,222],"floor_reached":30,"language":"ZHS","playtime":1220,"items_purged":["downfall:Haunted","downfall:Haunted"],"score":383,"play_id":"6c6e965b-36c7-4b69-b346-ee07976df876","local_time":"20210206124958","is_ascension_mode":false,"campfire_choices":[{"data":"Moonworks:AnotherUltimateWeapon","floor":1.0,"key":"SMITH"},{"floor":9.0,"key":"REST"},{"floor":12.0,"key":"REST"},{"data":"Moonworks:Encore","floor":18.0,"key":"SMITH"},{"floor":29,"key":"REST"}],"circlet_count":0,"master_deck":["Moonworks:Strike","Moonworks:Strike","Moonworks:Strike","Moonworks:Defend","Moonworks:Defend","Moonworks:Defend","Moonworks:Defend","Moonworks:Ambush","Moonworks:LongDistanceShot","Moonworks:AnotherUltimateWeapon+1","Moonworks:JonathanRush","Moonworks:JonathanRush","Moonworks:NicePresent","Moonworks:JonathanRush","Moonworks:MetallicMonocoque","Moonworks:JonathanRush","Moonworks:Encore+1","Moonworks:ForcedRevival","Injury","Moonworks:Gamble","Clumsy","Writhe","Moonworks:JonathanRush","Moonworks:UnpaidWork","Moonworks:Wanted","Moonworks:NicePresent"],"relics":["Moonworks:BrokenBomb","Moonworks:Homemark","HushsDoor","SteamSale","SalivaCoin","downfall:HeartBlessingBlue","downfall:HeartBlessingGreen","GuppysPaw","EasyGame_NEW","Darkstone Periapt","Chaos","reliquary:Firecrackers","downfall:RedIOU","Toolbox"],"acts_visited":["Exordium","TheCity"],"potions_floor_usage":[],"damage_taken":[{"damage":5.0,"enemies":"Small Slimes","floor":2.0,"turns":4.0},{"damage":1.0,"enemies":"Cultist","floor":4.0,"turns":3.0},{"damage":0.0,"enemies":"downfall:FleeingMerchant","floor":5.0,"turns":4.0},{"damage":16.0,"enemies":"3 Sentries","floor":8.0,"turns":8.0},{"damage":0.0,"enemies":"Blue Slaver","floor":10.0,"turns":2.0},{"damage":12.0,"enemies":"Lagavulin","floor":13.0,"turns":4.0},{"damage":0.0,"enemies":"3 Louse","floor":15.0,"turns":3.0},{"damage":9.0,"enemies":"SI_SHIV_ARCHETYPE","floor":16.0,"turns":6.0},{"damage":0.0,"enemies":"Chosen","floor":19.0,"turns":4.0},{"damage":39.0,"enemies":"Shelled Parasite and Fungi","floor":20.0,"turns":6.0},{"damage":0.0,"enemies":"Cultist and Chosen","floor":21.0,"turns":4.0},{"damage":0,"enemies":"downfall:FleeingMerchant","floor":23,"turns":3},{"damage":0,"enemies":"Centurion and Healer","floor":26,"turns":5},{"damage":0,"enemies":"Gremlin Leader","floor":27,"turns":2},{"damage":31,"enemies":"Shelled Parasite and Fungi","floor":28,"turns":4},{"damage":999,"enemies":"Snake Plant","floor":30,"turns":1}],"seed_played":"-2048556476734039665","potions_obtained":[{"floor":2.0,"key":"FearPotion"},{"floor":8.0,"key":"Dexterity Potion"},{"floor":10.0,"key":"BlessingOfTheForge"}],"is_trial":false,"path_per_floor":["R","M","?","M","$","?","T","E","R","M","?","R","E","?","M","B",null,"R","M","M","M","?","$","T","?","M","E","M","R","M"],"character_chosen":"THE_STARBREAKER","items_purchased":["Moonworks:JonathanRush","Chaos","reliquary:Firecrackers"],"campfire_rested":3,"item_purchase_floors":[23,23,23],"current_hp_per_floor":[60,55,40,39,39,39,39,23,54,54,39,60,48,53,53,44,75,75,75,36,36,71,71,71,71,76,76,45,78,0,0],"gold":222,"neow_bonus":"ONE_RANDOM_RARE_CARD","is_daily":false,"chose_seed":false,"campfire_upgraded":2,"win_rate":0.0,"timestamp":1612586998,"path_taken":["R","M","?","M","?","?","T","E","R","M","?","R","E","?","M","BOSS","R","M","M","?","?","$","T","?","M","E","M","R","M"],"items_purchased_type":["Card","Card","Relic"],"build_version":"2020-12-22","purchased_purges":2,"victory":false,"max_hp_per_floor":[60,60,60,60,60,60,60,60,70,70,70,70,70,75,75,75,75,75,75,75,75,110,110,110,110,110,110,110,110,110,110],"card_choices":[{"not_picked":["Moonworks:LuckyCharm","Moonworks:x16BigRocket"],"picked":"Moonworks:JonathanRush","floor":2.0},{"not_picked":["Moonworks:FullSpeedAlicianrone","Moonworks:IndiscriminateFireSupport","Moonworks:Assault"],"picked":"SKIP","floor":4.0},{"not_picked":["Moonworks:Gamble","Moonworks:ReproductionOfRecords"],"picked":"Moonworks:JonathanRush","floor":5.0},{"not_picked":["Moonworks:UnluckyCharm","Moonworks:EvilSpyWorkPreparation"],"picked":"Moonworks:NicePresent","floor":8.0},{"not_picked":["Moonworks:CastOff","Moonworks:Bloodlust"],"picked":"Moonworks:JonathanRush","floor":10.0},{"not_picked":["Moonworks:TacticalRetreat","Moonworks:x16BigRocket"],"picked":"Moonworks:MetallicMonocoque","floor":13.0},{"not_picked":["Moonworks:Assault","Moonworks:AngelHand"],"picked":"Moonworks:JonathanRush","floor":15.0},{"not_picked":["Moonworks:EvilMastermind","Moonworks:ReflectiveShell"],"picked":"Moonworks:Encore","floor":16.0},{"not_picked":["Moonworks:ImOnFire","Moonworks:Flamethrower","Moonworks:SakisCookie+1"],"picked":"SKIP","floor":19.0},{"not_picked":["Moonworks:AwakeningOfTalent+1","Moonworks:MiracleRedBeanIceCream","Moonworks:MiracleWalker"],"picked":"SKIP","floor":20.0},{"not_picked":["Moonworks:SakisCookie","Moonworks:FinalSurgery"],"picked":"Moonworks:ForcedRevival","floor":21.0},{"not_picked":["Moonworks:BigBangBell","Moonworks:DevilHand","Moonworks:EvilSpyWorkPreparation"],"picked":"SKIP","floor":23},{"not_picked":["Moonworks:SelfDestruct+1","Moonworks:DeployBits"],"picked":"Moonworks:UnpaidWork","floor":26},{"not_picked":["Moonworks:MixPhenomenon","Moonworks:RedAndBlue"],"picked":"Moonworks:Wanted","floor":27},{"not_picked":["Moonworks:SakisCookie","Moonworks:DeployBits"],"picked":"Moonworks:NicePresent","floor":28}],"player_experience":240358,"relics_obtained":[{"floor":8.0,"key":"SalivaCoin"},{"floor":13.0,"key":"GuppysPaw"},{"floor":24,"key":"PreservedInsect"},{"floor":27,"key":"Toolbox"}],"event_choices":[{"cards_removed":["Moonworks:Strike"],"damage_healed":0.0,"max_hp_gain":0.0,"max_hp_loss":0.0,"gold_gain":0.0,"event_name":"Living Wall","player_choice":"Forget","floor":6.0,"gold_loss":0.0,"damage_taken":0.0},{"damage_healed":0.0,"max_hp_gain":5.0,"max_hp_loss":0.0,"gold_gain":0.0,"event_name":"Big Fish","player_choice":"Donut","floor":14.0,"gold_loss":0.0,"damage_taken":0.0}],"is_beta":false,"boss_relics":[{"not_picked":["Coffee Dripper","Velvet Choker"],"picked":"EasyGame_NEW"},{"not_picked":[]}],"items_purged_floors":[23,23],"is_endless":false,"potions_floor_spawned":[2,8,10,19,20],"killed_by":"Snake Plant","ascension_level":0}}