{"host":"y2byudkmh851b61a","time":1612599957,"event":{"mods":["AchievementEnabler","BaseMod","Colored Powertips","Hermit","Hero for Fun","Hubris","Infinite Spire","Minty Spire (QoL Compilation)","Permanent Neow","Quick Restart","StSLib","UnlockEverythingMod"],"gold_per_floor":[117,132,146,146,164,193,193,168,168,168,168],"floor_reached":10,"language":"ENG","playtime":517,"items_purged":[],"score":68,"play_id":"f19184f6-5125-43dd-8019-e21afd570bfc","local_time":"20210206022557","is_ascension_mode":false,"campfire_choices":[],"circlet_count":0,"master_deck":["hermit:Strike_Hermit","hermit:Strike_Hermit","hermit:Strike_Hermit","hermit:Strike_Hermit","hermit:Defend_Hermit","hermit:Defend_Hermit","hermit:Defend_Hermit","hermit:Defend_Hermit","hermit:Snapshot","hermit:Covet","hermit:WideOpen","hermit:Maintenance","hermit:TrackingShot","hermit:TakeCover","hermit:Quickdraw"],"relics":["hermit:Momento","Ancient Tea Set","Ornamental Fan","Bottled Flame"],"acts_visited":["Exordium"],"potions_floor_usage":[6],"damage_taken":[{"damage":7,"enemies":"2 Louse","floor":1,"turns":3},{"damage":1,"enemies":"Cultist","floor":2,"turns":3},{"damage":3,"enemies":"Small Slimes","floor":3,"turns":3},{"damage":13,"enemies":"Exordium Wildlife","floor":5,"turns":5},{"damage":50,"enemies":"Lagavulin","floor":6,"turns":6},{"damage":0,"enemies":"3 Sentries","floor":10,"turns":1}],"seed_played":"4724352752319750740","potions_obtained":[{"floor":2,"key":"LiquidMemories"},{"floor":5,"key":"SneckoOil"}],"is_trial":false,"path_per_floor":["M","M","M","?","M","E","?","$","T","E"],"character_chosen":"HERMIT","items_purchased":["hermit:Quickdraw"],"campfire_rested":0,"item_purchase_floors":[8],"current_hp_per_floor":[68,67,64,64,51,1,1,1,1,1,1],"gold":168,"neow_bonus":"RANDOM_COMMON_RELIC","is_daily":false,"chose_seed":false,"campfire_upgraded":0,"win_rate":0.0,"timestamp":1612599957,"path_taken":["M","M","M","?","?","E","?","?","T","E"],"items_purchased_type":["Card"],"build_version":"2020-12-22","purchased_purges":0,"victory":false,"max_hp_per_floor":[75,75,75,75,75,75,75,75,75,75,75],"card_choices":[{"not_picked":["hermit:CalledShot","hermit:Ricochet"],"picked":"hermit:WideOpen","floor":1},{"not_picked":["hermit:Dive","hermit:LuckOfTheDraw"],"picked":"hermit:Maintenance","floor":2},{"not_picked":["hermit:HoleUp","hermit:Cheat"],"picked":"hermit:PistolWhip","floor":3},{"not_picked":["hermit:HoleUp","hermit:Headshot"],"picked":"hermit:Grudge","floor":5},{"not_picked":["hermit:DeadOrAlive","hermit:Misfire"],"picked":"hermit:TakeCover","floor":6}],"player_experience":24568,"relics_obtained":[{"floor":6,"key":"Ornamental Fan"},{"floor":9,"key":"Bottled Flame"}],"event_choices":[{"damage_healed":0,"gold_gain":0,"cards_transformed":["hermit:PistolWhip"],"player_choice":"Transformed","damage_taken":0,"max_hp_gain":0,"max_hp_loss":0,"event_name":"Transmorgrifier","floor":4,"gold_loss":0,"cards_obtained":["hermit:TrackingShot"]},{"cards_removed":["hermit:Grudge"],"damage_healed":0,"gold_gain":0,"player_choice":"Purged","damage_taken":0,"max_hp_gain":0,"max_hp_loss":0,"event_name":"Purifier","floor":7,"gold_loss":0}],"is_beta":false,"boss_relics":[],"items_purged_floors":[],"is_endless":false,"potions_floor_spawned":[2,5],"killed_by":"3 Sentries","ascension_level":0}}