{"host":"rwmcmr2m88k7tuzm","time":1612649861,"event":{"mods":["Aspiration","BaseMod","BetterRewards","Conspire","Downfall","Hubris","Infinite Spire","Minty Spire (QoL Compilation)","Quick Restart","Replay The Spire","Shop Mod","StSLib","SuperFastMode","The Hayseed"],"gold_per_floor":[119,141,216,243,273,273,348,348,348,385,385,413,413,445,445,555,555,586,586,586,586,617,617,646,658,658],"floor_reached":25,"language":"ENG","playtime":575,"items_purged":["hubris:Compulsion"],"score":293,"play_id":"d576abe2-8647-4464-a80b-34acb2af21a7","local_time":"20210206221741","is_ascension_mode":false,"campfire_choices":[{"floor":6.0,"key":"REST"},{"floor":8.0,"key":"REST"},{"floor":11,"key":"REST"},{"floor":13,"key":"REST"},{"floor":15,"key":"REST"},{"floor":23,"key":"REST"}],"circlet_count":0,"master_deck":["Strike_R","Strike_R","Strike_R","Strike_R","Strike_R","Defend_R","Defend_R","Defend_R","Defend_R","Bash","Uppercut","Cleave","Offering","Flex+1"],"relics":["Burning Blood","Boot","Replay:Bandana","ReplayTheSpireMod:CursedCoin","CaptainsWheel","conspire:TreasureMap","hubris:GlazedTorus","Shuriken","ReplayTheSpireMod:Lightbulb","Odd Mushroom"],"acts_visited":["Exordium","TheCity"],"potions_floor_usage":[],"damage_taken":[{"damage":2.0,"enemies":"2 Louse","floor":1.0,"turns":2.0},{"damage":12.0,"enemies":"infinitespire:Voidling","floor":2.0,"turns":4.0},{"damage":10.0,"enemies":"Small Slimes","floor":4.0,"turns":3.0},{"damage":20.0,"enemies":"Looter","floor":5.0,"turns":3.0},{"damage":22.0,"enemies":"The Mushroom Lair","floor":10.0,"turns":5.0},{"damage":14,"enemies":"Exordium Thugs","floor":12,"turns":4},{"damage":16,"enemies":"Lots of Slimes","floor":14,"turns":3},{"damage":27,"enemies":"Slime Boss","floor":16,"turns":9},{"damage":32,"enemies":"Shell Parasite","floor":18,"turns":4},{"damage":33,"enemies":"2 Thieves","floor":22,"turns":3},{"damage":36,"enemies":"Shelled Parasite and Fungi","floor":24,"turns":6},{"damage":17,"enemies":"Cultist and Chosen","floor":25,"turns":3}],"seed_played":"9262367091964991","potions_obtained":[{"floor":1.0,"key":"BlessingOfTheForge"},{"floor":12,"key":"Fire Potion"}],"is_trial":false,"path_per_floor":["M","M","?","M","M","R","?","R","T","?","R","M","R","M","R","B",null,"M","?","$","?","M","R","M","M"],"character_chosen":"IRONCLAD","items_purchased":["Boot","Replay:Bandana","ReplayTheSpireMod:CursedCoin","SteroidPotion","Strength Potion","CaptainsWheel","conspire:TreasureMap","hubris:GlazedTorus","Shuriken"],"campfire_rested":6,"item_purchase_floors":[0,0,0,0,0,0,0,0,0],"current_hp_per_floor":[36,34,26,22,8,32,21,45,45,29,53,45,69,59,80,59,80,54,48,48,48,21,45,15,0,0],"gold":658,"neow_bonus":"","is_daily":false,"chose_seed":false,"campfire_upgraded":0,"win_rate":0.0,"timestamp":1612649861,"path_taken":["M","M","?","?","M","R","?","R","T","?","R","M","R","M","R","BOSS","M","?","?","?","M","R","M","M"],"items_purchased_type":["Relic","Relic","Relic","Potion","Potion","Relic","Relic","Relic","Relic"],"build_version":"2020-12-22","purchased_purges":1,"victory":false,"max_hp_per_floor":[80,80,80,80,80,80,80,80,80,80,80,80,80,80,80,80,80,80,80,80,80,80,80,80,80,80],"card_choices":[{"not_picked":["Heavy Blade","Burning Pact","Bloodletting"],"picked":"SKIP","floor":1.0},{"not_picked":["Pommel Strike","Armaments","Clothesline"],"picked":"SKIP","floor":2.0},{"not_picked":["True Grit","Warcry","Clash"],"picked":"SKIP","floor":4.0},{"not_picked":["Second Wind","hubris:ReadiedAction","Warcry"],"picked":"SKIP","floor":5.0},{"not_picked":["Havoc","Anger"],"picked":"Uppercut","floor":10},{"not_picked":["Ghostly Armor","Eclipse"],"picked":"Cleave","floor":12},{"not_picked":["Shrug It Off","True Grit","Wild Strike"],"picked":"SKIP","floor":14},{"not_picked":["conspire:Purge","Double Tap"],"picked":"Offering","floor":16},{"not_picked":["Carnage","Havoc","Life Link"],"picked":"SKIP","floor":18},{"not_picked":["Run Through","Dual Wield+1","Perfected Strike"],"picked":"SKIP","floor":22},{"not_picked":["ReplayTheSpireMod:Stacked+1","True Grit+1"],"picked":"Flex+1","floor":24}],"player_experience":209094,"relics_obtained":[{"floor":9.0,"key":"ReplayTheSpireMod:Lightbulb"},{"floor":10,"key":"Odd Mushroom"}],"event_choices":[{"damage_healed":0.0,"max_hp_gain":0.0,"max_hp_loss":0.0,"gold_gain":75.0,"event_name":"FaceTrader","player_choice":"Touch","floor":3.0,"gold_loss":0.0,"damage_taken":8.0},{"damage_healed":0.0,"max_hp_gain":0.0,"max_hp_loss":0.0,"gold_gain":75.0,"event_name":"World of Goop","player_choice":"Gather Gold","floor":7.0,"gold_loss":0.0,"damage_taken":11.0},{"damage_healed":0.0,"max_hp_gain":0.0,"max_hp_loss":0.0,"gold_gain":0.0,"event_name":"Mushrooms","player_choice":"Fought Mushrooms","floor":10.0,"gold_loss":0.0,"damage_taken":0.0},{"damage_healed":0,"gold_gain":0,"player_choice":"","damage_taken":6,"max_hp_gain":0,"max_hp_loss":0,"event_name":"Knowing Skull","floor":19,"potions_obtained":[],"gold_loss":0,"cards_obtained":[]},{"damage_healed":0,"gold_gain":0,"player_choice":"Bought 0 Potions","damage_taken":0,"max_hp_gain":0,"max_hp_loss":0,"event_name":"The Woman in Blue","floor":21,"gold_loss":0}],"is_beta":false,"boss_relics":[{"not_picked":["Painkiller Herb","Ring of Chaos","Coffee Dripper"]}],"items_purged_floors":[0],"is_endless":false,"potions_floor_spawned":[1,5,12,16,22],"killed_by":"Cultist and Chosen","ascension_level":0}}