{"host":"s5d39dhq0ddhxhke","time":1612653854,"event":{"mods":["AchievementEnabler","BaseMod","Colored Map","Minty Spire (QoL Compilation)","Smile Girya","SuperFastMode"],"gold_per_floor":[109,125,142,67,67,96,96,127,150,62,112,123,137,12,12,12,12],"floor_reached":16,"language":"ENG","playtime":666,"items_purged":["Strike_G","Strike_G","Strike_G"],"score":160,"play_id":"5648a2b7-7aee-4829-ba44-9572dda8781f","local_time":"20210207012414","is_ascension_mode":true,"campfire_choices":[{"data":"Neutralize","floor":7,"key":"SMITH"},{"floor":15,"key":"REST"}],"circlet_count":0,"master_deck":["Strike_G","Strike_G","Defend_G","Defend_G","Defend_G","Defend_G","Defend_G","Survivor","Neutralize+1","Quick Slash","Heel Hook","All Out Attack","Footwork","Crippling Poison"],"relics":["Busted Crown","SsserpentHead","Tiny Chest","Regal Pillow","Nunchaku"],"acts_visited":["Exordium"],"potions_floor_usage":[8,16],"damage_taken":[{"damage":0,"enemies":"2 Louse","floor":1,"turns":3},{"damage":0,"enemies":"Cultist","floor":2,"turns":3},{"damage":0,"enemies":"Small Slimes","floor":3,"turns":3},{"damage":24,"enemies":"3 Sentries","floor":6,"turns":13},{"damage":33,"enemies":"Lagavulin","floor":8,"turns":8},{"damage":0,"enemies":"Red Slaver","floor":12,"turns":4},{"damage":0,"enemies":"Looter","floor":13,"turns":3},{"damage":45,"enemies":"Slime Boss","floor":16,"turns":13}],"seed_played":"6633788965737391891","potions_obtained":[{"floor":2,"key":"SneckoOil"},{"floor":3,"key":"Energy Potion"},{"floor":6,"key":"LiquidBronze"}],"is_trial":false,"path_per_floor":["M","M","M","$","?","E","R","E","T","$","?","M","M","$","R","B"],"character_chosen":"THE_SILENT","items_purchased":["Footwork"],"campfire_rested":1,"item_purchase_floors":[10],"current_hp_per_floor":[63,63,63,63,63,39,39,6,6,6,6,6,6,6,42,0,0],"gold":12,"neow_bonus":"BOSS_RELIC","is_daily":false,"chose_seed":false,"campfire_upgraded":1,"win_rate":0.0,"timestamp":1612653854,"path_taken":["M","M","M","$","?","E","R","E","T","?","?","M","M","$","R","BOSS"],"items_purchased_type":["Card"],"build_version":"2020-12-22","purchased_purges":3,"victory":false,"max_hp_per_floor":[70,70,70,70,70,70,70,70,70,70,70,70,70,70,70,70,70],"card_choices":[{"not_picked":["Quick Slash"],"picked":"SKIP","floor":1},{"not_picked":[],"picked":"Quick Slash","floor":1},{"not_picked":[],"picked":"Heel Hook","floor":2},{"not_picked":["Calculated Gamble"],"picked":"SKIP","floor":3},{"not_picked":[],"picked":"All Out Attack","floor":6},{"not_picked":["Catalyst"],"picked":"SKIP","floor":8},{"not_picked":[],"picked":"Crippling Poison","floor":12},{"not_picked":["Sucker Punch"],"picked":"SKIP","floor":13}],"player_experience":489676,"relics_obtained":[{"floor":6,"key":"Tiny Chest"},{"floor":8,"key":"Regal Pillow"},{"floor":9,"key":"Nunchaku"}],"event_choices":[{"damage_healed":0,"gold_gain":0,"player_choice":"Trade","damage_taken":0,"relics_obtained":["SsserpentHead"],"max_hp_gain":0,"max_hp_loss":0,"event_name":"FaceTrader","floor":5,"gold_loss":0},{"damage_healed":0,"gold_gain":0,"player_choice":"Ignored","damage_taken":0,"max_hp_gain":0,"max_hp_loss":0,"event_name":"Liars Game","floor":11,"gold_loss":0}],"is_beta":false,"boss_relics":[],"items_purged_floors":[4,10,14],"is_endless":false,"potions_floor_spawned":[2,3,6],"killed_by":"Slime Boss","ascension_level":9}}