{"host":"hf8wn58z41rkrmnq","time":1612592128,"event":{"mods":["BaseMod","Better Third Choice","BetterRewards","Colored Map","Colored Powertips","Infinite Spire","Minty Spire (QoL Compilation)","Quick Restart","Relic Sorter","Relic Stats","Replay The Spire","Spicy Shops","StSLib"],"gold_per_floor":[112,112,112,130,141,167,167,92,118,149,167,180,193,209,209,308,308,321,170,170,95,95,124,124,124,124,124,144,144,170,190,190,285,285,299,316,59,72,88,88,114,114,141,153,153,171,227,241,241,241,241],"floor_reached":50,"language":"ENG","playtime":3789,"items_purged":["Strike_R","Defend_R","Corruption"],"score":629,"play_id":"a5d55dcb-dddf-475b-b318-d165dba8ba3e","local_time":"20210206011528","is_ascension_mode":true,"campfire_choices":[{"data":"Spot Weakness","floor":7.0,"key":"SMITH"},{"data":"Pot Of Greed","floor":15.0,"key":"SMITH"},{"data":"Metallicize","floor":25.0,"key":"SMITH"},{"data":"Metallicize","floor":27.0,"key":"SMITH"},{"data":"Limit Break","floor":32.0,"key":"SMITH"},{"floor":40.0,"key":"REST"},{"floor":42.0,"key":"REST"},{"floor":49.0,"key":"REST"}],"circlet_count":0,"master_deck":["Defend_R","Bash","Cleave","Cleave","Spot Weakness+1","Pot Of Greed","Pot Of Greed+1","ReplayTheSpireMod:Stacked+1","Clash+1","Metallicize+1","Metallicize+1","ReplayTheSpireMod:Corrosion Curse","infinitespire:UltimateForm","Limit Break+1","ReplayTheSpireMod:Splinters"],"relics":["Burning Blood","Ring of Peace","ReplayTheSpireMod:Ring of Collecting","Bronze Scales","Ring of Searing","Grinning Jar","ReplayFunnel","Astrolabe","Prayer Wheel","Gremlin Horn","Strawberry","Replay:Ringing Soul","Anchor","Black Star","Kunai","MealTicket","Replay:Bottled Steam","Replay:Wax Seal","Lantern"],"acts_visited":["Exordium","TheCity","TheBeyond"],"potions_floor_usage":[50],"damage_taken":[{"damage":11.0,"enemies":"Jaw Worm","floor":1.0,"turns":4.0},{"damage":0.0,"enemies":"2 Louse","floor":4.0,"turns":3.0},{"damage":2.0,"enemies":"Cultist","floor":5.0,"turns":4.0},{"damage":37.0,"enemies":"Lagavulin","floor":6.0,"turns":7.0},{"damage":8.0,"enemies":"3 Sentries","floor":10.0,"turns":3.0},{"damage":0.0,"enemies":"2 Fungi Beasts","floor":11.0,"turns":2.0},{"damage":12.0,"enemies":"Large Slime","floor":12.0,"turns":4.0},{"damage":0.0,"enemies":"Blue Slaver","floor":13.0,"turns":3.0},{"damage":0.0,"enemies":"Gremlin Gang","floor":14.0,"turns":2.0},{"damage":27.0,"enemies":"Hexaghost","floor":16.0,"turns":7.0},{"damage":21.0,"enemies":"2 Thieves","floor":18.0,"turns":3.0},{"damage":37.0,"enemies":"Book of Stabbing","floor":23.0,"turns":6.0},{"damage":0.0,"enemies":"Shell Parasite","floor":28.0,"turns":5.0},{"damage":0.0,"enemies":"Gremlin Leader","floor":30.0,"turns":5.0},{"damage":6.0,"enemies":"Chosen and Byrds","floor":31.0,"turns":4.0},{"damage":14.0,"enemies":"Automaton","floor":33.0,"turns":6.0},{"damage":47.0,"enemies":"3 Shapes","floor":35.0,"turns":4.0},{"damage":0.0,"enemies":"Orb Walker","floor":36.0,"turns":4.0},{"damage":30.0,"enemies":"Sphere and 2 Shapes","floor":38.0,"turns":5.0},{"damage":28.0,"enemies":"Spire Growth","floor":39.0,"turns":6.0},{"damage":43.0,"enemies":"Nightmare","floor":41.0,"turns":8.0},{"damage":8.0,"enemies":"3 Darklings","floor":44.0,"turns":4.0},{"damage":26.0,"enemies":"Sphere and 2 Shapes","floor":46.0,"turns":5.0},{"damage":0.0,"enemies":"Jaw Worm Horde","floor":48.0,"turns":4.0},{"damage":70,"enemies":"Replay:Hell Engine","floor":50,"turns":7}],"seed_played":"4500573011814817289","potions_obtained":[{"floor":1.0,"key":"Explosive Potion"},{"floor":4.0,"key":"BlessingOfTheForge"},{"floor":12.0,"key":"ColorlessPotion"},{"floor":13.0,"key":"AttackPotion"},{"floor":16.0,"key":"FearPotion"},{"floor":23.0,"key":"Regen Potion"},{"floor":28.0,"key":"Explosive Potion"},{"floor":33.0,"key":"Weak Potion"},{"floor":36.0,"key":"Doom Potion"},{"floor":46.0,"key":"HeartOfIron"},{"floor":47.0,"key":"ColorlessPotion"},{"floor":48.0,"key":"DuplicationPotion"}],"is_trial":false,"path_per_floor":["M","?","?","M","M","E","R","$","T","E","M","M","M","M","R","B",null,"M","$","?","?","AVR","E","T","R","T","R","M","?","E","M","R","B",null,"M","M","$","M","M","R","NM","R","T","M","?","M","?","M","R","B"],"character_chosen":"IRONCLAD","items_purchased":["Metallicize","Kunai"],"campfire_rested":3,"item_purchase_floors":[19,37],"current_hp_per_floor":[83,83,83,88,88,57,57,57,57,55,61,55,61,67,67,46,88,73,73,73,73,73,42,49,49,49,49,55,55,75,78,78,70,98,57,63,63,39,17,46,9,38,38,36,36,16,19,25,55,0,0],"gold":241,"neow_bonus":"TEN_PERCENT_HP_BONUS","is_daily":false,"chose_seed":false,"campfire_upgraded":5,"win_rate":0.0,"timestamp":1612592128,"path_taken":["M","?","?","?","M","E","R","$","T","E","M","M","M","M","R","BOSS","M","$","?","?","AVR","E","?","R","T","R","M","?","E","?","R","BOSS","M","M","$","M","M","R","NM","R","T","M","?","?","?","M","R","BOSS"],"items_purchased_type":["Card","Relic"],"build_version":"2020-12-22","purchased_purges":3,"victory":false,"max_hp_per_floor":[88,88,88,88,88,88,88,88,88,88,88,88,88,88,88,88,88,88,88,88,88,88,88,95,95,95,95,95,95,95,98,98,98,98,98,98,98,98,98,98,98,98,98,98,98,98,101,101,101,101,101],"relic_stats":{"Gremlin Horn":[15,15],"counters":[25,115],"Bronze Scales":[318],"Astrolabe":["Burning Pact","ReplayTheSpireMod:Stacked","Clash"],"Prayer Wheel":9,"MealTicket":0,"Black Star":1,"Kunai":[1],"obtain_stats":[{"ReplayFunnel":10,"Lantern":47,"Gremlin Horn":23,"Astrolabe":17,"Burning Blood":0,"Ring of Searing":9,"Replay:Ringing Soul":26,"Anchor":30,"Ring of Peace":2,"ReplayTheSpireMod:Ring of Collecting":2,"Bronze Scales":6,"Strawberry":24,"Prayer Wheel":22,"MealTicket":41,"Black Star":34,"Kunai":37,"Grinning Jar":9,"Replay:Wax Seal":43,"Replay:Bottled Steam":41},{"ReplayFunnel":5,"Lantern":23,"Gremlin Horn":12,"Astrolabe":10,"Burning Blood":0,"Ring of Searing":4,"Replay:Ringing Soul":12,"Anchor":14,"Ring of Peace":1,"ReplayTheSpireMod:Ring of Collecting":1,"Bronze Scales":4,"Strawberry":12,"Prayer Wheel":11,"MealTicket":21,"Black Star":16,"Kunai":18,"Grinning Jar":4,"Replay:Wax Seal":21,"Replay:Bottled Steam":21},{"ReplayFunnel":21,"Lantern":104,"Gremlin Horn":48,"Astrolabe":39,"Burning Blood":0,"Ring of Searing":18,"Replay:Ringing Soul":48,"Anchor":58,"Ring of Peace":4,"ReplayTheSpireMod:Ring of Collecting":4,"Bronze Scales":18,"Strawberry":48,"Prayer Wheel":42,"MealTicket":95,"Black Star":68,"Kunai":76,"Grinning Jar":18,"Replay:Wax Seal":95,"Replay:Bottled Steam":95}],"Burning Blood":139},"card_choices":[{"not_picked":["Flex","Dark Embrace"],"picked":"Cleave","floor":1.0},{"not_picked":["Rage","Hemokinesis"],"picked":"Cleave","floor":4.0},{"not_picked":["Iron Wave","Flex","Rampage"],"picked":"SKIP","floor":5.0},{"not_picked":["True Grit","Sword Boomerang"],"picked":"Spot Weakness","floor":6.0},{"not_picked":["ReplayTheSpireMod:Stacked","Eclipse","Sword Boomerang"],"picked":"SKIP","floor":10.0},{"not_picked":["ReplayTheSpireMod:Corrosion Curse","Wild Strike","Body Slam"],"picked":"SKIP","floor":11.0},{"not_picked":["Uppercut","Carnage","Cleave"],"picked":"SKIP","floor":12.0},{"not_picked":["Body Slam","Clash","Iron Wave"],"picked":"SKIP","floor":13.0},{"not_picked":["Carnage","Seeing Red","Twin Strike"],"picked":"SKIP","floor":14.0},{"not_picked":["Second Wind","Pommel Strike","Cleave"],"picked":"SKIP","floor":18.0},{"not_picked":["Second Wind","Pommel Strike","Cleave"],"picked":"SKIP","floor":18.0},{"not_picked":["Entrench","Wild Strike","Pummel"],"picked":"SKIP","floor":23.0},{"not_picked":["Warcry","ReplayTheSpireMod:Limb From Limb","Shrug It Off"],"picked":"SKIP","floor":28.0},{"not_picked":["Clothesline+1","ReplayTheSpireMod:Strike From Hell","infinitespire:OneForAll+1"],"picked":"SKIP","floor":28.0},{"not_picked":["Replay:Undeath\u0027s Touch","Iron Wave","Anger+1"],"picked":"SKIP","floor":30.0},{"not_picked":["Flex","Heavy Blade"],"picked":"Limit Break","floor":31.0},{"not_picked":["Flex","Clothesline+1","Evolve+1"],"picked":"SKIP","floor":31.0},{"not_picked":["Run Through+1","Iron Wave","Burning Pact+1"],"picked":"SKIP","floor":35.0},{"not_picked":["Thunderclap","Sword Boomerang","Cleave+1"],"picked":"SKIP","floor":35.0},{"not_picked":["Thunderclap","Double Tap","Body Slam+1"],"picked":"SKIP","floor":36.0},{"not_picked":["Dual Wield","Sentinel+1","Hemokinesis"],"picked":"SKIP","floor":36.0},{"not_picked":["Whirlwind+1","Shrug It Off+1","Run Through+1"],"picked":"SKIP","floor":38.0},{"not_picked":["Warcry+1","Clothesline+1","Run Through"],"picked":"SKIP","floor":38.0},{"not_picked":["Twin Strike+1","Havoc","Cleave"],"picked":"SKIP","floor":39.0},{"not_picked":["Reaper","Twin Strike","Clothesline+1"],"picked":"SKIP","floor":39.0},{"not_picked":["Wild Strike+1","Dual Wield","Blood for Blood"],"picked":"SKIP","floor":41.0},{"not_picked":["Clash+1","Headbutt+1","Intimidate"],"picked":"SKIP","floor":44.0},{"not_picked":["Immolate","Feel No Pain","Thunderclap+1"],"picked":"SKIP","floor":44.0},{"not_picked":["Headbutt+1","Hemokinesis","ReplayTheSpireMod:Limb From Limb"],"picked":"SKIP","floor":46.0},{"not_picked":["Entrench+1","Havoc+1","Infernal Blade+1"],"picked":"SKIP","floor":46.0},{"not_picked":["Replay:Many Hands","Shrug It Off","Pommel Strike"],"picked":"SKIP","floor":48.0},{"not_picked":["Body Slam","Rupture+1","Clothesline"],"picked":"SKIP","floor":48.0}],"player_experience":225672,"relics_obtained":[{"floor":2.0,"key":"Ring of Peace"},{"floor":2.0,"key":"ReplayTheSpireMod:Ring of Collecting"},{"floor":6.0,"key":"Bronze Scales"},{"floor":9.0,"key":"Ring of Searing"},{"floor":9.0,"key":"Grinning Jar"},{"floor":10.0,"key":"ReplayFunnel"},{"floor":23.0,"key":"Gremlin Horn"},{"floor":24.0,"key":"Strawberry"},{"floor":26.0,"key":"Replay:Ringing Soul"},{"floor":30.0,"key":"Anchor"},{"floor":41.0,"key":"MealTicket"},{"floor":41.0,"key":"Replay:Bottled Steam"},{"floor":43.0,"key":"Replay:Wax Seal"},{"floor":47.0,"key":"Lantern"}],"event_choices":[{"damage_healed":0.0,"max_hp_gain":0.0,"max_hp_loss":0.0,"gold_gain":0.0,"event_name":"Match and Keep!","player_choice":"0 cards matched","floor":3.0,"gold_loss":0.0,"damage_taken":0.0,"cards_obtained":[]},{"damage_healed":0.0,"max_hp_gain":0.0,"max_hp_loss":0.0,"gold_gain":0.0,"cards_transformed":["Defend_R","Strike_R"],"event_name":"Drug Dealer","player_choice":"Became Test Subject","floor":20.0,"gold_loss":0.0,"damage_taken":0.0,"cards_obtained":["ReplayTheSpireMod:Corrosion Curse","Corruption"]},{"cards_removed":["Strike_R"],"damage_healed":0.0,"max_hp_gain":0.0,"max_hp_loss":0.0,"gold_gain":0.0,"event_name":"Beggar","player_choice":"Gave Gold","floor":21.0,"gold_loss":75.0,"damage_taken":0.0},{"damage_healed":0.0,"max_hp_gain":0.0,"max_hp_loss":0.0,"gold_gain":0.0,"event_name":"The Woman in Blue","player_choice":"Bought 0 Potions","floor":29.0,"gold_loss":0.0,"damage_taken":0.0},{"cards_removed":["Burning Pact"],"damage_healed":0.0,"max_hp_gain":0.0,"max_hp_loss":0.0,"gold_gain":0.0,"event_name":"Purifier","player_choice":"Purged","floor":45.0,"gold_loss":0.0,"damage_taken":0.0}],"is_beta":false,"boss_relics":[{"not_picked":["infinitespire:Cupcake","Coffee Dripper"],"picked":"Astrolabe"},{"not_picked":["Runic Pyramid","Replay:Ancient Bell"],"picked":"Black Star"}],"items_purged_floors":[8,19,22],"is_endless":true,"potions_floor_spawned":[1,4,12,13,16,23,28,33,36,46,48],"killed_by":"Replay:Hell Engine","ascension_level":2}}