{"host":"bf5upntvbdompq33","time":1612645684,"event":{"mods":["BaseMod","Colored Map","Colored Powertips","Curses Come First","Minty Spire (QoL Compilation)","StSLib","The Dragon Tamer","The Hierophant","The Marked","The Mystic","The Servant 0.9.4"],"gold_per_floor":[360,54,64,82,82,111,111,125,152,152,170,170,201,216,216,319,319,331,321,80,80,280,280,280],"floor_reached":23,"language":"ENG","playtime":2313,"items_purged":["Strike_G","Strike_G"],"score":291,"play_id":"68a72d2f-4f61-48fd-b98f-cfef93a76a14","local_time":"20210206140804","is_ascension_mode":true,"campfire_choices":[{"data":"Dash","floor":7,"key":"SMITH"},{"floor":10,"key":"REST"},{"data":"After Image","floor":12,"key":"SMITH"},{"data":"Blade Dance","floor":15,"key":"SMITH"}],"circlet_count":0,"master_deck":["Strike_G","Strike_G","Defend_G","Defend_G","Defend_G","Defend_G","Defend_G","Survivor","Neutralize","Flying Knee","Dash+1","Dagger Throw","Tactician","Backflip","Quick Slash","Dagger Throw","PiercingWail","Blur","After Image+1","Calculated Gamble","Blade Dance+1","Blade Dance","Bullet Time","All Out Attack+1","Well Laid Plans","Slice","Flash of Steel","Writhe"],"relics":["Ring of the Snake","Orrery","Bag of Preparation","Dream Catcher","Nunchaku","Black Star","Happy Flower"],"acts_visited":["Exordium","TheCity"],"potions_floor_usage":[6,16,16,18,23],"damage_taken":[{"damage":0,"enemies":"2 Louse","floor":1,"turns":3},{"damage":1,"enemies":"Jaw Worm","floor":3,"turns":3},{"damage":0,"enemies":"Cultist","floor":4,"turns":3},{"damage":26,"enemies":"Lagavulin","floor":6,"turns":7},{"damage":0,"enemies":"Looter","floor":8,"turns":2},{"damage":0,"enemies":"2 Fungi Beasts","floor":11,"turns":3},{"damage":1,"enemies":"3 Sentries","floor":13,"turns":9},{"damage":1,"enemies":"Exordium Thugs","floor":14,"turns":5},{"damage":4,"enemies":"Hexaghost","floor":16,"turns":10},{"damage":0,"enemies":"3 Byrds","floor":18,"turns":7},{"damage":0,"enemies":"2 Thieves","floor":19,"turns":4},{"damage":72,"enemies":"Gremlin Leader","floor":23,"turns":7}],"seed_played":"-3282768180260745443","potions_obtained":[{"floor":1,"key":"DistilledChaos"},{"floor":3,"key":"LiquidBronze"},{"floor":14,"key":"LiquidBronze"},{"floor":16,"key":"LiquidMemories"},{"floor":19,"key":"SneckoOil"}],"is_trial":false,"path_per_floor":["M","$","M","M","?","E","R","M","T","R","M","R","E","M","R","B",null,"M","M","$","?","?","E"],"character_chosen":"THE_SILENT","items_purchased":["Dash","Orrery","Slice","Flash of Steel"],"campfire_rested":1,"item_purchase_floors":[2,2,20,20],"current_hp_per_floor":[63,63,62,62,55,29,29,29,29,47,47,47,46,45,45,41,58,58,58,58,58,58,0,0],"gold":280,"neow_bonus":"TWO_FIFTY_GOLD","is_daily":false,"chose_seed":false,"campfire_upgraded":3,"win_rate":0.0,"timestamp":1612645684,"path_taken":["M","$","M","M","?","E","R","M","T","R","M","R","E","M","R","BOSS","M","M","$","?","?","E"],"items_purchased_type":["Card","Relic","Card","Card"],"build_version":"2020-12-22","purchased_purges":2,"victory":false,"max_hp_per_floor":[63,63,63,63,63,63,63,63,63,63,63,63,63,63,63,63,63,63,63,63,63,63,63,63],"card_choices":[{"not_picked":["Accuracy","Well Laid Plans"],"picked":"Flying Knee","floor":1},{"not_picked":["Masterful Stab","Phantasmal Killer"],"picked":"Dagger Throw","floor":2},{"not_picked":["Acrobatics","Bouncing Flask"],"picked":"Tactician","floor":2},{"not_picked":["Quick Slash","Prepared"],"picked":"Backflip","floor":2},{"not_picked":["Envenom","Cloak And Dagger"],"picked":"Quick Slash","floor":2},{"not_picked":["PiercingWail","Catalyst"],"picked":"Dagger Throw","floor":3},{"not_picked":["Quick Slash","Underhanded Strike","Dodge and Roll"],"picked":"SKIP","floor":4},{"not_picked":["Backflip","Outmaneuver"],"picked":"PiercingWail","floor":6},{"not_picked":["Masterful Stab","Cloak And Dagger"],"picked":"Blur","floor":8},{"not_picked":["Flying Knee","Concentrate"],"picked":"After Image","floor":10},{"not_picked":["Deflect","Endless Agony"],"picked":"Calculated Gamble","floor":11},{"not_picked":["Deflect","Predator"],"picked":"Blade Dance","floor":13},{"not_picked":["Underhanded Strike","Poisoned Stab"],"picked":"Blade Dance","floor":14},{"not_picked":["Unload","Venomology"],"picked":"Bullet Time","floor":16},{"not_picked":["Footwork","Dagger Spray"],"picked":"All Out Attack+1","floor":18},{"not_picked":["Dagger Spray","Accuracy"],"picked":"Well Laid Plans","floor":19}],"player_experience":1465554,"relics_obtained":[{"floor":6,"key":"Bag of Preparation"},{"floor":9,"key":"Dream Catcher"},{"floor":13,"key":"Nunchaku"}],"event_choices":[{"cards_removed":["Strike_G"],"damage_healed":0,"gold_gain":0,"player_choice":"Card Removal","damage_taken":7,"max_hp_gain":0,"max_hp_loss":0,"event_name":"Golden Wing","floor":5,"gold_loss":0},{"damage_healed":0,"gold_gain":0,"player_choice":"Opened","damage_taken":0,"relics_obtained":["Happy Flower"],"max_hp_gain":0,"max_hp_loss":0,"event_name":"The Mausoleum","floor":21,"gold_loss":0,"cards_obtained":["Writhe"]},{"damage_healed":0,"gold_gain":200,"player_choice":"Gold","damage_taken":0,"max_hp_gain":0,"max_hp_loss":0,"event_name":"Wheel of Change","floor":22,"gold_loss":0}],"is_beta":false,"boss_relics":[{"not_picked":["Pandora\u0027s Box","Fusion Hammer"],"picked":"Black Star"}],"items_purged_floors":[2,20],"is_endless":false,"potions_floor_spawned":[1,3,14,16,19],"killed_by":"Gremlin Leader","ascension_level":9}}