{"host":"640uue19m79c7wbt","time":1612640886,"event":{"mods":["BaseMod","Colored Map","Googly Eyes","Highlight Path","Minty Spire (QoL Compilation)","Quick Restart","StSLib"],"gold_per_floor":[114,114,114,71,116,156,156,156,181,206,224,224,263,277,277,371,371,385,385,408,408,6,39,39,82,94,147,159,196,224,151,163,270,282,308,345,690,240,255,255,255],"floor_reached":40,"language":"ENG","playtime":1734,"items_purged":["Strike_G","Strike_G"],"score":954,"play_id":"6d08fe46-b736-42b8-9ab5-ecc08be23c75","local_time":"20210206144806","is_ascension_mode":true,"campfire_choices":[{"data":"Finisher","floor":7.0,"key":"SMITH"},{"floor":15.0,"key":"REST"},{"floor":28.0,"key":"REST"},{"floor":32.0,"key":"REST"}],"circlet_count":0,"master_deck":["AscendersBane","Strike_G","Strike_G","Defend_G","Defend_G","Defend_G","Defend_G","Defend_G","Survivor","Neutralize","Finisher+1","Backstab","PiercingWail","Cloak And Dagger","Cloak And Dagger","Acrobatics","Blur","Bullet Time","Backflip","Blade Dance","Bullet Time","Predator+1","PiercingWail","Noxious Fumes","Envenom","Reflex","Terror","Caltrops","Crippling Poison+1"],"relics":["Ring of the Snake","NeowsBlessing","Juzu Bracelet","Boot","Spirit Poop","Orichalcum","PreservedInsect","Anchor","Snecko Eye","DollysMirror","Vajra","Nunchaku","MawBank","Letter Opener","Shuriken","Centennial Puzzle","Black Star","Eternal Feather"],"acts_visited":["Exordium","TheCity","TheBeyond"],"potions_floor_usage":[40],"damage_taken":[{"damage":0.0,"enemies":"Small Slimes","floor":1.0,"turns":1.0},{"damage":0.0,"enemies":"Gremlin Nob","floor":6.0,"turns":1.0},{"damage":0.0,"enemies":"2 Louse","floor":10.0,"turns":1.0},{"damage":6.0,"enemies":"Jaw Worm","floor":11.0,"turns":2.0},{"damage":13.0,"enemies":"Lagavulin","floor":13.0,"turns":4.0},{"damage":23.0,"enemies":"Gremlin Gang","floor":14.0,"turns":7.0},{"damage":22.0,"enemies":"The Guardian","floor":16.0,"turns":12.0},{"damage":15.0,"enemies":"Shell Parasite","floor":18.0,"turns":5.0},{"damage":2.0,"enemies":"3 Byrds","floor":20.0,"turns":7.0},{"damage":17.0,"enemies":"Gremlin Leader","floor":23.0,"turns":5.0},{"damage":2.0,"enemies":"Slavers","floor":25.0,"turns":6.0},{"damage":5.0,"enemies":"Book of Stabbing","floor":27.0,"turns":3.0},{"damage":14.0,"enemies":"Snake Plant","floor":29.0,"turns":3.0},{"damage":0.0,"enemies":"Chosen and Byrds","floor":30.0,"turns":2.0},{"damage":6.0,"enemies":"Collector","floor":33.0,"turns":6.0},{"damage":15.0,"enemies":"3 Darklings","floor":35.0,"turns":4.0},{"damage":13.0,"enemies":"Orb Walker","floor":36.0,"turns":3.0},{"damage":22,"enemies":"4 Shapes","floor":39,"turns":6},{"damage":17,"enemies":"Nemesis","floor":40,"turns":3}],"seed_played":"1779216343474378043","potions_obtained":[{"floor":6.0,"key":"Strength Potion"},{"floor":13.0,"key":"CultistPotion"},{"floor":18.0,"key":"AttackPotion"},{"floor":25.0,"key":"PowerPotion"},{"floor":30.0,"key":"DistilledChaos"},{"floor":36.0,"key":"Weak Potion"}],"is_trial":false,"path_per_floor":["M","?","?","$","T","E","R","?","T","M","M","?","E","M","R","B",null,"M","?","M","?","$","E","?","E","T","E","R","M","M","?","R","B",null,"M","M","?","$","M","E"],"character_chosen":"THE_SILENT","items_purchased":["Backstab","DollysMirror","Vajra","Eternal Feather","Caltrops"],"campfire_rested":3,"item_purchase_floors":[4,22,22,38,38],"current_hp_per_floor":[59,52,52,52,52,52,52,52,52,52,46,46,33,10,29,7,51,36,36,34,34,34,17,30,28,28,23,42,28,28,28,47,41,60,45,32,32,32,10,0,0],"gold":255,"neow_bonus":"THREE_ENEMY_KILL","is_daily":false,"chose_seed":false,"campfire_upgraded":1,"win_rate":0.0,"timestamp":1612640886,"path_taken":["M","?","?","$","?","E","R","?","T","M","M","?","E","M","R","BOSS","M","?","M","?","$","E","?","E","T","E","R","M","M","?","R","BOSS","M","M","?","$","M","E"],"items_purchased_type":["Card","Relic","Relic","Relic","Card"],"build_version":"2020-12-22","purchased_purges":2,"victory":false,"max_hp_per_floor":[66,66,66,66,66,66,66,66,66,66,66,66,66,66,66,66,66,66,66,66,66,66,66,66,66,66,66,66,66,66,66,66,66,66,66,66,66,66,66,66,66],"card_choices":[{"not_picked":["Poisoned Stab","Cloak And Dagger"],"picked":"Finisher","floor":1.0},{"not_picked":["Deadly Poison","Backflip"],"picked":"PiercingWail","floor":6.0},{"not_picked":["Dagger Spray","Blur"],"picked":"Cloak And Dagger","floor":10.0},{"not_picked":["Underhanded Strike","Heel Hook"],"picked":"Cloak And Dagger","floor":11.0},{"not_picked":["Outmaneuver","Quick Slash"],"picked":"Acrobatics","floor":13.0},{"not_picked":["Riddle With Holes","Eviscerate"],"picked":"Blur","floor":14.0},{"not_picked":["After Image","Night Terror"],"picked":"Bullet Time","floor":16.0},{"not_picked":["Deadly Poison","Poisoned Stab"],"picked":"Backflip","floor":18.0},{"not_picked":["Dagger Spray+1","Deadly Poison+1"],"picked":"Blade Dance","floor":20.0},{"not_picked":["Deadly Poison","Bane"],"picked":"Predator+1","floor":23.0},{"not_picked":["Bane","Quick Slash","Endless Agony"],"picked":"SKIP","floor":25.0},{"not_picked":["Poisoned Stab","Bane","All Out Attack"],"picked":"SKIP","floor":27.0},{"not_picked":["Bane","Expertise"],"picked":"PiercingWail","floor":29.0},{"not_picked":["Underhanded Strike","Cloak And Dagger"],"picked":"Noxious Fumes","floor":30.0},{"not_picked":["Doppelganger","Unload"],"picked":"Envenom","floor":33.0},{"not_picked":["Backflip+1","Deflect+1"],"picked":"Reflex","floor":35.0},{"not_picked":["Slice","PiercingWail"],"picked":"Terror","floor":36.0},{"not_picked":["Bane","Skewer"],"picked":"Crippling Poison+1","floor":39}],"player_experience":664098,"relics_obtained":[{"floor":5.0,"key":"Juzu Bracelet"},{"floor":6.0,"key":"Boot"},{"floor":9.0,"key":"Orichalcum"},{"floor":13.0,"key":"Anchor"},{"floor":23.0,"key":"Nunchaku"},{"floor":25.0,"key":"MawBank"},{"floor":26.0,"key":"Letter Opener"},{"floor":27.0,"key":"Shuriken"}],"event_choices":[{"cards_removed":["Strike_G"],"damage_healed":0.0,"max_hp_gain":0.0,"max_hp_loss":0.0,"gold_gain":0.0,"event_name":"Golden Wing","player_choice":"Card Removal","floor":2.0,"gold_loss":0.0,"damage_taken":7.0},{"damage_healed":0.0,"max_hp_gain":0.0,"max_hp_loss":0.0,"gold_gain":0.0,"event_name":"Golden Idol","player_choice":"Take Wound","floor":3.0,"gold_loss":0.0,"damage_taken":0.0,"relics_obtained":["Golden Idol"],"cards_obtained":["Injury"]},{"cards_removed":["Injury"],"damage_healed":0.0,"max_hp_gain":0.0,"max_hp_loss":0.0,"gold_gain":0.0,"event_name":"Bonfire Elementals","player_choice":"Offered Curse","floor":8.0,"gold_loss":0.0,"damage_taken":0.0,"relics_obtained":["Spirit Poop"]},{"damage_healed":0.0,"max_hp_gain":0.0,"max_hp_loss":0.0,"gold_gain":0.0,"event_name":"Big Fish","player_choice":"Box","floor":12.0,"gold_loss":0.0,"damage_taken":0.0,"relics_obtained":["PreservedInsect"],"cards_obtained":["Regret"]},{"cards_removed":["Regret"],"damage_healed":0.0,"max_hp_gain":0.0,"max_hp_loss":0.0,"gold_gain":0.0,"event_name":"Back to Basics","player_choice":"Elegance","floor":19.0,"gold_loss":0.0,"damage_taken":0.0},{"damage_healed":0.0,"max_hp_gain":0.0,"max_hp_loss":0.0,"gold_gain":0.0,"event_name":"Vampires","player_choice":"Ignored","floor":21.0,"gold_loss":0.0,"damage_taken":0.0},{"damage_healed":13.0,"max_hp_gain":0.0,"max_hp_loss":0.0,"gold_gain":0.0,"event_name":"The Library","player_choice":"Heal","floor":24.0,"gold_loss":0.0,"damage_taken":0.0},{"damage_healed":0.0,"max_hp_gain":0.0,"max_hp_loss":0.0,"gold_gain":0.0,"event_name":"Addict","player_choice":"Obtained Relic","floor":31.0,"gold_loss":85.0,"damage_taken":0.0,"relics_obtained":["Centennial Puzzle"]},{"damage_healed":0.0,"max_hp_gain":0.0,"max_hp_loss":0.0,"gold_gain":333.0,"event_name":"The Moai Head","player_choice":"Gave Idol","floor":37.0,"relics_lost":["Golden Idol"],"gold_loss":0.0,"damage_taken":0.0}],"is_beta":false,"boss_relics":[{"not_picked":["Runic Dome","Philosopher\u0027s Stone"],"picked":"Snecko Eye"},{"not_picked":["Pandora\u0027s Box","Runic Pyramid"],"picked":"Black Star"}],"items_purged_floors":[22,38],"is_endless":false,"potions_floor_spawned":[6,13,18,25,30,36],"killed_by":"Nemesis","ascension_level":19}}