{"host":"rtw1tnr74gozsrw1","time":1612577144,"event":{"mods":["BaseMod","Colored Map","Colored Powertips","Highlight Path","Minty Spire (QoL Compilation)","StSLib","The Jungle"],"gold_per_floor":[113,113,38,56,56,85,97,113,139,139,139,152,166,181,181,181,181],"floor_reached":16,"language":"ENG","playtime":487,"items_purged":["Strike_G"],"score":135,"play_id":"1c372d86-d57f-41ac-a2fd-f16898e123f1","local_time":"20210206030544","is_ascension_mode":true,"campfire_choices":[{"data":"Riddle With Holes","floor":10,"key":"SMITH"},{"data":"Deadly Poison","floor":15,"key":"SMITH"}],"circlet_count":0,"master_deck":["Strike_G","Strike_G","Strike_G","Strike_G","Defend_G","Defend_G","Defend_G","Defend_G","Defend_G","Survivor+1","Neutralize","Riddle With Holes+1","Deadly Poison+1","Deflect","Leg Sweep","Deadly Poison+1","Flying Knee","Caltrops"],"relics":["Ring of the Snake","NeowsBlessing","War Paint","Blood Vial"],"acts_visited":["Exordium"],"potions_floor_usage":[],"damage_taken":[{"damage":0,"enemies":"Jaw Worm","floor":1,"turns":1},{"damage":0,"enemies":"Cultist","floor":4,"turns":1},{"damage":0,"enemies":"Gremlin Nob","floor":6,"turns":1},{"damage":0,"enemies":"Small Slimes","floor":7,"turns":3},{"damage":15,"enemies":"3 Louse","floor":8,"turns":4},{"damage":1,"enemies":"Exordium Thugs","floor":12,"turns":7},{"damage":0,"enemies":"2 Fungi Beasts","floor":13,"turns":3},{"damage":2,"enemies":"Looter","floor":14,"turns":2},{"damage":24,"enemies":"Hexaghost","floor":16,"turns":4}],"seed_played":"216197439092979678","potions_obtained":[{"floor":6,"key":"Block Potion"},{"floor":7,"key":"SteroidPotion"},{"floor":13,"key":"Explosive Potion"}],"is_trial":false,"path_per_floor":["M","?","$","M","?","E","M","M","T","R","?","M","M","M","R","B"],"character_chosen":"THE_SILENT","items_purchased":[],"campfire_rested":0,"item_purchase_floors":[],"current_hp_per_floor":[70,70,70,70,75,75,75,60,60,60,60,61,63,63,63,41,41],"gold":181,"neow_bonus":"THREE_ENEMY_KILL","is_daily":false,"chose_seed":false,"campfire_upgraded":2,"win_rate":0.0,"timestamp":1612577144,"path_taken":["M","?","$","?","?","E","M","M","T","R","?","M","M","M","R","BOSS"],"items_purchased_type":[],"build_version":"2020-12-22","purchased_purges":1,"victory":false,"max_hp_per_floor":[70,70,70,70,75,75,75,75,75,75,75,75,75,75,75,75,75],"card_choices":[{"not_picked":["PiercingWail","Dagger Spray"],"picked":"Riddle With Holes","floor":1},{"not_picked":["Blade Dance","Backflip"],"picked":"Deadly Poison","floor":4},{"not_picked":["Prepared","Slice"],"picked":"Deflect","floor":6},{"not_picked":["Backflip","Deflect"],"picked":"Leg Sweep","floor":7},{"not_picked":["Dodge and Roll","Dagger Spray"],"picked":"Deadly Poison","floor":8},{"not_picked":["Outmaneuver","Wraith Form v2"],"picked":"Flying Knee","floor":12},{"not_picked":["PiercingWail","Underhanded Strike"],"picked":"Caltrops","floor":13},{"not_picked":["Finisher","Endless Agony","Backflip"],"picked":"SKIP","floor":14}],"player_experience":117977,"relics_obtained":[{"floor":6,"key":"War Paint"},{"floor":9,"key":"Blood Vial"}],"event_choices":[{"damage_healed":0,"gold_gain":0,"player_choice":"Bought 0 Potions","damage_taken":0,"max_hp_gain":0,"max_hp_loss":0,"event_name":"The Woman in Blue","floor":2,"gold_loss":0},{"damage_healed":0,"gold_gain":0,"player_choice":"Donut","damage_taken":0,"max_hp_gain":5,"max_hp_loss":0,"event_name":"Big Fish","floor":5,"gold_loss":0},{"damage_healed":0,"gold_gain":0,"player_choice":"Fled","damage_taken":0,"max_hp_gain":0,"max_hp_loss":0,"event_name":"Scrap Ooze","floor":11,"gold_loss":0}],"is_beta":false,"boss_relics":[],"items_purged_floors":[3],"is_endless":false,"potions_floor_spawned":[6,7,13],"killed_by":"Hexaghost","ascension_level":1}}