{"host":"i9wanet4r0ff4t9y","time":1612627812,"event":{"mods":["2.2 Compatiblity","Act Like it!","BaseMod","Bestiary","Better Altar","Better Match","Better Note","Better Sensory Stone","Better Skull","Better Third Choice","Better Vampires","BetterRewards","CapriCore","Colored Map","Curses Come First","Downfall","Hubris","Minty Spire (QoL Compilation)","Quick Restart","READ ME - Guardian Mod","READ ME - Snecko Mod","Relic Stats","Reliquary","Say the Spire","Spicy Shops","StSLib","The Gatherer","Waifu the Spire"],"gold_per_floor":[116,127,141,14,14,29,46,46,122,19,19,19,38,57,57,154,154,174,194,194,194,208,220,237,247,272,304,304,304,8,8,8,104,104,116,130,142,158,31,31,31,60,60,60,87,98,128,144,144,144,144,144,13,38,38,38,38],"floor_reached":55,"language":"POL","playtime":2583,"items_purged":[],"score":873,"play_id":"6f366f22-a5fc-47d8-baef-f9d7df2d5457","local_time":"20210206171012","is_ascension_mode":false,"metric_token":1823,"campfire_choices":[{"floor":8,"key":"REST"},{"data":"Gatherer:FlamingBottle","floor":12,"key":"SMITH"},{"data":"Gatherer:RecoveryHerb","floor":15,"key":"SMITH"},{"floor":29,"key":"REST"},{"floor":32,"key":"REST"},{"data":"Forethought","floor":40,"key":"SMITH"},{"floor":49,"key":"RECALL"},{"data":"Gatherer:Bulldoze","floor":52,"key":"SMITH"}],"circlet_count":0,"master_deck":["Gatherer:Strike_Gatherer","Gatherer:Strike_Gatherer","Gatherer:Strike_Gatherer","Gatherer:Strike_Gatherer","Gatherer:Defend_Gatherer","Gatherer:Defend_Gatherer","Gatherer:Defend_Gatherer","Gatherer:Defend_Gatherer","Gatherer:Defend_Gatherer+1","Gatherer:Centralize","Gatherer:FlowerWhip+1","Gatherer:UpgradeBag","Gatherer:Misfortune","Gatherer:EchoOfNature","Forethought+1","Gatherer:FruitForce","Gatherer:Snatch","Gatherer:FlamingBottle+1","Gatherer:TreeGrowth","Gatherer:Enchant","Gatherer:SealedBomb","Gatherer:AcidicSpray","Gatherer:QuickSynthesis","Gatherer:RecoveryHerb+1","Gatherer:PoisonMastery","Gatherer:QuickSynthesis+1","Gatherer:BambuSword+1","Metamorphosis+1","Gatherer:CollectorsShot+1","Gatherer:GlowingPlant+1","Gatherer:Shadow","Gatherer:Light","Gatherer:Snatch","Gatherer:PotentialSlash+1","Gatherer:Frenzy","Gatherer:SpareBottle","Gatherer:Examine","Gatherer:Bulldoze+1","Gatherer:Duplicator","Gatherer:PoisonMastery","Gatherer:FlowerBeam+2","Gatherer:FragileHammer+1","Gatherer:SmartManeuver","Gatherer:SealedBomb+1","Gatherer:ScrollOfPurity","Gatherer:Herbalism+1","Gatherer:FruitForce","Gatherer:Overflowing","Gatherer:CarefulStrike+1","Gatherer:CollectorsShot+1","Regret","Gatherer:FeelingFine+1"],"relics":["Gatherer:MiracleBag","Eternal Feather","Membership Card","Oddly Smooth Stone","reliquary:Bookmark","Mango","Peace Pipe","Odd Mushroom","Gatherer:MistGenerator","Darkstone Periapt","Bottled Flame","hubris:FunFungus","reliquary:ExpiredCoupon","War Paint","reliquary:WeakTea","Boot","hubris:EmptyBottle","hubris:ScarierMask","Pantograph","Toy Ornithopter","Calipers","Gatherer:FloralEgg","Chemical X","reliquary:BallBearing","reliquary:RoseTintedGlasses"],"acts_visited":["Exordium","TheCity","TheBeyond","TheEnding"],"potions_floor_usage":[6,16,18,18,18,19,19,19,22,24,24,24,25,25,27,27,27,33,33,33,33,33,33,33,33,33,33,36,36,37,37,38,38,13042,42,42,42,13045,45,45,45,47,47,47,47,48,48,48,48,50,50,50,50,54,54,54,54,54,55,55,55,55,55,55,55,55,55],"damage_taken":[{"damage":9,"enemies":"Cultist","floor":1,"turns":4},{"damage":7,"enemies":"2 Louse","floor":2,"turns":2},{"damage":1,"enemies":"Jaw Worm","floor":3,"turns":3},{"damage":15,"enemies":"Exordium Thugs","floor":6,"turns":4},{"damage":0,"enemies":"2 Fungi Beasts","floor":7,"turns":2},{"damage":4,"enemies":"Looter","floor":13,"turns":2},{"damage":0,"enemies":"Large Slime","floor":14,"turns":6},{"damage":42,"enemies":"Hexaghost","floor":16,"turns":6},{"damage":8,"enemies":"Spheric Guardian","floor":18,"turns":5},{"damage":6,"enemies":"Chosen","floor":19,"turns":3},{"damage":0,"enemies":"Snake Plant","floor":22,"turns":1},{"damage":29,"enemies":"Cultist and Chosen","floor":23,"turns":5},{"damage":19,"enemies":"Sentry and Sphere","floor":24,"turns":6},{"damage":8,"enemies":"Centurion and Healer","floor":25,"turns":5},{"damage":4,"enemies":"Book of Stabbing","floor":27,"turns":3},{"damage":65,"enemies":"Automaton","floor":33,"turns":10},{"damage":31,"enemies":"3 Darklings","floor":35,"turns":6},{"damage":0,"enemies":"3 Shapes","floor":36,"turns":2},{"damage":0,"enemies":"Jaw Worm Horde","floor":37,"turns":4},{"damage":9,"enemies":"3 Darklings","floor":38,"turns":2},{"damage":63,"enemies":"Giant Head","floor":42,"turns":8},{"damage":86,"enemies":"Reptomancer","floor":45,"turns":6},{"damage":0,"enemies":"Sphere and 2 Shapes","floor":46,"turns":4},{"damage":49,"enemies":"Nemesis","floor":47,"turns":6},{"damage":0,"enemies":"Transient","floor":48,"turns":5},{"damage":175,"enemies":"hubris:GrandSnecko","floor":50,"turns":13},{"damage":4,"enemies":"Shield and Spear","floor":54,"turns":2},{"damage":149,"enemies":"The Heart","floor":55,"turns":8}],"seed_played":"-2335162929651460300","potions_obtained":[{"floor":2,"key":"Weak Potion"},{"floor":14,"key":"Regen Potion"},{"floor":16,"key":"EntropicBrew"},{"floor":18,"key":"Energy Potion"},{"floor":23,"key":"Dexterity Potion"},{"floor":24,"key":"sneckomod:MuddlingPotion"},{"floor":35,"key":"Ancient Potion"},{"floor":38,"key":"Energy Potion"},{"floor":42,"key":"CultistPotion"},{"floor":47,"key":"Guardian:BlockOnCardUsePotion"},{"floor":48,"key":"bronze:BurnAndBuffPotion"}],"is_trial":false,"path_per_floor":["M","M","M","$","?","M","M","R","T","$","T","R","M","M","R","B",null,"M","M","?","?","M","M","M","M","T","E","?","R","$","?","R","B",null,"M","M","M","M","$","R","?","E","T","?","E","M","E","M","R","B",null,"R","$","E","B"],"character_chosen":"THE_GATHERER","items_purchased":["Eternal Feather","Membership Card","Oddly Smooth Stone","reliquary:Bookmark","Mango","Gatherer:UpgradeBag","Metamorphosis","Gatherer:Misfortune","Gatherer:EchoOfNature","Forethought","Gatherer:MistGenerator","Darkstone Periapt","Gatherer:SealedBomb","Gatherer:QuickSynthesis","Gatherer:AcidicSpray","hubris:EmptyBottle","Gatherer:Examine","Gatherer:Bulldoze","Gatherer:Duplicator","Pantograph","Chemical X","reliquary:BallBearing"],"campfire_rested":3,"item_purchase_floors":[0,0,0,0,0,0,0,0,0,0,4,4,10,10,10,30,30,30,30,39,53,53],"current_hp_per_floor":[49,42,41,47,47,32,32,71,71,71,71,83,79,80,91,61,91,84,80,37,37,37,17,9,10,10,15,15,63,63,41,91,30,91,62,62,66,57,57,84,84,45,45,45,17,32,28,50,80,31,105,105,111,111,0,0,0],"gold":38,"neow_bonus":"","is_daily":false,"chose_seed":false,"campfire_upgraded":4,"win_rate":0.0,"timestamp":1612627812,"path_taken":["M","?","M","$","?","M","?","R","T","?","?","R","M","M","R","BOSS","M","M","?","?","M","M","M","?","T","E","?","R","$","?","R","BOSS","M","M","M","M","$","R","?","E","T","?","E","M","E","M","R","BOSS","R","$","E","BOSS"],"items_purchased_type":["Relic","Relic","Relic","Relic","Relic","Card","Card","Card","Card","Card","Relic","Relic","Card","Card","Card","Relic","Card","Card","Card","Relic","Relic","Relic"],"build_version":"2020-12-22","purchased_purges":0,"victory":false,"max_hp_per_floor":[85,85,85,91,91,91,91,91,91,91,91,91,91,91,91,91,91,91,91,91,91,91,91,91,91,91,91,91,91,91,91,91,91,91,91,91,91,91,91,91,91,91,91,91,95,95,105,105,105,105,105,105,111,111,121,121,121],"relic_stats":{"Peace Pipe":0,"Darkstone Periapt":12,"counters":[77,372],"Pantograph":15,"Eternal Feather":137,"Chemical X":[2],"War Paint":["Metamorphosis","Gatherer:Defend_Gatherer"],"Boot":[73],"obtain_stats":[{"Calipers":45,"Whetstone":0,"Bottled Tornado":36,"Sling":0,"Boot":27,"Blood Vial":38,"Kunai":0,"hubris:TinFlute":43,"Oddly Smooth Stone":0,"Eternal Feather":30,"Letter Opener":24,"reliquary:WeakTea":7,"War Paint":0,"Gatherer:FloralEgg":47,"WarpedTongs":30,"reliquary:Bookmark":0,"Bottled Flame":9,"reliquary:PorcupineQuills":0,"Bird Faced Urn":24,"Molten Egg 2":31,"reliquary:BallBearing":53,"Black Star":34,"Darkstone Periapt":4,"Lantern":0,"Regal Pillow":3,"Singing Bowl":43,"Magic Flower":0,"Mango":0,"Incense Burner":19,"hubris:EmptyBottle":0,"Cursed Key":17,"Burning Blood":0,"ClockworkSouvenir":0,"reliquary:TridentHead":9,"hubris:Icosahedron":2,"Pantograph":39,"hubris:ScarierMask":34,"hubris:IronBody":26,"hubris:FunFungus":11,"Gatherer:MiracleBag":17,"reliquary:RoseTintedGlasses":54,"Red Mask":39,"Chemical X":53,"hexamod:CandleOfCauterizing":9,"Golden Idol":5,"Gatherer:MistGenerator":4,"Omamori":11,"hubris:Towel":47,"Frozen Egg 2":38,"Odd Mushroom":0,"reliquary:KinkedSpring":17,"Gatherer:ExplorersPath":34,"Peace Pipe":0,"Cauldron":30,"Strange Spoon":36,"reliquary:ExpiredCoupon":20,"Orrery":0,"Art of War":26,"Membership Card":30,"hubris:Potato":6,"Toy Ornithopter":10,"Gatherer:AlchemyBag":0,"hubris:BottledRain":36},{"Calipers":71,"Whetstone":0,"Bottled Tornado":44,"Sling":3,"Boot":64,"Blood Vial":21,"Kunai":26,"hubris:TinFlute":46,"Oddly Smooth Stone":49,"Eternal Feather":41,"Letter Opener":17,"reliquary:WeakTea":30,"War Paint":0,"Gatherer:FloralEgg":73,"WarpedTongs":18,"reliquary:Bookmark":49,"Bottled Flame":54,"reliquary:PorcupineQuills":26,"Bird Faced Urn":38,"Molten Egg 2":19,"reliquary:BallBearing":75,"Black Star":20,"Darkstone Periapt":52,"Lantern":0,"Regal Pillow":1,"Singing Bowl":23,"Magic Flower":3,"Mango":49,"Incense Burner":14,"hubris:EmptyBottle":0,"Cursed Key":13,"Burning Blood":0,"ClockworkSouvenir":3,"reliquary:TridentHead":31,"hubris:Icosahedron":1,"Pantograph":69,"hubris:ScarierMask":65,"hubris:IronBody":17,"hubris:FunFungus":54,"Gatherer:MiracleBag":57,"reliquary:RoseTintedGlasses":76,"Red Mask":21,"Chemical X":75,"hexamod:CandleOfCauterizing":10,"Golden Idol":29,"Gatherer:MistGenerator":52,"Omamori":11,"hubris:Towel":24,"Frozen Egg 2":44,"Odd Mushroom":49,"reliquary:KinkedSpring":34,"Gatherer:ExplorersPath":43,"Peace Pipe":49,"Cauldron":41,"Strange Spoon":44,"reliquary:ExpiredCoupon":59,"Orrery":0,"Art of War":39,"Membership Card":41,"hubris:Potato":9,"Toy Ornithopter":11,"Gatherer:AlchemyBag":0,"hubris:BottledRain":44},{"Calipers":334,"Whetstone":0,"Bottled Tornado":208,"Sling":10,"Boot":296,"Blood Vial":105,"Kunai":133,"hubris:TinFlute":221,"Oddly Smooth Stone":239,"Eternal Feather":195,"Letter Opener":82,"reliquary:WeakTea":143,"War Paint":0,"Gatherer:FloralEgg":344,"WarpedTongs":88,"reliquary:Bookmark":239,"Bottled Flame":254,"reliquary:PorcupineQuills":133,"Bird Faced Urn":183,"Molten Egg 2":92,"reliquary:BallBearing":362,"Black Star":100,"Darkstone Periapt":248,"Lantern":0,"Regal Pillow":4,"Singing Bowl":113,"Magic Flower":10,"Mango":239,"Incense Burner":66,"hubris:EmptyBottle":0,"Cursed Key":60,"Burning Blood":0,"ClockworkSouvenir":10,"reliquary:TridentHead":148,"hubris:Icosahedron":4,"Pantograph":320,"hubris:ScarierMask":306,"hubris:IronBody":82,"hubris:FunFungus":254,"Gatherer:MiracleBag":268,"reliquary:RoseTintedGlasses":364,"Red Mask":105,"Chemical X":362,"hexamod:CandleOfCauterizing":42,"Golden Idol":139,"Gatherer:MistGenerator":248,"Omamori":47,"hubris:Towel":117,"Frozen Egg 2":208,"Odd Mushroom":239,"reliquary:KinkedSpring":164,"Gatherer:ExplorersPath":204,"Peace Pipe":239,"Cauldron":195,"Strange Spoon":208,"reliquary:ExpiredCoupon":276,"Orrery":0,"Art of War":189,"Membership Card":195,"hubris:Potato":36,"Toy Ornithopter":47,"Gatherer:AlchemyBag":0,"hubris:BottledRain":208}],"Toy Ornithopter":119},"card_choices":[{"not_picked":["Gatherer:Misfortune","Gatherer:PotentialSlash"],"picked":"Gatherer:FruitForce","floor":1},{"not_picked":["Gatherer:Convert","Gatherer:VenomBarrier"],"picked":"Gatherer:Snatch","floor":2},{"not_picked":["Gatherer:OddSpoils","Gatherer:PotentialSlash"],"picked":"Gatherer:FlamingBottle","floor":3},{"not_picked":["Gatherer:RecipeChange","Gatherer:GlowingPlant"],"picked":"Gatherer:TreeGrowth","floor":6},{"not_picked":["Gatherer:EchoOfNature","Gatherer:Misfortune"],"picked":"Gatherer:Enchant","floor":7},{"not_picked":["Gatherer:FlowerFalling","Gatherer:Herbalism"],"picked":"Gatherer:QuickSynthesis","floor":13},{"not_picked":["Gatherer:Solidify","Gatherer:CarefulStrike"],"picked":"Gatherer:RecoveryHerb","floor":14},{"not_picked":["Gatherer:BomberForm","Gatherer:Examine"],"picked":"Gatherer:PoisonMastery","floor":16},{"not_picked":["Gatherer:EnergyBasket","Gatherer:AromaProtection"],"picked":"Gatherer:QuickSynthesis+1","floor":18},{"not_picked":["Gatherer:BigPouch","Gatherer:RecipeChange+1"],"picked":"Gatherer:BambuSword+1","floor":19},{"not_picked":["Gatherer:CarefulStrike","Gatherer:ScherryThrow"],"picked":"Gatherer:CollectorsShot+1","floor":22},{"not_picked":["Gatherer:WoolGloves","Gatherer:EnergyBasket"],"picked":"Gatherer:GlowingPlant+1","floor":23},{"not_picked":["Gatherer:BambuSword","Gatherer:WoolGloves"],"picked":"Gatherer:Snatch","floor":24},{"not_picked":["Gatherer:Frenzy","Gatherer:EnergyBasket"],"picked":"Gatherer:PotentialSlash+1","floor":25},{"not_picked":["Gatherer:EnergyBasket","Gatherer:OddSpoils"],"picked":"Gatherer:Frenzy","floor":27},{"not_picked":["Gatherer:ScrollOfPurity","Gatherer:LuckyClover"],"picked":"Gatherer:PoisonMastery","floor":33},{"not_picked":["Gatherer:DrugPower+1","Gatherer:EnergyBasket+1"],"picked":"Gatherer:FlowerBeam+1","floor":35},{"not_picked":["Gatherer:Duality","Gatherer:BambuSword"],"picked":"Gatherer:FragileHammer+1","floor":36},{"not_picked":["Gatherer:ScrollOfWall","Gatherer:PotentialSlash+1"],"picked":"Gatherer:SmartManeuver","floor":37},{"not_picked":["Gatherer:Frenzy+1","Gatherer:FragileHammer+1"],"picked":"Gatherer:SealedBomb+1","floor":38},{"not_picked":["Gatherer:Snatch","Gatherer:QuickSynthesis"],"picked":"Gatherer:Herbalism+1","floor":42},{"not_picked":["Gatherer:TacticalStrike","Gatherer:EnergyBasket"],"picked":"Gatherer:FruitForce","floor":45},{"not_picked":["Gatherer:AromaProtection+1","Gatherer:CarefulStrike"],"picked":"Gatherer:Overflowing","floor":46},{"not_picked":["Gatherer:TreeGrowth","Gatherer:Herbalism+1"],"picked":"Gatherer:CarefulStrike+1","floor":47},{"not_picked":["Gatherer:UpgradeBag","Gatherer:SmartManeuver+1"],"picked":"Gatherer:CollectorsShot+1","floor":48},{"not_picked":["Gatherer:FragileHammer","Gatherer:ScherryThrow+1"],"picked":"Gatherer:FeelingFine+1","floor":54}],"player_experience":466510,"relics_obtained":[{"floor":9,"key":"Bottled Flame"},{"floor":11,"key":"hubris:FunFungus"},{"floor":26,"key":"reliquary:WeakTea"},{"floor":27,"key":"Boot"},{"floor":42,"key":"Toy Ornithopter"},{"floor":45,"key":"Calipers"},{"floor":47,"key":"Gatherer:FloralEgg"},{"floor":54,"key":"reliquary:RoseTintedGlasses"}],"event_choices":[{"cards_removed":["Pride","Injury"],"damage_healed":0,"gold_gain":0,"player_choice":"Removed Curses","damage_taken":0,"max_hp_gain":0,"max_hp_loss":0,"event_name":"Fountain of Cleansing","floor":5,"gold_loss":0},{"damage_healed":0,"gold_gain":0,"player_choice":"RE RE ","damage_taken":47,"relics_obtained":["reliquary:ExpiredCoupon","War Paint"],"max_hp_gain":0,"max_hp_loss":0,"event_name":"betterSkull:BetterSkull","floor":20,"gold_loss":0,"cards_upgraded":[]},{"damage_healed":0,"gold_gain":0,"player_choice":"Copied","damage_taken":0,"max_hp_gain":0,"max_hp_loss":0,"event_name":"Duplicator","floor":21,"gold_loss":0,"cards_obtained":["Metamorphosis"]},{"cards_removed":["Gatherer:QuickSynthesis"],"damage_healed":0,"gold_gain":0,"player_choice":"Got a Spare Bottle","damage_taken":0,"max_hp_gain":0,"max_hp_loss":0,"event_name":"Gatherer:BottleCollector","floor":28,"gold_loss":0,"cards_obtained":["Gatherer:SpareBottle"]},{"damage_healed":0,"gold_gain":0,"player_choice":" Potion ","damage_taken":22,"relics_obtained":[],"max_hp_gain":63,"max_hp_loss":41,"event_name":"betterAltar:BetterAltar","floor":31,"potions_obtained":["betterAltar:AltarPotion"],"relics_lost":[],"gold_loss":0},{"cards_removed":["Metamorphosis"],"damage_healed":0,"gold_gain":0,"player_choice":"Removed Skill","damage_taken":0,"max_hp_gain":0,"max_hp_loss":0,"event_name":"Falling","floor":44,"gold_loss":0}],"is_beta":false,"boss_relics":[{"not_picked":["Cursed Key","Empty Cage"],"picked":"Gatherer:MiracleBag"},{"not_picked":["Runic Dome","reliquary:KinkedSpring"],"picked":"hubris:ScarierMask"}],"items_purged_floors":[],"is_endless":false,"potions_floor_spawned":[2,14,16,18,23,24,35,38,42,47,48],"killed_by":"The Heart","ascension_level":0}}