{"host":"92wx9z21c4p52du4","time":1612582217,"event":{"mods":["BaseMod","Downfall","Hermit","Minty Spire (QoL Compilation)","Reliquary","StSLib","The Hierophant"],"gold_per_floor":[99,99,99,99,24,24,24,54,54,64,64,239,47,47,57,154,154,154,170,3,3,18,18,18,34,51,80,80,100,0,0,10,10,10,10],"floor_reached":33,"language":"ENG","playtime":1765,"items_purged":["bronze:Strike","bronze:Constructor"],"score":250,"play_id":"c7227811-90ea-4bec-904c-db58d867e289","local_time":"20210205213017","is_ascension_mode":false,"campfire_choices":[{"data":"bronze:Goto","floor":1,"key":"SMITH"},{"data":"bronze:Allocate","floor":9,"key":"SMITH"},{"data":"bronze:MaxOutput","floor":11,"key":"SMITH"},{"data":"bronze:AlphaBuild","floor":18,"key":"SMITH"},{"data":"bronze:Turbo","floor":23,"key":"SMITH"},{"data":"bronze:GetLatest","floor":28,"key":"SMITH"},{"floor":30,"key":"REST"}],"circlet_count":0,"master_deck":["bronze:Strike","bronze:Strike","bronze:Strike","bronze:Defend","bronze:Defend","bronze:Defend","bronze:Defend","bronze:Replicate+1","bronze:Goto+1","bronze:Allocate+1","bronze:WhirlingStrike+1","bronze:WildBeam+1","bronze:MaxOutput+1","bronze:ForLoop","bronze:FineTuning","bronze:OilSpill","bronze:AlphaBuild+1","bronze:BronzeOrb+1","bronze:WildBeam","bronze:Turbo+1","bronze:Safeguard","bronze:FineTuning+1","bronze:GetLatest+1","bronze:Turbo+1","bronze:CutThrough"],"relics":["bronze:BronzeCore","downfall:HeartsMalice","downfall:ShatteredFragment","Pear","reliquary:RoseTintedGlasses","Strange Spoon","SlaversCollar","Spirit Poop","reliquary:NewFriend","reliquary:PrincelyHelmet","downfall:HeartBlessingGreen"],"acts_visited":["Exordium","TheCity"],"potions_floor_usage":[16,16,20,33,33,33],"damage_taken":[{"damage":0,"enemies":"2 Louse","floor":2,"turns":1},{"damage":0,"enemies":"Cultist","floor":4,"turns":1},{"damage":0,"enemies":"downfall:FleeingMerchant","floor":5,"turns":1},{"damage":1,"enemies":"Jaw Worm","floor":10,"turns":2},{"damage":0,"enemies":"downfall:FleeingMerchant","floor":13,"turns":4},{"damage":0,"enemies":"Large Slime","floor":15,"turns":2},{"damage":19,"enemies":"WA_ARCHETYPE_RETAIN","floor":16,"turns":5},{"damage":0,"enemies":"3 Byrds","floor":19,"turns":5},{"damage":10,"enemies":"downfall:FleeingMerchant","floor":20,"turns":4},{"damage":0,"enemies":"Chosen","floor":22,"turns":3},{"damage":21,"enemies":"Snake Plant","floor":25,"turns":4},{"damage":17,"enemies":"Centurion and Healer","floor":26,"turns":7},{"damage":10,"enemies":"Slavers","floor":27,"turns":3},{"damage":14,"enemies":"Cultist and Chosen","floor":29,"turns":6},{"damage":0,"enemies":"Shelled Parasite and Fungi","floor":32,"turns":3},{"damage":35,"enemies":"SI_MIRROR_ARCHETYPE","floor":33,"turns":4}],"seed_played":"-3406728500462251153","potions_obtained":[{"floor":10,"key":"Block Potion"},{"floor":15,"key":"sneckomod:MuddlingPotion"},{"floor":16,"key":"bronze:BuildAFunctionPotion"},{"floor":22,"key":"SpeedPotion"},{"floor":25,"key":"Dexterity Potion"},{"floor":32,"key":"sneckomod:MuddlingPotion"}],"is_trial":false,"path_per_floor":["R","M","?","M","$","?","T","?","R","M","R","?","$","?","M","B",null,"R","M","$","?","M","R","T","M","M","E","R","M","R","?","M","B"],"character_chosen":"THE_AUTOMATON","items_purchased":["Strange Spoon","bronze:FineTuning","bronze:Turbo"],"campfire_rested":1,"item_purchase_floors":[13,13,20],"current_hp_per_floor":[70,70,70,70,70,49,59,59,59,58,58,58,58,58,58,39,80,80,80,70,70,70,70,70,49,32,22,22,8,32,32,32,0,0,0],"gold":10,"neow_bonus":"THREE_ENEMY_KILL","is_daily":false,"chose_seed":false,"campfire_upgraded":6,"win_rate":0.0,"timestamp":1612582217,"path_taken":["R","M","?","M","?","?","T","?","R","M","R","?","$","?","M","BOSS","R","M","$","?","M","R","T","M","?","E","R","M","R","?","M","BOSS"],"items_purchased_type":["Relic","Card","Card"],"build_version":"2020-12-22","purchased_purges":2,"victory":false,"max_hp_per_floor":[70,70,70,70,70,70,80,80,80,80,80,80,80,80,80,80,80,80,80,80,80,80,80,80,80,80,80,80,80,80,80,80,80,80,80],"card_choices":[{"not_picked":["bronze:CutThrough","bronze:Refactor"],"picked":"bronze:Allocate","floor":2},{"not_picked":["bronze:BitShift","bronze:Overheat"],"picked":"bronze:WhirlingStrike","floor":4},{"not_picked":["bronze:Deprecate","bronze:CutThrough"],"picked":"bronze:WildBeam","floor":5},{"not_picked":["bronze:ThunderWave","bronze:OilSpill"],"picked":"bronze:MaxOutput","floor":10},{"not_picked":["bronze:Separator","bronze:DelayedSlice"],"picked":"bronze:ForLoop","floor":13},{"not_picked":["bronze:Iterate","bronze:BitShift"],"picked":"bronze:OilSpill","floor":15},{"not_picked":["bronze:Break","bronze:SpaghettiCode"],"picked":"bronze:AlphaBuild","floor":16},{"not_picked":["bronze:Refactor","bronze:Branch"],"picked":"bronze:BronzeOrb+1","floor":19},{"not_picked":["bronze:WhirlingStrike","bronze:Philosophize+1"],"picked":"bronze:WildBeam","floor":20},{"not_picked":["bronze:BugBarrage","bronze:OilSpill"],"picked":"bronze:Safeguard","floor":22},{"not_picked":["bronze:Invalidate","bronze:Separator+1"],"picked":"bronze:FineTuning+1","floor":25},{"not_picked":["bronze:Deprecate","bronze:Separator","bronze:ChildClass+1"],"picked":"SKIP","floor":26},{"not_picked":["bronze:Philosophize+1","bronze:CleanCode"],"picked":"bronze:GetLatest","floor":27},{"not_picked":["bronze:Deprecate","bronze:Overheat"],"picked":"bronze:Turbo+1","floor":29},{"not_picked":["bronze:ChosenStrike","bronze:BuggyMess"],"picked":"bronze:CutThrough","floor":32}],"player_experience":285801,"relics_obtained":[{"floor":7,"key":"Pear"},{"floor":24,"key":"reliquary:NewFriend"},{"floor":27,"key":"reliquary:PrincelyHelmet"}],"event_choices":[{"damage_healed":0,"gold_gain":0,"player_choice":"Ignored","damage_taken":0,"max_hp_gain":0,"max_hp_loss":0,"event_name":"NoteForYourself","floor":3,"gold_loss":0},{"cards_removed":["Doubt"],"damage_healed":0,"gold_gain":0,"player_choice":"Offered Curse","damage_taken":0,"relics_obtained":["Spirit Poop"],"max_hp_gain":0,"max_hp_loss":0,"event_name":"Bonfire Elementals","floor":21,"gold_loss":0}],"is_beta":false,"boss_relics":[{"not_picked":["Runic Pyramid","Runic Dome"],"picked":"SlaversCollar"}],"items_purged_floors":[5,20],"is_endless":false,"potions_floor_spawned":[10,15,16,22,25,32],"killed_by":"SI_MIRROR_ARCHETYPE","ascension_level":0}}