{"host":"dlqyscxstsnu98l1","time":1612599421,"event":{"mods":["AchievementEnabler","BaseMod","Colored Map","Colored Powertips","Downfall","GifTheSpireLib","Highlight Path","Minty Spire (QoL Compilation)","Random Character Button","SacredBarkPlus","Slay-I","StSLib","everything is the same but u backflip on backflip"],"gold_per_floor":[111,124,224,243,1,29,43,72,120,120,135,60,60,70,70,170,170,188,88,108,108,134,134,134],"floor_reached":23,"language":"ENG","playtime":759,"items_purged":["Strike_R","Strike_R"],"score":221,"play_id":"367edc6e-0f6c-427e-96ce-4e2b96422441","local_time":"20210206021701","is_ascension_mode":true,"campfire_choices":[{"data":"Armaments","floor":10,"key":"SMITH"},{"data":"True Grit","floor":15,"key":"SMITH"}],"circlet_count":0,"master_deck":["Strike_R","Strike_R","Strike_R","Defend_R","Defend_R","Defend_R","Defend_R","Bash","Bludgeon+1","Wild Strike","Cleave","Combust","Armaments+1","True Grit+1","Immolate","Thunderclap"],"relics":["Burning Blood","Paper Frog","StoneCalendar","Bottled Flame","Mark of Pain","Red Mask"],"acts_visited":["Exordium","TheCity"],"potions_floor_usage":[6,7,8,23,23],"damage_taken":[{"damage":0,"enemies":"Cultist","floor":1,"turns":2},{"damage":8,"enemies":"2 Louse","floor":2,"turns":2},{"damage":0,"enemies":"Small Slimes","floor":4,"turns":2},{"damage":26,"enemies":"Lagavulin","floor":6,"turns":5},{"damage":1,"enemies":"Looter","floor":7,"turns":2},{"damage":8,"enemies":"3 Sentries","floor":8,"turns":5},{"damage":8,"enemies":"Blue Slaver","floor":11,"turns":4},{"damage":0,"enemies":"2 Fungi Beasts","floor":14,"turns":2},{"damage":42,"enemies":"Hexaghost","floor":16,"turns":7},{"damage":23,"enemies":"2 Thieves","floor":18,"turns":4},{"damage":24,"enemies":"Shell Parasite","floor":20,"turns":4},{"damage":24,"enemies":"Masked Bandits","floor":22,"turns":4},{"damage":31,"enemies":"Book of Stabbing","floor":23,"turns":4}],"seed_played":"-395081254954117303","potions_obtained":[{"floor":2,"key":"Ancient Potion"},{"floor":6,"key":"Energy Potion"},{"floor":7,"key":"Fire Potion"},{"floor":14,"key":"CultistPotion"},{"floor":22,"key":"sneckomod:MuddlingPotion"}],"is_trial":false,"path_per_floor":["M","M","?","M","$","E","M","E","T","R","M","$","?","M","R","B",null,"M","$","M","?","?","E"],"character_chosen":"IRONCLAD","items_purchased":["Paper Frog"],"campfire_rested":0,"item_purchase_floors":[5],"current_hp_per_floor":[80,78,78,80,80,60,65,63,63,63,61,61,61,67,67,31,80,63,63,45,45,27,0,0],"gold":134,"neow_bonus":"ONE_RANDOM_RARE_CARD","is_daily":false,"chose_seed":false,"campfire_upgraded":2,"win_rate":0.0,"timestamp":1612599421,"path_taken":["M","M","?","M","$","E","M","E","T","R","M","?","?","?","R","BOSS","M","$","M","?","?","E"],"items_purchased_type":["Relic"],"build_version":"2020-12-22","purchased_purges":2,"victory":false,"max_hp_per_floor":[80,80,80,80,80,80,80,80,80,80,80,80,80,80,80,80,80,80,80,80,80,80,80,80],"card_choices":[{"not_picked":["Headbutt","Body Slam"],"picked":"Wild Strike","floor":1},{"not_picked":["Sword Boomerang","Dropkick"],"picked":"Cleave","floor":2},{"not_picked":["Fire Breathing","Entrench","Body Slam"],"picked":"SKIP","floor":4},{"not_picked":["Heavy Blade","Flex","Wild Strike"],"picked":"SKIP","floor":6},{"not_picked":["Cleave","Twin Strike"],"picked":"Combust","floor":7},{"not_picked":["Clothesline","Headbutt"],"picked":"Armaments","floor":8},{"not_picked":["Armaments","Rampage","Iron Wave"],"picked":"SKIP","floor":11},{"not_picked":["Pommel Strike","Dual Wield"],"picked":"True Grit","floor":14},{"not_picked":["Juggernaut","Limit Break"],"picked":"Immolate","floor":16},{"not_picked":["Whirlwind","Evolve"],"picked":"Thunderclap","floor":18},{"not_picked":["Thunderclap","Evolve+1","Combust"],"picked":"SKIP","floor":20}],"player_experience":150855,"relics_obtained":[{"floor":6,"key":"StoneCalendar"},{"floor":8,"key":"Bottled Flame"},{"floor":22,"key":"Red Mask"}],"event_choices":[{"damage_healed":0,"gold_gain":100,"player_choice":"Gold","damage_taken":0,"max_hp_gain":0,"max_hp_loss":0,"event_name":"Wheel of Change","floor":3,"gold_loss":0},{"damage_healed":0,"gold_gain":0,"player_choice":"Upgraded","damage_taken":0,"max_hp_gain":0,"max_hp_loss":0,"event_name":"Upgrade Shrine","floor":13,"gold_loss":0,"cards_upgraded":["Bludgeon"]},{"damage_healed":0,"gold_gain":0,"player_choice":"Ignored","damage_taken":0,"max_hp_gain":0,"max_hp_loss":0,"event_name":"Ghosts","floor":21,"gold_loss":0},{"damage_healed":0,"gold_gain":0,"player_choice":"Fought Bandits","damage_taken":0,"max_hp_gain":0,"max_hp_loss":0,"event_name":"Masked Bandits","floor":22,"gold_loss":0}],"is_beta":false,"boss_relics":[{"not_picked":["Tiny House","Sozu"],"picked":"Mark of Pain"}],"items_purged_floors":[12,19],"is_endless":false,"potions_floor_spawned":[2,6,7,14,22],"killed_by":"Book of Stabbing","ascension_level":2}}