{"host":"0rw6szqh3yi1u2jw","time":1612581281,"event":{"mods":["BaseMod","Bestiary","Minty Spire (QoL Compilation)"],"gold_per_floor":[115,126,144,160,176,209,209,52,78,78,3,19,19,50,50,154,154,168,168,185,85,102,134,134,163,163,163,196,196,6,19,19,115,115,127,147,147,147,158,192,192,207,230,11,11,28,53,53,53],"floor_reached":48,"language":"ENG","playtime":4382,"items_purged":["Defend_R","Defend_R","Defend_R"],"score":613,"play_id":"e6e9dedc-3ad2-4b52-b447-7c462dd839c3","local_time":"20210205221441","is_ascension_mode":true,"campfire_choices":[{"data":"Metallicize","floor":7.0,"key":"SMITH"},{"data":"Double Tap","floor":10.0,"key":"SMITH"},{"floor":13.0,"key":"REST"},{"data":"Searing Blow","floor":15.0,"key":"SMITH"},{"data":"Bite","floor":27.0,"key":"SMITH"},{"data":"Armaments","floor":32.0,"key":"SMITH"},{"floor":41.0,"key":"RECALL"}],"circlet_count":0,"master_deck":["Defend_R+1","Bash","Disarm+1","Searing Blow+1","Cleave","Shrug It Off","Metallicize+1","Double Tap+1","Inflame","Clothesline","Pommel Strike","Feed","Metallicize","Bite+1","Bite","Bite","Bite","Thunderclap","Demon Form","RitualDagger","Bloodletting","Shockwave","Armaments+1","Dual Wield+1","Berserk","Armaments+1","Madness","Madness","Heavy Blade+1","Disarm+1","Parasite","Spot Weakness+1"],"relics":["Burning Blood","Champion Belt","Whetstone","Bag of Marbles","Black Star","Centennial Puzzle","MealTicket","Vajra","Bronze Scales","The Courier","Lantern","Happy Flower","Mercury Hourglass","ClockworkSouvenir","SlaversCollar","Kunai","Shuriken","War Paint","Toxic Egg 2","Ginger"],"acts_visited":["Exordium","TheCity","TheBeyond"],"potions_floor_usage":[47],"damage_taken":[{"damage":7.0,"enemies":"Cultist","floor":1.0,"turns":5.0},{"damage":0.0,"enemies":"Small Slimes","floor":2.0,"turns":4.0},{"damage":4.0,"enemies":"Jaw Worm","floor":3.0,"turns":3.0},{"damage":0.0,"enemies":"Large Slime","floor":4.0,"turns":3.0},{"damage":17.0,"enemies":"Looter","floor":5.0,"turns":3.0},{"damage":40.0,"enemies":"Gremlin Nob","floor":6.0,"turns":6.0},{"damage":16.0,"enemies":"Exordium Wildlife","floor":12.0,"turns":6.0},{"damage":8.0,"enemies":"Lagavulin","floor":14.0,"turns":9.0},{"damage":15.0,"enemies":"Hexaghost","floor":16.0,"turns":10.0},{"damage":27.0,"enemies":"2 Thieves","floor":18.0,"turns":5.0},{"damage":5.0,"enemies":"Chosen","floor":20.0,"turns":6.0},{"damage":11.0,"enemies":"Snake Plant","floor":22.0,"turns":6.0},{"damage":35.0,"enemies":"Book of Stabbing","floor":23.0,"turns":9.0},{"damage":29.0,"enemies":"Slavers","floor":25.0,"turns":13.0},{"damage":21.0,"enemies":"Gremlin Leader","floor":28.0,"turns":8.0},{"damage":6.0,"enemies":"Centurion and Healer","floor":31.0,"turns":5.0},{"damage":55.0,"enemies":"Collector","floor":33.0,"turns":11.0},{"damage":10.0,"enemies":"3 Shapes","floor":35.0,"turns":4.0},{"damage":12.0,"enemies":"Orb Walker","floor":36.0,"turns":3.0},{"damage":24.0,"enemies":"Jaw Worm Horde","floor":39.0,"turns":5.0},{"damage":18.0,"enemies":"Giant Head","floor":40.0,"turns":7.0},{"damage":9.0,"enemies":"4 Shapes","floor":42.0,"turns":4.0},{"damage":0.0,"enemies":"Writhing Mass","floor":46.0,"turns":5.0},{"damage":57,"enemies":"Nemesis","floor":47,"turns":7},{"damage":56,"enemies":"Spire Growth","floor":48,"turns":6}],"seed_played":"3152186115469750284","potions_obtained":[{"floor":1.0,"key":"SpeedPotion"},{"floor":3.0,"key":"AttackPotion"},{"floor":5.0,"key":"Dexterity Potion"},{"floor":12.0,"key":"ColorlessPotion"},{"floor":18.0,"key":"Block Potion"},{"floor":22.0,"key":"PowerPotion"},{"floor":23.0,"key":"FearPotion"},{"floor":28.0,"key":"Dexterity Potion"},{"floor":31.0,"key":"Fire Potion"},{"floor":35.0,"key":"Block Potion"},{"floor":46.0,"key":"EssenceOfSteel"}],"is_trial":false,"path_per_floor":["M","M","M","M","M","E","R","$","T","R","$","M","R","E","R","B",null,"M","?","M","$","M","E","?","E","T","R","E","?","$","M","R","B",null,"M","M","?","?","M","E","R","M","T","$","?","M","E","M"],"character_chosen":"IRONCLAD","items_purchased":["Double Tap","Inflame","ClockworkSouvenir","Shockwave","Armaments","War Paint"],"campfire_rested":1,"item_purchase_floors":[8,8,30,30,30,44],"current_hp_per_floor":[71,72,72,72,61,27,27,27,27,27,27,19,40,40,40,33,72,51,51,64,64,67,51,45,44,44,44,47,47,62,71,71,32,75,75,72,72,63,59,68,68,72,72,82,82,82,39,0,0],"gold":53,"neow_bonus":"ONE_RARE_RELIC","is_daily":false,"chose_seed":false,"campfire_upgraded":5,"win_rate":0.0,"timestamp":1612581281,"path_taken":["M","?","M","M","M","E","R","$","T","R","?","M","R","E","R","BOSS","M","?","M","$","M","E","?","E","T","R","E","?","$","M","R","BOSS","M","M","?","?","M","E","R","M","T","$","?","M","E","M"],"items_purchased_type":["Card","Card","Relic","Card","Card","Relic"],"build_version":"2020-12-22","purchased_purges":3,"victory":false,"max_hp_per_floor":[72,72,72,72,72,72,72,72,72,72,72,72,72,72,72,72,72,72,72,72,72,72,75,75,75,75,75,75,75,75,75,75,75,75,75,75,75,75,78,78,78,82,82,82,82,82,86,86,86],"card_choices":[{"not_picked":["Uppercut","Warcry"],"picked":"Disarm","floor":1.0},{"not_picked":["Carnage","Armaments"],"picked":"Searing Blow","floor":2.0},{"not_picked":["Heavy Blade","Body Slam"],"picked":"Cleave","floor":3.0},{"not_picked":["Havoc","Sword Boomerang","Brutality"],"picked":"SKIP","floor":4.0},{"not_picked":["Pummel","Battle Trance"],"picked":"Shrug It Off","floor":5.0},{"not_picked":["Pommel Strike","Seeing Red"],"picked":"Metallicize","floor":6.0},{"not_picked":["Wild Strike","Flex"],"picked":"Clothesline","floor":12.0},{"not_picked":["Flex","Clothesline"],"picked":"Pommel Strike","floor":14.0},{"not_picked":["Juggernaut","Brutality"],"picked":"Feed","floor":16.0},{"not_picked":["Warcry","Heavy Blade"],"picked":"Metallicize","floor":18.0},{"not_picked":["Clash","Intimidate"],"picked":"Thunderclap","floor":20.0},{"not_picked":["Clothesline","Shrug It Off","Flex"],"picked":"SKIP","floor":22.0},{"not_picked":["True Grit","Twin Strike"],"picked":"Demon Form","floor":23.0},{"not_picked":["Heavy Blade","Shrug It Off","Clash"],"picked":"SKIP","floor":25.0},{"not_picked":["Wild Strike+1","Entrench"],"picked":"Bloodletting","floor":28.0},{"not_picked":["Perfected Strike","Wild Strike"],"picked":"Dual Wield+1","floor":31.0},{"not_picked":["Bludgeon","Exhume"],"picked":"Berserk","floor":33.0},{"not_picked":["Twin Strike","Anger+1","Whirlwind"],"picked":"SKIP","floor":35.0},{"not_picked":["True Grit","Warcry"],"picked":"Armaments+1","floor":36.0},{"not_picked":["Cleave","Pommel Strike","Anger"],"picked":"SKIP","floor":39.0},{"not_picked":["Perfected Strike","Shrug It Off+1"],"picked":"Heavy Blade+1","floor":40.0},{"not_picked":["Body Slam","Havoc"],"picked":"Disarm+1","floor":42.0},{"not_picked":["Limit Break","Hemokinesis"],"picked":"Spot Weakness+1","floor":46.0},{"not_picked":["Sword Boomerang","Havoc+1","Armaments+1"],"picked":"SKIP","floor":47}],"player_experience":109979,"relics_obtained":[{"floor":6.0,"key":"Whetstone"},{"floor":9.0,"key":"Blood Vial"},{"floor":14.0,"key":"Bag of Marbles"},{"floor":23.0,"key":"Centennial Puzzle"},{"floor":23.0,"key":"MealTicket"},{"floor":25.0,"key":"Vajra"},{"floor":25.0,"key":"Bronze Scales"},{"floor":26.0,"key":"The Courier"},{"floor":28.0,"key":"Lantern"},{"floor":28.0,"key":"Happy Flower"},{"floor":40.0,"key":"Kunai"},{"floor":40.0,"key":"Shuriken"},{"floor":47,"key":"Toxic Egg 2"},{"floor":47,"key":"Ginger"}],"event_choices":[{"damage_healed":0.0,"max_hp_gain":0.0,"max_hp_loss":0.0,"gold_gain":0.0,"event_name":"Vampires","player_choice":"Became a vampire (Vial)","floor":19.0,"relics_lost":["Blood Vial"],"gold_loss":0.0,"damage_taken":0.0,"cards_obtained":["Bite","Bite","Bite","Bite","Bite"]},{"damage_healed":0.0,"max_hp_gain":0.0,"max_hp_loss":0.0,"gold_gain":0.0,"event_name":"Nest","player_choice":"Joined the Cult","floor":24.0,"gold_loss":0.0,"damage_taken":6.0,"cards_obtained":["RitualDagger"]},{"damage_healed":0.0,"max_hp_gain":0.0,"max_hp_loss":0.0,"gold_gain":0.0,"event_name":"The Mausoleum","player_choice":"Opened","floor":29.0,"gold_loss":0.0,"damage_taken":0.0,"relics_obtained":["Mercury Hourglass"]},{"cards_removed":["Bite"],"damage_healed":0.0,"max_hp_gain":0.0,"max_hp_loss":0.0,"gold_gain":0.0,"event_name":"Falling","player_choice":"Removed Attack","floor":37.0,"gold_loss":0.0,"damage_taken":0.0},{"damage_healed":0.0,"max_hp_gain":0.0,"max_hp_loss":0.0,"gold_gain":0.0,"event_name":"Winding Halls","player_choice":"Embrace Madness","floor":38.0,"gold_loss":0.0,"damage_taken":9.0,"cards_obtained":["Madness","Madness"]},{"damage_healed":0.0,"max_hp_gain":0.0,"max_hp_loss":0.0,"gold_gain":0.0,"event_name":"Mysterious Sphere","player_choice":"Ignored","floor":45.0,"gold_loss":0.0,"damage_taken":0.0}],"is_beta":false,"boss_relics":[{"not_picked":["Busted Crown","Snecko Eye"],"picked":"Black Star"},{"not_picked":["Velvet Choker","Black Blood"],"picked":"SlaversCollar"}],"items_purged_floors":[11,21,44],"is_endless":false,"potions_floor_spawned":[1,3,5,12,18,22,23,28,31,35,46],"killed_by":"Spire Growth","ascension_level":1}}