{"host":"l12hrjjiowxu1z6t","time":1612596040,"event":{"mods":["BaseMod","Colored Map","GifTheSpireLib","Minty Spire (QoL Compilation)","Permanent Neow","StSLib","SuperFastMode"],"gold_per_floor":[118,131,412,426,436,436,436,770,841,841,856,872,279,292,292,392,392,402,418,418,433,443,476,492,692,692,31,31,31,31,47,47,142,142,153,153,153,170,0,25,230,240,240,240,253,253,303,316,316,316,316,316,348,377,377],"floor_reached":56,"language":"KOR","playtime":4489,"items_purged":["Bash","Anger+1","Cleave+1","Sever Soul+1","Carnage+1"],"score":1591,"play_id":"89f7bbe8-71be-4271-bb09-5375445abc66","local_time":"20210206162040","is_ascension_mode":false,"campfire_choices":[{"floor":6.0,"key":"RECALL"},{"floor":10.0,"key":"REST"},{"floor":15.0,"key":"REST"},{"floor":28.0,"key":"REST"},{"floor":30,"key":"REST"},{"floor":32,"key":"REST"},{"floor":46,"key":"REST"},{"floor":49,"key":"REST"},{"floor":52,"key":"REST"}],"circlet_count":0,"master_deck":["Pommel Strike+1","Warcry+1","Inflame+1","Body Slam+1","Rage+1","Limit Break+1","Battle Trance+1","Bludgeon+1","Shrug It Off+1","Impervious+1","Offering+1","Barricade+1","Impervious+1","Seeing Red+1","Body Slam+1","Limit Break+1","Forethought+1","Entrench+1","Power Through+1","Demon Form+1","Master of Strategy+1","Bloodletting+1"],"relics":["Black Star","Molten Egg 2","Frozen Egg 2","Toxic Egg 2","Calipers","Boot","Chemical X","Pandora\u0027s Box","Question Card","Bottled Lightning","Medical Kit","Matryoshka","Lantern","Dream Catcher","Lee\u0027s Waffle","Omamori","Calling Bell","Blood Vial","Darkstone Periapt","Unceasing Top","PreservedInsect","Regal Pillow","MealTicket","Potion Belt","Ancient Tea Set","Nunchaku","ClockworkSouvenir","Runic Cube","Red Mask","MawBank","Toy Ornithopter","Molten Egg 2","Letter Opener","Strange Spoon","Happy Flower","Pear","FossilizedHelix","Bag of Marbles","Frozen Eye","HornCleat","Mercury Hourglass","Bag of Preparation"],"acts_visited":["TheCity","TheBeyond","TheEnding"],"potions_floor_usage":[31,35,38,45,50,55],"damage_taken":[{"damage":10.0,"enemies":"Cultist","floor":1.0,"turns":4.0},{"damage":9.0,"enemies":"Jaw Worm","floor":2.0,"turns":4.0},{"damage":0.0,"enemies":"2 Louse","floor":4.0,"turns":2.0},{"damage":3.0,"enemies":"Red Slaver","floor":5.0,"turns":4.0},{"damage":0.0,"enemies":"3 Louse","floor":11.0,"turns":1.0},{"damage":0.0,"enemies":"Exordium Thugs","floor":12.0,"turns":3.0},{"damage":0.0,"enemies":"Looter","floor":14.0,"turns":2.0},{"damage":37.0,"enemies":"Hexaghost","floor":16.0,"turns":6.0},{"damage":0.0,"enemies":"3 Byrds","floor":18.0,"turns":3.0},{"damage":0.0,"enemies":"2 Thieves","floor":19.0,"turns":2.0},{"damage":6.0,"enemies":"Shelled Parasite and Fungi","floor":21.0,"turns":3.0},{"damage":6.0,"enemies":"Sentry and Sphere","floor":22.0,"turns":2.0},{"damage":24.0,"enemies":"Book of Stabbing","floor":23.0,"turns":4.0},{"damage":6.0,"enemies":"Snecko","floor":24.0,"turns":2.0},{"damage":26,"enemies":"Centurion and Healer","floor":31,"turns":3},{"damage":6,"enemies":"Champ","floor":33,"turns":3},{"damage":6,"enemies":"3 Shapes","floor":35,"turns":3},{"damage":11,"enemies":"Orb Walker","floor":38,"turns":2},{"damage":6,"enemies":"Giant Head","floor":40,"turns":2},{"damage":6,"enemies":"3 Darklings","floor":42,"turns":3},{"damage":6,"enemies":"Transient","floor":45,"turns":4},{"damage":6,"enemies":"Mind Bloom Boss Battle","floor":47,"turns":1},{"damage":0,"enemies":"Maw","floor":48,"turns":1},{"damage":0,"enemies":"Donu and Deca","floor":50,"turns":4},{"damage":6,"enemies":"Shield and Spear","floor":54,"turns":2},{"damage":21,"enemies":"The Heart","floor":55,"turns":4}],"seed_played":"8853400127371199667","potions_obtained":[{"floor":1.0,"key":"GamblersBrew"},{"floor":4.0,"key":"BloodPotion"},{"floor":18.0,"key":"Fire Potion"},{"floor":19.0,"key":"Energy Potion"},{"floor":22.0,"key":"FearPotion"},{"floor":24.0,"key":"Fruit Juice"},{"floor":35,"key":"SkillPotion"},{"floor":42,"key":"BloodPotion"},{"floor":48,"key":"Dexterity Potion"}],"is_trial":false,"path_per_floor":["M","M","$","M","M","R","?","$","T","R","M","M","$","M","R","B",null,"M","M","?","M","M","E","M","?","T","$","R","?","R","M","R","B",null,"M","?","?","M","?","E","$","M","T","?","M","R","?","M","R","B",null,"R","$","E","B",null],"character_chosen":"IRONCLAD","items_purchased":["Calipers","Boot","Chemical X","Warcry+1","Question Card","Bottled Lightning","Medical Kit","Shrug It Off+1","Lantern","Dream Catcher","Lee\u0027s Waffle","Ancient Tea Set","Nunchaku","ClockworkSouvenir","Seeing Red+1","Molten Egg 2","Letter Opener","Strange Spoon","Bag of Marbles","Frozen Eye","HornCleat","Master of Strategy+1","Bloodletting+1"],"campfire_rested":8,"item_purchase_floors":[3,3,3,3,8,8,8,13,13,13,13,27,27,27,27,41,41,41,53,53,53,53,53],"current_hp_per_floor":[70,61,61,61,74,74,58,58,58,80,80,80,87,87,87,50,87,87,87,87,81,77,55,51,51,51,66,87,87,87,61,87,81,87,86,86,86,77,77,73,88,84,94,94,95,102,96,98,102,102,102,102,102,96,96],"gold":377,"neow_bonus":"BOSS_RELIC","is_daily":false,"chose_seed":false,"campfire_upgraded":0,"win_rate":0.0,"timestamp":1612596040,"path_taken":["M","?","$","M","?","R","?","$","T","R","M","M","$","M","R","BOSS","M","M","?","?","M","E","M","?","T","?","R","?","R","?","R","BOSS","M","?","?","?","?","E","$","M","T","?","M","R","?","M","R","BOSS","R","$","E","BOSS"],"items_purchased_type":["Relic","Relic","Relic","Card","Relic","Relic","Relic","Card","Relic","Relic","Relic","Relic","Relic","Relic","Card","Relic","Relic","Relic","Relic","Relic","Relic","Card","Card"],"build_version":"2020-12-22","purchased_purges":5,"victory":true,"max_hp_per_floor":[80,80,80,80,80,80,80,80,80,80,80,80,87,87,87,87,87,87,87,87,87,87,87,87,87,87,87,87,87,87,87,87,87,87,92,92,92,92,92,92,92,92,102,102,102,102,102,102,102,102,102,102,102,102,102],"card_choices":[{"not_picked":["Power Through+1","Perfected Strike+1"],"picked":"Pommel Strike+1","floor":1.0},{"not_picked":["Thunderclap+1","Heavy Blade+1"],"picked":"Carnage+1","floor":2.0},{"not_picked":["Disarm+1","Flame Barrier+1","Flex+1"],"picked":"SKIP","floor":4.0},{"not_picked":["Combust+1","Shockwave+1","Pummel+1"],"picked":"SKIP","floor":5.0},{"not_picked":["Rampage+1","Hemokinesis+1","Warcry+1","Pommel Strike+1"],"picked":"SKIP","floor":11.0},{"not_picked":["Twin Strike+1","Iron Wave+1","Uppercut+1","Cleave+1"],"picked":"SKIP","floor":12.0},{"not_picked":["Iron Wave+1","Shockwave+1","Uppercut+1","Armaments+1"],"picked":"SKIP","floor":14.0},{"not_picked":["Juggernaut+1","Corruption+1","Feed+1"],"picked":"Impervious+1","floor":16.0},{"not_picked":["Headbutt+1","Infernal Blade+1","Perfected Strike+1","Thunderclap+1"],"picked":"SKIP","floor":18.0},{"not_picked":["Shockwave+1","Headbutt+1","Pummel+1"],"picked":"Offering+1","floor":19.0},{"not_picked":["Uppercut+1","Burning Pact+1","Clothesline+1","Iron Wave+1"],"picked":"SKIP","floor":21.0},{"not_picked":["Combust+1","Thunderclap+1","Anger+1"],"picked":"Barricade+1","floor":22.0},{"not_picked":["Body Slam+1","Dual Wield+1","Iron Wave+1"],"picked":"Impervious+1","floor":23.0},{"not_picked":["True Grit+1","Pommel Strike+1","Cleave+1","Flame Barrier+1"],"picked":"SKIP","floor":24.0},{"not_picked":["Clothesline+1","Cleave+1","Combust+1"],"picked":"Body Slam+1","floor":30},{"not_picked":["True Grit+1","Rampage+1","Feel No Pain+1","Metallicize+1"],"picked":"SKIP","floor":31},{"not_picked":["Feed+1","Juggernaut+1","Double Tap+1"],"picked":"Limit Break+1","floor":33},{"not_picked":["Headbutt+1","Power Through+1","Dark Embrace+1"],"picked":"Body Slam+1","floor":35},{"not_picked":["Metamorphosis+1","Mayhem+1","Enlightenment+1"],"picked":"Forethought+1","floor":36},{"not_picked":["Clothesline+1","Heavy Blade+1","Dual Wield+1","True Grit+1"],"picked":"SKIP","floor":38},{"not_picked":["Warcry+1","Headbutt+1","Flex+1"],"picked":"Entrench+1","floor":40},{"not_picked":["Perfected Strike+1","Shockwave+1","Armaments+1","Heavy Blade+1"],"picked":"SKIP","floor":42},{"not_picked":["Twin Strike+1","Flex+1","Iron Wave+1","Thunderclap+1"],"picked":"SKIP","floor":45},{"not_picked":["Brutality+1","Sword Boomerang+1","Cleave+1"],"picked":"Power Through+1","floor":46},{"not_picked":["Twin Strike+1","Clash+1","Shrug It Off+1","Warcry+1"],"picked":"SKIP","floor":48},{"not_picked":["Shrug It Off+1","Sword Boomerang+1","Clash+1"],"picked":"Demon Form+1","floor":52},{"not_picked":["Body Slam+1","Shockwave+1","Double Tap+1","True Grit+1"],"picked":"SKIP","floor":54}],"player_experience":26200,"relics_obtained":[{"floor":9.0,"key":"Matryoshka"},{"floor":17.0,"key":"Blood Vial"},{"floor":17.0,"key":"Darkstone Periapt"},{"floor":17.0,"key":"Unceasing Top"},{"floor":23.0,"key":"Regal Pillow"},{"floor":23.0,"key":"MealTicket"},{"floor":26.0,"key":"Potion Belt"},{"floor":40,"key":"MawBank"},{"floor":40,"key":"Toy Ornithopter"},{"floor":43,"key":"Happy Flower"},{"floor":43,"key":"Pear"},{"floor":47,"key":"FossilizedHelix"},{"floor":54,"key":"Mercury Hourglass"},{"floor":54,"key":"Bag of Preparation"}],"event_choices":[{"damage_healed":0.0,"max_hp_gain":0.0,"max_hp_loss":0.0,"gold_gain":0.0,"event_name":"Shining Light","player_choice":"Entered Light","floor":7.0,"gold_loss":0.0,"damage_taken":16.0,"cards_upgraded":["Defend_R","Defend_R"]},{"damage_healed":0.0,"max_hp_gain":0.0,"max_hp_loss":0.0,"gold_gain":0.0,"event_name":"WeMeetAgain","player_choice":"Gave Potion","floor":20.0,"gold_loss":0.0,"damage_taken":0.0,"relics_obtained":["PreservedInsect"]},{"damage_healed":0.0,"max_hp_gain":0.0,"max_hp_loss":0.0,"gold_gain":200.0,"event_name":"Wheel of Change","player_choice":"Gold","floor":25.0,"gold_loss":0.0,"damage_taken":0.0},{"damage_healed":0,"gold_gain":0,"player_choice":"Leave","damage_taken":0,"max_hp_gain":0,"max_hp_loss":0,"event_name":"FaceTrader","floor":29,"gold_loss":0},{"damage_healed":0,"gold_gain":0,"player_choice":"Memory 1","damage_taken":0,"max_hp_gain":0,"max_hp_loss":0,"event_name":"SensoryStone","floor":36,"gold_loss":0},{"damage_healed":0,"gold_gain":0,"player_choice":"Cursed","damage_taken":0,"max_hp_gain":0,"max_hp_loss":0,"event_name":"Wheel of Change","floor":37,"gold_loss":0,"cards_obtained":["Decay"]},{"damage_healed":0,"gold_gain":0,"player_choice":"Paid","damage_taken":0,"relics_obtained":["Red Mask"],"max_hp_gain":0,"max_hp_loss":0,"event_name":"Tomb of Lord Red Mask","floor":39,"gold_loss":170},{"cards_removed":["Body Slam"],"damage_healed":0,"gold_gain":0,"player_choice":"Removed Attack","damage_taken":0,"max_hp_gain":0,"max_hp_loss":0,"event_name":"Falling","floor":44,"gold_loss":0},{"damage_healed":0,"gold_gain":0,"player_choice":"Fight","damage_taken":0,"max_hp_gain":0,"max_hp_loss":0,"event_name":"MindBloom","floor":47,"gold_loss":0}],"is_beta":false,"boss_relics":[{"not_picked":["SacredBark","Tiny House"],"picked":"Calling Bell"},{"not_picked":["Mark of Pain","SlaversCollar"],"picked":"Runic Cube"}],"items_purged_floors":[3,13,27,41,53],"is_endless":false,"potions_floor_spawned":[1,4,18,19,22,24,35,42,48],"ascension_level":0}}