{"host":"l5zfpd2l2htson6l","time":1612582064,"event":{"mods":["AchievementEnabler","BaseMod","Colored Map","Colored Powertips","Minty Spire (QoL Compilation)","Permanent Neow","Quick Restart","Rare Cards Sparkle","Relic Stats","SuperFastMode"],"gold_per_floor":[114,129,142,217,217,217,248,248,272,299,317,335,33,64,64,137,137,153,171,188,198,217,217,261,261,261,302,30,50,50,83,95,193,205,236,267,279,300,322,376,417,429,441,480,514,562,602,657,669,681,693,693],"floor_reached":51,"language":"ENG","playtime":3293,"items_purged":["Pain","Strike_R"],"score":1692,"play_id":"3bfe0698-6a00-42c3-b288-6c7255e605a2","local_time":"20210205192744","is_ascension_mode":true,"campfire_choices":[{"data":"Wild Strike","floor":6.0,"key":"SMITH"},{"floor":8.0,"key":"REST"},{"data":"Armaments","floor":15.0,"key":"SMITH"},{"data":"Whirlwind","floor":23.0,"key":"SMITH"},{"data":"Fiend Fire","floor":25.0,"key":"SMITH"},{"floor":30.0,"key":"REST"},{"floor":32.0,"key":"REST"},{"floor":49,"key":"RECALL"}],"circlet_count":0,"master_deck":["AscendersBane","Strike_R","Strike_R","Strike_R","Strike_R","Defend_R","Defend_R","Defend_R","Defend_R","Bash","Wild Strike+1","Impervious","Twin Strike","True Grit","Offering","Armaments+1","Whirlwind+1","Fiend Fire+1","Demon Form","Shockwave","Burning Pact","Seeing Red+1","Shrug It Off","Ghostly Armor","Offering","Disarm","Corruption","Shockwave+1","Mayhem","Dual Wield","Feel No Pain+1","Reaper","Rage+1","Shrug It Off","Power Through+1","Fire Breathing+1"],"relics":["Burning Blood","WarpedTongs","Regal Pillow","Potion Belt","HornCleat","Bag of Preparation","Pantograph","Velvet Choker","CeramicFish","Shuriken","Torii","Nunchaku","MawBank","Snecko Eye","Art of War","Letter Opener"],"acts_visited":["Exordium","TheCity","TheBeyond"],"potions_floor_usage":[46,50,50],"damage_taken":[{"damage":4.0,"enemies":"Jaw Worm","floor":1.0,"turns":4.0},{"damage":1.0,"enemies":"2 Louse","floor":2.0,"turns":2.0},{"damage":0.0,"enemies":"Cultist","floor":3.0,"turns":4.0},{"damage":61.0,"enemies":"Lagavulin","floor":7.0,"turns":9.0},{"damage":34.0,"enemies":"Gremlin Nob","floor":10.0,"turns":4.0},{"damage":3.0,"enemies":"Looter","floor":11.0,"turns":4.0},{"damage":8.0,"enemies":"3 Louse","floor":12.0,"turns":3.0},{"damage":4.0,"enemies":"Lagavulin","floor":14.0,"turns":4.0},{"damage":40.0,"enemies":"The Guardian","floor":16.0,"turns":13.0},{"damage":7.0,"enemies":"3 Byrds","floor":18.0,"turns":5.0},{"damage":18.0,"enemies":"Chosen","floor":19.0,"turns":4.0},{"damage":6.0,"enemies":"Snake Plant","floor":20.0,"turns":3.0},{"damage":6.0,"enemies":"Cultist and Chosen","floor":21.0,"turns":4.0},{"damage":6.0,"enemies":"3 Cultists","floor":22.0,"turns":3.0},{"damage":6.0,"enemies":"Slavers","floor":24.0,"turns":1.0},{"damage":29.0,"enemies":"Book of Stabbing","floor":27.0,"turns":6.0},{"damage":20.0,"enemies":"Snecko","floor":29.0,"turns":6.0},{"damage":24.0,"enemies":"Gremlin Leader","floor":31.0,"turns":4.0},{"damage":26.0,"enemies":"Champ","floor":33.0,"turns":8.0},{"damage":16.0,"enemies":"3 Darklings","floor":35.0,"turns":4.0},{"damage":0.0,"enemies":"Orb Walker","floor":36.0,"turns":3.0},{"damage":7.0,"enemies":"3 Darklings","floor":39.0,"turns":4.0},{"damage":8.0,"enemies":"Nemesis","floor":40.0,"turns":5.0},{"damage":7,"enemies":"Writhing Mass","floor":41,"turns":6},{"damage":41,"enemies":"4 Shapes","floor":44,"turns":1},{"damage":12,"enemies":"Maw","floor":45,"turns":8},{"damage":6,"enemies":"Reptomancer","floor":46,"turns":3},{"damage":30,"enemies":"Spire Growth","floor":47,"turns":6},{"damage":10,"enemies":"Nemesis","floor":48,"turns":9},{"damage":88,"enemies":"Donu and Deca","floor":50,"turns":9},{"damage":99,"enemies":"Time Eater","floor":51,"turns":9}],"seed_played":"9046204604086776279","potions_obtained":[{"floor":0.0,"key":"Energy Potion"},{"floor":0.0,"key":"DistilledChaos"},{"floor":10.0,"key":"Weak Potion"},{"floor":14.0,"key":"ElixirPotion"},{"floor":19.0,"key":"DuplicationPotion"},{"floor":21.0,"key":"BloodPotion"},{"floor":22.0,"key":"Swift Potion"},{"floor":27.0,"key":"BloodPotion"},{"floor":29.0,"key":"Block Potion"},{"floor":31.0,"key":"Energy Potion"},{"floor":39.0,"key":"SteroidPotion"},{"floor":45,"key":"DuplicationPotion"},{"floor":46,"key":"Regen Potion"},{"floor":47,"key":"CultistPotion"}],"is_trial":false,"path_per_floor":["M","M","M","?","?","R","E","R","T","E","M","M","$","E","R","B",null,"M","M","M","M","M","R","E","R","T","E","$","M","R","E","R","B",null,"M","M","?","?","M","E","M","$","T","M","M","E","M","E","R","B","B"],"character_chosen":"IRONCLAD","items_purchased":["Bag of Preparation","Block Potion","Nunchaku"],"campfire_rested":3,"item_purchase_floors":[13,13,28],"current_hp_per_floor":[70,75,75,64,64,64,9,46,46,18,21,19,19,21,21,12,59,58,46,46,46,46,46,46,46,46,23,23,24,61,43,75,55,70,60,66,66,56,55,53,52,52,52,17,75,75,75,71,71,68,0,0],"gold":693,"neow_bonus":"THREE_SMALL_POTIONS","is_daily":false,"chose_seed":false,"campfire_upgraded":4,"win_rate":0.0,"timestamp":1612582064,"path_taken":["M","M","M","?","?","R","E","R","T","E","M","M","$","E","R","BOSS","M","?","M","M","M","R","E","R","T","E","$","M","R","E","R","BOSS","M","M","?","?","M","E","M","$","T","M","M","E","M","E","R","BOSS","BOSS"],"items_purchased_type":["Relic","Potion","Relic"],"build_version":"2020-12-22","purchased_purges":2,"victory":false,"max_hp_per_floor":[75,75,75,75,75,75,75,75,75,75,75,75,75,75,75,75,75,75,75,75,75,75,75,75,75,75,75,75,75,75,75,75,75,75,75,75,75,75,75,75,75,75,75,75,75,75,75,75,75,75,75,75],"relic_stats":{"Regal Pillow":40,"Torii":32,"counters":[31,158],"CeramicFish":117,"Bag of Preparation":[48],"Letter Opener":[76],"MawBank":240,"Burning Blood":168,"WarpedTongs":[145],"Nunchaku":[11],"Shuriken":[11],"Pantograph":36,"Snecko Eye":[128,123,139,120],"Art of War":[12],"obtain_stats":[{"Potion Belt":9,"Regal Pillow":7,"Torii":27,"CeramicFish":24,"Velvet Choker":17,"Bag of Preparation":13,"Letter Opener":46,"MawBank":31,"Burning Blood":0,"WarpedTongs":5,"Nunchaku":28,"HornCleat":10,"Shuriken":26,"Pantograph":14,"Snecko Eye":34,"Art of War":40},{"Potion Belt":4,"Regal Pillow":4,"Torii":16,"CeramicFish":15,"Velvet Choker":9,"Bag of Preparation":7,"Letter Opener":27,"MawBank":18,"Burning Blood":0,"WarpedTongs":3,"Nunchaku":16,"HornCleat":5,"Shuriken":15,"Pantograph":8,"Snecko Eye":19,"Art of War":23},{"Potion Belt":19,"Regal Pillow":19,"Torii":73,"CeramicFish":67,"Velvet Choker":47,"Bag of Preparation":30,"Letter Opener":125,"MawBank":83,"Burning Blood":0,"WarpedTongs":10,"Nunchaku":73,"HornCleat":23,"Shuriken":67,"Pantograph":34,"Snecko Eye":91,"Art of War":107}]},"card_choices":[{"not_picked":["Havoc","Shrug It Off"],"picked":"Wild Strike","floor":1.0},{"not_picked":["Shrug It Off","Heavy Blade"],"picked":"Impervious","floor":2.0},{"not_picked":["Rampage","Havoc"],"picked":"Twin Strike","floor":3.0},{"not_picked":["Shrug It Off","Flex"],"picked":"True Grit","floor":7.0},{"not_picked":["Carnage","Battle Trance"],"picked":"Offering","floor":10.0},{"not_picked":["Havoc","Flex"],"picked":"Armaments","floor":11.0},{"not_picked":["Thunderclap","Body Slam"],"picked":"Whirlwind","floor":12.0},{"not_picked":["Sentinel","Thunderclap"],"picked":"Fiend Fire","floor":14.0},{"not_picked":["Immolate","Corruption"],"picked":"Demon Form","floor":16.0},{"not_picked":["Heavy Blade","Searing Blow"],"picked":"Shockwave","floor":18.0},{"not_picked":["Iron Wave","Cleave"],"picked":"Burning Pact","floor":19.0},{"not_picked":["Thunderclap+1","Cleave"],"picked":"Seeing Red+1","floor":20.0},{"not_picked":["Thunderclap","Warcry","Headbutt"],"picked":"SKIP","floor":21.0},{"not_picked":["Sword Boomerang","Clothesline"],"picked":"Shrug It Off","floor":22.0},{"not_picked":["Iron Wave","Rampage+1"],"picked":"Ghostly Armor","floor":24.0},{"not_picked":["Ghostly Armor","Iron Wave"],"picked":"Offering","floor":27.0},{"not_picked":["Clothesline","Power Through"],"picked":"Disarm","floor":29.0},{"not_picked":["Cleave","Armaments+1","Headbutt"],"picked":"SKIP","floor":31.0},{"not_picked":["Demon Form","Fiend Fire"],"picked":"Corruption","floor":33.0},{"not_picked":["Flex","Havoc","Bloodletting"],"picked":"SKIP","floor":35.0},{"not_picked":["Twin Strike+1","Heavy Blade"],"picked":"Shockwave+1","floor":36.0},{"not_picked":["Violence","Madness"],"picked":"Mayhem","floor":38.0},{"not_picked":["Perfected Strike","Anger+1","Thunderclap"],"picked":"SKIP","floor":39.0},{"not_picked":["Clash","Twin Strike"],"picked":"Dual Wield","floor":40.0},{"not_picked":["Blood for Blood","Thunderclap"],"picked":"Feel No Pain+1","floor":41},{"not_picked":["Wild Strike+1","Pommel Strike"],"picked":"Reaper","floor":44},{"not_picked":["Sentinel","Combust"],"picked":"Rage+1","floor":45},{"not_picked":["Metallicize+1","Pommel Strike"],"picked":"Shrug It Off","floor":46},{"not_picked":["Inflame+1","Blood for Blood"],"picked":"Power Through+1","floor":47},{"not_picked":["Wild Strike+1","Pommel Strike+1"],"picked":"Fire Breathing+1","floor":48}],"player_experience":903701,"relics_obtained":[{"floor":7.0,"key":"Regal Pillow"},{"floor":9.0,"key":"Potion Belt"},{"floor":10.0,"key":"HornCleat"},{"floor":14.0,"key":"Pantograph"},{"floor":24.0,"key":"CeramicFish"},{"floor":26.0,"key":"Shuriken"},{"floor":27.0,"key":"Torii"},{"floor":31.0,"key":"MawBank"},{"floor":40.0,"key":"Art of War"},{"floor":46,"key":"Letter Opener"}],"event_choices":[{"damage_healed":0.0,"max_hp_gain":0.0,"max_hp_loss":0.0,"gold_gain":75.0,"event_name":"World of Goop","player_choice":"Gather Gold","floor":4.0,"gold_loss":0.0,"damage_taken":11.0},{"damage_healed":0.0,"max_hp_gain":0.0,"max_hp_loss":0.0,"gold_gain":0.0,"event_name":"Accursed Blacksmith","player_choice":"Rummage","floor":5.0,"gold_loss":0.0,"damage_taken":0.0,"relics_obtained":["WarpedTongs"],"cards_obtained":["Pain"]},{"damage_healed":0.0,"max_hp_gain":0.0,"max_hp_loss":0.0,"gold_gain":0.0,"event_name":"Tomb of Lord Red Mask","player_choice":"Ignored","floor":37.0,"gold_loss":0.0,"damage_taken":0.0},{"damage_healed":0.0,"max_hp_gain":0.0,"max_hp_loss":0.0,"gold_gain":0.0,"event_name":"SensoryStone","player_choice":"Memory 3","floor":38.0,"gold_loss":0.0,"damage_taken":10.0}],"is_beta":false,"boss_relics":[{"not_picked":["Astrolabe","Pandora\u0027s Box"],"picked":"Velvet Choker"},{"not_picked":["Black Star","Runic Pyramid"],"picked":"Snecko Eye"}],"items_purged_floors":[13,28],"is_endless":false,"potions_floor_spawned":[1,10,14,19,21,22,27,29,31,39,40,45,46,47],"killed_by":"Time Eater","ascension_level":20}}