{"host":"agdto6ifbg57aw9m","time":1612584560,"event":{"mods":["2.2 Compatiblity","Aspiration","BaseMod","BetterRewards","Duelist Mod","Friendly Minions","GifTheSpireLib","Halation","Infinite Spire","Minty Spire (QoL Compilation)","Replay The Spire","Spikes Relics","StSLib","Stuff the Spire","The Spell Scribe"],"gold_per_floor":[143,153,172,192,203,203,237,237,262,227,259,271,298,309,309,406,406,422,441,452,452,452,477,477,511,511,511,551,551,589,609,609,791,791,857,924,1010,1101,111,111,136,182,182,182,227,227,258,279,279,305],"floor_reached":51,"language":"ENG","playtime":8538,"items_purged":["theDuelist:Sparks"],"score":2309,"play_id":"bc81c60d-86ec-4879-b113-caeb2cd4fda3","local_time":"20210205230920","is_ascension_mode":true,"campfire_choices":[{"data":"Apotheosis","floor":6,"key":"SMITH"},{"data":"theDuelist:IcyCrevasse","floor":8,"key":"SMITH"},{"data":"theDuelist:MagiciansRod","floor":15,"key":"SMITH"},{"data":"theDuelist:RainbowMagician","floor":24,"key":"SMITH"},{"data":"theDuelist:Ojamatch","floor":29,"key":"SMITH"},{"floor":32,"key":"REST"},{"data":"theDuelist:SlotMachine","floor":40,"key":"SMITH"},{"data":"theDuelist:SwordsRevealing","floor":46,"key":"SMITH"},{"floor":49,"key":"REST"}],"circlet_count":0,"master_deck":["AscendersBane","theDuelist:CastleWalls","theDuelist:CastleWalls","theDuelist:CastleWalls","theDuelist:DarkMagician","theDuelist:DarkMagician","theDuelist:DarkMagician","theDuelist:MysticalElf","theDuelist:MysticalElf","theDuelist:MysticalElf","theDuelist:MysticalElf","theDuelist:MysticalElf","theDuelist:MysticalElf","theDuelist:NeoMagic","theDuelist:NeoMagic","theDuelist:NeoMagic","theDuelist:NeoMagic","theDuelist:NeoMagic","theDuelist:NeoMagic","theDuelist:Sparks","theDuelist:Sparks","theDuelist:Sparks","theDuelist:Sparks","theDuelist:Sparks","theDuelist:Sparks","theDuelist:Sparks","theDuelist:Sparks","theDuelist:SwordsRevealing","theDuelist:WhiteMagicalHat","theDuelist:IrisEarthMother","theDuelist:IcyCrevasse+1","Apotheosis+1","theDuelist:InfernoFireBlast","theDuelist:InjectionFairy","theDuelist:MillenniumGolem","theDuelist:MagiciansRod+1","theDuelist:ApprenticeIllusionMagician","theDuelist:RainbowMagician+1","theDuelist:DoomShaman+1","theDuelist:Ojamuscle+1","theDuelist:OjamaBlue+1","theDuelist:Illusionist","theDuelist:FrontierWiseman","theDuelist:BlueDragonSummoner+1","theDuelist:Illusionist","theDuelist:Ojamatch+1","theDuelist:SwordsRevealing+1","theDuelist:SpiritHarp","theDuelist:DarkPaladin","theDuelist:TimeWizard","Parasite","theDuelist:TimeWizard","theDuelist:SlotMachine+1","theDuelist:PowerKaishin+1"],"relics":["theDuelist:MillenniumPuzzle","theDuelist:CardPoolRelic","theDuelist:CardPoolBasicRelic","theDuelist:BoosterPackPoolRelic","theDuelist:CardPoolAddRelic","theDuelist:CardPoolMinusRelic","theDuelist:CardPoolSaveRelic","theDuelist:CardPoolOptionsRelic","StuffTheSpire:HeavyRock","Anchor","halation:AfternoonTea","theDuelist:MillenniumRod","Astrolabe","Ring of Searing","Ring of Misfortune","halation:IllGainedPizza","theDuelist:BoosterExtraAllRaresRelic","ReplayTheSpireMod:TigerMarble","MiniBlackHole","theDuelist:AeroRelic","infinitespire:EvilPickle","ChewingGum","Thread and Needle","Unceasing Top","Replay:Towering Pillar of Hats","Replay:Kaleidoscope","aspiration:Lifesprig","Sling","aspiration:AnachronicSnailShell","Bottled Flame","theDuelist:InversionRelic"],"acts_visited":["Exordium","TheCity","TheBeyond"],"potions_floor_usage":[4,13,16,16,20,28,33,36,47,47,50],"damage_taken":[{"damage":8,"enemies":"infinitespire:Voidling","floor":1,"turns":4},{"damage":0,"enemies":"Jaw Worm","floor":2,"turns":4},{"damage":0,"enemies":"Small Slimes","floor":3,"turns":5},{"damage":1,"enemies":"Looter","floor":4,"turns":4},{"damage":8,"enemies":"Gremlin Gang","floor":5,"turns":7},{"damage":0,"enemies":"Lagavulin","floor":7,"turns":7},{"damage":7,"enemies":"Replay:BlueRogue","floor":11,"turns":9},{"damage":0,"enemies":"Red Slaver","floor":12,"turns":6},{"damage":0,"enemies":"Gremlin Nob","floor":13,"turns":4},{"damage":0,"enemies":"Looter","floor":14,"turns":4},{"damage":25,"enemies":"The Guardian","floor":16,"turns":16},{"damage":1,"enemies":"Shell Parasite","floor":18,"turns":5},{"damage":4,"enemies":"Chosen","floor":19,"turns":8},{"damage":0,"enemies":"Centurion and Healer","floor":20,"turns":8},{"damage":43,"enemies":"Book of Stabbing","floor":23,"turns":8},{"damage":0,"enemies":"theDuelist:KaibaA2","floor":25,"turns":6},{"damage":13,"enemies":"Slavers","floor":28,"turns":7},{"damage":11,"enemies":"theDuelist:KaibaA2","floor":30,"turns":8},{"damage":18,"enemies":"Snake Plant","floor":31,"turns":4},{"damage":20,"enemies":"Pondfish","floor":33,"turns":12},{"damage":10,"enemies":"Orb Walker","floor":35,"turns":3},{"damage":5,"enemies":"Orb Walker","floor":36,"turns":10},{"damage":2,"enemies":"3 Darklings","floor":37,"turns":7},{"damage":5,"enemies":"Writhing Mass","floor":38,"turns":7},{"damage":5,"enemies":"Maw","floor":41,"turns":6},{"damage":24,"enemies":"Nemesis","floor":42,"turns":8},{"damage":0,"enemies":"Reptomancer","floor":45,"turns":4},{"damage":0,"enemies":"3 Darklings","floor":47,"turns":7},{"damage":0,"enemies":"Transient","floor":48,"turns":5},{"damage":19,"enemies":"infinitespire:MassOfShapes","floor":50,"turns":8}],"seed_played":"-2807706313013097686","potions_obtained":[{"floor":1,"key":"theDuelist:EarthBottle"},{"floor":3,"key":"theDuelist:WaterBottle"},{"floor":5,"key":"theDuelist:FlamingBottle"},{"floor":14,"key":"theDuelist:BurningPotion"},{"floor":19,"key":"Adrenaline Potion"},{"floor":20,"key":"Fire Potion"},{"floor":30,"key":"theDuelist:BurningPotion"},{"floor":31,"key":"FearPotion"},{"floor":47,"key":"SkillPotion"}],"is_trial":false,"path_per_floor":["M","M","M","M","M","R","E","R","T","?","E","M","E","M","R","B",null,"M","M","M","?","?","E","R","E","T","?","E","R","E","M","R","B",null,"M","?","M","M","$","R","M","E","T","?","E","R","M","M","R","B",null],"character_chosen":"THE_DUELIST","items_purchased":["Replay:Kaleidoscope","aspiration:Lifesprig","Sling","theDuelist:SlotMachine","Adrenaline Potion","SpeedPotion"],"campfire_rested":2,"item_purchase_floors":[39,39,39,39,39,39],"current_hp_per_floor":[64,64,64,63,55,55,55,55,55,75,68,72,76,80,80,63,76,75,75,79,79,79,41,41,45,45,45,36,36,30,12,36,31,68,58,62,60,59,59,59,58,34,34,34,38,38,38,38,62,58],"gold":305,"neow_bonus":"ONE_RANDOM_RARE_CARD","is_daily":false,"chose_seed":false,"campfire_upgraded":7,"win_rate":0.0,"timestamp":1612584560,"path_taken":["M","M","?","M","M","R","E","R","T","?","E","M","E","M","R","BOSS","M","M","M","?","?","E","R","E","T","?","E","R","E","M","R","BOSS","M","?","?","M","?","R","M","E","T","?","E","R","M","M","R","BOSS"],"items_purchased_type":["Relic","Relic","Relic","Card","Potion","Potion"],"build_version":"2020-12-22","purchased_purges":1,"victory":true,"max_hp_per_floor":[80,80,80,80,80,80,80,80,80,80,80,80,80,80,80,80,80,80,80,80,80,80,80,80,80,80,80,80,80,80,80,80,80,80,80,80,80,80,80,80,80,80,80,80,80,80,80,80,80,80],"card_choices":[{"not_picked":["theDuelist:NeoMagic","theDuelist:DarkMagician","theDuelist:MysticalElf","theDuelist:ThousandEyesIdol"],"picked":"theDuelist:WhiteMagicalHat","floor":1},{"not_picked":["theDuelist:CrystalWingDragon","theDuelist:RainbowDarkDragon","theDuelist:RainbowMagician","theDuelist:QueenDragunDjinn"],"picked":"theDuelist:IrisEarthMother","floor":2},{"not_picked":["theDuelist:WhiteHowling","theDuelist:StatueAnguishPattern","theDuelist:DarkHorizon","theDuelist:BadReaction"],"picked":"theDuelist:IcyCrevasse","floor":3},{"not_picked":["Bandage Up","Discovery","Mayhem"],"picked":"Apotheosis","floor":4},{"not_picked":["theDuelist:BlizzardWarrior","theDuelist:SangaThunder","theDuelist:NeoMagic","theDuelist:InjectionFairy"],"picked":"theDuelist:InfernoFireBlast","floor":5},{"not_picked":["theDuelist:RainbowOverdragon","theDuelist:Wiretap","theDuelist:HaneHane","theDuelist:GiantTrapHole","theDuelist:ReleaseFromStone"],"picked":"SKIP","floor":7},{"not_picked":["theDuelist:SpellShatteringArrow","theDuelist:NeoMagic","theDuelist:DarkMagician","theDuelist:MythicalBeast"],"picked":"theDuelist:InjectionFairy","floor":11},{"not_picked":["theDuelist:ClearKuriboh","theDuelist:ReinforcementsArmy","theDuelist:ForbiddenChalice","theDuelist:DestroyerGolem"],"picked":"theDuelist:MillenniumGolem","floor":12},{"not_picked":["theDuelist:InariFire","theDuelist:VoidExpansion","theDuelist:GoblinSecret"],"picked":"theDuelist:MagiciansRod","floor":13},{"not_picked":["theDuelist:CharcoalInpachi","theDuelist:Wildfire+1","theDuelist:SilentDoom+1","theDuelist:OjamaRed"],"picked":"theDuelist:ApprenticeIllusionMagician","floor":14},{"not_picked":["theDuelist:RainbowDarkDragon","theDuelist:IrisEarthMother","theDuelist:RainbowKuriboh","theDuelist:RainbowOverdragon"],"picked":"theDuelist:RainbowMagician","floor":16},{"not_picked":["theDuelist:DarkMagician","theDuelist:BlueDragonSummoner","theDuelist:AncientElf","theDuelist:PowerKaishin"],"picked":"theDuelist:Illusionist","floor":18},{"not_picked":["theDuelist:BattleOx","theDuelist:BlackPendant","theDuelist:PotDichotomy","theDuelist:GilfordLegend"],"picked":"theDuelist:FrontierWiseman","floor":19},{"not_picked":["theDuelist:InjectionFairy","theDuelist:FlyingSaucer","theDuelist:SpellShatteringArrow+1","theDuelist:CallAtlanteans"],"picked":"theDuelist:BlueDragonSummoner+1","floor":20},{"not_picked":["theDuelist:SangaThunder","theDuelist:DarkMagician+1","theDuelist:GeminiElf","theDuelist:Relinquished"],"picked":"theDuelist:Illusionist","floor":23},{"not_picked":["theDuelist:SpellShatteringArrow","theDuelist:InfernoFireBlast","theDuelist:OjamaTrio","theDuelist:BookSecret"],"picked":"theDuelist:Ojamatch","floor":25},{"not_picked":["theDuelist:OjamaKing","theDuelist:ExodiaHead"],"picked":"theDuelist:SwordsRevealing","floor":28},{"not_picked":["theDuelist:SangaThunder","theDuelist:OjamaCountry","theDuelist:WhiteMagicalHat","theDuelist:SpellShatteringArrow","theDuelist:GiantTrunade"],"picked":"SKIP","floor":30},{"not_picked":["theDuelist:NeoMagic","theDuelist:DarkMagician","theDuelist:ExodiaRL","theDuelist:ExodiaRA+1"],"picked":"theDuelist:SpiritHarp","floor":31},{"not_picked":["theDuelist:IrisEarthMother","theDuelist:QueenDragunDjinn","theDuelist:IceQueen","theDuelist:SangaWater"],"picked":"theDuelist:DarkPaladin","floor":33},{"not_picked":["theDuelist:BlizzardPrincess","theDuelist:BookSecret","theDuelist:OjamaDeltaHurricane","theDuelist:FrontierWiseman+1"],"picked":"theDuelist:TimeWizard","floor":35},{"not_picked":["theDuelist:InfernoFireBlast","theDuelist:OjamaBlack+1","theDuelist:Mudballman","theDuelist:OjamaGreen","theDuelist:LegendaryExodia"],"picked":"SKIP","floor":37},{"not_picked":["theDuelist:WhiteHowling","theDuelist:MagiciansRod","theDuelist:WonderWand"],"picked":"theDuelist:TimeWizard","floor":38},{"not_picked":["theDuelist:BlizzardWarrior","theDuelist:SangaThunder","theDuelist:SpiritHarp+1","theDuelist:DarkMagicianGirl","theDuelist:AlienTelepath"],"picked":"SKIP","floor":41},{"not_picked":["theDuelist:SandOrbCard","theDuelist:SummonerOrbCard","theDuelist:FrostOrbCard","theDuelist:WhiteOrbCard","theDuelist:WaterOrbCard"],"picked":"SKIP","floor":42},{"not_picked":["theDuelist:AttackTheMoon","theDuelist:Kuribohrn+1","theDuelist:LabyrinthWall","theDuelist:RockSunrise","theDuelist:DestroyerGolem"],"picked":"SKIP","floor":45},{"not_picked":["theDuelist:ContractExodia","theDuelist:AltarTribute+1","theDuelist:Relinquished+1","theDuelist:OjamaYellow"],"picked":"theDuelist:PowerKaishin+1","floor":47},{"not_picked":["theDuelist:SpellShatteringArrow+1","theDuelist:SangaThunder","theDuelist:NeoMagic","theDuelist:DarkMagician+1","theDuelist:CosmicHorrorGangiel"],"picked":"SKIP","floor":48}],"player_experience":339469,"relics_obtained":[{"floor":7,"key":"StuffTheSpire:HeavyRock"},{"floor":9,"key":"Anchor"},{"floor":11,"key":"halation:AfternoonTea"},{"floor":13,"key":"theDuelist:MillenniumRod"},{"floor":22,"key":"Ring of Searing"},{"floor":22,"key":"Ring of Misfortune"},{"floor":23,"key":"halation:IllGainedPizza"},{"floor":25,"key":"theDuelist:BoosterExtraAllRaresRelic"},{"floor":26,"key":"ReplayTheSpireMod:TigerMarble"},{"floor":28,"key":"MiniBlackHole"},{"floor":30,"key":"theDuelist:AeroRelic"},{"floor":36,"key":"Thread and Needle"},{"floor":36,"key":"Unceasing Top"},{"floor":36,"key":"Replay:Towering Pillar of Hats"},{"floor":42,"key":"aspiration:AnachronicSnailShell"},{"floor":43,"key":"Bottled Flame"},{"floor":45,"key":"theDuelist:InversionRelic"}],"event_choices":[{"damage_healed":20,"gold_gain":0,"player_choice":"Healed","damage_taken":0,"max_hp_gain":0,"max_hp_loss":0,"event_name":"The Cleric","floor":10,"gold_loss":35},{"damage_healed":0,"gold_gain":0,"player_choice":"Leave","duelist":true,"damage_taken":0,"max_hp_gain":0,"max_hp_loss":0,"event_name":"Battle City","floor":21,"gold_loss":0},{"damage_healed":0,"gold_gain":0,"player_choice":"Fight","duelist":true,"damage_taken":0,"max_hp_gain":0,"max_hp_loss":0,"event_name":"Battle City","floor":36,"gold_loss":0},{"damage_healed":0,"gold_gain":0,"player_choice":"Leave","duelist":true,"damage_taken":0,"max_hp_gain":0,"max_hp_loss":0,"event_name":"Egyptian Village","floor":44,"gold_loss":0}],"is_beta":false,"boss_relics":[{"not_picked":["halation:CatFaceCupcake","Velvet Choker"],"picked":"Astrolabe"},{"not_picked":["halation:HeavySnake","HoveringKite"],"picked":"ChewingGum"}],"items_purged_floors":[39],"is_endless":false,"potions_floor_spawned":[1,3,5,11,14,19,20,30,31,41,42,47],"ascension_level":12}}