{"host":"p0hktren06injwdf","time":1612612644,"event":{"mods":["AchievementEnabler","BaseMod","Colored Map","DeckTracker","Minty Spire (QoL Compilation)","Permanent Neow","StSLib","SuperFastMode"],"gold_per_floor":[359,0,0,0,20,55,55,67,67,142,142,162,190,207,207,281,281,294,294,294,294],"floor_reached":20,"language":"KOR","playtime":354,"items_purged":[],"score":364,"play_id":"1a88d1b7-5dda-4883-8511-2a80b0ece8ec","local_time":"20210206205724","is_ascension_mode":true,"campfire_choices":[{"data":"Glass Knife","floor":11,"key":"SMITH"},{"floor":15,"key":"REST"}],"circlet_count":0,"master_deck":["AscendersBane","Strike_G","Strike_G","Strike_G","Strike_G","Strike_G","Defend_G","Defend_G","Defend_G","Defend_G","Defend_G","Survivor","Neutralize","Glass Knife+1","All Out Attack","Leg Sweep","Dagger Throw","Deadly Poison","Dodge and Roll","PiercingWail"],"relics":["Ring of the Snake","Eternal Feather","Unceasing Top","Darkstone Periapt","Ancient Tea Set","Cursed Key"],"acts_visited":["Exordium","TheCity"],"potions_floor_usage":[6,16],"damage_taken":[{"damage":7,"enemies":"Jaw Worm","floor":1,"turns":6},{"damage":1,"enemies":"Small Slimes","floor":5,"turns":3},{"damage":12,"enemies":"3 Sentries","floor":6,"turns":9},{"damage":0,"enemies":"2 Louse","floor":8,"turns":2},{"damage":0,"enemies":"Looter","floor":12,"turns":2},{"damage":24,"enemies":"Gremlin Nob","floor":13,"turns":4},{"damage":1,"enemies":"3 Louse","floor":14,"turns":4},{"damage":20,"enemies":"The Guardian","floor":16,"turns":14},{"damage":36,"enemies":"Chosen","floor":18,"turns":7},{"damage":15,"enemies":"3 Byrds","floor":20,"turns":4}],"seed_played":"5786401063172082104","potions_obtained":[{"floor":1,"key":"SkillPotion"},{"floor":5,"key":"Strength Potion"},{"floor":12,"key":"Energy Potion"}],"is_trial":false,"path_per_floor":["M","$","?","?","M","E","$","M","T","?","R","M","E","M","R","B",null,"M","?","M"],"character_chosen":"THE_SILENT","items_purchased":["Glass Knife","Eternal Feather"],"campfire_rested":1,"item_purchase_floors":[2,2],"current_hp_per_floor":[52,52,52,52,51,39,39,39,39,28,37,37,13,12,39,19,50,14,14,0,0],"gold":294,"neow_bonus":"TWO_FIFTY_GOLD","is_daily":false,"chose_seed":false,"campfire_upgraded":1,"win_rate":0.0,"timestamp":1612612644,"path_taken":["M","$","?","?","M","E","$","M","T","?","R","M","E","?","R","BOSS","M","?","M"],"items_purchased_type":["Card","Relic"],"build_version":"2020-12-22","purchased_purges":0,"victory":false,"max_hp_per_floor":[60,60,60,60,60,60,60,60,60,60,60,60,60,60,60,60,60,60,60,60,60],"card_choices":[{"not_picked":["Eviscerate","Underhanded Strike","Calculated Gamble"],"picked":"SKIP","floor":1},{"not_picked":["Predator","Well Laid Plans"],"picked":"All Out Attack","floor":5},{"not_picked":["Slice","Acrobatics","Underhanded Strike"],"picked":"SKIP","floor":6},{"not_picked":["Dash","Distraction"],"picked":"Leg Sweep","floor":8},{"not_picked":["Accuracy","Terror"],"picked":"Dagger Throw","floor":12},{"not_picked":["Leg Sweep","Riddle With Holes"],"picked":"Deadly Poison","floor":13},{"not_picked":["Envenom","Acrobatics"],"picked":"Dodge and Roll","floor":14},{"not_picked":["Bane+1","Prepared"],"picked":"PiercingWail","floor":18}],"player_experience":1021122,"relics_obtained":[{"floor":6,"key":"Unceasing Top"},{"floor":9,"key":"Darkstone Periapt"},{"floor":13,"key":"Ancient Tea Set"}],"event_choices":[{"damage_healed":0,"gold_gain":0,"player_choice":"Ignored","damage_taken":0,"max_hp_gain":0,"max_hp_loss":0,"event_name":"Liars Game","floor":3,"gold_loss":0},{"damage_healed":0,"gold_gain":0,"player_choice":"Fled","damage_taken":0,"max_hp_gain":0,"max_hp_loss":0,"event_name":"Scrap Ooze","floor":4,"gold_loss":0},{"damage_healed":0,"gold_gain":75,"player_choice":"Gather Gold","damage_taken":11,"max_hp_gain":0,"max_hp_loss":0,"event_name":"World of Goop","floor":10,"gold_loss":0},{"damage_healed":0,"gold_gain":0,"player_choice":"Ignored","damage_taken":0,"max_hp_gain":0,"max_hp_loss":0,"event_name":"Cursed Tome","floor":19,"gold_loss":0}],"is_beta":false,"boss_relics":[{"not_picked":["Pandora\u0027s Box","Coffee Dripper"],"picked":"Cursed Key"}],"items_purged_floors":[],"is_endless":false,"potions_floor_spawned":[1,5,12,14],"killed_by":"3 Byrds","ascension_level":20}}