{"host":"sav7uxregyirlf69","time":1612624602,"event":{"mods":["AchievementEnabler","BaseMod","Colored Map","DeckTracker","Keyboard Shortcuts","Minty Spire (QoL Compilation)","READ ME - Guardian Mod","StSLib","SuperFastMode"],"gold_per_floor":[115,134,149,166,166,201,71,99,99,116,166,166,179,179,179,179,179],"floor_reached":16,"language":"KOR","playtime":279,"items_purged":["Defend_R"],"score":224,"play_id":"452cb55f-6844-42ee-9f3f-47a47eb9ece4","local_time":"20210207001642","is_ascension_mode":true,"campfire_choices":[{"floor":12,"key":"REST"},{"data":"Hemokinesis","floor":15,"key":"SMITH"}],"circlet_count":0,"master_deck":["AscendersBane","Strike_R","Strike_R","Strike_R","Strike_R","Strike_R","Defend_R","Defend_R+1","Defend_R+1","Bash","Shrug It Off","Hemokinesis+1","Cleave","Twin Strike","Pommel Strike"],"relics":["Burning Blood","FossilizedHelix","Omamori"],"acts_visited":["Exordium"],"potions_floor_usage":[6,8,16],"damage_taken":[{"damage":11,"enemies":"Jaw Worm","floor":1,"turns":6},{"damage":0,"enemies":"2 Louse","floor":2,"turns":4},{"damage":0,"enemies":"Cultist","floor":3,"turns":3},{"damage":2,"enemies":"Blue Slaver","floor":4,"turns":4},{"damage":26,"enemies":"Lagavulin","floor":6,"turns":8},{"damage":12,"enemies":"3 Sentries","floor":8,"turns":10},{"damage":0,"enemies":"Looter","floor":10,"turns":2},{"damage":3,"enemies":"2 Fungi Beasts","floor":13,"turns":3},{"damage":48,"enemies":"Slime Boss","floor":16,"turns":8}],"seed_played":"629329062006227868","potions_obtained":[{"floor":2,"key":"Fire Potion"},{"floor":6,"key":"HeartOfIron"},{"floor":10,"key":"Strength Potion"}],"is_trial":false,"path_per_floor":["M","M","M","M","?","E","$","E","T","M","?","R","M","?","R","B"],"character_chosen":"IRONCLAD","items_purchased":["Strength Potion"],"campfire_rested":1,"item_purchase_floors":[7],"current_hp_per_floor":[45,51,57,61,38,18,18,12,12,18,18,40,43,43,43,0,0],"gold":179,"neow_bonus":"ONE_RARE_RELIC","is_daily":false,"chose_seed":false,"campfire_upgraded":1,"win_rate":0.0,"timestamp":1612624602,"path_taken":["M","M","M","M","?","E","$","E","T","M","?","R","?","?","R","BOSS"],"items_purchased_type":["Potion"],"build_version":"2020-12-22","purchased_purges":1,"victory":false,"max_hp_per_floor":[75,75,75,75,75,75,75,75,75,75,75,75,75,75,75,75,75],"card_choices":[{"not_picked":["Thunderclap","Flex"],"picked":"Shrug It Off","floor":1},{"not_picked":["Clothesline","Shrug It Off"],"picked":"Hemokinesis","floor":2},{"not_picked":["Flex","Wild Strike"],"picked":"Cleave","floor":3},{"not_picked":["Uppercut","Cleave","Entrench"],"picked":"SKIP","floor":4},{"not_picked":["Warcry","Havoc","Heavy Blade"],"picked":"SKIP","floor":6},{"not_picked":["Heavy Blade","Disarm","Bludgeon"],"picked":"SKIP","floor":8},{"not_picked":["Cleave","Perfected Strike"],"picked":"Twin Strike","floor":10},{"not_picked":["Cleave","Headbutt"],"picked":"Pommel Strike","floor":13}],"player_experience":1512545,"relics_obtained":[{"floor":8,"key":"Omamori"}],"event_choices":[{"damage_healed":0,"gold_gain":0,"player_choice":"Entered Light","damage_taken":23,"max_hp_gain":0,"max_hp_loss":0,"event_name":"Shining Light","floor":5,"gold_loss":0,"cards_upgraded":["Defend_R","Defend_R"]},{"damage_healed":0,"gold_gain":50,"player_choice":"Pray","damage_taken":0,"max_hp_gain":0,"max_hp_loss":0,"event_name":"Golden Shrine","floor":11,"gold_loss":0},{"damage_healed":0,"gold_gain":0,"player_choice":"Ignored","damage_taken":0,"max_hp_gain":0,"max_hp_loss":0,"event_name":"Liars Game","floor":14,"gold_loss":0}],"is_beta":false,"boss_relics":[],"items_purged_floors":[7],"is_endless":false,"potions_floor_spawned":[2,6,10,13],"killed_by":"Slime Boss","ascension_level":20}}