{"host":"i2ntsfwoh5q5m216","time":1612587104,"event":{"mods":["BaseMod","Colored Map","Downfall","Minty Spire (QoL Compilation)","StSLib"],"gold_per_floor":[99,109,126,137,148,181,229,245,145,156,170,201,201,201,219,319,319,319,45,45,38,58,98,123,123,142,142,142,142,142],"floor_reached":28,"language":"ENG","playtime":1309,"items_purged":[],"score":250,"play_id":"ca10bb23-c9cb-4f0d-a6c4-54cdcfe3c52c","local_time":"20210205225144","is_ascension_mode":false,"campfire_choices":[{"floor":1.0,"key":"RECALL"},{"data":"hexamod:Float","floor":9.0,"key":"SMITH"},{"floor":13.0,"key":"REST"},{"data":"hexamod:ForkedFlame","floor":18.0,"key":"SMITH"}],"circlet_count":0,"master_deck":["hexamod:Strike","hexamod:Strike","hexamod:Strike+1","hexamod:Strike+1","hexamod:Defend","hexamod:Defend","hexamod:Defend+1","hexamod:Defend","hexamod:Sear","hexamod:Float+1","Panacea","hexamod:AdvancingGuard+1","hexamod:InspiringFlames+1","hexamod:SwordOfDarkness","hexamod:NightmareGuise","hexamod:GhostOfSpireFuture","hexamod:FastForward","hexamod:SwordOfDarkness","hexamod:FirstSeal","hexamod:AdvancingGuard","Pain","hexamod:ForkedFlame+1","hexamod:FifthSeal","hexamod:SecondSeal","hexamod:SixthSeal","hexamod:GhostShield+1","hexamod:ThirdSeal","hexamod:Rewind"],"relics":["hexamod:SpiritBrand","Mummified Hand","War Paint","downfall:HeartBlessingRed","Juzu Bracelet","WarpedTongs","Busted Crown","HornCleat","Blood Vial","Blue Candle"],"acts_visited":["Exordium","TheCity"],"potions_floor_usage":[28,28],"damage_taken":[{"damage":6.0,"enemies":"Jaw Worm","floor":2.0,"turns":3.0},{"damage":0.0,"enemies":"Cultist","floor":3.0,"turns":3.0},{"damage":1.0,"enemies":"2 Louse","floor":4.0,"turns":3.0},{"damage":0.0,"enemies":"Exordium Wildlife","floor":5.0,"turns":4.0},{"damage":26.0,"enemies":"Lagavulin","floor":6.0,"turns":7.0},{"damage":0.0,"enemies":"3 Louse","floor":8.0,"turns":5.0},{"damage":0.0,"enemies":"Large Slime","floor":10.0,"turns":6.0},{"damage":0.0,"enemies":"Blue Slaver","floor":11.0,"turns":3.0},{"damage":9.0,"enemies":"Gremlin Nob","floor":12.0,"turns":3.0},{"damage":11.0,"enemies":"Exordium Thugs","floor":15.0,"turns":5.0},{"damage":41.0,"enemies":"WA_ARCHETYPE_RETAIN","floor":16.0,"turns":10.0},{"damage":1.0,"enemies":"downfall:FleeingMerchant","floor":19.0,"turns":4.0},{"damage":0.0,"enemies":"downfall:FleeingMerchant","floor":21.0,"turns":4.0},{"damage":3.0,"enemies":"Chosen","floor":22.0,"turns":4.0},{"damage":69.0,"enemies":"Book of Stabbing","floor":23.0,"turns":7.0},{"damage":0.0,"enemies":"Shell Parasite","floor":26.0,"turns":5.0},{"damage":24,"enemies":"3 Cultists","floor":28,"turns":4}],"seed_played":"5602723116143122166","potions_obtained":[{"floor":3.0,"key":"Explosive Potion"},{"floor":5.0,"key":"hexamod:SoulburnPotion"},{"floor":6.0,"key":"bronze:BurnAndBuffPotion"},{"floor":12.0,"key":"GamblersBrew"},{"floor":26.0,"key":"LiquidBronze"}],"is_trial":false,"path_per_floor":["R","M","M","M","M","E","T","M","R","M","M","E","R","?","M","B",null,"R","$","?","$","M","E","T","?","M","?","M"],"character_chosen":"THE_SPIRIT","items_purchased":["HornCleat"],"campfire_rested":1,"item_purchase_floors":[19],"current_hp_per_floor":[70,64,64,63,63,37,37,37,37,37,37,28,49,49,45,11,70,70,70,70,70,70,8,8,8,17,12,0,0,0],"gold":142,"neow_bonus":"RANDOM_COLORLESS","is_daily":false,"chose_seed":false,"campfire_upgraded":2,"win_rate":0.0,"timestamp":1612587104,"path_taken":["R","M","M","M","M","E","T","M","R","M","M","E","R","?","M","BOSS","R","$","?","?","M","E","T","?","M","?","M"],"items_purchased_type":["Relic"],"build_version":"2020-12-22","purchased_purges":0,"victory":false,"max_hp_per_floor":[70,70,70,70,70,70,70,70,70,70,70,70,70,70,70,70,70,70,70,70,70,70,70,70,70,70,70,70,70,70],"card_choices":[{"not_picked":["Discovery","Bandage Up"],"picked":"Panacea","floor":0.0},{"not_picked":["hexamod:BacktrackSmack","hexamod:RetreatToShadows"],"picked":"hexamod:AdvancingGuard","floor":2.0},{"not_picked":["hexamod:Rewind","hexamod:Incineration"],"picked":"hexamod:InspiringFlames","floor":3.0},{"not_picked":["hexamod:ThermalTransfer","hexamod:Firestarter"],"picked":"hexamod:SwordOfDarkness","floor":4.0},{"not_picked":["hexamod:GhostLash","hexamod:Firestarter"],"picked":"hexamod:NightmareGuise","floor":5.0},{"not_picked":["hexamod:ForkedFlame","hexamod:NightmareStrike"],"picked":"hexamod:GhostOfSpireFuture","floor":6.0},{"not_picked":["hexamod:Firestarter","hexamod:FlamesFromBeyond"],"picked":"hexamod:FastForward","floor":8.0},{"not_picked":["hexamod:NightmareGuise","hexamod:ThermalTransfer"],"picked":"hexamod:SwordOfDarkness","floor":10.0},{"not_picked":["hexamod:PhantomCloak","hexamod:ChargedBarrage"],"picked":"hexamod:FirstSeal","floor":11.0},{"not_picked":["hexamod:SwordOfDarkness","hexamod:NightmareStrike"],"picked":"hexamod:AdvancingGuard","floor":12.0},{"not_picked":["hexamod:NightmareStrike","hexamod:GhostOfSpirePast"],"picked":"hexamod:ForkedFlame","floor":15.0},{"not_picked":["hexamod:TimeOfNeed","hexamod:VolcanoVisage"],"picked":"hexamod:FifthSeal","floor":16.0},{"not_picked":["hexamod:FourthSeal","hexamod:FirstSeal"],"picked":"hexamod:SecondSeal","floor":19.0},{"not_picked":["hexamod:EtherealExpedition"],"picked":"SKIP","floor":19.0},{"not_picked":["hexamod:ThirdSeal","hexamod:FourthSeal"],"picked":"hexamod:SixthSeal","floor":21.0},{"not_picked":[],"picked":"hexamod:GhostShield+1","floor":21.0},{"not_picked":["hexamod:Haunt+1"],"picked":"SKIP","floor":22.0},{"not_picked":["hexamod:FirstSeal","hexamod:SixthSeal"],"picked":"hexamod:ThirdSeal","floor":23.0},{"not_picked":["hexamod:SpectralAdrenaline"],"picked":"SKIP","floor":23.0},{"not_picked":[],"picked":"hexamod:Rewind","floor":26.0},{"not_picked":["hexamod:EtherealExpedition+1"],"picked":"SKIP","floor":26.0}],"player_experience":25819,"relics_obtained":[{"floor":6.0,"key":"Mummified Hand"},{"floor":7.0,"key":"War Paint"},{"floor":12.0,"key":"Juzu Bracelet"},{"floor":23.0,"key":"Blood Vial"}],"event_choices":[{"damage_healed":0.0,"max_hp_gain":0.0,"max_hp_loss":0.0,"gold_gain":0.0,"event_name":"Accursed Blacksmith","player_choice":"Rummage","floor":14.0,"gold_loss":0.0,"damage_taken":0.0,"relics_obtained":["WarpedTongs"],"cards_obtained":["Pain"]},{"damage_healed":0.0,"max_hp_gain":0.0,"max_hp_loss":0.0,"gold_gain":0.0,"event_name":"Lab","player_choice":"Got Potions","floor":20.0,"gold_loss":0.0,"damage_taken":0.0}],"is_beta":false,"boss_relics":[{"not_picked":["Fusion Hammer","Philosopher\u0027s Stone"],"picked":"Busted Crown"}],"items_purged_floors":[],"is_endless":false,"potions_floor_spawned":[3,5,6,10,12,26],"killed_by":"3 Cultists","ascension_level":0}}