{"host":"9qgbal69wq5palas","time":1612602992,"event":{"mods":["2.2 Compatiblity","Abigail Mod","AchievementEnabler","Act Like it!","Aspiration","Astrologer","Bartender","BaseMod","Better Altar","Better Note","Better Skull","Better Third Choice","Colored Powertips","Hallownest","Hermit","Highlight Path","Hubris","Infinite Spire","Jorbs\u0027s Wanderer Trilogy","Koishi","Lobotomy","Minty Spire (QoL Compilation)","Potionbrewer","Quick Restart","Random Character Button","Replay The Spire","Shade Mod","Shop Mod","Spicy Shops","StSLib","The Animator","The Bug Knight","The Cursed","The Disciple","The Exalted","The Hierophant","The Necromancer","The Servant 0.9.4","Wandering Minibosses"],"gold_per_floor":[111,128,57,74,90,90,117,117,117,157,176,176,176,32,32,103,103,58,91,18,18,18,18,45,45,95,124,124,118,136,156,156,230,230,245,245,264,282,382,382],"floor_reached":39,"language":"ENG","playtime":1959,"items_purged":["Strike_W"],"score":782,"play_id":"c01e1802-16f7-4069-b5c1-195a01a12409","local_time":"20210206101632","is_ascension_mode":true,"campfire_choices":[{"data":"Negative_Energy_Sphere","floor":6,"key":"SMITH"},{"data":"Acid_Javelin","floor":8,"key":"SMITH"},{"data":"Plague_Bolt","floor":13,"key":"SMITH"},{"data":"Exploit","floor":15,"key":"SMITH"},{"floor":23,"key":"RECALL"},{"floor":28,"key":"REST"},{"floor":32,"key":"REST"}],"circlet_count":0,"master_deck":["AscendersBane","Strike_W","Strike_W","Defend_W","Defend_W","Defend_W","Defend_W","Negative_Energy_Arrows","Bone_Wall","Negative_Energy_Sphere+1","Exploit+1","Acid_Javelin+1","Necrotic_Claws","Stop_Heart","Death_Knell","Plague_Bolt+1","Summon_Vampire_Lady","Negative_Energy_Shield","Bone_Bullets","stsjorbsmod:PollutedStrike","Spectral_Armor","Shackles_Of_Pain","Dramatic Entrance","Uncharnel","infinitespire:Collect","Siphon_Strength","Negative_Energy_Javelin","Chill_Blood","Negative_Energy_Shield","Hellfire","Negative_Energy_Shield","Violent_Necrosis"],"relics":["Vampire_Amulet","hubris:MedicalManual","Mirror","aspiration:FetidBarrel","Replay:Baseball","aspiration:RitualDagger","Red Mask","ReplayTheSpireMod:CursedCoin","hubris:Icosahedron","Unceasing Top","Bromod:ArcaneTempo","ReplayFunnel","infinitespire:FocusingShard","Thread and Needle","Bromod:ArcaneGrace","hubris:Towel"],"acts_visited":["Exordium","TheCity","TheBeyond"],"potions_floor_usage":[7,10,10,29,31,38],"damage_taken":[{"damage":6,"enemies":"Jaw Worm","floor":1,"turns":4},{"damage":0,"enemies":"Small Slimes","floor":2,"turns":2},{"damage":0,"enemies":"2 Louse","floor":4,"turns":3},{"damage":10,"enemies":"Large Slime","floor":5,"turns":6},{"damage":12,"enemies":"Gremlin Nob","floor":7,"turns":4},{"damage":17,"enemies":"Lagavulin","floor":10,"turns":5},{"damage":1,"enemies":"2 Fungi Beasts","floor":11,"turns":4},{"damage":39,"enemies":"The Guardian","floor":16,"turns":9},{"damage":33,"enemies":"3 Byrds","floor":18,"turns":7},{"damage":104,"enemies":"Masked Bandits","floor":19,"turns":6},{"damage":70,"enemies":"Gremlin Leader","floor":24,"turns":7},{"damage":25,"enemies":"Replay:Snechameleon","floor":27,"turns":7},{"damage":44,"enemies":"Slavers","floor":29,"turns":6},{"damage":14,"enemies":"Chosen","floor":30,"turns":4},{"damage":38,"enemies":"Shelled Parasite and Fungi","floor":31,"turns":6},{"damage":80,"enemies":"Champ","floor":33,"turns":9},{"damage":27,"enemies":"3 Shapes","floor":35,"turns":3},{"damage":25,"enemies":"Orb Walker","floor":37,"turns":3},{"damage":83,"enemies":"Transient","floor":38,"turns":5},{"damage":32,"enemies":"3 Darklings","floor":39,"turns":2}],"seed_played":"5908027161630698362","potions_obtained":[{"floor":4,"key":"potionbrewer:StunPotion"},{"floor":5,"key":"potionbrewer:MidasPotion"},{"floor":7,"key":"PowerPotion"},{"floor":16,"key":"Block Potion"},{"floor":27,"key":"potionbrewer:MidasPotion"},{"floor":29,"key":"potionbrewer:CleansingPotion"},{"floor":30,"key":"potionbrewer:MidasPotion"},{"floor":33,"key":"potionbrewer:DiscountPotion"}],"is_trial":false,"path_per_floor":["M","M","$","M","M","R","E","R","T","E","M","?","R","$","R","B",null,"M","?","$","?","AVR","R","E","?","T","E","R","E","M","M","R","B",null,"M","?","M","M","M"],"character_chosen":"NECROMANCER","items_purchased":["Acid_Javelin","Replay:Baseball","ReplayTheSpireMod:CursedCoin","Spectral_Armor","Shackles_Of_Pain","Dramatic Entrance"],"campfire_rested":2,"item_purchase_floors":[3,14,20,20,20,20],"current_hp_per_floor":[67,71,71,75,69,69,59,59,59,44,47,47,47,47,47,10,61,49,62,62,62,62,62,46,27,27,20,43,28,27,19,42,33,67,62,62,61,15,0,0],"gold":382,"neow_bonus":"TEN_PERCENT_HP_BONUS","is_daily":false,"chose_seed":false,"campfire_upgraded":4,"win_rate":0.0,"timestamp":1612602992,"path_taken":["M","M","$","M","M","R","E","R","T","E","M","?","R","$","R","BOSS","M","?","$","?","AVR","R","E","?","T","E","R","E","M","M","R","BOSS","M","?","M","M","M"],"items_purchased_type":["Card","Relic","Relic","Card","Card","Card"],"build_version":"2020-12-22","purchased_purges":1,"victory":false,"max_hp_per_floor":[78,78,78,78,78,78,78,78,78,78,78,78,78,78,78,78,78,78,78,78,78,78,78,78,78,78,78,78,78,78,78,78,78,78,78,78,78,78,78,78],"card_choices":[{"not_picked":["Blood_Whip","Bone_Spikes"],"picked":"Negative_Energy_Sphere","floor":1},{"not_picked":["Bone_Spikes","Negative_Energy_Mist"],"picked":"Exploit","floor":2},{"not_picked":["Bone_Armor","Bone_Spikes"],"picked":"Necrotic_Claws","floor":4},{"not_picked":["Shade_Step","Chill_Blood","Blood_Curse"],"picked":"SKIP","floor":5},{"not_picked":["Whirlwind_of_Bones","Negative_Energy_Javelin"],"picked":"Stop_Heart","floor":7},{"not_picked":["Bone_Shift","Strike_from_Beyond"],"picked":"Death_Knell","floor":10},{"not_picked":["Blood_for_Blood","Shackles_Of_Pain"],"picked":"Plague_Bolt","floor":11},{"not_picked":["Grasp_Heart","Blood_Magic"],"picked":"Summon_Vampire_Lady","floor":16},{"not_picked":["Slay_Living","Necrotic_Claws"],"picked":"Negative_Energy_Shield","floor":18},{"not_picked":["Consume_Illness","Bones_to_Steel"],"picked":"Bone_Bullets","floor":19},{"not_picked":["Bone_Bullets","Spectral_Walk"],"picked":"Uncharnel","floor":24},{"not_picked":["infinitespire:UltimateForm","ReplayTheSpireMod:??????????????????????"],"picked":"infinitespire:Collect","floor":25},{"not_picked":["Scare","Strike_from_Beyond"],"picked":"Siphon_Strength","floor":27},{"not_picked":["Uncharnel","Exploit"],"picked":"Negative_Energy_Javelin","floor":29},{"not_picked":["Blood_Curse","Death_Coil"],"picked":"Chill_Blood","floor":30},{"not_picked":["Bone_Armor","Blood_for_Blood+1"],"picked":"Negative_Energy_Shield","floor":31},{"not_picked":["Skeleton_Dragon","Blood_Wake"],"picked":"Hellfire","floor":33},{"not_picked":["Shackles_Of_Pain","Bone_Shift"],"picked":"Negative_Energy_Shield","floor":35},{"not_picked":["Epidemic","Bone_Armor"],"picked":"Violent_Necrosis","floor":37},{"not_picked":["Bone_Armory+1","Finger_Of_Death","Hellfire"],"picked":"SKIP","floor":38}],"player_experience":2727513,"relics_obtained":[{"floor":7,"key":"hubris:MedicalManual"},{"floor":9,"key":"Mirror"},{"floor":10,"key":"aspiration:FetidBarrel"},{"floor":19,"key":"Red Mask"},{"floor":24,"key":"Bromod:ArcaneTempo"},{"floor":26,"key":"ReplayFunnel"},{"floor":27,"key":"infinitespire:FocusingShard"},{"floor":29,"key":"Thread and Needle"}],"event_choices":[{"cards_removed":["Strike_W"],"damage_healed":0,"gold_gain":0,"player_choice":"Forget","damage_taken":0,"max_hp_gain":0,"max_hp_loss":0,"event_name":"Living Wall","floor":12,"gold_loss":0},{"damage_healed":0,"gold_gain":0,"player_choice":"Fought Bandits","damage_taken":0,"max_hp_gain":0,"max_hp_loss":0,"event_name":"Masked Bandits","floor":19,"gold_loss":0}],"is_beta":false,"boss_relics":[{"not_picked":["ReplayTheSpireMod:DimensionalGlitch","Tiny House"],"picked":"aspiration:RitualDagger"},{"not_picked":["aspiration:DefectSkillbook","SacredBark"],"picked":"Bromod:ArcaneGrace"}],"items_purged_floors":[22],"is_endless":false,"potions_floor_spawned":[4,5,7,16,27,29,30,33,35,37],"killed_by":"3 Darklings","ascension_level":15}}