{"host":"362zhnvmfmhc3u7b","time":1612591836,"event":{"mods":["BaseMod","Colored Powertips","Downfall","Minty Spire (QoL Compilation)","Quick Restart","Rare Cards Sparkle","StSLib"],"gold_per_floor":[0,15,27,40,50,60,60,60,75,75,95,112,12,0,19,95,95,95,110,125,54,54,54,54,54],"floor_reached":23,"language":"ENG","playtime":1628,"items_purged":[],"score":374,"play_id":"5816cc48-80f4-41a2-a51a-8299bb25abe0","local_time":"20210206011036","is_ascension_mode":true,"campfire_choices":[{"floor":1,"key":"RECALL"},{"floor":8,"key":"REST"},{"floor":10,"key":"REST"},{"floor":13,"key":"REST"},{"data":"Guardian:TwinSlam","floor":18,"key":"SMITH"}],"circlet_count":0,"master_deck":["AscendersBane","Guardian:Strike_Guardian","Guardian:Strike_Guardian","Guardian:Strike_Guardian","Guardian:Defend_Guardian","Guardian:Defend_Guardian","Guardian:Defend_Guardian","Guardian:CurlUp","Guardian:TwinSlam+1","Guardian:ChargeCore","Guardian:FloatingOrbs","Guardian:TemporalStrike","Guardian:ChargeCore","Guardian:PrimingBeam","Guardian:Orbwalk","Guardian:SentryBeam","Guardian:TemporalShield","Guardian:CompilePackage","Guardian:Incinerate","Guardian:RollAttack+1","Guardian:PolyBeam","Guardian:PiercingHide+1"],"relics":["Guardian:ModeShifter","White Beast Statue","downfall:HeartBlessingRed","SacredBark"],"acts_visited":["Exordium","TheCity"],"potions_floor_usage":[5,12,16,16,20,21,23],"damage_taken":[{"damage":2,"enemies":"Cultist","floor":2,"turns":4},{"damage":7,"enemies":"Jaw Worm","floor":3,"turns":4},{"damage":13,"enemies":"Small Slimes","floor":4,"turns":3},{"damage":19,"enemies":"Exordium Thugs","floor":5,"turns":4},{"damage":12,"enemies":"Lots of Slimes","floor":6,"turns":3},{"damage":2,"enemies":"2 Fungi Beasts","floor":9,"turns":4},{"damage":9,"enemies":"Red Slaver","floor":11,"turns":2},{"damage":1,"enemies":"Lots of Slimes","floor":12,"turns":3},{"damage":10,"enemies":"downfall:FleeingMerchant","floor":14,"turns":4},{"damage":0,"enemies":"Exordium Wildlife","floor":15,"turns":2},{"damage":27,"enemies":"DF_ARCHETYPE_STREAMLINE","floor":16,"turns":7},{"damage":19,"enemies":"Chosen","floor":19,"turns":5},{"damage":25,"enemies":"Snecko","floor":20,"turns":5},{"damage":5,"enemies":"downfall:FleeingMerchant","floor":21,"turns":4},{"damage":17,"enemies":"Book of Stabbing","floor":23,"turns":1}],"seed_played":"2558567108313253353","potions_obtained":[{"floor":3,"key":"ColorlessPotion"},{"floor":6,"key":"ColorlessPotion"},{"floor":9,"key":"AttackPotion"},{"floor":11,"key":"Dexterity Potion"},{"floor":12,"key":"PowerPotion"},{"floor":15,"key":"bronze:BurnAndBuffPotion"},{"floor":16,"key":"bronze:BurnAndBuffPotion"},{"floor":19,"key":"Explosive Potion"},{"floor":20,"key":"hexamod:SoulburnPotion"},{"floor":21,"key":"LiquidBronze"}],"is_trial":false,"path_per_floor":["R","M","M","M","M","M","T","R","M","R","M","M","R","$","M","B",null,"R","M","M","$","?","E"],"character_chosen":"GUARDIAN","items_purchased":["Guardian:PiercingHide"],"campfire_rested":3,"item_purchase_floors":[21],"current_hp_per_floor":[65,63,56,43,24,12,12,33,31,52,43,42,63,53,53,26,61,61,42,17,12,12,0,0,0],"gold":54,"neow_bonus":"TRANSFORM_TWO_CARDS","is_daily":false,"chose_seed":false,"campfire_upgraded":1,"win_rate":0.0,"timestamp":1612591836,"path_taken":["R","M","M","M","M","M","T","R","M","R","M","M","R","$","M","BOSS","R","M","M","$","?","E"],"items_purchased_type":["Card"],"build_version":"2020-12-22","purchased_purges":0,"victory":false,"max_hp_per_floor":[72,72,72,72,72,72,72,72,72,72,72,72,72,72,72,72,72,72,72,72,72,72,72,72,72],"card_choices":[{"not_picked":["Guardian:ShieldCharger","Guardian:ArmoredProtocol"],"picked":"Guardian:Gem_Red","floor":2},{"not_picked":["Guardian:Preprogram","Guardian:CrystalBeam"],"picked":"Guardian:Gem_Crimson","floor":3},{"not_picked":["Guardian:Repulse","Guardian:Recover"],"picked":"Guardian:TemporalStrike","floor":4},{"not_picked":["Guardian:Planning","Guardian:RollAttack"],"picked":"Guardian:ChargeCore","floor":5},{"not_picked":["Guardian:VentSteam","Guardian:Gem_Cyan"],"picked":"Guardian:PrimingBeam","floor":6},{"not_picked":["Guardian:Clone","Guardian:GuardianWhirl"],"picked":"Guardian:Gem_Crimson","floor":9},{"not_picked":["Guardian:Gem_Yellow","Guardian:Preprogram"],"picked":"Guardian:Orbwalk","floor":11},{"not_picked":["Guardian:ChargeCore","Guardian:DonusPower"],"picked":"Guardian:SentryBeam","floor":12},{"not_picked":["Guardian:Suspension","Guardian:Gem_Cyan"],"picked":"Guardian:TemporalShield","floor":14},{"not_picked":["Guardian:Reroute","Guardian:RollAttack","Guardian:VentSteam"],"picked":"SKIP","floor":15},{"not_picked":["Guardian:GemFinder","Guardian:AncientConstruct"],"picked":"Guardian:CompilePackage","floor":16},{"not_picked":["Guardian:ShieldCharger","Guardian:VentSteam"],"picked":"Guardian:Incinerate","floor":19},{"not_picked":["Guardian:VentSteam","Guardian:TemporalShield"],"picked":"Guardian:RollAttack+1","floor":20},{"not_picked":["Guardian:CrystalBeam","Guardian:BaubleBeam"],"picked":"Guardian:PolyBeam","floor":21}],"player_experience":1826945,"relics_obtained":[{"floor":7,"key":"White Beast Statue"}],"event_choices":[],"is_beta":false,"boss_relics":[{"not_picked":["Snecko Eye","Runic Dome"],"picked":"SacredBark"}],"items_purged_floors":[],"is_endless":false,"potions_floor_spawned":[3,6,9,11,12,14,15,16,19,20,21],"killed_by":"Book of Stabbing","ascension_level":20}}