{"host":"2zu68f54ie7ltg2f","time":1612596650,"event":{"mods":["AchievementEnabler","BaseMod","Colored Map","Colored Powertips","Minty Spire (QoL Compilation)","StSLib","The Servant 0.9.4"],"gold_per_floor":[113,127,45,57,75,105,117,117,117,139,139,156,3,3,3,101,101,113,113,113,125,145,172,183,183,234,253,267,282,53,66,66,66,66],"floor_reached":33,"language":"ENG","playtime":1548,"items_purged":["Strike_S"],"score":298,"play_id":"cf812a20-b8a5-4bb7-ba00-2a4dc4621cd6","local_time":"20210205233050","is_ascension_mode":false,"campfire_choices":[{"floor":8.0,"key":"REST"},{"data":"Gouge","floor":11.0,"key":"SMITH"},{"data":"Snipe","floor":15.0,"key":"SMITH"},{"data":"FlawlessForm","floor":25.0,"key":"SMITH"},{"floor":32,"key":"REST"}],"circlet_count":0,"master_deck":["Strike_S","Strike_S","Defend_S","Defend_S","Defend_S","Defend_S","KidneyShot","Exchange","Gouge+1","FanOfKnives","SurpressingFire","Luminosity","Rewind","Snipe+1","FlawlessForm+1","Rearm","Foresight","Moonlight","Desolation","Normality","Ricochet","MurderousAura","Contraction+1"],"relics":["Uniform","Bronze Scales","Eternal Feather","Odd Mushroom","Vajra","Cursed Key","Happy Flower","Akabeko"],"acts_visited":["Exordium","TheCity"],"potions_floor_usage":[29,33],"damage_taken":[{"damage":0.0,"enemies":"Cultist","floor":1.0,"turns":5.0},{"damage":6.0,"enemies":"Jaw Worm","floor":2.0,"turns":4.0},{"damage":2.0,"enemies":"2 Louse","floor":4.0,"turns":2.0},{"damage":26.0,"enemies":"Exordium Thugs","floor":5.0,"turns":8.0},{"damage":19.0,"enemies":"Gremlin Nob","floor":6.0,"turns":4.0},{"damage":11.0,"enemies":"Large Slime","floor":7.0,"turns":7.0},{"damage":25.0,"enemies":"The Mushroom Lair","floor":10.0,"turns":6.0},{"damage":8.0,"enemies":"Red Slaver","floor":12.0,"turns":4.0},{"damage":40.0,"enemies":"Hexaghost","floor":16.0,"turns":9.0},{"damage":27.0,"enemies":"2 Thieves","floor":18.0,"turns":4.0},{"damage":9.0,"enemies":"3 Byrds","floor":21.0,"turns":4.0},{"damage":12.0,"enemies":"Centurion and Healer","floor":22.0,"turns":5.0},{"damage":14.0,"enemies":"Book of Stabbing","floor":23.0,"turns":5.0},{"damage":6.0,"enemies":"Cultist and Chosen","floor":24.0,"turns":4.0},{"damage":18.0,"enemies":"Sentry and Sphere","floor":27.0,"turns":5.0},{"damage":0.0,"enemies":"Snecko","floor":28.0,"turns":2.0},{"damage":6,"enemies":"Cultist and Chosen","floor":29,"turns":3},{"damage":0,"enemies":"Chosen and Byrds","floor":31,"turns":5},{"damage":42,"enemies":"Collector","floor":33,"turns":6}],"seed_played":"-2721568702717107132","potions_obtained":[{"floor":1.0,"key":"BlessingOfTheForge"},{"floor":2.0,"key":"Ancient Potion"},{"floor":12.0,"key":"Block Potion"},{"floor":16.0,"key":"PowerPotion"},{"floor":22.0,"key":"LiquidBronze"},{"floor":27.0,"key":"ColorlessPotion"},{"floor":31,"key":"Block Potion"}],"is_trial":false,"path_per_floor":["M","M","$","M","M","E","M","R","T","?","R","M","$","?","R","B",null,"M","?","?","M","M","E","M","R","T","M","M","M","$","M","R","B"],"character_chosen":"THE_SERVANT","items_purchased":["Fire Potion","FanOfKnives","Vajra","MurderousAura"],"campfire_rested":2,"item_purchase_floors":[3,3,13,30],"current_hp_per_floor":[71,65,65,63,37,18,7,28,28,3,12,4,4,81,81,41,81,54,54,54,45,33,19,13,25,25,7,7,1,1,1,37,0,0],"gold":66,"neow_bonus":"TEN_PERCENT_HP_BONUS","is_daily":false,"chose_seed":false,"campfire_upgraded":3,"win_rate":0.0,"timestamp":1612596650,"path_taken":["M","?","$","M","M","E","M","R","T","?","R","M","$","?","R","BOSS","M","?","?","M","M","E","M","R","T","M","M","?","$","?","R","BOSS"],"items_purchased_type":["Potion","Card","Relic","Card"],"build_version":"2020-12-22","purchased_purges":1,"victory":false,"max_hp_per_floor":[71,71,71,71,71,71,71,71,71,71,71,71,71,81,81,81,81,81,81,81,81,81,81,81,81,81,81,81,81,81,81,81,81,81],"card_choices":[{"not_picked":["Revamp","Unruled"],"picked":"Gouge","floor":1.0},{"not_picked":["Potential","Defy","ShatteredReality"],"picked":"SKIP","floor":2.0},{"not_picked":["Revamp","Gouge"],"picked":"SurpressingFire","floor":4.0},{"not_picked":["Desolation","Starlight"],"picked":"Luminosity","floor":5.0},{"not_picked":["Alleviate","Potential"],"picked":"Rewind","floor":6.0},{"not_picked":["Revamp","FastForward"],"picked":"KillingDoll","floor":7.0},{"not_picked":["Revamp","Reset"],"picked":"Snipe","floor":12.0},{"not_picked":["Sunlight","Initiator"],"picked":"FlawlessForm","floor":16.0},{"not_picked":["Replace","Shuttle","TimeWarp"],"picked":"SKIP","floor":18.0},{"not_picked":["Sabotage","Read"],"picked":"Moonlight","floor":21.0},{"not_picked":["Rearm","Sabotage"],"picked":"Desolation","floor":22.0},{"not_picked":["Spin","Solidify","PendulumOfEternity"],"picked":"SKIP","floor":23.0},{"not_picked":["Spin","Ricochet","Comet"],"picked":"SKIP","floor":24.0},{"not_picked":["Rewind","FastForward"],"picked":"Ricochet","floor":27.0},{"not_picked":["Replace","Rewind","FastForward+1"],"picked":"SKIP","floor":28.0},{"not_picked":["RealityMarble","Ricochet","Revamp"],"picked":"SKIP","floor":29},{"not_picked":["ShiftingGears","DoubleEdge+1"],"picked":"Contraction+1","floor":31}],"player_experience":488752,"relics_obtained":[{"floor":6.0,"key":"Bronze Scales"},{"floor":9.0,"key":"Eternal Feather"},{"floor":10.0,"key":"Odd Mushroom"},{"floor":23.0,"key":"Happy Flower"},{"floor":26.0,"key":"Akabeko"}],"event_choices":[{"damage_healed":0.0,"max_hp_gain":0.0,"max_hp_loss":0.0,"gold_gain":0.0,"event_name":"Mushrooms","player_choice":"Fought Mushrooms","floor":10.0,"gold_loss":0.0,"damage_taken":0.0},{"cards_removed":["KillingDoll"],"damage_healed":67.0,"max_hp_gain":10.0,"max_hp_loss":0.0,"gold_gain":0.0,"event_name":"Bonfire Elementals","player_choice":"Offered Rare","floor":14.0,"gold_loss":0.0,"damage_taken":0.0},{"damage_healed":0.0,"max_hp_gain":0.0,"max_hp_loss":0.0,"gold_gain":0.0,"event_name":"The Library","player_choice":"Read","floor":19.0,"gold_loss":0.0,"damage_taken":0.0,"cards_obtained":["Rearm"]},{"damage_healed":0.0,"max_hp_gain":0.0,"max_hp_loss":0.0,"gold_gain":0.0,"cards_transformed":["Strike_S"],"event_name":"Transmorgrifier","player_choice":"Transformed","floor":20.0,"gold_loss":0.0,"damage_taken":0.0,"cards_obtained":["Foresight"]}],"is_beta":false,"boss_relics":[{"not_picked":["SacredBark","SlaversCollar"],"picked":"Cursed Key"}],"items_purged_floors":[30],"is_endless":false,"potions_floor_spawned":[1,2,5,12,16,22,27,31],"killed_by":"Collector","ascension_level":0}}