{"host":"6gl4z8x6qhx9xtfj","time":1612605818,"event":{"mods":["2.2 Compatiblity","A Penny For Your Troubles","AchievementEnabler","BaseMod","Bestiary","BetterRewards","Colored Map","Colored Powertips","Evolution","Minty Spire (QoL Compilation)","Permanent Neow","Quick Restart","Relic Stats","Spicy Shops","StSLib","SuperFastMode","Treasure Hunter"],"gold_per_floor":[116,130,130,149,159,159,169,169,169],"floor_reached":8,"language":"RUS","playtime":201,"items_purged":[],"score":58,"play_id":"a95cdb8e-3d28-4a55-8aa3-b0fd902901c0","local_time":"20210206130338","is_ascension_mode":true,"campfire_choices":[{"data":"Limit Break","floor":6,"key":"SMITH"}],"circlet_count":0,"master_deck":["Strike_R","Strike_R","Strike_R","Strike_R","Strike_R","Defend_R","Defend_R","Defend_R","Defend_R","Bash","Pommel Strike","Regret","Flex","Limit Break+1","Ghostly Armor"],"relics":["EVO:Axolotl","Cursed Key","Bronze Scales"],"acts_visited":["Exordium"],"potions_floor_usage":[],"damage_taken":[{"damage":7,"enemies":"Jaw Worm","floor":1,"turns":3},{"damage":7,"enemies":"Small Slimes","floor":2,"turns":3},{"damage":2,"enemies":"2 Louse","floor":4,"turns":2},{"damage":27,"enemies":"Exordium Thugs","floor":5,"turns":4},{"damage":8,"enemies":"Looter","floor":7,"turns":3},{"damage":30,"enemies":"Lagavulin","floor":8,"turns":5}],"seed_played":"5595296066663581100","potions_obtained":[{"floor":1,"key":"Swift Potion"},{"floor":5,"key":"LiquidBronze"}],"is_trial":false,"path_per_floor":["M","M","?","M","M","R","M","E"],"character_chosen":"IRONCLAD","items_purchased":[],"campfire_rested":0,"item_purchase_floors":[],"current_hp_per_floor":[73,66,66,64,37,37,29,0,0],"gold":169,"neow_bonus":"BOSS_RELIC","is_daily":false,"chose_seed":false,"campfire_upgraded":1,"win_rate":0.0,"timestamp":1612605818,"path_taken":["M","M","?","M","M","R","M","E"],"items_purchased_type":[],"build_version":"2020-12-22","purchased_purges":0,"victory":false,"max_hp_per_floor":[80,80,80,80,80,80,80,80,80],"relic_stats":{"counters":[6,20],"Bronze Scales":[21],"Cursed Key":0,"obtain_stats":[{"Bronze Scales":3,"EVO:Axolotl":0,"Cursed Key":0,"Burning Blood":0},{"Bronze Scales":2,"EVO:Axolotl":0,"Cursed Key":0,"Burning Blood":0},{"Bronze Scales":6,"EVO:Axolotl":0,"Cursed Key":0,"Burning Blood":0}]},"card_choices":[{"not_picked":["Searing Blow","Flex"],"picked":"Pommel Strike","floor":1},{"not_picked":["Clash","Carnage","Feel No Pain"],"picked":"SKIP","floor":2},{"not_picked":["Burning Pact","Battle Trance"],"picked":"Flex","floor":4},{"not_picked":["Power Through","Sword Boomerang"],"picked":"Limit Break","floor":5},{"not_picked":["Evolve","Rampage"],"picked":"Ghostly Armor","floor":7}],"player_experience":141739,"relics_obtained":[],"event_choices":[{"damage_healed":0,"gold_gain":0,"player_choice":"Box","damage_taken":0,"relics_obtained":["Bronze Scales"],"max_hp_gain":0,"max_hp_loss":0,"event_name":"Big Fish","floor":3,"gold_loss":0,"cards_obtained":["Regret"]}],"is_beta":false,"boss_relics":[],"items_purged_floors":[],"is_endless":false,"potions_floor_spawned":[1,5],"killed_by":"Lagavulin","ascension_level":3}}