{"host":"uhnh33uh34qot0et","time":1612573236,"event":{"mods":["BaseMod","Colored Map","Downfall","Hermit","Marisa????????","Minty Spire (QoL Compilation)","StSLib","The Bug Knight","The Cursed","The Servant 0.9.4"],"gold_per_floor":[115,115,129,129,145,179,195,195,220,220,151,170,170,7,7,109,109,121,45,45,55,55,85,98,115,115,115,115],"floor_reached":27,"language":"ENG","playtime":687,"items_purged":[],"score":233,"play_id":"fffa28b3-5f24-408c-b7d9-af970112c4fe","local_time":"20210206020036","is_ascension_mode":false,"campfire_choices":[{"floor":10,"key":"REST"},{"data":"Hello World","floor":15,"key":"SMITH"}],"circlet_count":0,"master_deck":["Strike_B+1","Strike_B+1","Strike_B+1","Strike_B+1","Defend_B+1","Defend_B+1","Defend_B+1","Defend_B+1","Zap+1","Dualcast","Ball Lightning","Glacier","Ball Lightning","Self Repair","Rip and Tear","Hello World+1","Doom and Gloom+1","Thunder Strike","Thunder Strike","Cold Snap+1","Doom and Gloom","Static Discharge","Beam Cell+1","Sweeping Beam"],"relics":["Cracked Core","NeowsBlessing","Blood Vial","Juzu Bracelet","Regal Pillow","Inserter","Vajra","Ancient Tea Set","Mummified Hand"],"acts_visited":["Exordium","TheCity"],"potions_floor_usage":[21,21],"damage_taken":[{"damage":0,"enemies":"Cultist","floor":1,"turns":1},{"damage":0,"enemies":"Small Slimes","floor":3,"turns":1},{"damage":0,"enemies":"Jaw Worm","floor":5,"turns":1},{"damage":20,"enemies":"Lagavulin","floor":6,"turns":6},{"damage":9,"enemies":"2 Fungi Beasts","floor":7,"turns":3},{"damage":5,"enemies":"3 Louse","floor":12,"turns":3},{"damage":37,"enemies":"Hexaghost","floor":16,"turns":9},{"damage":5,"enemies":"Spheric Guardian","floor":18,"turns":3},{"damage":14,"enemies":"Chosen and Byrds","floor":21,"turns":5},{"damage":21,"enemies":"Book of Stabbing","floor":23,"turns":5},{"damage":16,"enemies":"Cultist and Chosen","floor":24,"turns":4},{"damage":11,"enemies":"Snecko","floor":25,"turns":4},{"damage":42,"enemies":"Slavers","floor":27,"turns":4}],"seed_played":"-6359382359989924932","potions_obtained":[{"floor":5,"key":"LiquidBronze"},{"floor":6,"key":"Weak Potion"},{"floor":7,"key":"SpeedPotion"},{"floor":18,"key":"Strength Potion"}],"is_trial":false,"path_per_floor":["M","?","M","?","M","E","M","?","T","R","$","M","?","$","R","B",null,"M","$","?","M","?","E","M","M","T","E"],"character_chosen":"DEFECT","items_purchased":["Hello World","Thunder Strike","Doom and Gloom"],"campfire_rested":1,"item_purchase_floors":[11,14,19],"current_hp_per_floor":[75,72,74,74,75,55,55,55,55,75,75,75,75,75,75,45,75,70,70,70,65,65,46,39,37,37,0,0],"gold":115,"neow_bonus":"THREE_ENEMY_KILL","is_daily":false,"chose_seed":false,"campfire_upgraded":1,"win_rate":0.0,"timestamp":1612573236,"path_taken":["M","?","M","?","M","E","M","?","T","R","$","M","?","?","R","BOSS","M","$","?","M","?","E","M","M","T","E"],"items_purchased_type":["Card","Card","Card"],"build_version":"2020-12-22","purchased_purges":0,"victory":false,"max_hp_per_floor":[75,75,75,75,75,75,75,75,75,75,75,75,75,75,75,75,75,75,75,75,75,75,75,75,75,75,75,75],"card_choices":[{"not_picked":["Melter","Gash"],"picked":"Ball Lightning","floor":1},{"not_picked":["Compile Driver","Self Repair"],"picked":"Glacier","floor":3},{"not_picked":["Beam Cell","Steam"],"picked":"Ball Lightning","floor":5},{"not_picked":["Ball Lightning","Cold Snap"],"picked":"Self Repair","floor":6},{"not_picked":["Reprogram","Double Energy"],"picked":"Rip and Tear","floor":7},{"not_picked":["Conserve Battery","Streamline"],"picked":"Doom and Gloom","floor":12},{"not_picked":["Multi-Cast","Biased Cognition"],"picked":"Thunder Strike","floor":16},{"not_picked":["Beam Cell","Redo"],"picked":"Cold Snap+1","floor":18},{"not_picked":["Hologram+1","Compile Driver","Beam Cell"],"picked":"SKIP","floor":21},{"not_picked":["Sweeping Beam","Barrage"],"picked":"Static Discharge","floor":23},{"not_picked":["Hologram","Go for the Eyes"],"picked":"Beam Cell+1","floor":24},{"not_picked":["Auto Shields","Defragment"],"picked":"Sweeping Beam","floor":25}],"player_experience":14891,"relics_obtained":[{"floor":6,"key":"Juzu Bracelet"},{"floor":9,"key":"Regal Pillow"},{"floor":23,"key":"Ancient Tea Set"},{"floor":26,"key":"Mummified Hand"}],"event_choices":[{"damage_healed":0,"gold_gain":0,"player_choice":"Success","damage_taken":3,"relics_obtained":["Blood Vial"],"max_hp_gain":0,"max_hp_loss":0,"event_name":"Scrap Ooze","floor":2,"gold_loss":0},{"damage_healed":0,"gold_gain":0,"player_choice":"Grow","damage_taken":0,"max_hp_gain":0,"max_hp_loss":0,"event_name":"Living Wall","floor":4,"gold_loss":0,"cards_upgraded":["Zap"]},{"damage_healed":0,"gold_gain":0,"player_choice":"Leave","damage_taken":0,"max_hp_gain":0,"max_hp_loss":0,"event_name":"FaceTrader","floor":8,"gold_loss":0},{"damage_healed":0,"gold_gain":0,"player_choice":"Upgraded","damage_taken":0,"max_hp_gain":0,"max_hp_loss":0,"event_name":"Upgrade Shrine","floor":13,"gold_loss":0,"cards_upgraded":["Doom and Gloom"]},{"damage_healed":0,"gold_gain":0,"player_choice":"Gave Potion","damage_taken":0,"relics_obtained":["Vajra"],"max_hp_gain":0,"max_hp_loss":0,"event_name":"WeMeetAgain","floor":20,"gold_loss":0},{"damage_healed":0,"gold_gain":0,"player_choice":"Simplicity","damage_taken":0,"max_hp_gain":0,"max_hp_loss":0,"event_name":"Back to Basics","floor":22,"gold_loss":0,"cards_upgraded":["Strike_B","Strike_B","Strike_B","Strike_B","Defend_B","Defend_B","Defend_B","Defend_B"]}],"is_beta":false,"boss_relics":[{"not_picked":["Nuclear Battery","FrozenCore"],"picked":"Inserter"}],"items_purged_floors":[],"is_endless":false,"potions_floor_spawned":[5,6,7,18],"killed_by":"Slavers","ascension_level":0}}