{"host":"362zhnvmfmhc3u7b","time":1612590199,"event":{"mods":["BaseMod","Colored Powertips","Downfall","Minty Spire (QoL Compilation)","Quick Restart","Rare Cards Sparkle","StSLib"],"gold_per_floor":[99,110,125,142,142,42,42,42,42,42,76,76,93,113,126,126,126,126],"floor_reached":16,"language":"ENG","playtime":998,"items_purged":[],"score":204,"play_id":"f148af7b-4091-4a0b-a5d3-205aae017fd9","local_time":"20210206004319","is_ascension_mode":true,"campfire_choices":[{"floor":1,"key":"RECALL"},{"data":"Guardian:ChargeUp","floor":6,"key":"SMITH"},{"data":"Guardian:CurlUp","floor":10,"key":"SMITH"}],"circlet_count":0,"master_deck":["AscendersBane","Guardian:Strike_Guardian+1","Guardian:Strike_Guardian+1","Guardian:Strike_Guardian","Guardian:Strike_Guardian","Guardian:Defend_Guardian","Guardian:Defend_Guardian","Guardian:Defend_Guardian","Guardian:Defend_Guardian","Guardian:CurlUp+1","Guardian:TwinSlam+1","Guardian:Recover","Guardian:ChargeUp+1","Guardian:Preprogram","Guardian:Gem_Red","Guardian:Gem_Orange","Guardian:Gem_Cyan","Guardian:Gem_White","Guardian:PiercingHide","Guardian:Harden","Guardian:Reroute"],"relics":["Guardian:ModeShifter","downfall:HeartBlessingRed","Pear","downfall:BrokenWingStatue","Akabeko","Guardian:PickAxe"],"acts_visited":["Exordium"],"potions_floor_usage":[11,16],"damage_taken":[{"damage":4,"enemies":"Jaw Worm","floor":2,"turns":6},{"damage":5,"enemies":"2 Louse","floor":3,"turns":3},{"damage":4,"enemies":"Small Slimes","floor":4,"turns":5},{"damage":13,"enemies":"Gremlin Nob","floor":11,"turns":4},{"damage":5,"enemies":"Gremlin Nob","floor":12,"turns":4},{"damage":1,"enemies":"3 Louse","floor":13,"turns":4},{"damage":9,"enemies":"Exordium Wildlife","floor":14,"turns":4},{"damage":1,"enemies":"Blue Slaver","floor":15,"turns":4},{"damage":43,"enemies":"IC_STATUS_ARCHETYPE","floor":16,"turns":8}],"seed_played":"2149207672646871397","potions_obtained":[{"floor":4,"key":"PowerPotion"},{"floor":14,"key":"FearPotion"}],"is_trial":false,"path_per_floor":["R","M","M","M","?","R","T","?","?","R","E","?","M","M","M","B"],"character_chosen":"GUARDIAN","items_purchased":[],"campfire_rested":0,"item_purchase_floors":[],"current_hp_per_floor":[72,68,63,59,59,59,69,69,69,69,56,51,50,41,40,0,0,0],"gold":126,"neow_bonus":"TEN_PERCENT_HP_BONUS","is_daily":false,"chose_seed":false,"campfire_upgraded":2,"win_rate":0.0,"timestamp":1612590199,"path_taken":["R","M","M","M","?","R","T","?","?","R","E","?","M","?","M","BOSS"],"items_purchased_type":[],"build_version":"2020-12-22","purchased_purges":0,"victory":false,"max_hp_per_floor":[79,79,79,79,79,79,89,89,89,89,89,89,89,89,89,89,89,89],"card_choices":[{"not_picked":["Guardian:VentSteam","Guardian:Suspension"],"picked":"Guardian:Recover","floor":2},{"not_picked":["Guardian:Planning","Guardian:BronzeArmor"],"picked":"Guardian:ChargeUp","floor":3},{"not_picked":["Guardian:SphericShield","Guardian:PrismaticBeam"],"picked":"Guardian:Preprogram","floor":4},{"not_picked":["Guardian:StasisStrike","Guardian:Gem_Cyan"],"picked":"Guardian:Gem_Red","floor":11},{"not_picked":["Guardian:ShieldSpikes","Guardian:SpikerProtocol"],"picked":"Guardian:PiercingHide","floor":13},{"not_picked":["Guardian:Preprogram","Guardian:CrystalBeam"],"picked":"Guardian:Harden","floor":14},{"not_picked":["Guardian:CrystalBeam","Guardian:Repulse"],"picked":"Guardian:Reroute","floor":15}],"player_experience":1826945,"relics_obtained":[{"floor":7,"key":"Pear"},{"floor":11,"key":"Akabeko"}],"event_choices":[{"cards_removed":["downfall:Malfunctioning"],"damage_healed":0,"gold_gain":0,"player_choice":"Card Removal","damage_taken":0,"max_hp_gain":0,"max_hp_loss":0,"event_name":"The Cleric","floor":8,"gold_loss":0}],"is_beta":false,"boss_relics":[],"items_purged_floors":[],"is_endless":false,"potions_floor_spawned":[4,12,13,14],"killed_by":"IC_STATUS_ARCHETYPE","ascension_level":20}}