{"host":"usru02jcpe2a942d","time":1612606720,"event":{"mods":["ATMod(阿瑾Mod)","Act Like it!","BaseMod","Better Note","Better Vampires","Challenge The Spire","Colored Powertips","Friendly Minions","GifTheSpireLib","Highlight Path","Hubris","Infinite Spire","Jedi Mod","KinomotoSakuraMod(木之本樱)","Minty Spire (QoL Compilation)","MostiFishMod","Pale of the Ancients","Quick Restart","Relic Stats","RumiaBox-露米娅的神秘盒子","StSLib","noobMod","【遗物卡牌】REMEMod","篝火指南"],"gold_per_floor":[111,111,122,422,435,494,494,514,514,570,570,570,639,756,22,171,171,211,211,272,316,316,369,369,410,410,480,480,133,198,286,286,406,406,545,610,672,672,713,113,163,9,85,85,85,174,215,253,52,177],"floor_reached":51,"language":"ZHS","playtime":3220,"items_purged":["ClowCardTheSword","ClowCardTheTime","ClowCardTheSleep","ClowCardTheMirror","ClowCardTheCloud"],"score":1163,"play_id":"2a8f17aa-c1a4-4149-96d4-6593779db465","local_time":"20210206181840","is_ascension_mode":false,"campfire_choices":[{"data":"ClowCardTheFly","floor":7.0,"key":"SMITH"},{"data":"AT_FamilyPortrait","floor":32.0,"key":"SMITH"}],"circlet_count":0,"master_deck":["SakuraCardTheDream+","SakuraCardTheTime+","Calculated Gamble","ClowCardTheErase","Good Instincts","ClowCardTheFloat","ClowCardTheFloat+1","ClowCardTheLibra","ClowCardTheChange","ClowCardTheSweet+1","ClowCardTheRain+1","ClowCardTheDash","ClowCardTheNothing","ClowCardTheTwin","MostiFishMod:ButterFly","hubris:DuctTapeCard"],"relics":["KSMOD_SealedBook","KSMOD_SealedWand","DaveBox","ice","REME_ComplimentaryCards","AT_ATBox","FeatherPendant","SynthV:TestCard","Smiling Mask","hubris:NiceRug","AT_RedTearstoneRing","MagicDraw2","Strange Spoon","infinitespire:Satchel","AT_MibuBalloonWealth","hubris:ToyBattleship","jedi:fakemustache","AT_BellDemon","Lizard Tail","jedi:shrinkray","Coffee Dripper","Orichalcum","jedi:crownofsimplicity","Pantograph","Blood Vial","MagicDraw4","AT_SunfireAegis","jedi:heavyjacket","PatriotShield","KSMOD_YukitosBentoBox","Vajra","SumBook","AT_SeraphEmbrace","Oddly Smooth Stone","Happy Flower","hubris:DuctTape","Darkstone Periapt","AT_BladeRuinedKing","RhineCircuit","Question Card","REME_PuzzleBoxRelic","Boot","ZombieArmy","Art of War","Lee\u0027s Waffle","AT_SpeedBoots","Omamori","SynthV:C4","AT_GoldPhoenixTree","Civilization","infinitespire:FocusingShard","jedi:ashlotus","hubris:TenFootPole","Strawberry","AT_ChloranthyRing","Membership Card"],"acts_visited":["Exordium","TheCity","TheBeyond"],"potions_floor_usage":[],"damage_taken":[{"damage":0.0,"enemies":"2 Louse","floor":1.0,"turns":2.0},{"damage":0.0,"enemies":"Cultist","floor":3.0,"turns":1.0},{"damage":0.0,"enemies":"hubris:Merchant","floor":4.0,"turns":2.0},{"damage":0.0,"enemies":"Jaw Worm","floor":5.0,"turns":1.0},{"damage":0.0,"enemies":"Lagavulin","floor":6.0,"turns":4.0},{"damage":0.0,"enemies":"Large Slime","floor":8.0,"turns":6.0},{"damage":8.0,"enemies":"Gremlin Nob","floor":10.0,"turns":3.0},{"damage":0.0,"enemies":"Exordium Wildlife","floor":13.0,"turns":5.0},{"damage":0.0,"enemies":"Gremlin Gang","floor":14.0,"turns":5.0},{"damage":0.0,"enemies":"Slime Boss","floor":16.0,"turns":6.0},{"damage":11.0,"enemies":"Chosen","floor":18.0,"turns":3.0},{"damage":14.0,"enemies":"2 Thieves","floor":20.0,"turns":2.0},{"damage":0.0,"enemies":"Snake Plant","floor":21.0,"turns":4.0},{"damage":0.0,"enemies":"REME_1_Revenger","floor":23.0,"turns":5.0},{"damage":0.0,"enemies":"Snecko","floor":25.0,"turns":2.0},{"damage":0.0,"enemies":"Centurion and Healer","floor":27.0,"turns":2.0},{"damage":0.0,"enemies":"Sentry and Sphere","floor":30.0,"turns":1.0},{"damage":0.0,"enemies":"3 Cultists","floor":31.0,"turns":2.0},{"damage":0.0,"enemies":"hubris:MusketHawk","floor":33.0,"turns":1.0},{"damage":0.0,"enemies":"3 Darklings","floor":35.0,"turns":2.0},{"damage":0.0,"enemies":"Orb Walker","floor":36.0,"turns":1.0},{"damage":0.0,"enemies":"KSMOD_TheNothingMonster","floor":37.0,"turns":1.0},{"damage":0.0,"enemies":"Maw","floor":39.0,"turns":2.0},{"damage":0.0,"enemies":"Nemesis","floor":41.0,"turns":1.0},{"damage":0.0,"enemies":"Jaw Worm Horde","floor":46.0,"turns":1.0},{"damage":0.0,"enemies":"Spire Growth","floor":47.0,"turns":1.0},{"damage":0.0,"enemies":"Maw","floor":48.0,"turns":2.0},{"damage":0,"enemies":"infinitespire:MassOfShapes","floor":50,"turns":1}],"seed_played":"-7016938799103854833","potions_obtained":[{"floor":1.0,"key":"PowerPotion"},{"floor":4.0,"key":"REME_GoldPotion"},{"floor":4.0,"key":"Regen Potion"},{"floor":4.0,"key":"jedi:StrikingPotion"},{"floor":6.0,"key":"KSMOD_MagickBottle"},{"floor":14.0,"key":"Energy Potion"},{"floor":20.0,"key":"AttackPotion"}],"is_trial":false,"path_per_floor":["M","?","M","$","M","E","R","M","T","E","?","$","M","M","R","B",null,"M","?","M","M","$","E","AVR","M","T","M","?","R","M","M","R","B",null,"M","M","?","T","M","R","E","R","T","$","AVR","M","M","M","R","B",null],"character_chosen":"KINOMOTOSAKURA","items_purchased":["jedi:fakemustache","AT_BellDemon","Lizard Tail","ClowCardTheCreate","Oddly Smooth Stone","Happy Flower","Lee\u0027s Waffle","AT_SpeedBoots","Omamori","MostiFishMod:ButterFly","Civilization","Membership Card"],"campfire_rested":0,"item_purchase_floors":[15,15,15,15,29,29,40,40,40,40,42,49],"current_hp_per_floor":[77,77,77,77,77,77,77,77,77,69,69,69,69,69,77,77,77,66,66,52,52,52,52,52,54,54,56,56,56,77,77,77,77,77,77,77,77,77,77,84,84,84,84,84,84,87,98,103,103,108],"gold":177,"neow_bonus":"TEN_PERCENT_HP_BONUS","is_daily":false,"chose_seed":false,"campfire_upgraded":2,"win_rate":0.0,"timestamp":1612606720,"path_taken":["M","?","M","$","M","E","R","M","T","E","?","$","?","?","R","BOSS","M","?","M","M","$","E","AVR","M","T","M","?","R","M","?","R","BOSS","M","M","?","?","?","R","E","R","T","?","AVR","M","M","M","R","BOSS"],"items_purchased_type":["Relic","Relic","Relic","Card","Relic","Relic","Relic","Relic","Relic","Card","Relic","Relic"],"build_version":"2020-12-22","purchased_purges":5,"victory":true,"max_hp_per_floor":[77,77,77,77,77,77,77,77,77,77,77,77,77,77,77,77,77,77,77,77,77,77,77,77,77,77,77,77,77,77,77,77,77,77,77,77,77,77,77,84,84,84,84,84,84,87,98,103,103,108],"relic_stats":{"Darkstone Periapt":0,"Lee\u0027s Waffle":7,"Happy Flower":[5],"counters":[28,69],"Orichalcum":[6],"Smiling Mask":88,"Question Card":8,"Boot":[4],"Blood Vial":6,"Strange Spoon":[69],"Lizard Tail":0,"Pantograph":0,"Art of War":[1],"obtain_stats":[{"PatriotShield":24,"AT_ATBox":0,"AT_MibuBalloonWealth":9,"Vajra":25,"KSMOD_YukitosBentoBox":24,"ice":0,"MagicDraw4":23,"AT_ArchangelStaff":27,"Boot":37,"MagicDraw2":4,"jedi:shrinkray":16,"Blood Vial":23,"Lizard Tail":15,"Strawberry":47,"jedi:ashlotus":45,"AT_RedTearstoneRing":4,"Happy Flower":29,"hubris:DuctTape":30,"KSMOD_SealedBook":0,"Oddly Smooth Stone":29,"Question Card":35,"RhineCircuit":34,"jedi:heavyjacket":23,"AT_SpeedBoots":40,"hubris:ToyBattleship":10,"hubris:TenFootPole":46,"AT_BellDemon":15,"Darkstone Periapt":31,"AT_SeraphEmbrace":47,"DaveBox":0,"Smiling Mask":2,"SynthV:C4":41,"Civilization":42,"Pantograph":21,"KSMOD_SealedWand":0,"SumBook":26,"ZombieArmy":38,"AT_ChloranthyRing":48,"Lee\u0027s Waffle":40,"AT_GoldPhoenixTree":41,"AT_BladeRuinedKing":33,"infinitespire:FocusingShard":43,"Omamori":40,"jedi:crownofsimplicity":20,"Orichalcum":18,"jedi:fakemustache":15,"Strange Spoon":4,"SynthV:TestCard":1,"FeatherPendant":0,"infinitespire:Satchel":6,"Coffee Dripper":17,"Art of War":39,"Membership Card":49,"AT_SunfireAegis":23,"REME_PuzzleBoxRelic":36,"REME_ComplimentaryCards":0,"hubris:NiceRug":4},{"PatriotShield":14,"AT_ATBox":0,"AT_MibuBalloonWealth":6,"Vajra":15,"KSMOD_YukitosBentoBox":14,"ice":0,"MagicDraw4":14,"AT_ArchangelStaff":16,"Boot":22,"MagicDraw2":3,"jedi:shrinkray":10,"Blood Vial":14,"Lizard Tail":9,"Strawberry":26,"jedi:ashlotus":24,"AT_RedTearstoneRing":3,"Happy Flower":16,"hubris:DuctTape":17,"KSMOD_SealedBook":0,"Oddly Smooth Stone":16,"Question Card":20,"RhineCircuit":19,"jedi:heavyjacket":14,"AT_SpeedBoots":23,"hubris:ToyBattleship":7,"hubris:TenFootPole":25,"AT_BellDemon":9,"Darkstone Periapt":18,"AT_SeraphEmbrace":26,"DaveBox":0,"Smiling Mask":1,"SynthV:C4":24,"Civilization":24,"Pantograph":13,"KSMOD_SealedWand":0,"SumBook":15,"ZombieArmy":22,"AT_ChloranthyRing":27,"Lee\u0027s Waffle":23,"AT_GoldPhoenixTree":24,"AT_BladeRuinedKing":19,"infinitespire:FocusingShard":24,"Omamori":23,"jedi:crownofsimplicity":12,"Orichalcum":11,"jedi:fakemustache":9,"Strange Spoon":3,"SynthV:TestCard":1,"FeatherPendant":0,"infinitespire:Satchel":5,"Coffee Dripper":10,"Art of War":23,"Membership Card":27,"AT_SunfireAegis":14,"REME_PuzzleBoxRelic":21,"REME_ComplimentaryCards":0,"hubris:NiceRug":3},{"PatriotShield":49,"AT_ATBox":0,"AT_MibuBalloonWealth":16,"Vajra":51,"KSMOD_YukitosBentoBox":49,"ice":0,"MagicDraw4":49,"AT_ArchangelStaff":53,"Boot":61,"MagicDraw2":5,"jedi:shrinkray":35,"Blood Vial":49,"Lizard Tail":29,"Strawberry":66,"jedi:ashlotus":64,"AT_RedTearstoneRing":5,"Happy Flower":53,"hubris:DuctTape":54,"KSMOD_SealedBook":0,"Oddly Smooth Stone":53,"Question Card":59,"RhineCircuit":57,"jedi:heavyjacket":49,"AT_SpeedBoots":63,"hubris:ToyBattleship":19,"hubris:TenFootPole":65,"AT_BellDemon":29,"Darkstone Periapt":56,"AT_SeraphEmbrace":66,"DaveBox":0,"Smiling Mask":2,"SynthV:C4":64,"Civilization":64,"Pantograph":44,"KSMOD_SealedWand":0,"SumBook":51,"ZombieArmy":61,"AT_ChloranthyRing":68,"Lee\u0027s Waffle":63,"AT_GoldPhoenixTree":64,"AT_BladeRuinedKing":57,"infinitespire:FocusingShard":64,"Omamori":63,"jedi:crownofsimplicity":40,"Orichalcum":38,"jedi:fakemustache":29,"Strange Spoon":5,"SynthV:TestCard":2,"FeatherPendant":0,"infinitespire:Satchel":10,"Coffee Dripper":35,"Art of War":63,"Membership Card":68,"AT_SunfireAegis":49,"REME_PuzzleBoxRelic":60,"REME_ComplimentaryCards":0,"hubris:NiceRug":5}]},"card_choices":[{"not_picked":["ClowCardTheFreeze","ClowCardTheSilent"],"picked":"ClowCardTheErase","floor":1.0},{"not_picked":["ClowCardTheSand","ClowCardTheSilent","ClowCardTheVoice","ClowCardTheCloud"],"picked":"ClowCardTheFloat","floor":3.0},{"not_picked":[],"picked":"ClowCardTheThunder","floor":4.0},{"not_picked":[],"picked":"ClowCardTheFly","floor":4.0},{"not_picked":[],"picked":"ClowCardTheFloat","floor":4.0},{"not_picked":[],"picked":"Good Instincts","floor":4.0},{"not_picked":["ClowCardTheErase"],"picked":"SKIP","floor":4.0},{"not_picked":["ClowCardTheSweet"],"picked":"SKIP","floor":4.0},{"not_picked":["MostiFishMod:TheLastGuard"],"picked":"SKIP","floor":4.0},{"not_picked":["ClowCardTheVoice","ClowCardTheShot","ClowCardTheCloud","ClowCardTheFlower","ClowCardTheJump"],"picked":"SKIP","floor":5.0},{"not_picked":["ClowCardTheVoice","ClowCardTheShot","ClowCardTheCloud","ClowCardTheFlower","ClowCardTheJump"],"picked":"SKIP","floor":5.0},{"not_picked":["ClowCardTheVoice","ClowCardTheSilent","ClowCardTheMirror","ClowCardTheWindy","ClowCardTheGlow"],"picked":"SKIP","floor":6.0},{"not_picked":["ClowCardTheDream","ClowCardTheRain","ClowCardTheSilent","ClowCardTheCloud"],"picked":"ClowCardTheTime","floor":8.0},{"not_picked":["ClowCardTheArrow","ClowCardTheMove","ClowCardTheCloud","ClowCardTheDream","ClowCardTheIllusion"],"picked":"SKIP","floor":10.0},{"not_picked":["ClowCardThePower","ClowCardTheFreeze","ClowCardTheMove","ClowCardTheShot"],"picked":"ClowCardTheFloat","floor":13.0},{"not_picked":["ClowCardTheReturn","ClowCardTheSilent","ClowCardTheIllusion","ClowCardTheDream"],"picked":"ClowCardTheMirror","floor":14.0},{"not_picked":["ClowCardTheLight","ClowCardTheReturn","ClowCardTheThrough","ClowCardTheThunder"],"picked":"ClowCardTheCreate","floor":16.0},{"not_picked":["ClowCardTheMist","ClowCardTheLock","ClowCardTheWood","ClowCardTheBubbles+1"],"picked":"ClowCardTheSleep","floor":18.0},{"not_picked":["ClowCardTheGlow+1","ClowCardTheLibra","ClowCardTheErase","ClowCardTheVoice"],"picked":"ClowCardTheFloat+1","floor":20.0},{"not_picked":["ClowCardTheVoice","ClowCardTheShadow","ClowCardTheDream+1","ClowCardTheSand+1"],"picked":"ClowCardTheLibra","floor":21.0},{"not_picked":["ClowCardTheLock","ClowCardTheLibra","ClowCardTheMaze","ClowCardTheFly+1"],"picked":"ClowCardTheChange","floor":23.0},{"not_picked":["ClowCardTheShadow","ClowCardTheCloud","ClowCardTheArrow","ClowCardTheChange"],"picked":"ClowCardTheDream","floor":25.0},{"not_picked":["ClowCardTheRain","ClowCardTheMirror+1","ClowCardTheWave","ClowCardTheWatery"],"picked":"ClowCardTheSweet+1","floor":27.0},{"not_picked":["ClowCardTheShadow","ClowCardTheCloud+1","ClowCardTheReturn","ClowCardTheIllusion","ClowCardTheSnow"],"picked":"SKIP","floor":30.0},{"not_picked":["ClowCardTheVoice","ClowCardTheMist","ClowCardTheMirror","ClowCardTheShadow"],"picked":"ClowCardTheRain+1","floor":31.0},{"not_picked":["ClowCardTheThrough","ClowCardTheTwin","ClowCardTheThunder","ClowCardTheTime"],"picked":"ClowCardTheDash","floor":33.0},{"not_picked":["ClowCardTheWood+1","ClowCardTheDream+1","ClowCardTheSweet","ClowCardTheLock+1","ClowCardTheMirror+1"],"picked":"SKIP","floor":35.0},{"not_picked":["ClowCardTheSilent","ClowCardTheSnow","ClowCardTheShot","ClowCardTheMist+1","ClowCardTheMaze","ClowCardTheLibra"],"picked":"SKIP","floor":36.0},{"not_picked":["ClowCardTheMaze","ClowCardTheEarthy+1","ClowCardTheFly+1","ClowCardThePower","ClowCardTheFirey+1"],"picked":"ClowCardTheTwin","floor":37.0},{"not_picked":["ClowCardTheMirror","ClowCardTheWindy+1","ClowCardTheErase","ClowCardTheFreeze","ClowCardTheLittle","ClowCardTheArrow"],"picked":"SKIP","floor":39.0},{"not_picked":["ClowCardTheSand+1","ClowCardTheErase+1","ClowCardTheLoop","ClowCardTheFight","ClowCardTheFloat+1","ClowCardTheIllusion"],"picked":"SKIP","floor":41.0},{"not_picked":["ClowCardThePower+1","ClowCardTheChange+1","ClowCardTheMist+1","ClowCardTheVoice","ClowCardTheGlow","ClowCardTheSand"],"picked":"SKIP","floor":46.0},{"not_picked":["ClowCardTheSand+1","ClowCardTheDream+1","ClowCardTheMirror+1","ClowCardTheMaze+1","ClowCardTheWood+1","ClowCardTheIllusion+1"],"picked":"SKIP","floor":47.0},{"not_picked":["ClowCardTheIllusion","ClowCardTheFreeze+1","ClowCardTheWatery","ClowCardTheStorm","ClowCardTheFirey"],"picked":"ClowCardTheCloud","floor":48.0}],"player_experience":240531,"relics_obtained":[{"floor":1.0,"key":"SynthV:TestCard"},{"floor":2.0,"key":"Smiling Mask"},{"floor":4.0,"key":"AT_RedTearstoneRing"},{"floor":4.0,"key":"MagicDraw2"},{"floor":4.0,"key":"Strange Spoon"},{"floor":6.0,"key":"infinitespire:Satchel"},{"floor":9.0,"key":"AT_MibuBalloonWealth"},{"floor":10.0,"key":"hubris:ToyBattleship"},{"floor":16.0,"key":"jedi:shrinkray"},{"floor":18.0,"key":"Orichalcum"},{"floor":20.0,"key":"jedi:crownofsimplicity"},{"floor":21.0,"key":"Pantograph"},{"floor":23.0,"key":"Blood Vial"},{"floor":23.0,"key":"MagicDraw4"},{"floor":23.0,"key":"AT_SunfireAegis"},{"floor":23.0,"key":"jedi:heavyjacket"},{"floor":25.0,"key":"Vajra"},{"floor":26.0,"key":"SumBook"},{"floor":27.0,"key":"AT_ArchangelStaff"},{"floor":30.0,"key":"hubris:DuctTape"},{"floor":31.0,"key":"Darkstone Periapt"},{"floor":33.0,"key":"AT_BladeRuinedKing"},{"floor":35.0,"key":"Question Card"},{"floor":36.0,"key":"REME_PuzzleBoxRelic"},{"floor":37.0,"key":"Boot"},{"floor":38.0,"key":"ZombieArmy"},{"floor":39.0,"key":"Art of War"},{"floor":41.0,"key":"SynthV:C4"},{"floor":41.0,"key":"AT_GoldPhoenixTree"},{"floor":43.0,"key":"infinitespire:FocusingShard"},{"floor":46.0,"key":"hubris:TenFootPole"},{"floor":47.0,"key":"Strawberry"},{"floor":48.0,"key":"AT_ChloranthyRing"}],"event_choices":[{"cards_removed":["ClowCardTheFloat"],"damage_healed":0.0,"max_hp_gain":0.0,"max_hp_loss":0.0,"gold_gain":0.0,"event_name":"betterNote:BetterNote","player_choice":"Give","floor":11.0,"gold_loss":0.0,"damage_taken":0.0,"cards_obtained":["None"]},{"damage_healed":0.0,"max_hp_gain":0.0,"max_hp_loss":0.0,"gold_gain":0.0,"event_name":"Vampires","player_choice":"Ignored","floor":19.0,"gold_loss":0.0,"damage_taken":0.0},{"damage_healed":0.0,"max_hp_gain":0.0,"max_hp_loss":0.0,"gold_gain":0.0,"event_name":"Ghosts","player_choice":"Ignored","floor":28.0,"gold_loss":0.0,"damage_taken":0.0}],"is_beta":false,"boss_relics":[{"not_picked":["Calling Bell","Busted Crown"],"picked":"Coffee Dripper"},{"not_picked":["jedi:hotpepper","jedi:battlestandard"],"picked":"RhineCircuit"}],"items_purged_floors":[24,29,40,45,49],"is_endless":false,"potions_floor_spawned":[1,6,14,16,20,21,23,33,37,41,47],"ascension_level":0}}