{"host":"2kfsro7skzomnm41","time":1612569599,"event":{"mods":["AchievementEnabler","BaseMod","Googly Eyes","Highlight Path","Minty Spire (QoL Compilation)","StSLib"],"gold_per_floor":[112,128,143,123,141,141,169,169,169,203,216,65,65,76,76,177,177,191,216,216,31,47,47,78,32,32,32,32,44,61,94,94,94,94],"floor_reached":33,"language":"ENG","playtime":3144,"items_purged":["Strike_G"],"score":496,"play_id":"3a51964b-8485-4b90-bc68-b13287254ac5","local_time":"20210205185959","is_ascension_mode":true,"campfire_choices":[{"data":"Neutralize","floor":6.0,"key":"SMITH"},{"data":"Poisoned Stab","floor":8.0,"key":"SMITH"},{"data":"Noxious Fumes","floor":15.0,"key":"SMITH"},{"data":"Blade Dance","floor":23.0,"key":"SMITH"},{"floor":28,"key":"REST"},{"data":"Dagger Spray","floor":32,"key":"SMITH"}],"circlet_count":0,"master_deck":["AscendersBane","Strike_G","Strike_G","Defend_G","Defend_G","Defend_G","Defend_G","Defend_G","Survivor","Neutralize+1","Dodge and Roll","Well Laid Plans","Blade Dance+1","Poisoned Stab+1","Dash","Dagger Spray+1","Noxious Fumes+1","Poisoned Stab+1","Glass Knife+1","Dagger Spray","Endless Agony","Blur+1","PiercingWail","Slice","Acrobatics"],"relics":["Ring of the Snake","NeowsBlessing","Turnip","White Beast Statue","Shuriken","WristBlade","Akabeko","Whetstone","Juzu Bracelet","Pen Nib","Bottled Flame"],"acts_visited":["Exordium","TheCity"],"potions_floor_usage":[24,31,33,33],"damage_taken":[{"damage":0.0,"enemies":"2 Louse","floor":1.0,"turns":1.0},{"damage":0.0,"enemies":"Cultist","floor":2.0,"turns":1.0},{"damage":0.0,"enemies":"Jaw Worm","floor":3.0,"turns":1.0},{"damage":0.0,"enemies":"Red Slaver","floor":5.0,"turns":5.0},{"damage":6.0,"enemies":"Gremlin Nob","floor":7.0,"turns":3.0},{"damage":14.0,"enemies":"Lagavulin","floor":10.0,"turns":8.0},{"damage":4.0,"enemies":"Exordium Thugs","floor":11.0,"turns":5.0},{"damage":0.0,"enemies":"2 Fungi Beasts","floor":14.0,"turns":2.0},{"damage":1.0,"enemies":"Slime Boss","floor":16.0,"turns":7.0},{"damage":11.0,"enemies":"Shell Parasite","floor":18.0,"turns":6.0},{"damage":6.0,"enemies":"2 Thieves","floor":22.0,"turns":2.0},{"damage":15,"enemies":"Book of Stabbing","floor":24,"turns":3},{"damage":5,"enemies":"Centurion and Healer","floor":29,"turns":4},{"damage":1,"enemies":"Snecko","floor":30,"turns":5},{"damage":0,"enemies":"Slavers","floor":31,"turns":2},{"damage":79,"enemies":"Automaton","floor":33,"turns":6}],"seed_played":"2615225565996424592","potions_obtained":[{"floor":3.0,"key":"SpeedPotion"},{"floor":4.0,"key":"LiquidMemories"},{"floor":5.0,"key":"AttackPotion"},{"floor":7.0,"key":"PowerPotion"},{"floor":10.0,"key":"Explosive Potion"},{"floor":11.0,"key":"CunningPotion"},{"floor":14.0,"key":"PowerPotion"},{"floor":16.0,"key":"Explosive Potion"},{"floor":18.0,"key":"PowerPotion"},{"floor":22.0,"key":"Poison Potion"},{"floor":24,"key":"Poison Potion"},{"floor":29,"key":"Energy Potion"},{"floor":31,"key":"Fruit Juice"}],"is_trial":false,"path_per_floor":["M","M","M","?","M","R","E","R","T","E","M","$","?","M","R","B",null,"M","T","?","$","M","R","E","$","T","?","R","M","M","E","R","B"],"character_chosen":"THE_SILENT","items_purchased":["Noxious Fumes","Whetstone","Endless Agony","PiercingWail"],"campfire_rested":1,"item_purchase_floors":[12,21,21,25],"current_hp_per_floor":[63,63,63,63,63,63,57,57,57,43,39,39,39,39,39,38,62,51,51,38,38,32,32,17,17,17,17,39,34,33,33,33,0,0],"gold":94,"neow_bonus":"THREE_ENEMY_KILL","is_daily":false,"chose_seed":false,"campfire_upgraded":5,"win_rate":0.0,"timestamp":1612569599,"path_taken":["M","M","M","?","?","R","E","R","T","E","M","$","?","M","R","BOSS","M","?","?","?","M","R","E","$","T","?","R","M","M","E","R","BOSS"],"items_purchased_type":["Card","Relic","Card","Card"],"build_version":"2020-12-22","purchased_purges":1,"victory":false,"max_hp_per_floor":[70,70,70,70,70,70,70,70,70,70,70,70,70,70,70,70,70,70,70,75,75,75,75,75,75,75,75,75,75,75,75,75,80,80],"card_choices":[{"not_picked":["Deflect","Setup"],"picked":"Dodge and Roll","floor":1.0},{"not_picked":["Expertise","Backflip"],"picked":"Well Laid Plans","floor":2.0},{"not_picked":["Distraction","Dodge and Roll"],"picked":"Blade Dance","floor":3.0},{"not_picked":["Terror","Sucker Punch"],"picked":"Poisoned Stab","floor":5.0},{"not_picked":["Caltrops","Backflip"],"picked":"Dash","floor":7.0},{"not_picked":["Underhanded Strike","Malaise"],"picked":"Dagger Spray","floor":10.0},{"not_picked":["Dash","Flechettes","Outmaneuver"],"picked":"SKIP","floor":11.0},{"not_picked":["Dash","Flechettes","Outmaneuver"],"picked":"SKIP","floor":11.0},{"not_picked":["Bouncing Flask","Backflip"],"picked":"Poisoned Stab","floor":14.0},{"not_picked":["Wraith Form v2","Burst"],"picked":"Glass Knife","floor":16.0},{"not_picked":["Poisoned Stab","Dodge and Roll"],"picked":"Dagger Spray","floor":18.0},{"not_picked":["Concentrate","Dagger Throw","Flying Knee"],"picked":"SKIP","floor":22.0},{"not_picked":["Masterful Stab","Die Die Die"],"picked":"Blur+1","floor":24},{"not_picked":["Acrobatics","Prepared"],"picked":"Slice","floor":29},{"not_picked":["Blur","Poisoned Stab+1"],"picked":"Acrobatics","floor":30},{"not_picked":["Deflect","Outmaneuver","Slice"],"picked":"SKIP","floor":31}],"player_experience":284401,"relics_obtained":[{"floor":7.0,"key":"Turnip"},{"floor":9.0,"key":"White Beast Statue"},{"floor":10.0,"key":"Shuriken"},{"floor":19.0,"key":"Akabeko"},{"floor":24,"key":"Juzu Bracelet"},{"floor":26,"key":"Pen Nib"},{"floor":31,"key":"Bottled Flame"}],"event_choices":[{"damage_healed":0.0,"max_hp_gain":0.0,"max_hp_loss":0.0,"gold_gain":0.0,"event_name":"The Woman in Blue","player_choice":"Bought 1 Potion","floor":4.0,"gold_loss":0.0,"damage_taken":0.0},{"cards_removed":["Strike_G"],"damage_healed":0.0,"max_hp_gain":0.0,"max_hp_loss":0.0,"gold_gain":0.0,"event_name":"Purifier","player_choice":"Purged","floor":13.0,"gold_loss":0.0,"damage_taken":0.0},{"damage_healed":0.0,"max_hp_gain":5.0,"max_hp_loss":0.0,"gold_gain":0.0,"event_name":"Forgotten Altar","player_choice":"Shed Blood","floor":20.0,"gold_loss":0.0,"damage_taken":18.0},{"cards_removed":["Strike_G"],"damage_healed":0,"gold_gain":0,"player_choice":"Purged","damage_taken":0,"max_hp_gain":0,"max_hp_loss":0,"event_name":"Purifier","floor":27,"gold_loss":0}],"is_beta":false,"boss_relics":[{"not_picked":["Philosopher\u0027s Stone","Black Star"],"picked":"WristBlade"}],"items_purged_floors":[12],"is_endless":false,"potions_floor_spawned":[3,5,7,10,11,14,16,18,22,24,29,30,31],"killed_by":"Automaton","ascension_level":11}}