{"host":"oopoa2qluour3scl","time":1612653563,"event":{"mods":["2.2 Compatiblity","AchievementEnabler","AlwaysNeverKeys","BaseMod","Better Match","Better Note","Better Sensory Stone","Better Third Choice","Better Vampires","BetterRewards","Colored Powertips","Communication Mod","Minty Spire (QoL Compilation)","Practice Mode","Random Character Button","Relic Stats","StSLib","SuperFastMode","Swap Starting Deck Mod"],"gold_per_floor":[111,37,2,12,0,0,25,25,48,76,76,95,95,56,56,155,155,166,166,166,182,382,382,413,413,413,425,438,438,467,566,566,670,670,687,687,1037,666,713,713,713],"floor_reached":40,"language":"ENG","playtime":1380,"items_purged":["Reprogram"],"score":451,"play_id":"18f7f02b-dac2-487a-88aa-fbc9534a4ec8","local_time":"20210207001923","is_ascension_mode":false,"campfire_choices":[{"data":"Enlightenment","floor":6,"key":"SMITH"},{"data":"Sunder","floor":8,"key":"SMITH"},{"floor":11,"key":"REST"},{"data":"White Noise","floor":15,"key":"SMITH"},{"floor":23,"key":"REST"},{"floor":25,"key":"REST"},{"floor":32,"key":"REST"}],"circlet_count":0,"master_deck":["Strike_B+1","Strike_B","Strike_B","Strike_B","Defend_B","Defend_B","Defend_B","Defend_B","Zap","Dualcast","Thunder Strike+1","Tempest","Conserve Battery","Enlightenment+1","Sunder+1","Electrodynamics","White Noise+1","Defragment","Echo Form","Consume+1","Expertise+1","Self Repair","Scrape","Amplify","Sunder","Machine Learning","Steam+1","Static Discharge","FTL"],"relics":["Cracked Core","Blue Candle","Bag of Preparation","MealTicket","Philosopher\u0027s Stone","Cables","CaptainsWheel","Tiny Chest","Nuclear Battery","Old Coin","Membership Card","Eternal Feather","Whetstone"],"acts_visited":["Exordium","TheCity","TheBeyond"],"potions_floor_usage":[16,30,30,30,37,40,40],"damage_taken":[{"damage":7,"enemies":"Small Slimes","floor":1,"turns":4},{"damage":2,"enemies":"2 Louse","floor":4,"turns":2},{"damage":35,"enemies":"Gremlin Nob","floor":7,"turns":5},{"damage":17,"enemies":"3 Sentries","floor":10,"turns":6},{"damage":4,"enemies":"Jaw Worm","floor":12,"turns":3},{"damage":22,"enemies":"The Guardian","floor":16,"turns":6},{"damage":15,"enemies":"3 Byrds","floor":18,"turns":2},{"damage":42,"enemies":"Shell Parasite","floor":21,"turns":6},{"damage":35,"enemies":"Book of Stabbing","floor":24,"turns":4},{"damage":15,"enemies":"Centurion and Healer","floor":27,"turns":4},{"damage":4,"enemies":"Snecko","floor":28,"turns":3},{"damage":27,"enemies":"Slavers","floor":30,"turns":4},{"damage":26,"enemies":"Automaton","floor":33,"turns":5},{"damage":24,"enemies":"3 Darklings","floor":35,"turns":3},{"damage":47,"enemies":"2 Orb Walkers","floor":37,"turns":4},{"damage":70,"enemies":"Nemesis","floor":40,"turns":6}],"seed_played":"6984211184451430806","potions_obtained":[{"floor":12,"key":"EssenceOfSteel"},{"floor":16,"key":"Regen Potion"},{"floor":18,"key":"Explosive Potion"},{"floor":24,"key":"SpeedPotion"},{"floor":28,"key":"Fire Potion"},{"floor":35,"key":"ColorlessPotion"},{"floor":37,"key":"Weak Potion"}],"is_trial":false,"path_per_floor":["M","$","?","M","?","R","E","R","T","E","R","M","?","$","R","B",null,"M","?","?","M","?","R","E","R","T","M","M","?","E","?","R","B",null,"M","?","?","$","T","E"],"character_chosen":"DEFECT","items_purchased":["Tempest","Defragment","Membership Card","Eternal Feather","PotionOfCapacity","FTL"],"campfire_rested":4,"item_purchase_floors":[2,14,38,38,38,38],"current_hp_per_floor":[68,68,75,73,79,79,44,44,44,27,51,47,74,81,81,59,81,66,66,66,24,24,48,13,37,37,29,25,25,14,14,38,12,81,64,64,17,32,32,0,0],"gold":713,"neow_bonus":"ONE_RANDOM_RARE_CARD","is_daily":false,"chose_seed":false,"campfire_upgraded":3,"win_rate":0.0,"timestamp":1612653563,"path_taken":["M","$","?","M","?","R","E","R","T","E","R","M","?","?","R","BOSS","M","?","?","M","?","R","E","R","T","M","?","?","E","?","R","BOSS","M","?","?","$","?","E"],"items_purchased_type":["Card","Card","Relic","Relic","Potion","Card"],"build_version":"2020-12-22","purchased_purges":1,"victory":false,"max_hp_per_floor":[75,75,75,75,81,81,81,81,81,81,81,81,81,81,81,81,81,81,81,81,81,81,81,81,81,81,81,81,81,81,81,81,81,81,81,81,81,81,81,81,81],"relic_stats":{"counters":[95,370],"Blue Candle":[1],"MealTicket":22,"Tiny Chest":1,"Eternal Feather":0,"Bag of Preparation":[26],"Whetstone":["Strike_B","Thunder Strike"],"obtain_stats":[{"Calipers":0,"Gremlin Horn":37,"CeramicFish":48,"Vajra":28,"Whetstone":26,"Ginger":54,"Bottled Tornado":43,"Boot":48,"Old Coin":37,"Sozu":0,"Blood Vial":24,"HornCleat":30,"Prayer Wheel":0,"MealTicket":10,"Philosopher\u0027s Stone":17,"Fusion Hammer":34,"Kunai":31,"Girya":37,"Happy Flower":8,"Blue Candle":23,"Eternal Feather":38,"Pen Nib":42,"Question Card":38,"Akabeko":6,"Cables":0,"Du-Vu Doll":0,"OrangePellets":0,"Shuriken":38,"Bronze Scales":0,"Bird Faced Urn":9,"Molten Egg 2":26,"Pocketwatch":6,"Singing Bowl":25,"Juzu Bracelet":26,"Bag of Preparation":9,"Cursed Key":17,"Nunchaku":53,"Mummified Hand":0,"Pantograph":0,"Tiny Chest":30,"WingedGreaves":27,"Cracked Core":0,"InkBottle":30,"Golden Idol":0,"PreservedInsect":0,"Frozen Egg 2":23,"Orichalcum":12,"Nuclear Battery":34,"DataDisk":40,"CaptainsWheel":46,"Anchor":9,"betterThird:SlimedRelic":2,"Orrery":31,"Ectoplasm":17,"Turnip":13,"Coffee Dripper":34,"Art of War":9,"Bottled Lightning":54,"Membership Card":38,"Toy Ornithopter":23,"TungstenRod":40},{"Calipers":60,"Gremlin Horn":51,"CeramicFish":30,"Vajra":20,"Whetstone":4,"Ginger":59,"Bottled Tornado":28,"Boot":57,"Old Coin":94,"Sozu":0,"Blood Vial":46,"HornCleat":21,"Prayer Wheel":60,"MealTicket":83,"Philosopher\u0027s Stone":85,"Fusion Hammer":50,"Kunai":75,"Girya":25,"Happy Flower":39,"Blue Candle":71,"Eternal Feather":94,"Pen Nib":54,"Question Card":25,"Akabeko":63,"Cables":0,"Du-Vu Doll":33,"OrangePellets":60,"Shuriken":25,"Bronze Scales":0,"Bird Faced Urn":9,"Molten Egg 2":19,"Pocketwatch":9,"Singing Bowl":19,"Juzu Bracelet":46,"Bag of Preparation":82,"Cursed Key":68,"Nunchaku":31,"Mummified Hand":0,"Pantograph":0,"Tiny Chest":91,"WingedGreaves":47,"Cracked Core":0,"InkBottle":75,"Golden Idol":0,"PreservedInsect":60,"Frozen Egg 2":17,"Orichalcum":66,"Nuclear Battery":92,"DataDisk":27,"CaptainsWheel":57,"Anchor":64,"betterThird:SlimedRelic":61,"Orrery":75,"Ectoplasm":42,"Turnip":66,"Coffee Dripper":23,"Art of War":39,"Bottled Lightning":32,"Membership Card":94,"Toy Ornithopter":3,"TungstenRod":53},{"Calipers":227,"Gremlin Horn":180,"CeramicFish":94,"Vajra":64,"Whetstone":18,"Ginger":219,"Bottled Tornado":90,"Boot":208,"Old Coin":364,"Sozu":0,"Blood Vial":156,"HornCleat":66,"Prayer Wheel":227,"MealTicket":320,"Philosopher\u0027s Stone":329,"Fusion Hammer":176,"Kunai":289,"Girya":81,"Happy Flower":127,"Blue Candle":273,"Eternal Feather":364,"Pen Nib":195,"Question Card":81,"Akabeko":238,"Cables":0,"Du-Vu Doll":102,"OrangePellets":227,"Shuriken":81,"Bronze Scales":0,"Bird Faced Urn":31,"Molten Egg 2":61,"Pocketwatch":31,"Singing Bowl":61,"Juzu Bracelet":156,"Bag of Preparation":314,"Cursed Key":261,"Nunchaku":96,"Mummified Hand":0,"Pantograph":0,"Tiny Chest":352,"WingedGreaves":158,"Cracked Core":0,"InkBottle":289,"Golden Idol":0,"PreservedInsect":227,"Frozen Egg 2":54,"Orichalcum":249,"Nuclear Battery":357,"DataDisk":86,"CaptainsWheel":208,"Anchor":240,"betterThird:SlimedRelic":230,"Orrery":289,"Ectoplasm":138,"Turnip":249,"Coffee Dripper":73,"Art of War":127,"Bottled Lightning":99,"Membership Card":364,"Toy Ornithopter":14,"TungstenRod":190}],"Cables":[27,26,0,0,1]},"card_choices":[{"not_picked":["Barrage","Compile Driver"],"picked":"Reprogram","floor":1},{"not_picked":["Glacier","Blizzard"],"picked":"Conserve Battery","floor":4},{"not_picked":["Hologram","Conserve Battery"],"picked":"Sunder","floor":7},{"not_picked":["Stack","Ball Lightning"],"picked":"Electrodynamics","floor":10},{"not_picked":["Hologram","Coolheaded"],"picked":"White Noise","floor":12},{"not_picked":["Creative AI","Multi-Cast"],"picked":"Echo Form","floor":16},{"not_picked":["Beam Cell","Leap"],"picked":"Consume+1","floor":18},{"not_picked":["Rip and Tear","Go for the Eyes"],"picked":"Self Repair","floor":21},{"not_picked":["Gash","Barrage"],"picked":"Scrape","floor":24},{"not_picked":["Compile Driver","Coolheaded","Turbo"],"picked":"SKIP","floor":27},{"not_picked":["Fusion","Gash","Undo+1"],"picked":"SKIP","floor":28},{"not_picked":["Darkness","Conserve Battery"],"picked":"Sunder","floor":30},{"not_picked":["Reboot","All For One"],"picked":"Machine Learning","floor":33},{"not_picked":["Scrape","Coolheaded"],"picked":"Steam+1","floor":35},{"not_picked":["Sweeping Beam+1","Hologram"],"picked":"Static Discharge","floor":37}],"player_experience":467797,"relics_obtained":[{"floor":7,"key":"Blue Candle"},{"floor":9,"key":"Bag of Preparation"},{"floor":10,"key":"MealTicket"},{"floor":24,"key":"Cables"},{"floor":26,"key":"CaptainsWheel"},{"floor":30,"key":"Tiny Chest"},{"floor":37,"key":"Old Coin"},{"floor":39,"key":"Whetstone"}],"event_choices":[{"damage_healed":18,"gold_gain":0,"player_choice":"Healed","damage_taken":0,"max_hp_gain":0,"max_hp_loss":0,"event_name":"The Cleric","floor":3,"gold_loss":35},{"damage_healed":0,"gold_gain":0,"player_choice":"RENOUNCE","damage_taken":12,"max_hp_gain":0,"max_hp_loss":0,"event_name":"betterThird:BetterSerpent","floor":5,"gold_loss":12,"cards_obtained":["Enlightenment"]},{"damage_healed":27,"gold_gain":0,"player_choice":"Banana","damage_taken":0,"max_hp_gain":0,"max_hp_loss":0,"event_name":"Big Fish","floor":13,"gold_loss":0},{"cards_removed":["Echo Form"],"damage_healed":0,"gold_gain":0,"player_choice":"Take \u0026 Give","damage_taken":0,"max_hp_gain":0,"max_hp_loss":0,"event_name":"betterNote:BetterNote","floor":19,"gold_loss":0,"cards_obtained":["Expertise"]},{"damage_healed":0,"gold_gain":0,"player_choice":"Ignored","damage_taken":0,"max_hp_gain":0,"max_hp_loss":0,"event_name":"Vampires","floor":20,"gold_loss":0},{"damage_healed":0,"gold_gain":200,"player_choice":"Gold","damage_taken":0,"max_hp_gain":0,"max_hp_loss":0,"event_name":"Wheel of Change","floor":22,"gold_loss":0},{"damage_healed":0,"gold_gain":0,"player_choice":"Read","damage_taken":0,"max_hp_gain":0,"max_hp_loss":0,"event_name":"The Library","floor":29,"gold_loss":0,"cards_obtained":["Amplify"]},{"damage_healed":0,"gold_gain":99,"player_choice":"Steal","damage_taken":0,"max_hp_gain":0,"max_hp_loss":0,"event_name":"betterThird:BetterNest","floor":31,"gold_loss":0},{"damage_healed":0,"gold_gain":0,"player_choice":"Ignored","damage_taken":0,"max_hp_gain":0,"max_hp_loss":0,"event_name":"Tomb of Lord Red Mask","floor":36,"gold_loss":0},{"damage_healed":0,"gold_gain":0,"player_choice":"Fight","damage_taken":0,"max_hp_gain":0,"max_hp_loss":0,"event_name":"Mysterious Sphere","floor":37,"gold_loss":0}],"is_beta":false,"boss_relics":[{"not_picked":["Busted Crown","SacredBark"],"picked":"Philosopher\u0027s Stone"},{"not_picked":["Calling Bell","Velvet Choker"],"picked":"Nuclear Battery"}],"items_purged_floors":[38],"is_endless":false,"potions_floor_spawned":[12,16,18,24,28,35,37],"killed_by":"Nemesis","ascension_level":0}}