{"host":"o9lehcdjc4u6j9un","time":1612648015,"event":{"mods":["BaseMod","Better-Laid Plans","Colored Map","Downfall","Hermit","Marisa£®ÏF”Í°°ƒß¿Ì…≥£©","Minty Spire (QoL Compilation)","Reimu£®≤©¿ˆ¡È√Œ£©","Remilia£®¿Ÿ√◊¿Ú—«£©","StSLib","The Runesmith","The Senshi"],"gold_per_floor":[110,130,6,18,18,8,8],"floor_reached":6,"language":"ZHS","playtime":1004,"items_purged":["Strike_Lin:ReiMu"],"score":38,"play_id":"cbce9897-fc42-40db-a1bc-d85a67d93878","local_time":"20210207054655","is_ascension_mode":false,"campfire_choices":[],"circlet_count":0,"master_deck":["Strike_Lin:ReiMu","Strike_Lin:ReiMu","Strike_Lin:ReiMu","Defend_Lin:ReiMu","Defend_Lin:ReiMu","Defend_Lin:ReiMu","Defend_Lin:ReiMu","NB:ReiMu","Stagnation:ReiMu","EmergencyTakeOff:ReiMu","BarrageOfMoneybags:ReiMu","SubAcupoint:ReiMu","Amulet:ReiMu","PassingAway:ReiMu"],"relics":["FlyPower:ReiMu"],"acts_visited":["Exordium"],"potions_floor_usage":[6,6],"damage_taken":[{"damage":0,"enemies":"Cultist","floor":1,"turns":4},{"damage":0,"enemies":"Jaw Worm","floor":2,"turns":5},{"damage":0,"enemies":"2 Louse","floor":4,"turns":5},{"damage":1,"enemies":"Exordium Thugs","floor":5,"turns":5},{"damage":38,"enemies":"Lagavulin","floor":6,"turns":16}],"seed_played":"1956047840467272201","potions_obtained":[{"floor":4,"key":"LiquidFlight:ReiMu"},{"floor":5,"key":"SteroidPotion"}],"is_trial":false,"path_per_floor":["M","M","$","M","M","E"],"character_chosen":"REIMU","items_purchased":["SubAcupoint:ReiMu"],"campfire_rested":0,"item_purchase_floors":[3],"current_hp_per_floor":[71,71,71,71,70,32,32],"gold":8,"neow_bonus":"TEN_PERCENT_HP_BONUS","is_daily":false,"chose_seed":false,"campfire_upgraded":0,"win_rate":0.0,"timestamp":1612648015,"path_taken":["M","?","$","M","M","E"],"items_purchased_type":["Card"],"build_version":"2020-12-22","purchased_purges":1,"victory":false,"max_hp_per_floor":[71,71,71,71,71,71,71],"card_choices":[{"not_picked":["OrbThrow:ReiMu","ManaGlint:ReiMu"],"picked":"EmergencyTakeOff:ReiMu","floor":1},{"not_picked":["MountainWay:ReiMu","PhosphorusFlame:ReiMu"],"picked":"BarrageOfMoneybags:ReiMu","floor":2},{"not_picked":["FantasyBorder:ReiMu","SealNeedle:ReiMu"],"picked":"Amulet:ReiMu","floor":4},{"not_picked":["BarrageOfMoneybags:ReiMu","UpKicking:ReiMu"],"picked":"PassingAway:ReiMu","floor":5}],"player_experience":124212,"relics_obtained":[],"event_choices":[],"is_beta":false,"boss_relics":[],"items_purged_floors":[3],"is_endless":false,"potions_floor_spawned":[4,5],"killed_by":"Lagavulin","ascension_level":0}}