{"host":"njo8qgvy2a57fcny","time":1612601010,"event":{"mods":["Aspiration","BaseMod","BetterRewards","CCEM2","Colored Map","Colored Powertips","Conspire","Custom Start","Downfall","Energized Spire","GifTheSpireLib","Halation","Hermit","Hubris","Infinite Spire","Jedi Mod","Jorbs\u0027s Wanderer Trilogy","Mimic Mod","Minty Spire (QoL Compilation)","Quick Restart","Random Character Button","Random Character Mod","Rare Cards Sparkle","Relic Sorter","Reliquary","Replay The Spire","Shop Mod","StSLib","Stuff the Spire","The Animator","The Jungle","The Runesmith","The Servant 0.9.4","Unceasing Turn Reminder","thorton"],"gold_per_floor":[99,99,99,99,99,99,130,146,175,175,175,189,189,19,34,34,34,34],"floor_reached":16,"language":"ENG","playtime":840,"items_purged":["bronze:Strike"],"score":127,"play_id":"7de5e63d-e40e-4ff4-9f9c-084b1b42e3fc","local_time":"20210206194330","is_ascension_mode":true,"campfire_choices":[{"floor":1,"key":"DIG"},{"floor":10,"key":"REST"},{"data":"bronze:Boost","floor":13,"key":"SMITH"}],"circlet_count":0,"master_deck":["bronze:Strike","bronze:Strike","bronze:Strike","bronze:Defend","bronze:Defend","bronze:Defend","bronze:Defend","bronze:Replicate","bronze:Goto","bronze:Boost+1","bronze:WhirlingStrike","bronze:Frontload+1","bronze:Boost+1","bronze:ChildClass+1","bronze:Optimize","bronze:FineTuning+1","bronze:ThunderWave","bronze:ClassDefault","bronze:WhirlingStrike","bronze:Philosophize+1"],"relics":["bronze:BronzeCore","downfall:HeartsMalice","Bag of Marbles","Toxic Egg 2","hubris:FruitBowl","Toolbox","infinitespire:Joker Card","hubris:EvacipatedBox","Blue Doll","Quantum Egg"],"acts_visited":["Exordium"],"potions_floor_usage":[9,16],"damage_taken":[{"damage":0,"enemies":"Small Slimes","floor":2,"turns":1},{"damage":0,"enemies":"Jaw Worm","floor":3,"turns":1},{"damage":0,"enemies":"Cultist","floor":7,"turns":1},{"damage":0,"enemies":"Cultist","floor":8,"turns":4},{"damage":0,"enemies":"Gremlin Nob","floor":9,"turns":3},{"damage":0,"enemies":"Exordium Thugs","floor":12,"turns":3},{"damage":0,"enemies":"downfall:FleeingMerchant","floor":14,"turns":4},{"damage":0,"enemies":"Blue Slaver","floor":15,"turns":3},{"damage":33,"enemies":"DF_ARCHETYPE_STREAMLINE","floor":16,"turns":9}],"seed_played":"5442868800950401445","potions_obtained":[{"floor":8,"key":"Explosive Potion"},{"floor":15,"key":"Explosive Potion"}],"is_trial":false,"path_per_floor":["R_BF","M","M","?","?","$","MIM","M","E","R","?","M","R","$","M","B"],"character_chosen":"THE_AUTOMATON","items_purchased":["hubris:FruitBowl","Toolbox","infinitespire:Joker Card","hubris:EvacipatedBox","bronze:ClassDefault","bronze:WhirlingStrike"],"campfire_rested":1,"item_purchase_floors":[6,6,6,6,14,14],"current_hp_per_floor":[70,70,70,70,70,3,3,12,12,33,33,33,33,33,33,0,0,0],"gold":34,"neow_bonus":"THREE_ENEMY_KILL","is_daily":false,"chose_seed":false,"campfire_upgraded":1,"win_rate":0.0,"timestamp":1612601010,"path_taken":["R_BF","M","M","?","?","?","MIM","?","E","R","?","M","R","$","M","BOSS"],"items_purchased_type":["Relic","Relic","Relic","Relic","Card","Card"],"build_version":"2020-12-22","purchased_purges":1,"victory":false,"max_hp_per_floor":[70,70,70,70,70,70,70,70,70,70,70,70,70,70,70,70,70,70],"card_choices":[{"not_picked":["bronze:FineTuning","bronze:ChildClass"],"picked":"bronze:Boost","floor":2},{"not_picked":["bronze:Shield","bronze:OilSpill"],"picked":"bronze:WhirlingStrike","floor":3},{"not_picked":["bronze:ForceShield+1","bronze:BugBarrage"],"picked":"bronze:Frontload+1","floor":7},{"not_picked":["bronze:ForceShield+1","bronze:BitShift+1"],"picked":"bronze:Boost+1","floor":8},{"not_picked":["bronze:Branch","bronze:Repulsor"],"picked":"bronze:ChildClass+1","floor":9},{"not_picked":["bronze:DelayedGuard+1","bronze:Allocate+1"],"picked":"bronze:FineTuning+1","floor":12},{"not_picked":["bronze:Repulsor","bronze:DelayedSlice"],"picked":"bronze:ThunderWave","floor":14},{"not_picked":["bronze:Branch","bronze:Iterate"],"picked":"bronze:Philosophize+1","floor":15}],"player_experience":787114,"relics_obtained":[{"floor":1,"key":"Bag of Marbles"},{"floor":7,"key":"Blue Doll"},{"floor":9,"key":"Quantum Egg"}],"event_choices":[{"cards_removed":["Injury"],"damage_healed":0,"gold_gain":0,"player_choice":"Card Removal","damage_taken":0,"max_hp_gain":0,"max_hp_loss":0,"event_name":"The Cleric","floor":5,"gold_loss":0}],"is_beta":false,"boss_relics":[],"items_purged_floors":[14],"is_endless":false,"potions_floor_spawned":[8,15],"killed_by":"DF_ARCHETYPE_STREAMLINE","ascension_level":1}}