{"host":"lly094a91h6n5nv5","time":1612596841,"event":{"mods":["AchievementEnabler","BaseMod","Block Reminder","Colored Map","Minty Spire (QoL Compilation)"],"gold_per_floor":[12,12,24,24,37,37,69,69,69,69,69,89,115,133,133,228,228,246,264,39,39,50,50,85,85,85,110,120,131,160,175,175,276,276,286,286,299,324,379,379,410,425,451,480,225,237,237,237,237,237],"floor_reached":51,"language":"ENG","playtime":3704,"items_purged":["Strike_G","Strike_G+1"],"score":1079,"play_id":"ecd297f4-1932-4700-a1b6-31334505ac80","local_time":"20210206013401","is_ascension_mode":true,"campfire_choices":[{"data":"Wraith Form v2","floor":6.0,"key":"SMITH"},{"data":"Neutralize","floor":8.0,"key":"SMITH"},{"data":"Crippling Poison","floor":10.0,"key":"SMITH"},{"floor":15.0,"key":"REST"},{"data":"Adrenaline","floor":23.0,"key":"SMITH"},{"data":"Bouncing Flask","floor":25.0,"key":"SMITH"},{"data":"Catalyst","floor":32.0,"key":"SMITH"},{"data":"Crippling Poison","floor":40,"key":"SMITH"},{"data":"Catalyst","floor":47,"key":"SMITH"},{"data":"Doppelganger","floor":49,"key":"SMITH"}],"circlet_count":0,"master_deck":["Strike_G+1","Defend_G","Defend_G","Defend_G","Survivor","Neutralize+1","Bouncing Flask+1","Wraith Form v2+1","Crippling Poison+1","Escape Plan","PiercingWail","Noxious Fumes+1","Adrenaline+1","PiercingWail","Catalyst+1","Crippling Poison+1","Well Laid Plans+1","Doppelganger+1","Deflect+1","Catalyst+1"],"relics":["Ring of the Snake","Darkstone Periapt","Paper Crane","Frozen Egg 2","Sozu","Bag of Preparation","Vajra","Incense Burner","Bottled Lightning","TungstenRod","Red Mask","Coffee Dripper","Whetstone","Calipers","Bottled Tornado","Centennial Puzzle","TwistedFunnel"],"acts_visited":["Exordium","TheCity","TheBeyond"],"potions_floor_usage":[50,50],"damage_taken":[{"damage":4.0,"enemies":"Small Slimes","floor":1.0,"turns":4.0},{"damage":2.0,"enemies":"Jaw Worm","floor":3.0,"turns":4.0},{"damage":0.0,"enemies":"Cultist","floor":5.0,"turns":3.0},{"damage":15.0,"enemies":"Lagavulin","floor":7.0,"turns":6.0},{"damage":0.0,"enemies":"Blue Slaver","floor":12.0,"turns":3.0},{"damage":10.0,"enemies":"Gremlin Nob","floor":13.0,"turns":4.0},{"damage":1.0,"enemies":"3 Louse","floor":14.0,"turns":2.0},{"damage":2.0,"enemies":"The Guardian","floor":16.0,"turns":8.0},{"damage":7.0,"enemies":"2 Thieves","floor":18.0,"turns":4.0},{"damage":0.0,"enemies":"Spheric Guardian","floor":19.0,"turns":3.0},{"damage":1.0,"enemies":"Centurion and Healer","floor":22.0,"turns":8.0},{"damage":2.0,"enemies":"Gremlin Leader","floor":24.0,"turns":6.0},{"damage":13.0,"enemies":"Book of Stabbing","floor":27.0,"turns":5.0},{"damage":0.0,"enemies":"Snecko","floor":28.0,"turns":4.0},{"damage":2.0,"enemies":"Snake Plant","floor":29.0,"turns":3.0},{"damage":0.0,"enemies":"Masked Bandits","floor":30.0,"turns":4.0},{"damage":0.0,"enemies":"Centurion and Healer","floor":31.0,"turns":5.0},{"damage":0.0,"enemies":"Collector","floor":33.0,"turns":8.0},{"damage":0.0,"enemies":"3 Shapes","floor":35.0,"turns":2.0},{"damage":0.0,"enemies":"3 Darklings","floor":37.0,"turns":4.0},{"damage":14,"enemies":"2 Orb Walkers","floor":39,"turns":6},{"damage":0,"enemies":"Giant Head","floor":41,"turns":6},{"damage":0,"enemies":"Sphere and 2 Shapes","floor":42,"turns":2},{"damage":0,"enemies":"Reptomancer","floor":44,"turns":4},{"damage":0,"enemies":"Writhing Mass","floor":46,"turns":3},{"damage":21,"enemies":"Awakened One","floor":50,"turns":11}],"seed_played":"-5822854147401165148","potions_obtained":[{"floor":1.0,"key":"PowerPotion"},{"floor":3.0,"key":"SpeedPotion"},{"floor":12.0,"key":"Poison Potion"},{"floor":13.0,"key":"Fruit Juice"},{"floor":16.0,"key":"Weak Potion"}],"is_trial":false,"path_per_floor":["M","?","M","?","M","R","E","R","T","R","$","M","E","M","R","B",null,"M","M","$","T","M","R","E","R","T","E","M","M","?","M","R","B",null,"M","?","M","T","?","R","E","M","T","E","$","M","R","?","R","B",null],"character_chosen":"THE_SILENT","items_purchased":["Bag of Preparation","TwistedFunnel"],"campfire_rested":1,"item_purchase_floors":[20,45],"current_hp_per_floor":[59,59,57,50,50,50,35,35,35,35,35,35,30,29,51,49,69,62,62,62,62,61,61,59,59,59,46,46,44,44,44,44,44,67,67,67,67,67,53,53,53,53,53,53,53,53,53,49,49,28],"gold":237,"neow_bonus":"REMOVE_TWO","is_daily":false,"chose_seed":false,"campfire_upgraded":9,"win_rate":0.0,"timestamp":1612596841,"path_taken":["M","?","M","?","M","R","E","R","T","R","?","M","E","M","R","BOSS","M","M","$","?","M","R","E","R","T","E","M","M","?","M","R","BOSS","M","?","M","?","?","R","E","M","T","E","$","M","R","?","R","BOSS"],"items_purchased_type":["Relic","Relic"],"build_version":"2020-12-22","purchased_purges":2,"victory":true,"max_hp_per_floor":[70,70,70,70,70,70,70,70,70,70,70,70,75,75,75,75,75,75,75,75,75,75,75,75,75,75,75,75,75,75,75,75,75,75,75,75,75,75,75,75,75,75,75,75,75,75,75,75,75,75],"card_choices":[{"not_picked":["Quick Slash","Bane"],"picked":"Bouncing Flask","floor":1.0},{"not_picked":["Riddle With Holes","Bane"],"picked":"Flying Knee","floor":3.0},{"not_picked":["Dagger Throw","Prepared"],"picked":"Crippling Poison","floor":5.0},{"not_picked":["Sucker Punch","Riddle With Holes"],"picked":"Escape Plan","floor":7.0},{"not_picked":["Reflex","Dagger Throw","Prepared"],"picked":"SKIP","floor":12.0},{"not_picked":["Expertise","Acrobatics"],"picked":"PiercingWail","floor":13.0},{"not_picked":["Envenom+1","Heel Hook"],"picked":"Noxious Fumes+1","floor":14.0},{"not_picked":["Die Die Die","After Image+1"],"picked":"Adrenaline","floor":16.0},{"not_picked":["Eviscerate","Tactician"],"picked":"PiercingWail","floor":18.0},{"not_picked":["Sucker Punch+1","Flying Knee","Quick Slash"],"picked":"SKIP","floor":19.0},{"not_picked":["Acrobatics","Flying Knee","Riddle With Holes"],"picked":"SKIP","floor":22.0},{"not_picked":["Bane+1","Sucker Punch+1","Tactician"],"picked":"SKIP","floor":24.0},{"not_picked":["Flying Knee","Grand Finale","Expertise"],"picked":"SKIP","floor":27.0},{"not_picked":["Eviscerate","Setup+1"],"picked":"Catalyst","floor":28.0},{"not_picked":["Prepared","Bane+1"],"picked":"Crippling Poison","floor":29.0},{"not_picked":["Slice","Footwork+1"],"picked":"Well Laid Plans+1","floor":31.0},{"not_picked":["Grand Finale","After Image+1"],"picked":"Doppelganger","floor":33.0},{"not_picked":["Bane+1","Eviscerate"],"picked":"Deflect+1","floor":35.0},{"not_picked":["Quick Slash+1","Accuracy+1","Blur"],"picked":"SKIP","floor":37.0},{"not_picked":["PiercingWail+1","Dagger Spray","Blade Dance"],"picked":"SKIP","floor":41},{"not_picked":["PiercingWail+1","Poisoned Stab+1","Dagger Throw"],"picked":"SKIP","floor":42},{"not_picked":["Expertise+1","Prepared","Unload"],"picked":"SKIP","floor":44},{"not_picked":["Sucker Punch+1","Distraction"],"picked":"Catalyst","floor":46}],"player_experience":152407,"relics_obtained":[{"floor":7.0,"key":"Darkstone Periapt"},{"floor":9.0,"key":"Paper Crane"},{"floor":13.0,"key":"Frozen Egg 2"},{"floor":21.0,"key":"Vajra"},{"floor":24.0,"key":"Incense Burner"},{"floor":26.0,"key":"Bottled Lightning"},{"floor":27.0,"key":"TungstenRod"},{"floor":30.0,"key":"Red Mask"},{"floor":38.0,"key":"Whetstone"},{"floor":39,"key":"Calipers"},{"floor":41,"key":"Bottled Tornado"},{"floor":44,"key":"Centennial Puzzle"}],"event_choices":[{"damage_healed":0.0,"max_hp_gain":0.0,"max_hp_loss":0.0,"gold_gain":0.0,"cards_transformed":["Strike_G"],"event_name":"Living Wall","player_choice":"Change","floor":2.0,"gold_loss":0.0,"damage_taken":0.0,"cards_obtained":["Wraith Form v2"]},{"cards_removed":["Strike_G"],"damage_healed":0.0,"max_hp_gain":0.0,"max_hp_loss":0.0,"gold_gain":0.0,"event_name":"Golden Wing","player_choice":"Card Removal","floor":4.0,"gold_loss":0.0,"damage_taken":7.0},{"damage_healed":0.0,"max_hp_gain":0.0,"max_hp_loss":0.0,"gold_gain":0.0,"event_name":"Masked Bandits","player_choice":"Fought Bandits","floor":30.0,"gold_loss":0.0,"damage_taken":0.0},{"cards_removed":["Flying Knee"],"damage_healed":0.0,"max_hp_gain":0.0,"max_hp_loss":0.0,"gold_gain":0.0,"event_name":"Falling","player_choice":"Removed Attack","floor":36.0,"gold_loss":0.0,"damage_taken":0.0},{"damage_healed":0,"gold_gain":0,"player_choice":"Fight","damage_taken":0,"max_hp_gain":0,"max_hp_loss":0,"event_name":"Mysterious Sphere","floor":39,"gold_loss":0},{"damage_healed":0,"gold_gain":0,"player_choice":"Memory 2","damage_taken":5,"max_hp_gain":0,"max_hp_loss":0,"event_name":"SensoryStone","floor":48,"gold_loss":0}],"is_beta":false,"boss_relics":[{"not_picked":["Runic Dome","Tiny House"],"picked":"Sozu"},{"not_picked":["Fusion Hammer","Velvet Choker"],"picked":"Coffee Dripper"}],"items_purged_floors":[20,45],"is_endless":false,"potions_floor_spawned":[1,3,12,13,16,18,27,28,29,33,35,42,46],"ascension_level":6}}