{"host":"5p9hybygolzp0efr","time":1612576952,"event":{"mods":["AchievementEnabler","BaseMod","Bestiary","Colored Map","Minty Spire (QoL Compilation)","Permanent Neow","Relic Stats","StSLib"],"gold_per_floor":[20,30,46,46,65,65,81,81,81],"floor_reached":8,"language":"ENG","playtime":544,"items_purged":[],"score":75,"play_id":"5208b94b-faf8-4812-a5df-f39cbe79093f","local_time":"20210206100232","is_ascension_mode":true,"campfire_choices":[{"data":"Eruption","floor":6,"key":"SMITH"}],"circlet_count":0,"master_deck":["AscendersBane","Strike_P","Strike_P","Strike_P","Defend_P","Defend_P","Defend_P","Defend_P","Eruption+1","Vigilance","Consecrate","CutThroughFate","EmptyBody","CrushJoints","EmptyMind"],"relics":["PureWater","Unceasing Top"],"acts_visited":["Exordium"],"potions_floor_usage":[8],"damage_taken":[{"damage":0,"enemies":"2 Louse","floor":1,"turns":3},{"damage":2,"enemies":"Jaw Worm","floor":2,"turns":3},{"damage":0,"enemies":"Cultist","floor":3,"turns":2},{"damage":6,"enemies":"3 Louse","floor":5,"turns":3},{"damage":8,"enemies":"Exordium Wildlife","floor":7,"turns":8},{"damage":53,"enemies":"Gremlin Nob","floor":8,"turns":5}],"seed_played":"7846624394850227817","potions_obtained":[{"floor":1,"key":"Explosive Potion"},{"floor":5,"key":"SkillPotion"},{"floor":7,"key":"EntropicBrew"}],"is_trial":false,"path_per_floor":["M","M","M","?","M","R","M","E"],"character_chosen":"WATCHER","items_purchased":[],"campfire_rested":0,"item_purchase_floors":[],"current_hp_per_floor":[65,63,63,63,57,57,49,0,0],"gold":81,"neow_bonus":"ONE_RARE_RELIC","is_daily":false,"chose_seed":false,"campfire_upgraded":1,"win_rate":0.0,"timestamp":1612576952,"path_taken":["M","M","M","?","M","R","M","E"],"items_purchased_type":[],"build_version":"2020-12-22","purchased_purges":0,"victory":false,"max_hp_per_floor":[72,72,72,72,72,72,72,72,72],"relic_stats":{"counters":[6,24],"obtain_stats":[{"PureWater":0,"Unceasing Top":0},{"PureWater":0,"Unceasing Top":0},{"PureWater":0,"Unceasing Top":0}],"Unceasing Top":[1]},"card_choices":[{"not_picked":["SashWhip","Swivel"],"picked":"Consecrate","floor":1},{"not_picked":["TalkToTheHand","FlyingSleeves"],"picked":"CutThroughFate","floor":2},{"not_picked":["Vengeance","ClearTheMind"],"picked":"EmptyBody","floor":3},{"not_picked":["MentalFortress","Study"],"picked":"CrushJoints","floor":5},{"not_picked":["Pray","Evaluate"],"picked":"EmptyMind","floor":7}],"player_experience":597152,"relics_obtained":[],"event_choices":[{"cards_removed":["Strike_P"],"damage_healed":0,"gold_gain":0,"player_choice":"Forget","damage_taken":0,"max_hp_gain":0,"max_hp_loss":0,"event_name":"Living Wall","floor":4,"gold_loss":0}],"is_beta":false,"boss_relics":[],"items_purged_floors":[],"is_endless":false,"potions_floor_spawned":[1,5,7],"killed_by":"Gremlin Nob","ascension_level":10}}