{"host":"hf83sijwe64ts2lm","time":1612577969,"event":{"mods":["2.2 Compatiblity","BaseMod","Better Altar","Better Match","Better Note","Better Sensory Stone","Better Skull","Better Third Choice","Colored Map","Colored Powertips","Highlight Path","Hubris","Infinite Spire","Minty Spire (QoL Compilation)","Quick Restart","Rare Cards Sparkle","Relic Stats","Replay The Spire","Shop Mod","Spicy Shops","StSLib","Thieving Mod"],"gold_per_floor":[109,41,53,53,53,53,78,98,177,190,209,209,209,18,18,148,148,134,134,59,83,10,10,24,24,24,64,10,34,34,34,34],"floor_reached":31,"language":"ENG","playtime":559,"items_purged":["Decay"],"score":262,"play_id":"e0e7c8ae-c684-4079-80f5-c0a7885f6170","local_time":"20210205211929","is_ascension_mode":true,"campfire_choices":[{"floor":6,"key":"REST"},{"floor":15,"key":"REST"},{"floor":23,"key":"REST"},{"floor":25,"key":"REST"}],"circlet_count":0,"master_deck":["Strike_G","Strike_G","Strike_G","Strike_G","Strike_G","Defend_G","Defend_G","Defend_G","Defend_G","Defend_G","Survivor","Neutralize","Noxious Fumes","Fluid Movement","Fluid Movement","Lockon","Poisoned Stab+1","Toxin Wave","Sucker Punch+1","Deadly Poison","A Thousand Cuts","Deadly Poison","Adrenaline","Cloak And Dagger","Footwork","Infinite Blades","Replay:Poison Smokescreen","Backstab+1","Infinite Blades","Infinite Blades","Poisoned Stab+1"],"relics":["infinitespire:DarkRift","NeowsBlessing","infinitespire:Cubic Diamond","Sundial","Counterbalance","Paper Crane","Golden Idol","hubris:Backtick","Paper Frog","ReplayTheSpireMod:CursedCoin","Lantern","Whetstone"],"acts_visited":["Exordium","TheCity"],"potions_floor_usage":[11,18,21,24,31],"damage_taken":[{"damage":0,"enemies":"infinitespire:Voidling","floor":1,"turns":1},{"damage":0,"enemies":"Jaw Worm","floor":3,"turns":1},{"damage":0,"enemies":"3 Sentries","floor":7,"turns":1},{"damage":4,"enemies":"Small Slimes","floor":8,"turns":3},{"damage":0,"enemies":"2 Fungi Beasts","floor":10,"turns":3},{"damage":17,"enemies":"Large Slime","floor":11,"turns":5},{"damage":14,"enemies":"The Guardian","floor":16,"turns":5},{"damage":25,"enemies":"2 Thieves","floor":18,"turns":4},{"damage":18,"enemies":"Spheric Guardian","floor":21,"turns":4},{"damage":19,"enemies":"Snake Plant","floor":24,"turns":7},{"damage":53,"enemies":"Book of Stabbing","floor":27,"turns":7},{"damage":16,"enemies":"Centurion and Healer","floor":29,"turns":7},{"damage":5,"enemies":"Cultist and Chosen","floor":31,"turns":3}],"seed_played":"79032741518634327","potions_obtained":[{"floor":3,"key":"SpeedPotion"},{"floor":10,"key":"Cursed Concoction"},{"floor":11,"key":"LifebloodPotion"},{"floor":18,"key":"ColorlessPotion"},{"floor":29,"key":"FearPotion"}],"is_trial":false,"path_per_floor":["M","$","M","?","?","R","E","M","T","M","M","?","?","$","R","B",null,"M","?","$","M","$","R","M","R","T","E","$","M","?","M"],"character_chosen":"THE_SILENT","items_purchased":["Fluid Movement","A Thousand Cuts","Deadly Poison","ReplayTheSpireMod:CursedCoin","Lantern","Infinite Blades","Infinite Blades"],"campfire_rested":4,"item_purchase_floors":[2,14,14,20,20,22,28],"current_hp_per_floor":[70,70,70,70,53,70,70,66,66,66,49,49,49,49,70,56,70,45,68,68,50,50,70,51,70,70,17,17,1,1,0,0],"gold":34,"neow_bonus":"THREE_ENEMY_KILL","is_daily":false,"chose_seed":false,"campfire_upgraded":0,"win_rate":0.0,"timestamp":1612577969,"path_taken":["M","$","?","?","?","R","E","M","T","M","M","?","?","$","R","BOSS","M","?","$","M","$","R","M","R","T","E","$","?","?","M"],"items_purchased_type":["Card","Card","Card","Relic","Relic","Card","Card"],"build_version":"2020-12-22","purchased_purges":1,"victory":false,"max_hp_per_floor":[70,70,70,70,70,70,70,70,70,70,70,70,70,70,70,70,70,70,70,70,70,70,70,70,70,70,70,70,70,70,70,70],"relic_stats":{"counters":[13,51],"Sundial":[2],"Golden Idol":50,"Whetstone":["Poisoned Stab","Sucker Punch"],"obtain_stats":[{"Lantern":20,"NeowsBlessing":0,"Golden Idol":12,"ReplayTheSpireMod:CursedCoin":20,"Counterbalance":7,"infinitespire:Cubic Diamond":4,"Whetstone":27,"Paper Crane":9,"infinitespire:DarkRift":4,"hubris:Backtick":17,"Sundial":5,"Ring of the Snake":0,"Paper Frog":17},{"Lantern":8,"NeowsBlessing":0,"Golden Idol":6,"ReplayTheSpireMod:CursedCoin":8,"Counterbalance":3,"infinitespire:Cubic Diamond":2,"Whetstone":11,"Paper Crane":4,"infinitespire:DarkRift":2,"hubris:Backtick":7,"Sundial":2,"Ring of the Snake":0,"Paper Frog":7},{"Lantern":23,"NeowsBlessing":0,"Golden Idol":14,"ReplayTheSpireMod:CursedCoin":23,"Counterbalance":3,"infinitespire:Cubic Diamond":2,"Whetstone":41,"Paper Crane":6,"infinitespire:DarkRift":2,"hubris:Backtick":19,"Sundial":2,"Ring of the Snake":0,"Paper Frog":19}]},"card_choices":[{"not_picked":["Concentrate","Bane"],"picked":"Noxious Fumes","floor":1},{"not_picked":["Hidden Blade","Toxin Wave"],"picked":"Fluid Movement","floor":3},{"not_picked":["Sucker Punch","Endless Agony"],"picked":"Poisoned Stab","floor":7},{"not_picked":["All Out Attack","Dagger Throw"],"picked":"Toxin Wave","floor":8},{"not_picked":["Expertise","Hidden Blade"],"picked":"Sucker Punch","floor":10},{"not_picked":["Flechettes","Sucker Punch"],"picked":"Deadly Poison","floor":11},{"not_picked":["Grand Finale","Unload"],"picked":"Adrenaline","floor":16},{"not_picked":["Quick Slash","hubris:SlightOfHand"],"picked":"Cloak And Dagger","floor":18},{"not_picked":["Deadly Poison","Backflip"],"picked":"Footwork","floor":21},{"not_picked":["Quick Slash","Crippling Poison"],"picked":"Replay:Poison Smokescreen","floor":24},{"not_picked":["Prepared+1","ReplayTheSpireMod:The Works+1"],"picked":"Backstab+1","floor":27},{"not_picked":["Riddle With Holes","Setup"],"picked":"Poisoned Stab+1","floor":29}],"player_experience":142099,"relics_obtained":[{"floor":7,"key":"Counterbalance"},{"floor":9,"key":"Paper Crane"},{"floor":27,"key":"Whetstone"}],"event_choices":[{"damage_healed":0,"gold_gain":0,"player_choice":"Take Wound","damage_taken":0,"relics_obtained":["Golden Idol"],"max_hp_gain":0,"max_hp_loss":0,"event_name":"Golden Idol","floor":12,"gold_loss":0,"cards_obtained":["Injury"]},{"damage_healed":23,"gold_gain":0,"player_choice":"Heal","damage_taken":0,"max_hp_gain":0,"max_hp_loss":0,"event_name":"The Library","floor":19,"gold_loss":0},{"damage_healed":0,"gold_gain":0,"player_choice":"Ignored","damage_taken":0,"max_hp_gain":0,"max_hp_loss":0,"event_name":"The Mausoleum","floor":30,"gold_loss":0}],"is_beta":false,"boss_relics":[{"not_picked":["Painkiller Herb","Replay:Drink Me"],"picked":"hubris:Backtick"}],"items_purged_floors":[20],"is_endless":false,"potions_floor_spawned":[3,10,11,18,29],"killed_by":"Cultist and Chosen","ascension_level":3}}