{"host":"4rvakrj1idbgia3f","time":1612623736,"event":{"mods":["BaseMod","Colored Map","Colored Powertips","DeckTracker","Highlight Path","Minty Spire (QoL Compilation)","Random Character Button","StSLib"],"gold_per_floor":[112,132,151,151,151,151,165,165,211,249,267,285,285,325,325,325,325],"floor_reached":16,"language":"JPN","playtime":430,"items_purged":[],"score":224,"play_id":"01bc63e1-505a-4aee-a097-7231be9972f7","local_time":"20210207000216","is_ascension_mode":true,"campfire_choices":[{"data":"Loop","floor":6,"key":"SMITH"},{"data":"Hologram","floor":8,"key":"SMITH"},{"floor":13,"key":"REST"},{"data":"Defragment","floor":15,"key":"SMITH"}],"circlet_count":0,"master_deck":["AscendersBane","Strike_B","Strike_B","Strike_B","Strike_B","Defend_B","Defend_B","Defend_B","Defend_B","Zap+1","Dualcast","Hologram+1","Ball Lightning","Loop+1","Ball Lightning","Defragment+1","Thunder Strike","Capacitor","Tempest"],"relics":["Cracked Core","Golden Idol","Orichalcum","Tiny Chest","Incense Burner"],"acts_visited":["Exordium"],"potions_floor_usage":[10,10,14],"damage_taken":[{"damage":7,"enemies":"Jaw Worm","floor":1,"turns":3},{"damage":4,"enemies":"2 Louse","floor":2,"turns":3},{"damage":0,"enemies":"Cultist","floor":3,"turns":3},{"damage":11,"enemies":"Red Slaver","floor":7,"turns":4},{"damage":20,"enemies":"3 Sentries","floor":10,"turns":6},{"damage":0,"enemies":"Gremlin Gang","floor":11,"turns":4},{"damage":11,"enemies":"2 Fungi Beasts","floor":12,"turns":3},{"damage":5,"enemies":"Gremlin Nob","floor":14,"turns":3},{"damage":27,"enemies":"Slime Boss","floor":16,"turns":5}],"seed_played":"-1676377041080256451","potions_obtained":[{"floor":3,"key":"SpeedPotion"},{"floor":7,"key":"CultistPotion"},{"floor":11,"key":"FocusPotion"},{"floor":14,"key":"ColorlessPotion"}],"is_trial":false,"path_per_floor":["M","M","M","?","?","R","M","R","T","E","M","M","R","E","R","B"],"character_chosen":"DEFECT","items_purchased":[],"campfire_rested":1,"item_purchase_floors":[],"current_hp_per_floor":[57,53,53,53,53,53,42,42,42,22,22,11,30,25,25,0,0],"gold":325,"neow_bonus":"UPGRADE_CARD","is_daily":false,"chose_seed":false,"campfire_upgraded":3,"win_rate":0.0,"timestamp":1612623736,"path_taken":["M","M","M","?","?","R","M","R","T","E","?","M","R","E","R","BOSS"],"items_purchased_type":[],"build_version":"2020-12-22","purchased_purges":0,"victory":false,"max_hp_per_floor":[71,71,71,64,64,64,64,64,64,64,64,64,64,64,64,64,64],"card_choices":[{"not_picked":["Go for the Eyes","Rebound"],"picked":"Hologram","floor":1},{"not_picked":["Leap","Redo"],"picked":"Ball Lightning","floor":2},{"not_picked":["Heatsinks","Barrage"],"picked":"Loop","floor":3},{"not_picked":["Steam","Conserve Battery"],"picked":"Ball Lightning","floor":7},{"not_picked":["Melter","Stack"],"picked":"Defragment","floor":10},{"not_picked":["Conserve Battery","Sweeping Beam"],"picked":"Thunder Strike","floor":11},{"not_picked":["Hello World","Doom and Gloom"],"picked":"Capacitor","floor":12},{"not_picked":["Barrage","Fusion"],"picked":"Tempest","floor":14}],"player_experience":2221366,"relics_obtained":[{"floor":9,"key":"Orichalcum"},{"floor":10,"key":"Tiny Chest"},{"floor":14,"key":"Incense Burner"}],"event_choices":[{"damage_healed":0,"gold_gain":0,"player_choice":"Lose Max HP","damage_taken":0,"relics_obtained":["Golden Idol"],"max_hp_gain":0,"max_hp_loss":7,"event_name":"Golden Idol","floor":4,"gold_loss":0},{"damage_healed":0,"gold_gain":0,"player_choice":"Ignored","damage_taken":0,"max_hp_gain":0,"max_hp_loss":0,"event_name":"Liars Game","floor":5,"gold_loss":0}],"is_beta":false,"boss_relics":[],"items_purged_floors":[],"is_endless":false,"potions_floor_spawned":[3,7,11,14],"killed_by":"Slime Boss","ascension_level":20}}