{"host":"5jdby9iqu3ct6557","time":1612649459,"event":{"mods":["BaseMod","DeckTracker","Highlight Path","Minty Spire (QoL Compilation)","Relic Stats","StSLib"],"gold_per_floor":[110,122,24,36,36,36,63,63,86,86,106,118,136,168,168,245,245,225,225,238,238,249,249,249,249,249],"floor_reached":25,"language":"ENG","playtime":3443,"items_purged":[],"score":426,"play_id":"489939cc-ea11-4317-b06b-9f4e2d501cda","local_time":"20210206171059","is_ascension_mode":true,"campfire_choices":[{"data":"Ball Lightning","floor":6,"key":"SMITH"},{"data":"Self Repair","floor":10,"key":"SMITH"},{"data":"Barrage","floor":15,"key":"SMITH"},{"floor":23,"key":"REST"}],"circlet_count":0,"master_deck":["AscendersBane","Strike_B","Strike_B","Strike_B","Strike_B","Defend_B","Defend_B","Defend_B","Defend_B","Zap","Dualcast","Ball Lightning+1","Sweeping Beam+1","Self Repair+1","Conserve Battery","Undo","Barrage+1","Multi-Cast","Genetic Algorithm","RitualDagger","Defragment","Go for the Eyes"],"relics":["Cracked Core","Happy Flower","Omamori","Orichalcum","Bronze Scales","Snecko Eye","Dead Branch"],"acts_visited":["Exordium","TheCity"],"potions_floor_usage":[7,7,13,16,22,25],"damage_taken":[{"damage":2,"enemies":"2 Louse","floor":1,"turns":3},{"damage":7,"enemies":"Jaw Worm","floor":2,"turns":3},{"damage":1,"enemies":"Cultist","floor":4,"turns":3},{"damage":20,"enemies":"3 Sentries","floor":7,"turns":4},{"damage":1,"enemies":"Looter","floor":11,"turns":4},{"damage":9,"enemies":"Blue Slaver","floor":12,"turns":5},{"damage":16,"enemies":"Lots of Slimes","floor":13,"turns":5},{"damage":32,"enemies":"Gremlin Nob","floor":14,"turns":4},{"damage":17,"enemies":"Hexaghost","floor":16,"turns":8},{"damage":18,"enemies":"2 Thieves","floor":18,"turns":4},{"damage":18,"enemies":"Shell Parasite","floor":20,"turns":7},{"damage":4,"enemies":"Centurion and Healer","floor":22,"turns":6},{"damage":47,"enemies":"Gremlin Leader","floor":25,"turns":5}],"seed_played":"757069040106213262","potions_obtained":[{"floor":1,"key":"LiquidMemories"},{"floor":2,"key":"DistilledChaos"},{"floor":11,"key":"Regen Potion"},{"floor":12,"key":"EssenceOfDarkness"},{"floor":18,"key":"DistilledChaos"},{"floor":22,"key":"PowerPotion"}],"is_trial":false,"path_per_floor":["M","M","$","M","?","R","E","?","T","R","M","M","M","E","R","B",null,"M","?","M","?","M","R","T","E"],"character_chosen":"DEFECT","items_purchased":["Sweeping Beam","Self Repair"],"campfire_rested":1,"item_purchase_floors":[3,3],"current_hp_per_floor":[62,55,55,61,61,61,48,48,48,48,57,58,56,34,34,27,60,52,46,38,18,24,46,46,0,0],"gold":249,"neow_bonus":"RANDOM_COMMON_RELIC","is_daily":false,"chose_seed":false,"campfire_upgraded":3,"win_rate":0.0,"timestamp":1612649459,"path_taken":["M","M","$","M","?","R","E","?","T","R","M","?","M","E","R","BOSS","M","?","M","?","M","R","?","E"],"items_purchased_type":["Card","Card"],"build_version":"2020-12-22","purchased_purges":0,"victory":false,"max_hp_per_floor":[71,71,71,71,71,71,71,71,71,71,71,71,71,71,71,71,71,71,71,71,76,76,76,76,76,76],"relic_stats":{"Happy Flower":[20],"counters":[13,61],"Bronze Scales":[102],"Dead Branch":[2],"Snecko Eye":[36,34,36,32],"Orichalcum":[78],"obtain_stats":[{"Happy Flower":0,"Bronze Scales":14,"Dead Branch":24,"Snecko Eye":17,"Omamori":7,"Orichalcum":9,"Cracked Core":0},{"Happy Flower":0,"Bronze Scales":8,"Dead Branch":12,"Snecko Eye":9,"Omamori":4,"Orichalcum":4,"Cracked Core":0},{"Happy Flower":0,"Bronze Scales":31,"Dead Branch":56,"Snecko Eye":39,"Omamori":13,"Orichalcum":13,"Cracked Core":0}]},"card_choices":[{"not_picked":["Stack","Chill"],"picked":"Ball Lightning","floor":2},{"not_picked":["Thunder Strike","Blizzard"],"picked":"Conserve Battery","floor":7},{"not_picked":["Conserve Battery","Streamline"],"picked":"Undo","floor":11},{"not_picked":["Tempest","Fusion"],"picked":"Barrage","floor":12},{"not_picked":["Machine Learning","Creative AI"],"picked":"Multi-Cast","floor":16},{"not_picked":["Loop","Leap"],"picked":"Genetic Algorithm","floor":18},{"not_picked":["Leap","Gash"],"picked":"Defragment","floor":20},{"not_picked":["Aggregate","Conserve Battery"],"picked":"Go for the Eyes","floor":22}],"player_experience":2549431,"relics_obtained":[{"floor":7,"key":"Omamori"},{"floor":9,"key":"Orichalcum"},{"floor":14,"key":"Bronze Scales"},{"floor":24,"key":"Dead Branch"}],"event_choices":[{"damage_healed":0,"gold_gain":0,"player_choice":"Leave","damage_taken":0,"max_hp_gain":0,"max_hp_loss":0,"event_name":"The Cleric","floor":5,"gold_loss":0},{"damage_healed":0,"gold_gain":0,"player_choice":"Upgraded","damage_taken":0,"max_hp_gain":0,"max_hp_loss":0,"event_name":"Upgrade Shrine","floor":8,"gold_loss":0,"cards_upgraded":["Sweeping Beam"]},{"damage_healed":0,"gold_gain":0,"player_choice":"Joined the Cult","damage_taken":6,"max_hp_gain":0,"max_hp_loss":0,"event_name":"Nest","floor":19,"gold_loss":0,"cards_obtained":["RitualDagger"]},{"damage_healed":0,"gold_gain":0,"player_choice":"Shed Blood","damage_taken":25,"max_hp_gain":5,"max_hp_loss":0,"event_name":"Forgotten Altar","floor":21,"gold_loss":0}],"is_beta":false,"boss_relics":[{"not_picked":["Runic Pyramid","Runic Dome"],"picked":"Snecko Eye"}],"items_purged_floors":[],"is_endless":false,"potions_floor_spawned":[1,2,11,12,18,22],"killed_by":"Gremlin Leader","ascension_level":20}}