{"host":"qswkx8hggytna0kc","time":1612583593,"event":{"mods":["Aspiration","BaseMod","BetterRewards","Colored Map","Colored Powertips","Highlight Path","Hubris","Mimic Mod","Minty Spire (QoL Compilation)","MostiFishMod","Quick Restart","Replay The Spire","StSLib","SuperFastMode"],"gold_per_floor":[111,126,140,44,44,62,82,112,150,178,178,213,213,229,229,334,334,350,425,438,452,472,497,507,507,553,587,604,604,632,647,647,750,750,768,768,768,640,667,694,705,737,767,767,786,813,1425,1442,1442,1442,1442,1442,1645,1674,1674],"floor_reached":56,"language":"ZHS","playtime":2361,"items_purged":["Strike_P","DeusExMachina"],"score":1864,"play_id":"ae4ae949-d0f3-4bc5-b4e0-4d10d94725f9","local_time":"20210206115313","is_ascension_mode":true,"campfire_choices":[{"data":"MostiFishMod:StarOceanP","floor":25.0,"key":"SMITH"},{"floor":29.0,"key":"RECALL"},{"data":"Replay:Cycle","floor":32.0,"key":"SMITH"},{"floor":49.0,"key":"REST"},{"floor":52,"key":"REST"}],"circlet_count":0,"master_deck":["Havoc+1","Defend_P","Defend_P","Defend_P","Defend_P","Eruption","Vigilance","MostiFishMod:SephirahHod+1","Weave","CutThroughFate","Finesse","MostiFishMod:PathToVictory","Consecrate","MostiFishMod:Unraveling","JustLucky","MostiFishMod:StarOceanP+1","JustLucky+1","JustLucky+1","CutThroughFate+1","FollowUp","Replay:Cycle+1","Study+1","MostiFishMod:StarOceanP","JustLucky","CutThroughFate","TalkToTheHand+1","ForeignInfluence","Fasting2","Evaluate","EmptyMind","Chrysalis","Finesse","SignatureMove","TalkToTheHand+1"],"relics":["PureWater","DaveBox","MostiFishMod:Hod","aspiration:Nostalgia","Ring of the Snake","SynthV:TestCard","Strawberry","Oddly Smooth Stone","Simple Rune","Snack Pack","Ring of Fury","Vajra","Busted Crown","Tiny Chest","Centennial Puzzle","aspiration:HiddenCompartment","JellyFishMachine","Blood Vial","Nunchaku","hubris:CuriousFeather","Replay:PocketPolymizer","CaptainsWheel","hubris:NiceRug","Bronze Scales","HandDrill","Replay:WaspNest"],"acts_visited":["Exordium","TheCity","TheBeyond","TheEnding"],"potions_floor_usage":[55],"damage_taken":[{"damage":0.0,"enemies":"Cultist","floor":1.0,"turns":1.0},{"damage":0.0,"enemies":"2 Louse","floor":2.0,"turns":1.0},{"damage":0.0,"enemies":"Jaw Worm","floor":3.0,"turns":2.0},{"damage":0.0,"enemies":"3 Louse","floor":6.0,"turns":2.0},{"damage":0.0,"enemies":"Looter","floor":7.0,"turns":1.0},{"damage":0.0,"enemies":"Lagavulin","floor":8.0,"turns":2.0},{"damage":0.0,"enemies":"2 Fungi Beasts","floor":9.0,"turns":6.0},{"damage":7.0,"enemies":"3 Sentries","floor":10.0,"turns":6.0},{"damage":0.0,"enemies":"Gremlin Nob","floor":12.0,"turns":2.0},{"damage":0.0,"enemies":"2 Fungi Beasts","floor":14.0,"turns":2.0},{"damage":41.0,"enemies":"Hexaghost","floor":16.0,"turns":8.0},{"damage":0.0,"enemies":"Spheric Guardian","floor":18.0,"turns":1.0},{"damage":0.0,"enemies":"Shell Parasite","floor":20.0,"turns":1.0},{"damage":0.0,"enemies":"Centurion and Healer","floor":21.0,"turns":2.0},{"damage":0.0,"enemies":"Cultist and Chosen","floor":22.0,"turns":3.0},{"damage":12.0,"enemies":"Book of Stabbing","floor":23.0,"turns":3.0},{"damage":13.0,"enemies":"Snecko","floor":24.0,"turns":3.0},{"damage":0.0,"enemies":"Replay:Snechameleon","floor":27.0,"turns":2.0},{"damage":0.0,"enemies":"Centurion and Healer","floor":28.0,"turns":1.0},{"damage":10.0,"enemies":"Book of Stabbing","floor":30.0,"turns":3.0},{"damage":0.0,"enemies":"3 Cultists","floor":31.0,"turns":1.0},{"damage":0.0,"enemies":"Champ","floor":33.0,"turns":4.0},{"damage":0.0,"enemies":"3 Shapes","floor":35.0,"turns":1.0},{"damage":5.0,"enemies":"Nemesis","floor":40.0,"turns":3.0},{"damage":0.0,"enemies":"Orb Walker","floor":41.0,"turns":2.0},{"damage":15.0,"enemies":"Giant Head","floor":42.0,"turns":2.0},{"damage":0.0,"enemies":"Writhing Mass","floor":43.0,"turns":3.0},{"damage":0.0,"enemies":"Writhing Mass","floor":45.0,"turns":2.0},{"damage":1.0,"enemies":"Nemesis","floor":46.0,"turns":3.0},{"damage":35.0,"enemies":"Maw","floor":47.0,"turns":3.0},{"damage":12.0,"enemies":"Spire Growth","floor":48.0,"turns":2.0},{"damage":17,"enemies":"Awakened One","floor":50,"turns":4},{"damage":10,"enemies":"hubris:Merchant","floor":53,"turns":4},{"damage":0,"enemies":"Shield and Spear","floor":54,"turns":1},{"damage":78,"enemies":"The Heart","floor":55,"turns":4}],"seed_played":"8716936237246801619","potions_obtained":[{"floor":1.0,"key":"LiquidBronze"},{"floor":3.0,"key":"DuplicationPotion"},{"floor":7.0,"key":"PowerPotion"},{"floor":53,"key":"Energy Potion"}],"is_trial":false,"path_per_floor":["M","M","M","$","?","M","M","E","MIM","E","?","E","?","M","R_BF","B",null,"M","?","M","M","M","E","M","R","T","E","M","R","E","M","R","B",null,"M","?","?","$","T","E","M","E","MIM","?","M","E","M","M","R","B",null,"R","$","E","B",null],"character_chosen":"WATCHER","items_purchased":["Finesse","JustLucky"],"campfire_rested":2,"item_purchase_floors":[4,38],"current_hp_per_floor":[72,72,72,72,72,72,72,72,72,65,65,69,53,57,50,19,64,66,59,65,69,75,71,66,66,66,74,78,78,71,75,75,79,79,79,79,79,79,79,76,79,70,79,79,79,79,46,40,63,64,75,79,79,79,9],"gold":1674,"neow_bonus":"NOSTALGIA","is_daily":false,"chose_seed":false,"campfire_upgraded":2,"win_rate":0.0,"timestamp":1612583593,"path_taken":["M","M","M","?","?","M","M","E","MIM","E","?","E","?","M","R_BF","BOSS","M","?","M","?","M","E","M","R","T","E","M","R","E","M","R","BOSS","M","?","?","?","?","E","M","E","MIM","?","M","E","M","M","R","BOSS","R","$","E","BOSS"],"items_purchased_type":["Card","Card"],"build_version":"2020-12-22","purchased_purges":2,"victory":true,"max_hp_per_floor":[72,72,72,72,79,79,79,79,79,79,79,79,79,79,79,79,79,79,79,79,79,79,79,79,79,79,79,79,79,79,79,79,79,79,79,79,79,79,79,79,79,79,79,79,79,79,79,79,79,79,79,79,79,79,79],"card_choices":[{"not_picked":["Sanctity","CutThroughFate"],"picked":"Weave","floor":1.0},{"not_picked":["FlurryOfBlows","Worship","WindmillStrike","CrushJoints"],"picked":"CutThroughFate","floor":2.0},{"not_picked":["Worship","Prostrate","ThirdEye","SashWhip"],"picked":"Wireheading","floor":3.0},{"not_picked":["Wallop","Evaluate","CutThroughFate","Replay:AtTheReady"],"picked":"MostiFishMod:PathToVictory","floor":6.0},{"not_picked":["Crescendo","Replay:AtTheReady","FearNoEvil","CrushJoints"],"picked":"Consecrate","floor":7.0},{"not_picked":["Replay:ManipulateFuture","EmptyBody","MostiFishMod:Adaptation","WheelKick"],"picked":"MostiFishMod:Unraveling","floor":8.0},{"not_picked":["Replay:BluntJabs","Evaluate","CutThroughFate","Replay:AtTheReady"],"picked":"JustLucky","floor":10.0},{"not_picked":["MostiFishMod:Speedup","ThirdEye","Worship","Sanctity","FlyingSleeves"],"picked":"SKIP","floor":12.0},{"not_picked":["ThirdEye","LikeWater","BowlingBash","EmptyBody","WreathOfFlame"],"picked":"SKIP","floor":14.0},{"not_picked":["MostiFishMod:DustFall","Replay:LoomingThreat","MostiFishMod:Unraveling","Replay:AllIn"],"picked":"MostiFishMod:StarOceanP","floor":16.0},{"not_picked":["Wallop","Replay:AtTheReady"],"picked":"JustLucky+1","floor":18.0},{"not_picked":["SashWhip","Replay:Vibes+1","Replay:Battleflow"],"picked":"SKIP","floor":20.0},{"not_picked":["MostiFishMod:Clarity","FlurryOfBlows"],"picked":"JustLucky+1","floor":21.0},{"not_picked":["Evaluate","MentalFortress+1","MostiFishMod:OutWit"],"picked":"SKIP","floor":22.0},{"not_picked":["MostiFishMod:Minus","Protect"],"picked":"CutThroughFate+1","floor":23.0},{"not_picked":["SashWhip","SandsOfTime+1"],"picked":"FollowUp","floor":24.0},{"not_picked":["Brilliance","Halt","Sanctity"],"picked":"SKIP","floor":27.0},{"not_picked":["Replay:AtTheReady","EmptyBody","Adaptation"],"picked":"SKIP","floor":28.0},{"not_picked":["Adaptation","Devotion"],"picked":"Replay:Cycle","floor":30.0},{"not_picked":["MostiFishMod:Nomercy","FollowUp+1"],"picked":"Study+1","floor":31.0},{"not_picked":["MostiFishMod:Pointsdynamics","MasterReality"],"picked":"MostiFishMod:StarOceanP","floor":33.0},{"not_picked":["MostiFishMod:Clarity+1","SashWhip+1","ReachHeaven+1"],"picked":"SKIP","floor":35.0},{"not_picked":["MostiFishMod:ScryFuture","EmptyFist+1"],"picked":"CutThroughFate","floor":40.0},{"not_picked":["Indignation","BattleHymn+1"],"picked":"TalkToTheHand+1","floor":41.0},{"not_picked":["Replay:Anticipation","FollowUp+1"],"picked":"ForeignInfluence","floor":42.0},{"not_picked":["FlurryOfBlows+1","Evaluate","EmptyFist+1"],"picked":"SKIP","floor":45.0},{"not_picked":["Devotion","Halt+1","Meditate+1"],"picked":"SKIP","floor":46.0},{"not_picked":["Study","Worship","EmptyFist+1"],"picked":"SKIP","floor":47.0},{"not_picked":["BowlingBash","JustLucky"],"picked":"DeusExMachina","floor":48.0},{"not_picked":[],"picked":"Chrysalis","floor":53},{"not_picked":[],"picked":"Finesse","floor":53},{"not_picked":[],"picked":"SignatureMove","floor":53},{"not_picked":["FlyingSleeves"],"picked":"SKIP","floor":53},{"not_picked":["Collect"],"picked":"SKIP","floor":53},{"not_picked":["Replay:ManipulateFuture+1"],"picked":"SKIP","floor":53},{"not_picked":["Wireheading"],"picked":"SKIP","floor":53},{"not_picked":["ClearTheMind+1","MostiFishMod:Clarity+1"],"picked":"TalkToTheHand+1","floor":54}],"player_experience":392378,"relics_obtained":[{"floor":1.0,"key":"SynthV:TestCard"},{"floor":8.0,"key":"Oddly Smooth Stone"},{"floor":9.0,"key":"Simple Rune"},{"floor":10.0,"key":"Snack Pack"},{"floor":11.0,"key":"Ring of Fury"},{"floor":12.0,"key":"Vajra"},{"floor":23.0,"key":"Tiny Chest"},{"floor":27.0,"key":"Centennial Puzzle"},{"floor":30.0,"key":"aspiration:HiddenCompartment"},{"floor":39.0,"key":"Blood Vial"},{"floor":40.0,"key":"Nunchaku"},{"floor":42.0,"key":"hubris:CuriousFeather"},{"floor":43.0,"key":"Replay:PocketPolymizer"},{"floor":46.0,"key":"CaptainsWheel"},{"floor":53,"key":"Bronze Scales"},{"floor":53,"key":"HandDrill"},{"floor":54,"key":"Replay:WaspNest"}],"event_choices":[{"damage_healed":0.0,"max_hp_gain":0.0,"max_hp_loss":0.0,"gold_gain":0.0,"event_name":"Scrap Ooze","player_choice":"Success","floor":5.0,"gold_loss":0.0,"damage_taken":7.0,"relics_obtained":["Strawberry"]},{"damage_healed":0.0,"max_hp_gain":0.0,"max_hp_loss":0.0,"gold_gain":0.0,"event_name":"Shining Light","player_choice":"Entered Light","floor":13.0,"gold_loss":0.0,"damage_taken":16.0,"cards_upgraded":["MostiFishMod:SephirahHod","Defend_P"]},{"cards_removed":["Strike_P"],"damage_healed":0.0,"max_hp_gain":0.0,"max_hp_loss":0.0,"gold_gain":0.0,"event_name":"Golden Wing","player_choice":"Card Removal","floor":15.0,"gold_loss":0.0,"damage_taken":7.0},{"damage_healed":0.0,"max_hp_gain":0.0,"max_hp_loss":0.0,"gold_gain":75.0,"event_name":"FaceTrader","player_choice":"Touch","floor":19.0,"gold_loss":0.0,"damage_taken":7.0},{"cards_removed":["Wireheading"],"damage_healed":0.0,"max_hp_gain":0.0,"max_hp_loss":0.0,"gold_gain":0.0,"event_name":"Falling","player_choice":"Removed Power","floor":36.0,"gold_loss":0.0,"damage_taken":0.0},{"damage_healed":0.0,"max_hp_gain":0.0,"max_hp_loss":0.0,"gold_gain":0.0,"event_name":"Tomb of Lord Red Mask","player_choice":"Ignored","floor":37.0,"gold_loss":0.0,"damage_taken":0.0},{"damage_healed":0.0,"max_hp_gain":0.0,"max_hp_loss":0.0,"gold_gain":0.0,"event_name":"Match and Keep!","player_choice":"1 cards matched","floor":44.0,"gold_loss":0.0,"damage_taken":0.0,"cards_obtained":["Fasting2"]}],"is_beta":false,"boss_relics":[{"not_picked":["NightmareShop","hubris:HollowSoul"],"picked":"Busted Crown"},{"not_picked":["ReplayTheSpireMod:DimensionalGlitch","aspiration:IroncladSkillbook"],"picked":"JellyFishMachine"}],"items_purged_floors":[38,53],"is_endless":false,"potions_floor_spawned":[1,3,7,10,14,18,20,28,31,33,35,40,45,46,48],"ascension_level":5}}