{"host":"7r6bd5ce6zscnmwq","time":1612606961,"event":{"mods":["BaseMod","Better Altar","Better Match","Better Note","Better Sensory Stone","Better Skull","Better Third Choice","Better Vampires","Block Reminder","Colored Map","Colored Powertips","Curses Come First","Displayed Cursed Tome","Minty Spire (QoL Compilation)","Permanent Neow","Potionbrewer","Quick Restart","Reliquary","Shop Mod","Spicy Shops","StSLib"],"gold_per_floor":[11,24,24,24,24,24,60,60,60,98,117,137,187,218,218,349,349,365,388,413,92,92,92,128,128,128,128,163,163,177,196,196,321,321,340,364,364,379,442,476,476,489,489,122,137,157,157,171,171,171,171,171,58,91,91],"floor_reached":56,"language":"ENG","playtime":8790,"items_purged":["potionbrewer:PotionbrewerDefend","potionbrewer:PotionbrewerStrike","potionbrewer:PotionbrewerDefend+1"],"score":1441,"play_id":"b809522a-89d7-4c68-aa3a-850911c86640","local_time":"20210206192241","is_ascension_mode":true,"campfire_choices":[{"floor":6.0,"key":"REST"},{"data":"potionbrewer:ChemicalSpill","floor":8.0,"key":"SMITH"},{"data":"potionbrewer:TheFinalStraw","floor":15.0,"key":"SMITH"},{"data":"potionbrewer:PortableLab","floor":25.0,"key":"SMITH"},{"floor":27.0,"key":"REST"},{"floor":29.0,"key":"REST"},{"data":"potionbrewer:PrivateReserves","floor":32.0,"key":"SMITH"},{"floor":41.0,"key":"RECALL"},{"data":"potionbrewer:BlindingMist","floor":47,"key":"SMITH"},{"floor":49,"key":"REST"},{"data":"potionbrewer:Fuel","floor":52,"key":"SMITH"}],"circlet_count":0,"master_deck":["potionbrewer:PotionbrewerStrike","potionbrewer:PotionbrewerDefend+1","potionbrewer:PotionbrewerDefend+1","potionbrewer:Collect+1","potionbrewer:ChemicalSpill+1","potionbrewer:Smack","potionbrewer:EmptyBottle","potionbrewer:Shovel","potionbrewer:TheFinalStraw+1","potionbrewer:Prototype","potionbrewer:Fuel+1","potionbrewer:Contingency","potionbrewer:PortableLab+1","potionbrewer:Prototype","potionbrewer:ChoosePotion","potionbrewer:TestFormula+1","potionbrewer:PrivateReserves+1","potionbrewer:Prototype","potionbrewer:Prototype","potionbrewer:BlindingMist+1","potionbrewer:ExplosiveReaction+1","potionbrewer:QuickStep+1","potionbrewer:Prototype","potionbrewer:Discombobulate+1","potionbrewer:Prototype"],"relics":["potionbrewer:PotionKit","potionbrewer:DrinkingBird","Golden Idol","Kunai","reliquary:RedPaperclip","reliquary:PurpleTingedLeaf","Lantern","Vajra","reliquary:WritOfMandamus","Thread and Needle","Singing Bowl","HandDrill","MerchantsRug","Membership Card","Gremlin Horn"],"acts_visited":["Exordium","TheCity","TheBeyond","TheEnding"],"potions_floor_usage":[45,46,48,48,50,50,50,54,54,55,55,55,55,55,55,55],"damage_taken":[{"damage":2.0,"enemies":"2 Louse","floor":1.0,"turns":5.0},{"damage":2.0,"enemies":"Jaw Worm","floor":2.0,"turns":4.0},{"damage":0.0,"enemies":"Lagavulin","floor":7.0,"turns":4.0},{"damage":1.0,"enemies":"3 Sentries","floor":10.0,"turns":7.0},{"damage":6.0,"enemies":"Small Slimes","floor":11.0,"turns":4.0},{"damage":0.0,"enemies":"2 Fungi Beasts","floor":12.0,"turns":4.0},{"damage":2.0,"enemies":"Lagavulin","floor":14.0,"turns":5.0},{"damage":0.0,"enemies":"Slime Boss","floor":16.0,"turns":4.0},{"damage":7.0,"enemies":"Shell Parasite","floor":18.0,"turns":2.0},{"damage":35.0,"enemies":"2 Thieves","floor":19.0,"turns":5.0},{"damage":11.0,"enemies":"Shelled Parasite and Fungi","floor":20.0,"turns":5.0},{"damage":24.0,"enemies":"Gremlin Leader","floor":24.0,"turns":3.0},{"damage":31.0,"enemies":"Slavers","floor":28.0,"turns":4.0},{"damage":0.0,"enemies":"Centurion and Healer","floor":30.0,"turns":6.0},{"damage":13.0,"enemies":"Snake Plant","floor":31.0,"turns":4.0},{"damage":0.0,"enemies":"Collector","floor":33.0,"turns":5.0},{"damage":4.0,"enemies":"3 Darklings","floor":35.0,"turns":4.0},{"damage":5.0,"enemies":"Orb Walker","floor":36.0,"turns":4.0},{"damage":0.0,"enemies":"Jaw Worm Horde","floor":38.0,"turns":5.0},{"damage":8.0,"enemies":"Mind Bloom Boss Battle","floor":39.0,"turns":6.0},{"damage":6.0,"enemies":"Nemesis","floor":40.0,"turns":7.0},{"damage":1.0,"enemies":"Spire Growth","floor":42.0,"turns":4.0},{"damage":3,"enemies":"Sphere and 2 Shapes","floor":45,"turns":4},{"damage":0,"enemies":"3 Darklings","floor":46,"turns":4},{"damage":35,"enemies":"Writhing Mass","floor":48,"turns":4},{"damage":61,"enemies":"Time Eater","floor":50,"turns":8},{"damage":1,"enemies":"Shield and Spear","floor":54,"turns":4},{"damage":20,"enemies":"The Heart","floor":55,"turns":6}],"seed_played":"4190270549484260306","potions_obtained":[{"floor":2.0,"key":"Fire Potion"},{"floor":7.0,"key":"Weak Potion"},{"floor":10.0,"key":"Fire Potion"},{"floor":12.0,"key":"potionbrewer:ToxicPotion"},{"floor":19.0,"key":"SteroidPotion"},{"floor":20.0,"key":"GamblersBrew"},{"floor":30.0,"key":"GamblersBrew"},{"floor":31.0,"key":"LiquidMemories"},{"floor":36.0,"key":"potionbrewer:SplittingPotion"},{"floor":42.0,"key":"Energy Potion"},{"floor":48,"key":"LiquidBronze"}],"is_trial":false,"path_per_floor":["M","M","?","?","?","R","E","R","T","E","M","M","?","E","R","B",null,"M","M","M","$","?","?","E","R","T","R","E","R","M","M","R","B",null,"M","M","?","M","?","E","R","M","T","$","M","M","R","M","R","B",null,"R","$","E","B",null],"character_chosen":"POTIONBREWER","items_purchased":["reliquary:PurpleTingedLeaf","HandDrill","MerchantsRug","Membership Card","Ancient Potion"],"campfire_rested":4,"item_purchase_floors":[21,44,44,53,53],"current_hp_per_floor":[73,71,53,53,38,60,60,60,60,59,53,53,53,51,51,51,75,68,33,22,22,22,22,38,38,38,60,30,52,56,46,46,52,75,71,67,67,68,68,71,71,73,73,73,73,77,77,44,67,12,79,79,79,79,65],"gold":91,"neow_bonus":"ONE_RARE_RELIC","is_daily":false,"chose_seed":false,"campfire_upgraded":6,"win_rate":0.0,"timestamp":1612606961,"path_taken":["M","M","?","?","?","R","E","R","T","E","?","M","?","E","R","BOSS","M","M","M","$","?","?","E","R","T","R","E","R","M","?","R","BOSS","M","?","?","?","?","E","R","M","T","$","M","M","R","M","R","BOSS","R","$","E","BOSS"],"items_purchased_type":["Relic","Relic","Relic","Relic","Potion"],"build_version":"2020-12-22","purchased_purges":3,"victory":true,"max_hp_per_floor":[75,75,75,75,75,75,75,75,75,75,75,75,75,75,75,75,75,75,75,75,75,75,75,75,75,75,75,75,75,75,75,75,75,75,75,75,75,75,75,75,75,75,75,75,77,79,79,79,79,79,79,79,79,79,79],"card_choices":[{"not_picked":["potionbrewer:CausticBarrier","potionbrewer:AnotherRound"],"picked":"potionbrewer:Smack","floor":1.0},{"not_picked":["potionbrewer:VolatileSolution","potionbrewer:PrivateReserves"],"picked":"potionbrewer:EmptyBottle","floor":2.0},{"not_picked":["potionbrewer:DigDeep","potionbrewer:Smokescreen"],"picked":"potionbrewer:Shovel","floor":7.0},{"not_picked":["potionbrewer:FlashPowder","potionbrewer:OneTwoPunch"],"picked":"potionbrewer:TheFinalStraw","floor":10.0},{"not_picked":["potionbrewer:HazardousMaterials","potionbrewer:CausticBarrier","potionbrewer:Smack"],"picked":"potionbrewer:Prototype","floor":11.0},{"not_picked":["potionbrewer:Brandish","potionbrewer:UnstableFormula"],"picked":"potionbrewer:Fuel","floor":12.0},{"not_picked":["potionbrewer:Smack","potionbrewer:Biohazard"],"picked":"potionbrewer:Contingency","floor":14.0},{"not_picked":["potionbrewer:PotentialEnergy","potionbrewer:ResearchResults","potionbrewer:Prototype"],"picked":"potionbrewer:BottomlessFlask","floor":16.0},{"not_picked":["potionbrewer:CausticBarrier","potionbrewer:Smack+1","potionbrewer:Prototype"],"picked":"potionbrewer:PortableLab","floor":18.0},{"not_picked":["potionbrewer:FortifiedSerum","potionbrewer:Toxicity+1","potionbrewer:FlashPowder"],"picked":"potionbrewer:Prototype","floor":19.0},{"not_picked":["potionbrewer:ChemicalRage","potionbrewer:BlindingMist","potionbrewer:Spark+1"],"picked":"SKIP","floor":20.0},{"not_picked":["potionbrewer:TimeBomb","potionbrewer:ChemicalRage","potionbrewer:FortifiedSerum"],"picked":"SKIP","floor":24.0},{"not_picked":["potionbrewer:BlindingSpray","potionbrewer:UnstableFormula+1"],"picked":"potionbrewer:TestFormula+1","floor":28.0},{"not_picked":["potionbrewer:FlashPowder+1","potionbrewer:PotentialEnergy","potionbrewer:Prototype"],"picked":"potionbrewer:PrivateReserves","floor":30.0},{"not_picked":["potionbrewer:ChainReaction","potionbrewer:Backhand+1","potionbrewer:Toxicity+1"],"picked":"potionbrewer:Prototype","floor":31.0},{"not_picked":["potionbrewer:Brandish","potionbrewer:Shovel","potionbrewer:Smokescreen"],"picked":"potionbrewer:Prototype","floor":35.0},{"not_picked":["potionbrewer:ExothermicReaction","potionbrewer:BlindingSpray","potionbrewer:Brandish"],"picked":"SKIP","floor":36.0},{"not_picked":["potionbrewer:FlashPowder","potionbrewer:Shovel+1"],"picked":"potionbrewer:ExplosiveReaction+1","floor":38.0},{"not_picked":["potionbrewer:Refill","potionbrewer:Shovel+1"],"picked":"potionbrewer:QuickStep+1","floor":40.0},{"not_picked":["potionbrewer:Biohazard","potionbrewer:PotentialEnergy","potionbrewer:CrossReference+1"],"picked":"potionbrewer:Prototype","floor":42.0},{"not_picked":["potionbrewer:CausticBarrier","potionbrewer:Backhand","potionbrewer:LeftoverSpecimen"],"picked":"Singing Bowl","floor":45},{"not_picked":["potionbrewer:OneTwoPunch","potionbrewer:Brandish","potionbrewer:Contingency"],"picked":"Singing Bowl","floor":46},{"not_picked":["potionbrewer:Smokescreen+1","potionbrewer:VolatileSolution+1"],"picked":"potionbrewer:Discombobulate+1","floor":48},{"not_picked":["potionbrewer:AnotherRound","potionbrewer:TestSubject","potionbrewer:UnstableFormula"],"picked":"potionbrewer:Prototype","floor":54}],"player_experience":613083,"relics_obtained":[{"floor":7.0,"key":"Akabeko"},{"floor":9.0,"key":"Kunai"},{"floor":10.0,"key":"reliquary:TuningFork"},{"floor":14.0,"key":"Lizard Tail"},{"floor":24.0,"key":"Lantern"},{"floor":28.0,"key":"Vajra"},{"floor":39.0,"key":"Thread and Needle"},{"floor":40.0,"key":"War Paint"},{"floor":43.0,"key":"Singing Bowl"},{"floor":54,"key":"Gremlin Horn"}],"event_choices":[{"damage_healed":0.0,"max_hp_gain":0.0,"max_hp_loss":0.0,"gold_gain":0.0,"event_name":"Golden Idol","player_choice":"Take Damage","floor":3.0,"gold_loss":0.0,"damage_taken":18.0,"relics_obtained":["Golden Idol"]},{"cards_removed":["potionbrewer:PotionbrewerStrike"],"damage_healed":0.0,"max_hp_gain":0.0,"max_hp_loss":0.0,"gold_gain":0.0,"event_name":"Living Wall","player_choice":"Forget","floor":4.0,"gold_loss":0.0,"damage_taken":0.0},{"damage_healed":53.0,"max_hp_gain":0.0,"max_hp_loss":75.0,"gold_gain":0.0,"event_name":"betterThird:BetterShining","player_choice":"Upgrade","floor":5.0,"gold_loss":0.0,"damage_taken":15.0,"cards_upgraded":["potionbrewer:PotionbrewerDefend","potionbrewer:Collect"]},{"damage_healed":0.0,"max_hp_gain":0.0,"max_hp_loss":0.0,"gold_gain":50.0,"event_name":"Golden Wing","player_choice":"Gained Gold","floor":13.0,"gold_loss":0.0,"damage_taken":0.0},{"damage_healed":0.0,"max_hp_gain":0.0,"max_hp_loss":0.0,"gold_gain":0.0,"event_name":"Cursed Tome","player_choice":"Ignored","floor":22.0,"gold_loss":0.0,"damage_taken":0.0},{"damage_healed":0.0,"max_hp_gain":0.0,"max_hp_loss":0.0,"gold_gain":0.0,"event_name":"The Woman in Blue","player_choice":"Bought 0 Potions","floor":23.0,"gold_loss":0.0,"damage_taken":0.0},{"damage_healed":0.0,"max_hp_gain":0.0,"max_hp_loss":0.0,"gold_gain":0.0,"cards_transformed":["potionbrewer:PotionbrewerStrike"],"event_name":"Transmorgrifier","player_choice":"Transformed","floor":37.0,"gold_loss":0.0,"damage_taken":0.0,"cards_obtained":["potionbrewer:BlindingMist"]},{"damage_healed":0.0,"max_hp_gain":0.0,"max_hp_loss":0.0,"gold_gain":0.0,"event_name":"MindBloom","player_choice":"Fight","floor":39.0,"gold_loss":0.0,"damage_taken":0.0}],"is_beta":false,"boss_relics":[{"not_picked":["SlaversCollar","Runic Dome"],"picked":"reliquary:RedPaperclip"},{"not_picked":["Snecko Eye","reliquary:Ember"],"picked":"reliquary:WritOfMandamus"}],"items_purged_floors":[21,44,44],"is_endless":false,"potions_floor_spawned":[2,7,10,12,19,20,30,31,36,42,48],"ascension_level":2}}