{"host":"l5zfpd2l2htson6l","time":1612613905,"event":{"mods":["AchievementEnabler","BaseMod","Colored Map","Colored Powertips","Minty Spire (QoL Compilation)","Permanent Neow","Quick Restart","Rare Cards Sparkle","Relic Stats","SuperFastMode"],"gold_per_floor":[111,128,128,128,146,146,175,192,192,226,29,29,46,96,96,96,96],"floor_reached":16,"language":"ENG","playtime":460,"items_purged":[],"score":220,"play_id":"156ac0f2-8cf3-4872-9dcd-b916676c8465","local_time":"20210206041825","is_ascension_mode":true,"campfire_choices":[{"data":"Hemokinesis","floor":6.0,"key":"SMITH"},{"floor":12.0,"key":"REST"},{"data":"Shockwave","floor":15,"key":"SMITH"}],"circlet_count":0,"master_deck":["AscendersBane","Strike_R","Strike_R","Strike_R","Strike_R","Defend_R","Defend_R","Defend_R+1","Defend_R","Bash","Twin Strike","Shockwave+1","Armaments+1","Hemokinesis+1","Rampage","Inflame","Whirlwind","True Grit"],"relics":["Burning Blood","Pantograph","Ginger","Bird Faced Urn","Akabeko"],"acts_visited":["Exordium"],"potions_floor_usage":[16],"damage_taken":[{"damage":1.0,"enemies":"2 Louse","floor":1.0,"turns":2.0},{"damage":7.0,"enemies":"Small Slimes","floor":2.0,"turns":3.0},{"damage":0.0,"enemies":"Cultist","floor":5.0,"turns":5.0},{"damage":18.0,"enemies":"Lagavulin","floor":7.0,"turns":6.0},{"damage":12.0,"enemies":"Blue Slaver","floor":8.0,"turns":4.0},{"damage":31.0,"enemies":"3 Sentries","floor":10.0,"turns":8.0},{"damage":15.0,"enemies":"Red Slaver","floor":13.0,"turns":3.0},{"damage":49,"enemies":"Hexaghost","floor":16,"turns":9}],"seed_played":"-6939990491363724730","potions_obtained":[{"floor":1.0,"key":"Strength Potion"},{"floor":5.0,"key":"EssenceOfSteel"},{"floor":8.0,"key":"SteroidPotion"}],"is_trial":false,"path_per_floor":["M","M","?","?","M","R","E","M","T","E","$","R","M","?","R","B"],"character_chosen":"IRONCLAD","items_purchased":["Akabeko","True Grit"],"campfire_rested":1,"item_purchase_floors":[11,11],"current_hp_per_floor":[73,72,49,49,55,55,43,37,37,12,12,34,27,20,20,0,0],"gold":96,"neow_bonus":"THREE_CARDS","is_daily":false,"chose_seed":false,"campfire_upgraded":2,"win_rate":0.0,"timestamp":1612613905,"path_taken":["M","M","?","?","M","R","E","?","T","E","$","R","M","?","R","BOSS"],"items_purchased_type":["Relic","Card"],"build_version":"2020-12-22","purchased_purges":0,"victory":false,"max_hp_per_floor":[75,75,75,75,75,75,75,75,75,75,75,75,75,75,75,75,75],"relic_stats":{"counters":[8,40],"Pantograph":25,"Bird Faced Urn":[4],"Ginger":[0],"obtain_stats":[{"Pantograph":7,"Bird Faced Urn":10,"Ginger":9,"Burning Blood":0,"Akabeko":11},{"Pantograph":4,"Bird Faced Urn":6,"Ginger":5,"Burning Blood":0,"Akabeko":6},{"Pantograph":16,"Bird Faced Urn":28,"Ginger":20,"Burning Blood":0,"Akabeko":28}],"Burning Blood":42},"card_choices":[{"not_picked":["Thunderclap","Armaments"],"picked":"Twin Strike","floor":0.0},{"not_picked":["Shrug It Off","Dual Wield"],"picked":"Shockwave","floor":1.0},{"not_picked":["Shockwave","Pummel"],"picked":"Armaments","floor":2.0},{"not_picked":["Warcry","Armaments"],"picked":"Hemokinesis","floor":5.0},{"not_picked":["Armaments","Havoc"],"picked":"Rampage","floor":7.0},{"not_picked":["Heavy Blade","Shrug It Off"],"picked":"Inflame","floor":8.0},{"not_picked":["Body Slam","Brutality"],"picked":"Whirlwind","floor":10.0},{"not_picked":["Whirlwind","Perfected Strike","Heavy Blade"],"picked":"SKIP","floor":13.0}],"player_experience":924267,"relics_obtained":[{"floor":7.0,"key":"Pantograph"},{"floor":9.0,"key":"Ginger"},{"floor":10.0,"key":"Bird Faced Urn"}],"event_choices":[{"damage_healed":0.0,"max_hp_gain":0.0,"max_hp_loss":0.0,"gold_gain":0.0,"event_name":"Shining Light","player_choice":"Entered Light","floor":3.0,"gold_loss":0.0,"damage_taken":23.0,"cards_upgraded":["Defend_R","Armaments"]},{"cards_removed":["Strike_R"],"damage_healed":0.0,"max_hp_gain":0.0,"max_hp_loss":0.0,"gold_gain":0.0,"event_name":"Bonfire Elementals","player_choice":"Offered Basic","floor":4.0,"gold_loss":0.0,"damage_taken":0.0},{"damage_healed":0,"gold_gain":50,"player_choice":"Touch","damage_taken":7,"max_hp_gain":0,"max_hp_loss":0,"event_name":"FaceTrader","floor":14,"gold_loss":0}],"is_beta":false,"boss_relics":[],"items_purged_floors":[],"is_endless":false,"potions_floor_spawned":[1,5,8,10],"killed_by":"Hexaghost","ascension_level":20}}