{"host":"t7mx8yfj1no5p62f","time":1612650701,"event":{"mods":["BaseMod","Colored Map","Colored Powertips","Curses Come First","Minty Spire (QoL Compilation)","Relic Stats","StSLib"],"gold_per_floor":[213,18,30,30,44,44,72,72,72,72,86,126,51,65,65,148,148,176,91,103,112,37,72,150,16,96,96,119,43,78,78,78],"floor_reached":31,"language":"ENG","playtime":891,"items_purged":["Decay","Strike_R"],"score":562,"play_id":"8f6c2295-ea02-485a-9e12-823ed2d351fa","local_time":"20210206173141","is_ascension_mode":true,"campfire_choices":[{"data":"Fire Breathing","floor":6,"key":"SMITH"},{"data":"Anger","floor":8,"key":"SMITH"},{"data":"Bash","floor":10,"key":"SMITH"},{"data":"Disarm","floor":15,"key":"SMITH"},{"floor":27,"key":"REST"}],"circlet_count":0,"master_deck":["AscendersBane","Strike_R","Strike_R","Strike_R","Defend_R","Defend_R","Defend_R","Defend_R","Bash+1","Fire Breathing+1","Apotheosis+1","Cleave","True Grit","Anger+1","Disarm+1","Corruption","Shockwave","Dark Embrace","Uppercut+1","Disarm","Pommel Strike+1"],"relics":["Burning Blood","Pantograph","CeramicFish","Runic Dome","Charon\u0027s Ashes","PreservedInsect","Molten Egg 2","The Courier"],"acts_visited":["Exordium","TheCity"],"potions_floor_usage":[12,16,23],"damage_taken":[{"damage":11,"enemies":"Jaw Worm","floor":1,"turns":4},{"damage":4,"enemies":"Small Slimes","floor":3,"turns":4},{"damage":12,"enemies":"Cultist","floor":5,"turns":4},{"damage":22,"enemies":"Lagavulin","floor":7,"turns":6},{"damage":2,"enemies":"Red Slaver","floor":11,"turns":4},{"damage":8,"enemies":"Gremlin Nob","floor":12,"turns":3},{"damage":0,"enemies":"Large Slime","floor":14,"turns":4},{"damage":44,"enemies":"Hexaghost","floor":16,"turns":9},{"damage":24,"enemies":"Shell Parasite","floor":18,"turns":5},{"damage":6,"enemies":"3 Byrds","floor":20,"turns":4},{"damage":37,"enemies":"Slavers","floor":23,"turns":4},{"damage":25,"enemies":"Shelled Parasite and Fungi","floor":28,"turns":5},{"damage":12,"enemies":"Gremlin Leader","floor":30,"turns":5},{"damage":14,"enemies":"Snecko","floor":31,"turns":3}],"seed_played":"2303257363211216817","potions_obtained":[{"floor":5,"key":"Dexterity Potion"},{"floor":7,"key":"AttackPotion"},{"floor":12,"key":"SteroidPotion"},{"floor":18,"key":"FearPotion"},{"floor":20,"key":"SneckoOil"},{"floor":30,"key":"ElixirPotion"}],"is_trial":false,"path_per_floor":["M","$","M","?","M","R","E","R","T","R","M","E","?","M","R","B",null,"M","?","M","?","$","E","T","$","T","R","M","$","E","M"],"character_chosen":"IRONCLAD","items_purchased":["Apotheosis","Dark Embrace","Disarm"],"campfire_rested":1,"item_purchase_floors":[2,25,29],"current_hp_per_floor":[63,63,65,65,59,59,43,43,43,43,47,45,45,51,51,37,66,48,48,48,48,48,17,17,17,17,39,20,20,14,0,0],"gold":78,"neow_bonus":"HUNDRED_GOLD","is_daily":false,"chose_seed":false,"campfire_upgraded":4,"win_rate":0.0,"timestamp":1612650701,"path_taken":["M","$","M","?","M","R","E","R","T","R","M","E","?","M","R","BOSS","M","?","M","?","$","E","?","?","T","R","M","$","E","M"],"items_purchased_type":["Card","Card","Card"],"build_version":"2020-12-22","purchased_purges":2,"victory":false,"max_hp_per_floor":[75,75,75,75,75,75,75,75,75,75,75,75,75,75,75,75,75,75,75,75,75,75,75,75,75,75,75,75,75,75,75,75],"relic_stats":{"counters":[14,64],"Pantograph":24,"CeramicFish":72,"Charon\u0027s Ashes":[212],"PreservedInsect":48,"obtain_stats":[{"Runic Dome":17,"Pantograph":9,"CeramicFish":12,"Molten Egg 2":26,"Charon\u0027s Ashes":19,"PreservedInsect":23,"The Courier":30,"Burning Blood":0},{"Runic Dome":8,"Pantograph":4,"CeramicFish":6,"Molten Egg 2":11,"Charon\u0027s Ashes":9,"PreservedInsect":11,"The Courier":13,"Burning Blood":0},{"Runic Dome":38,"Pantograph":18,"CeramicFish":25,"Molten Egg 2":51,"Charon\u0027s Ashes":43,"PreservedInsect":51,"The Courier":61,"Burning Blood":0}],"Burning Blood":78},"card_choices":[{"not_picked":["Havoc","Cleave"],"picked":"Fire Breathing","floor":1},{"not_picked":["Clothesline","Dual Wield"],"picked":"Cleave","floor":3},{"not_picked":["Dual Wield","Entrench"],"picked":"True Grit","floor":5},{"not_picked":["Pommel Strike","Metallicize"],"picked":"Anger","floor":7},{"not_picked":["Perfected Strike","Havoc","Body Slam"],"picked":"SKIP","floor":11},{"not_picked":["Blood for Blood","Twin Strike"],"picked":"Disarm","floor":12},{"not_picked":["Dual Wield","Headbutt","Wild Strike"],"picked":"SKIP","floor":14},{"not_picked":["Feed","Brutality"],"picked":"Corruption","floor":16},{"not_picked":["Dropkick+1","Burning Pact"],"picked":"Shockwave","floor":18},{"not_picked":["Clothesline","Perfected Strike","Twin Strike"],"picked":"SKIP","floor":20},{"not_picked":["Perfected Strike","Clothesline","Thunderclap"],"picked":"SKIP","floor":23},{"not_picked":["Second Wind","Cleave+1"],"picked":"Uppercut+1","floor":28},{"not_picked":["Twin Strike+1","Anger+1"],"picked":"Pommel Strike+1","floor":30}],"player_experience":1947789,"relics_obtained":[{"floor":9,"key":"Pantograph"},{"floor":12,"key":"CeramicFish"},{"floor":23,"key":"PreservedInsect"},{"floor":26,"key":"Molten Egg 2"},{"floor":30,"key":"The Courier"}],"event_choices":[{"damage_healed":0,"gold_gain":0,"player_choice":"Grow","damage_taken":0,"max_hp_gain":0,"max_hp_loss":0,"event_name":"Living Wall","floor":4,"gold_loss":0,"cards_upgraded":["Apotheosis"]},{"cards_removed":["Strike_R"],"damage_healed":0,"gold_gain":0,"player_choice":"Card Removal","damage_taken":0,"max_hp_gain":0,"max_hp_loss":0,"event_name":"The Cleric","floor":13,"gold_loss":75},{"damage_healed":0,"gold_gain":0,"player_choice":"Obtained Relic","damage_taken":0,"relics_obtained":["Charon\u0027s Ashes"],"max_hp_gain":0,"max_hp_loss":0,"event_name":"Addict","floor":19,"gold_loss":85},{"damage_healed":0,"gold_gain":0,"player_choice":"Smashed Altar","damage_taken":0,"max_hp_gain":0,"max_hp_loss":0,"event_name":"Forgotten Altar","floor":21,"gold_loss":0,"cards_obtained":["Decay"]}],"is_beta":false,"boss_relics":[{"not_picked":["SlaversCollar","Tiny House"],"picked":"Runic Dome"}],"items_purged_floors":[22,25],"is_endless":false,"potions_floor_spawned":[5,7,12,18,20,30],"killed_by":"Snecko","ascension_level":20}}