{"host":"f5gffvlv6a66yqkd","time":1612620925,"event":{"mods":["2.2 Compatiblity","BaseMod","Colored Map","Custom Start","DeckTracker","Keyboard Shortcuts","Minty Spire (QoL Compilation)","Permanent Neow","Quick Restart","Relic Stats","StSLib","SuperFastMode"],"gold_per_floor":[114,128,146,146,71,104,121,121,148,223,249,264,264,280,280,354,354,371,139,139,157,182,182,21,21,21,21,37,48,74,74,74,74,74],"floor_reached":33,"language":"KOR","playtime":704,"items_purged":["Strike_B"],"score":530,"play_id":"460ae892-d646-458f-91a4-7708dea82892","local_time":"20210206231525","is_ascension_mode":true,"campfire_choices":[{"data":"Zap","floor":8.0,"key":"SMITH"},{"floor":13.0,"key":"REST"},{"data":"Streamline","floor":15.0,"key":"SMITH"},{"data":"Consume","floor":23.0,"key":"SMITH"},{"data":"Buffer","floor":25.0,"key":"SMITH"},{"data":"Dualcast","floor":27.0,"key":"SMITH"},{"floor":32.0,"key":"RECALL"}],"circlet_count":0,"master_deck":["AscendersBane","Strike_B","Strike_B","Defend_B","Defend_B","Defend_B","Defend_B","Zap+1","Dualcast+1","Undo","Compile Driver","Ball Lightning","White Noise","Chill","FTL","Streamline+1","Cold Snap","Buffer+1","Conserve Battery","Consume+1","Parasite","Skim","Turbo"],"relics":["Cracked Core","Centennial Puzzle","Tiny Chest","Bag of Preparation","Cursed Key","PreservedInsect","DataDisk","Orichalcum"],"acts_visited":["Exordium","TheCity"],"potions_floor_usage":[],"damage_taken":[{"damage":0.0,"enemies":"Cultist","floor":1.0,"turns":3.0},{"damage":0.0,"enemies":"2 Louse","floor":2.0,"turns":2.0},{"damage":0.0,"enemies":"Small Slimes","floor":3.0,"turns":3.0},{"damage":27.0,"enemies":"3 Sentries","floor":6.0,"turns":6.0},{"damage":9.0,"enemies":"Exordium Wildlife","floor":7.0,"turns":3.0},{"damage":1.0,"enemies":"2 Fungi Beasts","floor":12.0,"turns":4.0},{"damage":0.0,"enemies":"Looter","floor":14.0,"turns":3.0},{"damage":11.0,"enemies":"Slime Boss","floor":16.0,"turns":6.0},{"damage":0.0,"enemies":"Chosen","floor":18.0,"turns":4.0},{"damage":0.0,"enemies":"Spheric Guardian","floor":21.0,"turns":4.0},{"damage":1.0,"enemies":"Snake Plant","floor":28.0,"turns":4.0},{"damage":0.0,"enemies":"Centurion and Healer","floor":29.0,"turns":9.0},{"damage":16.0,"enemies":"Slavers","floor":30.0,"turns":5.0},{"damage":0,"enemies":"Champ","floor":33,"turns":1}],"seed_played":"2757682221979597809","potions_obtained":[{"floor":2.0,"key":"SneckoOil"},{"floor":3.0,"key":"Fire Potion"},{"floor":12.0,"key":"PowerPotion"},{"floor":14.0,"key":"SpeedPotion"},{"floor":30.0,"key":"PotionOfCapacity"}],"is_trial":false,"path_per_floor":["M","M","M","?","?","E","M","R","T","?","T","M","R","M","R","B",null,"M","$","?","M","T","R","$","R","T","R","M","M","E","$","R","B"],"character_chosen":"DEFECT","items_purchased":["PreservedInsect","DataDisk"],"campfire_rested":1,"item_purchase_floors":[19,24],"current_hp_per_floor":[64,64,64,69,69,42,33,33,33,22,22,21,43,43,43,32,65,65,65,65,65,65,65,65,65,65,65,64,64,48,48,48,48,48],"gold":74,"neow_bonus":"THREE_CARDS","is_daily":false,"chose_seed":false,"campfire_upgraded":5,"win_rate":0.0,"timestamp":1612620925,"path_taken":["M","M","M","?","?","E","M","R","T","?","?","M","R","M","R","BOSS","M","$","?","M","?","R","$","R","T","R","M","M","E","?","R","BOSS"],"items_purchased_type":["Relic","Relic"],"build_version":"2020-12-22","purchased_purges":1,"victory":false,"max_hp_per_floor":[71,71,71,76,76,76,76,76,76,76,76,76,76,76,76,76,76,76,76,76,76,76,76,76,76,76,76,76,76,76,76,76,76,76],"relic_stats":{"Centennial Puzzle":[15],"counters":[14,57],"Tiny Chest":1,"PreservedInsect":42,"Bag of Preparation":[18],"Orichalcum":[0],"Cursed Key":1,"obtain_stats":[{"Centennial Puzzle":6,"DataDisk":24,"Tiny Chest":9,"PreservedInsect":19,"Bag of Preparation":11,"Orichalcum":30,"Cracked Core":0,"Cursed Key":17},{"Centennial Puzzle":4,"DataDisk":10,"Tiny Chest":5,"PreservedInsect":9,"Bag of Preparation":5,"Orichalcum":13,"Cracked Core":0,"Cursed Key":8},{"Centennial Puzzle":14,"DataDisk":38,"Tiny Chest":17,"PreservedInsect":34,"Bag of Preparation":17,"Orichalcum":56,"Cracked Core":0,"Cursed Key":30}]},"card_choices":[{"not_picked":["Coolheaded","Redo"],"picked":"Undo","floor":0.0},{"not_picked":["Beam Cell","Barrage"],"picked":"Compile Driver","floor":1.0},{"not_picked":["Undo","Chill"],"picked":"Ball Lightning","floor":2.0},{"not_picked":["Leap","Redo"],"picked":"White Noise","floor":3.0},{"not_picked":["Redo","Barrage"],"picked":"Chill","floor":6.0},{"not_picked":["Heatsinks","Skim"],"picked":"FTL","floor":7.0},{"not_picked":["Recycle","Sweeping Beam"],"picked":"Streamline","floor":12.0},{"not_picked":["All For One","Barrage"],"picked":"Cold Snap","floor":14.0},{"not_picked":["All For One","Thunder Strike"],"picked":"Buffer","floor":16.0},{"not_picked":["Turbo","Heatsinks"],"picked":"Conserve Battery","floor":18.0},{"not_picked":["Scrape","Conserve Battery","Stack"],"picked":"SKIP","floor":21.0},{"not_picked":["Rip and Tear","Beam Cell"],"picked":"Skim","floor":28.0},{"not_picked":["BootSequence","Barrage","Cold Snap"],"picked":"SKIP","floor":29.0},{"not_picked":["Cold Snap","Barrage"],"picked":"Turbo","floor":30.0}],"player_experience":1677655,"relics_obtained":[{"floor":6.0,"key":"Centennial Puzzle"},{"floor":9.0,"key":"Tiny Chest"},{"floor":11.0,"key":"Bag of Preparation"},{"floor":30.0,"key":"Orichalcum"}],"event_choices":[{"damage_healed":0.0,"max_hp_gain":5.0,"max_hp_loss":0.0,"gold_gain":0.0,"event_name":"Big Fish","player_choice":"Donut","floor":4.0,"gold_loss":0.0,"damage_taken":0.0},{"cards_removed":["Strike_B"],"damage_healed":0.0,"max_hp_gain":0.0,"max_hp_loss":0.0,"gold_gain":0.0,"event_name":"The Cleric","player_choice":"Card Removal","floor":5.0,"gold_loss":75.0,"damage_taken":0.0},{"damage_healed":0.0,"max_hp_gain":0.0,"max_hp_loss":0.0,"gold_gain":75.0,"event_name":"World of Goop","player_choice":"Gather Gold","floor":10.0,"gold_loss":0.0,"damage_taken":11.0},{"damage_healed":0.0,"max_hp_gain":0.0,"max_hp_loss":0.0,"gold_gain":0.0,"event_name":"The Library","player_choice":"Read","floor":20.0,"gold_loss":0.0,"damage_taken":0.0,"cards_obtained":["Consume"]}],"is_beta":false,"boss_relics":[{"not_picked":["FrozenCore","Coffee Dripper"],"picked":"Cursed Key"}],"items_purged_floors":[19],"is_endless":false,"potions_floor_spawned":[2,3,12,14,30],"killed_by":"Champ","ascension_level":20}}