{"host":"mw3dmj42qtkbha4b","time":1612593953,"event":{"mods":["BaseMod","Colored Map","Colored Powertips","DeckTracker","Minty Spire (QoL Compilation)","StSLib","SuperFastMode"],"gold_per_floor":[118,268,24,24,24,24,54,72,72,72,106,121,151,151,151,151,151],"floor_reached":16,"language":"KOR","playtime":353,"items_purged":["Doubt"],"score":262,"play_id":"3b43b2f0-6294-4568-818d-4820d8506527","local_time":"20210206154553","is_ascension_mode":true,"campfire_choices":[{"data":"Eruption","floor":6.0,"key":"SMITH"},{"data":"Vigilance","floor":10.0,"key":"SMITH"},{"floor":15,"key":"REST"}],"circlet_count":0,"master_deck":["AscendersBane","Strike_P","Strike_P","Strike_P","Strike_P","Defend_P+1","Defend_P+1","Defend_P","Defend_P","Eruption+1","Vigilance+1","Indignation","Wallop"],"relics":["PureWater","NeowsBlessing","Omamori","Turnip","HornCleat","Nunchaku"],"acts_visited":["Exordium"],"potions_floor_usage":[],"damage_taken":[{"damage":0.0,"enemies":"Small Slimes","floor":1.0,"turns":2.0},{"damage":0.0,"enemies":"Lagavulin","floor":7.0,"turns":1.0},{"damage":0.0,"enemies":"2 Louse","floor":8.0,"turns":2.0},{"damage":33.0,"enemies":"3 Sentries","floor":11.0,"turns":6.0},{"damage":0.0,"enemies":"Jaw Worm","floor":12.0,"turns":3.0},{"damage":61,"enemies":"Hexaghost","floor":16,"turns":9}],"seed_played":"-1204145548021465432","potions_obtained":[{"floor":8.0,"key":"DistilledChaos"},{"floor":12.0,"key":"FairyPotion"}],"is_trial":false,"path_per_floor":["M","?","$","?","$","R","E","M","T","R","E","M","?","?","R","B"],"character_chosen":"WATCHER","items_purchased":["Omamori"],"campfire_rested":1,"item_purchase_floors":[3],"current_hp_per_floor":[61,61,61,41,41,41,41,41,41,41,8,8,8,13,34,0,0],"gold":151,"neow_bonus":"THREE_ENEMY_KILL","is_daily":false,"chose_seed":false,"campfire_upgraded":2,"win_rate":0.0,"timestamp":1612593953,"path_taken":["M","?","$","?","$","R","E","M","T","R","E","M","?","?","R","BOSS"],"items_purchased_type":["Relic"],"build_version":"2020-12-22","purchased_purges":1,"victory":false,"max_hp_per_floor":[68,68,68,68,68,68,68,68,68,68,68,68,68,73,73,73,73],"card_choices":[{"not_picked":["Protect","ClearTheMind"],"picked":"Indignation","floor":1.0},{"not_picked":["MentalFortress","Study","FlyingSleeves"],"picked":"SKIP","floor":7.0},{"not_picked":["Study","JustLucky","WaveOfTheHand"],"picked":"SKIP","floor":8.0},{"not_picked":["Collect","SashWhip","Protect"],"picked":"SKIP","floor":11.0},{"not_picked":["WaveOfTheHand","FlyingSleeves"],"picked":"Wallop","floor":12.0}],"player_experience":1801913,"relics_obtained":[{"floor":7.0,"key":"Turnip"},{"floor":9.0,"key":"HornCleat"},{"floor":11.0,"key":"Nunchaku"}],"event_choices":[{"damage_healed":0.0,"max_hp_gain":0.0,"max_hp_loss":0.0,"gold_gain":150.0,"event_name":"Liars Game","player_choice":"AGREE","floor":2.0,"gold_loss":0.0,"damage_taken":0.0,"cards_obtained":["Doubt"]},{"damage_healed":0.0,"max_hp_gain":0.0,"max_hp_loss":0.0,"gold_gain":0.0,"event_name":"Shining Light","player_choice":"Entered Light","floor":4.0,"gold_loss":0.0,"damage_taken":20.0,"cards_upgraded":["Defend_P","Defend_P"]},{"damage_healed":0,"gold_gain":30,"player_choice":"Searched \u00272\u0027 times","damage_taken":0,"max_hp_gain":0,"max_hp_loss":0,"event_name":"Dead Adventurer","floor":13,"gold_loss":0},{"damage_healed":0,"gold_gain":0,"player_choice":"Donut","damage_taken":0,"max_hp_gain":5,"max_hp_loss":0,"event_name":"Big Fish","floor":14,"gold_loss":0}],"is_beta":false,"boss_relics":[],"items_purged_floors":[3],"is_endless":false,"potions_floor_spawned":[8,12],"killed_by":"Hexaghost","ascension_level":20}}