{"host":"yvb207ks1sg3cxef","time":1612645005,"event":{"mods":["2.2 Compatiblity","BaseMod","Bestiary","Colored Powertips","Minty Spire (QoL Compilation)","Permanent Neow","Quick Restart","Relic Stats","StSLib"],"gold_per_floor":[213,138,152,112,132,132,132,162,189,206,240,260,0,0,0,77,77,91,91,91,91,109,109,109,127,179,179,205,218,218,218],"floor_reached":30,"language":"ENG","playtime":1508,"items_purged":["Strike_G"],"score":616,"play_id":"c5da914a-dd27-4b6b-a18f-dfb6eceb7b91","local_time":"20210207022645","is_ascension_mode":true,"campfire_choices":[{"data":"Dagger Spray","floor":6.0,"key":"SMITH"},{"data":"Noxious Fumes","floor":15.0,"key":"SMITH"},{"data":"Bullet Time","floor":23.0,"key":"SMITH"},{"data":"Footwork","floor":27.0,"key":"SMITH"}],"circlet_count":0,"master_deck":["AscendersBane","Strike_G","Strike_G","Strike_G","Defend_G","Defend_G","Defend_G","Defend_G","Defend_G","Survivor","Neutralize","Deadly Poison","Noxious Fumes+1","Dagger Spray+1","Tools of the Trade","Footwork+1","Escape Plan","Bullet Time+1","Dodge and Roll","Escape Plan","Backflip","Noxious Fumes","Acrobatics+1"],"relics":["Ring of the Snake","Tiny Chest","Darkstone Periapt","Snake Skull","TungstenRod","Coffee Dripper","Bottled Tornado","Oddly Smooth Stone","Bottled Lightning"],"acts_visited":["Exordium","TheCity"],"potions_floor_usage":[30],"damage_taken":[{"damage":2.0,"enemies":"Cultist","floor":1.0,"turns":5.0},{"damage":4.0,"enemies":"Jaw Worm","floor":3.0,"turns":5.0},{"damage":0.0,"enemies":"Small Slimes","floor":5.0,"turns":5.0},{"damage":12.0,"enemies":"Lagavulin","floor":8.0,"turns":6.0},{"damage":5.0,"enemies":"Exordium Thugs","floor":10.0,"turns":5.0},{"damage":13.0,"enemies":"3 Sentries","floor":11.0,"turns":6.0},{"damage":3.0,"enemies":"2 Fungi Beasts","floor":12.0,"turns":4.0},{"damage":0.0,"enemies":"Hexaghost","floor":16.0,"turns":9.0},{"damage":6.0,"enemies":"Shell Parasite","floor":18.0,"turns":7.0},{"damage":5.0,"enemies":"Chosen","floor":22.0,"turns":6.0},{"damage":1.0,"enemies":"Centurion and Healer","floor":25.0,"turns":8.0},{"damage":12.0,"enemies":"Book of Stabbing","floor":28.0,"turns":7.0},{"damage":7.0,"enemies":"Snake Plant","floor":29.0,"turns":5.0},{"damage":25,"enemies":"Gremlin Leader","floor":30,"turns":8}],"seed_played":"-3874873802302249207","potions_obtained":[{"floor":3.0,"key":"Energy Potion"},{"floor":4.0,"key":"Explosive Potion"},{"floor":11.0,"key":"Strength Potion"},{"floor":12.0,"key":"FearPotion"},{"floor":16.0,"key":"Fire Potion"},{"floor":18.0,"key":"Swift Potion"},{"floor":29.0,"key":"Strength Potion"}],"is_trial":false,"path_per_floor":["M","?","M","?","M","R","?","E","T","M","E","M","$","?","R","B",null,"M","?","?","T","M","R","?","M","T","R","E","M","E"],"character_chosen":"THE_SILENT","items_purchased":["Escape Plan","Block Potion","SkillPotion"],"campfire_rested":0,"item_purchase_floors":[13,13,13],"current_hp_per_floor":[57,57,53,53,53,53,35,23,23,18,5,2,2,2,2,2,50,44,44,44,44,39,39,39,38,38,38,26,19,0,0],"gold":218,"neow_bonus":"HUNDRED_GOLD","is_daily":false,"chose_seed":false,"campfire_upgraded":4,"win_rate":0.0,"timestamp":1612645005,"path_taken":["M","?","M","?","?","R","?","E","T","M","E","M","$","?","R","BOSS","M","?","?","?","?","R","?","M","T","R","E","M","E"],"items_purchased_type":["Card","Potion","Potion"],"build_version":"2020-12-22","purchased_purges":1,"victory":false,"max_hp_per_floor":[66,66,66,66,66,66,66,66,66,66,66,66,66,66,66,66,66,66,66,66,66,66,66,66,66,66,66,66,66,66,66],"relic_stats":{"Darkstone Periapt":0,"counters":[14,86],"Tiny Chest":1,"Snake Skull":[92],"obtain_stats":[{"Darkstone Periapt":8,"Oddly Smooth Stone":26,"Tiny Chest":7,"Snake Skull":9,"Coffee Dripper":17,"Bottled Lightning":28,"Bottled Tornado":21,"TungstenRod":11,"Ring of the Snake":0},{"Darkstone Periapt":4,"Oddly Smooth Stone":11,"Tiny Chest":3,"Snake Skull":4,"Coffee Dripper":8,"Bottled Lightning":12,"Bottled Tornado":9,"TungstenRod":6,"Ring of the Snake":0},{"Darkstone Periapt":21,"Oddly Smooth Stone":66,"Tiny Chest":15,"Snake Skull":21,"Coffee Dripper":45,"Bottled Lightning":73,"Bottled Tornado":52,"TungstenRod":32,"Ring of the Snake":0}],"TungstenRod":15,"Ring of the Snake":[28]},"card_choices":[{"not_picked":["Prepared","Caltrops"],"picked":"Deadly Poison","floor":1.0},{"not_picked":["Blade Dance","Slice"],"picked":"Noxious Fumes","floor":3.0},{"not_picked":["Cloak And Dagger","Prepared"],"picked":"Dagger Spray","floor":5.0},{"not_picked":["Bane","Prepared"],"picked":"Tools of the Trade","floor":8.0},{"not_picked":["Dagger Spray","Flying Knee"],"picked":"Footwork","floor":10.0},{"not_picked":["Acrobatics","Deadly Poison","Sucker Punch"],"picked":"SKIP","floor":11.0},{"not_picked":["Poisoned Stab","Quick Slash","Slice"],"picked":"SKIP","floor":12.0},{"not_picked":["Die Die Die","Wraith Form v2"],"picked":"Bullet Time","floor":16.0},{"not_picked":["Blade Dance+1","Backstab"],"picked":"Dodge and Roll","floor":18.0},{"not_picked":["Heel Hook","Finisher"],"picked":"Backflip","floor":22.0},{"not_picked":["Bane","Choke"],"picked":"Noxious Fumes","floor":25.0},{"not_picked":["Dash+1","Outmaneuver"],"picked":"Acrobatics+1","floor":28.0},{"not_picked":["Deflect","Prepared","Blade Dance"],"picked":"SKIP","floor":29.0},{"not_picked":["Deflect","Prepared","Blade Dance"],"picked":"SKIP","floor":29.0},{"not_picked":["Deflect","Prepared","Blade Dance"],"picked":"SKIP","floor":29.0}],"player_experience":517960,"relics_obtained":[{"floor":8.0,"key":"Darkstone Periapt"},{"floor":9.0,"key":"Snake Skull"},{"floor":11.0,"key":"TungstenRod"},{"floor":21.0,"key":"Bottled Tornado"},{"floor":26.0,"key":"Oddly Smooth Stone"},{"floor":28.0,"key":"Bottled Lightning"}],"event_choices":[{"cards_removed":["Strike_G"],"damage_healed":0.0,"max_hp_gain":0.0,"max_hp_loss":0.0,"gold_gain":0.0,"event_name":"The Cleric","player_choice":"Card Removal","floor":2.0,"gold_loss":75.0,"damage_taken":0.0},{"damage_healed":0.0,"max_hp_gain":0.0,"max_hp_loss":0.0,"gold_gain":0.0,"event_name":"The Woman in Blue","player_choice":"Bought 3 Potions","floor":4.0,"gold_loss":0.0,"damage_taken":0.0},{"damage_healed":0.0,"max_hp_gain":0.0,"max_hp_loss":0.0,"gold_gain":0.0,"event_name":"Scrap Ooze","player_choice":"Success","floor":7.0,"gold_loss":0.0,"damage_taken":18.0,"relics_obtained":["Tiny Chest"]},{"damage_healed":0.0,"max_hp_gain":0.0,"max_hp_loss":0.0,"gold_gain":0.0,"event_name":"Dead Adventurer","player_choice":"Searched \u00270\u0027 times","floor":14.0,"gold_loss":0.0,"damage_taken":0.0},{"damage_healed":0.0,"max_hp_gain":0.0,"max_hp_loss":0.0,"gold_gain":0.0,"event_name":"Vampires","player_choice":"Ignored","floor":19.0,"gold_loss":0.0,"damage_taken":0.0},{"damage_healed":0.0,"max_hp_gain":0.0,"max_hp_loss":0.0,"gold_gain":0.0,"event_name":"The Library","player_choice":"Read","floor":20.0,"gold_loss":0.0,"damage_taken":0.0,"cards_obtained":["Escape Plan"]},{"damage_healed":0.0,"max_hp_gain":0.0,"max_hp_loss":0.0,"gold_gain":0.0,"event_name":"Cursed Tome","player_choice":"Ignored","floor":24.0,"gold_loss":0.0,"damage_taken":0.0}],"is_beta":false,"boss_relics":[{"not_picked":["Velvet Choker","Philosopher\u0027s Stone"],"picked":"Coffee Dripper"}],"items_purged_floors":[13],"is_endless":false,"potions_floor_spawned":[3,11,12,16,18,29],"killed_by":"Gremlin Leader","ascension_level":20}}