{"host":"2yqfi47fogfu1ic4","time":1612644608,"event":{"mods":["AchievementEnabler","BaseMod","Colored Map","Colored Powertips","Highlight Path","Minty Spire (QoL Compilation)","Permanent Neow","Relic Stats","StSLib"],"gold_per_floor":[110,110,126,139,139,139,151,151,151,198,198,214,9,28,28,106,106,117,117,117,149,49,49,74,74,74,74,74],"floor_reached":27,"language":"DEU","playtime":1711,"items_purged":["Strike_G","Writhe"],"score":438,"play_id":"d5a6101f-b3af-4ad5-aa56-469b40022a31","local_time":"20210206215008","is_ascension_mode":true,"campfire_choices":[{"data":"Eviscerate","floor":6.0,"key":"SMITH"},{"data":"Catalyst","floor":8.0,"key":"SMITH"},{"data":"Crippling Poison","floor":15.0,"key":"SMITH"},{"floor":23.0,"key":"REST"},{"floor":25.0,"key":"REST"}],"circlet_count":0,"master_deck":["AscendersBane","Strike_G","Strike_G","Strike_G","Defend_G","Defend_G","Defend_G","Defend_G","Defend_G","Survivor","Neutralize","Dagger Throw","PiercingWail","Catalyst+1","Eviscerate+1","Crippling Poison","Crippling Poison+1","Acrobatics","Night Terror","Prepared+1","Necronomicurse","Terror","Blur"],"relics":["Velvet Choker","Anchor","Nunchaku","Black Star","Necronomicon","Sundial","Red Mask","Singing Bowl","Akabeko"],"acts_visited":["Exordium","TheCity"],"potions_floor_usage":[27,27],"damage_taken":[{"damage":5.0,"enemies":"Jaw Worm","floor":1.0,"turns":6.0},{"damage":4.0,"enemies":"2 Louse","floor":3.0,"turns":2.0},{"damage":4.0,"enemies":"Small Slimes","floor":4.0,"turns":4.0},{"damage":9.0,"enemies":"3 Louse","floor":7.0,"turns":4.0},{"damage":0.0,"enemies":"Blue Slaver","floor":12.0,"turns":3.0},{"damage":17.0,"enemies":"Exordium Thugs","floor":14.0,"turns":6.0},{"damage":1.0,"enemies":"Hexaghost","floor":16.0,"turns":7.0},{"damage":7.0,"enemies":"Shell Parasite","floor":18.0,"turns":6.0},{"damage":16.0,"enemies":"Masked Bandits","floor":21.0,"turns":3.0},{"damage":23.0,"enemies":"Book of Stabbing","floor":24.0,"turns":4.0},{"damage":33,"enemies":"Slavers","floor":27,"turns":3}],"seed_played":"-4160820906077023852","potions_obtained":[{"floor":12.0,"key":"Ancient Potion"},{"floor":16.0,"key":"DuplicationPotion"},{"floor":24.0,"key":"DuplicationPotion"}],"is_trial":false,"path_per_floor":["M","?","M","M","?","R","M","R","T","T","$","M","$","M","R","B",null,"M","?","?","?","$","R","E","R","T","E"],"character_chosen":"THE_SILENT","items_purchased":["Crippling Poison","Poison Potion"],"campfire_rested":2,"item_purchase_floors":[13,13],"current_hp_per_floor":[54,54,50,46,46,46,37,37,37,37,37,37,37,20,20,19,54,47,26,26,10,10,29,6,25,25,0,0],"gold":74,"neow_bonus":"BOSS_RELIC","is_daily":false,"chose_seed":false,"campfire_upgraded":3,"win_rate":0.0,"timestamp":1612644608,"path_taken":["M","?","M","M","?","R","M","R","T","?","$","M","$","M","R","BOSS","M","?","?","?","$","R","E","R","T","E"],"items_purchased_type":["Card","Potion"],"build_version":"2020-12-22","purchased_purges":2,"victory":false,"max_hp_per_floor":[66,66,66,66,66,66,66,66,66,66,66,66,66,66,66,66,66,66,66,66,66,66,66,66,66,66,66,66],"relic_stats":{"Nunchaku":[4],"Singing Bowl":0,"counters":[11,48],"Sundial":[0],"Black Star":1,"Necronomicon":[2],"obtain_stats":[{"Anchor":9,"Nunchaku":10,"Singing Bowl":24,"Sundial":20,"Velvet Choker":0,"Black Star":17,"Necronomicon":19,"Red Mask":21,"Akabeko":24,"Ring of the Snake":0},{"Anchor":4,"Nunchaku":4,"Singing Bowl":10,"Sundial":8,"Velvet Choker":0,"Black Star":7,"Necronomicon":8,"Red Mask":9,"Akabeko":10,"Ring of the Snake":0},{"Anchor":16,"Nunchaku":16,"Singing Bowl":45,"Sundial":38,"Velvet Choker":0,"Black Star":32,"Necronomicon":38,"Red Mask":41,"Akabeko":45,"Ring of the Snake":0}]},"card_choices":[{"not_picked":["Blade Dance","Slice"],"picked":"Dagger Throw","floor":1.0},{"not_picked":["Slice","Quick Slash"],"picked":"PiercingWail","floor":3.0},{"not_picked":["Masterful Stab","Reflex"],"picked":"Catalyst","floor":4.0},{"not_picked":["Outmaneuver","Endless Agony","Cloak And Dagger"],"picked":"SKIP","floor":7.0},{"not_picked":["Acrobatics","Riddle With Holes"],"picked":"Crippling Poison","floor":12.0},{"not_picked":["Deflect","Prepared"],"picked":"Acrobatics","floor":14.0},{"not_picked":["Venomology","Phantasmal Killer"],"picked":"Night Terror","floor":16.0},{"not_picked":["Deflect","Outmaneuver"],"picked":"Prepared+1","floor":18.0},{"not_picked":["Flechettes","Infinite Blades"],"picked":"Terror","floor":21.0},{"not_picked":["Dash","Doppelganger"],"picked":"Blur","floor":24.0}],"player_experience":1687409,"relics_obtained":[{"floor":9.0,"key":"Anchor"},{"floor":10.0,"key":"Nunchaku"},{"floor":19.0,"key":"Necronomicon"},{"floor":21.0,"key":"Red Mask"},{"floor":24.0,"key":"Singing Bowl"},{"floor":24.0,"key":"Akabeko"}],"event_choices":[{"damage_healed":0.0,"max_hp_gain":0.0,"max_hp_loss":0.0,"gold_gain":0.0,"event_name":"Liars Game","player_choice":"Ignored","floor":2.0,"gold_loss":0.0,"damage_taken":0.0},{"damage_healed":0.0,"max_hp_gain":0.0,"max_hp_loss":0.0,"gold_gain":0.0,"cards_transformed":["Strike_G"],"event_name":"Living Wall","player_choice":"Change","floor":5.0,"gold_loss":0.0,"damage_taken":0.0,"cards_obtained":["Eviscerate"]},{"damage_healed":0.0,"max_hp_gain":0.0,"max_hp_loss":0.0,"gold_gain":0.0,"event_name":"Cursed Tome","player_choice":"Obtained Book","floor":19.0,"gold_loss":0.0,"damage_taken":21.0},{"damage_healed":0.0,"max_hp_gain":0.0,"max_hp_loss":0.0,"gold_gain":0.0,"event_name":"The Mausoleum","player_choice":"Opened","floor":20.0,"gold_loss":0.0,"damage_taken":0.0,"relics_obtained":["Sundial"],"cards_obtained":["Writhe"]},{"damage_healed":0.0,"max_hp_gain":0.0,"max_hp_loss":0.0,"gold_gain":0.0,"event_name":"Masked Bandits","player_choice":"Fought Bandits","floor":21.0,"gold_loss":0.0,"damage_taken":0.0}],"is_beta":false,"boss_relics":[{"not_picked":["Busted Crown","Cursed Key"],"picked":"Black Star"}],"items_purged_floors":[13,22],"is_endless":false,"potions_floor_spawned":[12,14,16,24],"killed_by":"Slavers","ascension_level":20}}