{"host":"d61fcf2p3sjwe6yo","time":1612619927,"event":{"mods":["Act Like it!","BaseMod","Colored Map","Gensokyo","Koishi","Marisa????????","Minty Spire (QoL Compilation)","Reimu??????","StSLib","SuperFastMode","The Servant 0.9.4"],"gold_per_floor":[115,132,150,225,235,261,261,211,288,288,300,330,330,359,359,462,462,472,572,216,227,238,271,285,285,285,285,298,120,120,132,132,233,233,247,297,317,317,396,425,425,455,467,493,192,240,260,279,279,279,279,279,4,32,32],"floor_reached":56,"language":"ENG","playtime":4055,"items_purged":["Deny","Ricochet","Sunlight"],"score":1372,"play_id":"9cc1c8c9-205e-4b53-986a-8c8e697635f2","local_time":"20210206165847","is_ascension_mode":false,"campfire_choices":[{"data":"Luminosity","floor":7,"key":"SMITH"},{"floor":10,"key":"REST"},{"floor":13,"key":"REST"},{"data":"SilverBlades","floor":15,"key":"SMITH"},{"floor":25,"key":"REST"},{"data":"Luminosity","floor":27,"key":"SMITH"},{"floor":32,"key":"REST"},{"floor":41,"key":"REST"},{"floor":49,"key":"RECALL"},{"data":"TheWorld","floor":52,"key":"SMITH"}],"circlet_count":0,"master_deck":["KidneyShot","Exchange","Hightail","RealityMarble","Ricochet","Luminosity+1","Rearm","SilverBlades","SilverBlades+1","KillingDoll","Hightail","Potential","GearUp","Comet","SurpressingFire","FastForward","SurpressingFire","Defy","Luminosity+1","TheWorld+1","GearUp+1","Defy+1","TheWorld+1","Defy+1","Defy+1","Finesse+1","SurpressingFire+1","Defy+1","Duplication+1","InstantArmor+1","Master of Strategy+1"],"relics":["Uniform","CaptainsWheel","Dream Catcher","StrikeDummy","Pandora\u0027s Box","Membership Card","Singing Bowl","Mercury Hourglass","Toxic Egg 2","Nilry\u0027s Codex","Black Star","Calipers","Meat on the Bone","Regal Pillow","Molten Egg 2","Shuriken","MawBank","Ornamental Fan","Sundial","TheAbacus","CatCart","Bag of Preparation","Strawberry","White Beast Statue"],"acts_visited":["Exordium","TheCity","TheBeyond","TheEnding"],"potions_floor_usage":[12,16,16,23,24,37,40,46,46,50,55,55,55],"damage_taken":[{"damage":5,"enemies":"Cultist","floor":1,"turns":5},{"damage":8,"enemies":"Jaw Worm","floor":2,"turns":4},{"damage":0,"enemies":"Small Slimes","floor":3,"turns":4},{"damage":16,"enemies":"3 Louse","floor":5,"turns":3},{"damage":13,"enemies":"Gremlin Nob","floor":6,"turns":4},{"damage":5,"enemies":"Lots of Slimes","floor":11,"turns":3},{"damage":0,"enemies":"3 Sentries","floor":12,"turns":5},{"damage":0,"enemies":"Lagavulin","floor":14,"turns":8},{"damage":0,"enemies":"The Guardian","floor":16,"turns":9},{"damage":10,"enemies":"Chosen","floor":18,"turns":5},{"damage":27,"enemies":"2 Thieves","floor":21,"turns":3},{"damage":0,"enemies":"Sentry and Sphere","floor":22,"turns":4},{"damage":32,"enemies":"Gremlin Leader","floor":23,"turns":5},{"damage":2,"enemies":"Centurion and Healer","floor":24,"turns":5},{"damage":17,"enemies":"Snake Plant","floor":28,"turns":5},{"damage":0,"enemies":"Snecko","floor":31,"turns":5},{"damage":10,"enemies":"Champ","floor":33,"turns":12},{"damage":28,"enemies":"3 Darklings","floor":35,"turns":5},{"damage":0,"enemies":"Mind Bloom Boss Battle","floor":36,"turns":6},{"damage":12,"enemies":"3 Shapes","floor":37,"turns":2},{"damage":41,"enemies":"Reptomancer","floor":40,"turns":6},{"damage":10,"enemies":"Nemesis","floor":42,"turns":7},{"damage":7,"enemies":"Spire Growth","floor":44,"turns":5},{"damage":7,"enemies":"Orin","floor":46,"turns":8},{"damage":10,"enemies":"3 Darklings","floor":47,"turns":4},{"damage":0,"enemies":"Maw","floor":48,"turns":7},{"damage":43,"enemies":"Donu and Deca","floor":50,"turns":8},{"damage":35,"enemies":"Shield and Spear","floor":54,"turns":8},{"damage":12,"enemies":"The Heart","floor":55,"turns":13}],"seed_played":"-6596621895519095739","potions_obtained":[{"floor":1,"key":"DistilledChaos"},{"floor":2,"key":"DistilledChaos"},{"floor":12,"key":"FearPotion"},{"floor":16,"key":"GrandPatriotsElixir:ReiMu"},{"floor":23,"key":"GamblersBrew"},{"floor":24,"key":"Fruit Juice"},{"floor":31,"key":"SkillPotion"},{"floor":33,"key":"BlessingOfTheForge"},{"floor":37,"key":"Regen Potion"},{"floor":42,"key":"BlessingOfTheForge"},{"floor":46,"key":"Ancient Potion"},{"floor":47,"key":"LiquidMemories"},{"floor":54,"key":"SpeedPotion"}],"is_trial":false,"path_per_floor":["M","M","M","?","M","E","R","?","T","R","M","E","R","E","R","B",null,"M","?","$","M","M","E","M","R","T","R","M","$","?","M","R","B",null,"M","?","M","?","T","E","R","E","T","M","$","?","M","M","R","B",null,"R","$","E","B",null],"character_chosen":"THE_SERVANT","items_purchased":["Membership Card","Singing Bowl","SurpressingFire","Regen Potion","Toxic Egg 2","GearUp+1","Sundial","TheAbacus","Regen Potion","Defy+1","Bag of Preparation","Energy Potion","Master of Strategy+1","Strength Potion"],"campfire_rested":5,"item_purchase_floors":[20,20,20,20,29,29,45,45,45,45,53,53,53,53],"current_hp_per_floor":[66,58,58,47,31,18,18,18,18,39,34,34,55,55,55,55,71,61,61,61,36,36,20,25,49,49,49,32,32,16,16,42,32,84,56,56,46,46,46,31,73,65,65,60,60,70,60,60,60,29,94,94,94,68,56],"gold":32,"neow_bonus":"TEN_PERCENT_HP_BONUS","is_daily":false,"chose_seed":false,"campfire_upgraded":4,"win_rate":0.0,"timestamp":1612619927,"path_taken":["M","M","?","?","M","E","R","?","T","R","M","E","R","E","R","BOSS","M","?","$","?","M","E","M","R","T","R","M","$","?","M","R","BOSS","M","?","M","?","?","E","R","E","T","M","$","?","M","M","R","BOSS","R","$","E","BOSS"],"items_purchased_type":["Relic","Relic","Card","Potion","Relic","Card","Relic","Relic","Potion","Card","Relic","Potion","Card","Potion"],"build_version":"2020-12-22","purchased_purges":3,"victory":true,"max_hp_per_floor":[71,71,71,71,71,71,71,71,71,71,71,71,71,71,71,71,71,71,71,71,73,73,75,82,82,82,82,82,82,82,82,84,84,84,84,84,86,86,86,86,88,90,90,92,92,94,94,94,94,94,94,94,94,103,103],"card_choices":[{"not_picked":["FastForward","Misdirection"],"picked":"Hightail","floor":1},{"not_picked":["DualDimension","Replace"],"picked":"RealityMarble","floor":2},{"not_picked":["Gouge","FastForward"],"picked":"Ricochet","floor":3},{"not_picked":["Rearm","ReturningBlade"],"picked":"Sunlight","floor":5},{"not_picked":["Moonlight","Potential"],"picked":"Luminosity","floor":6},{"not_picked":["DoubleEdge","Defy"],"picked":"Rearm","floor":11},{"not_picked":["Replace","ShatteredReality","Unruled"],"picked":"SKIP","floor":12},{"not_picked":["Defy","Alleviate"],"picked":"SilverBlades","floor":13},{"not_picked":["Snipe","TheWorld"],"picked":"SilverBlades","floor":14},{"not_picked":["SoulSculpture","Initiator"],"picked":"KillingDoll","floor":16},{"not_picked":["Reset","Starlight"],"picked":"FastForward","floor":18},{"not_picked":["MoonPhase","FastForward","WasteNot"],"picked":"Singing Bowl","floor":21},{"not_picked":["ShatteredReality","Alleviate"],"picked":"Defy","floor":22},{"not_picked":["RealityMarble","Starlight+1","Hightail+1"],"picked":"Singing Bowl","floor":23},{"not_picked":["Desolation","Revamp","Spin"],"picked":"Singing Bowl","floor":24},{"not_picked":["Ricochet","Potential"],"picked":"Luminosity","floor":25},{"not_picked":["Spin+1","FastForward"],"picked":"TheWorld","floor":28},{"not_picked":["Read+1","Contraction+1"],"picked":"Defy+1","floor":31},{"not_picked":["DoubleEdge","ShatteredReality","Rewind+1"],"picked":"Singing Bowl","floor":32},{"not_picked":["Dilation+1","Deny+1"],"picked":"TheWorld+1","floor":33},{"not_picked":["Snipe","Potential+1"],"picked":"Defy+1","floor":35},{"not_picked":["FastForward+1","Alleviate+1"],"picked":"Defy+1","floor":36},{"not_picked":["Spin","WasteNot+1","Desolation"],"picked":"Singing Bowl","floor":37},{"not_picked":["PanicButton+1","Swift Strike"],"picked":"Finesse+1","floor":38},{"not_picked":["Rewind+1","ReturningBlade+1"],"picked":"SurpressingFire+1","floor":40},{"not_picked":["Sabotage+1","WasteNot+1","Spin+1"],"picked":"Singing Bowl","floor":41},{"not_picked":["SilverBlades","Starlight+1","Contraction+1"],"picked":"Singing Bowl","floor":42},{"not_picked":["Rewind+1","SpecialFormula+1","Alleviate+1"],"picked":"Singing Bowl","floor":44},{"not_picked":["BestPractice","WasteNot","Spin+1"],"picked":"Singing Bowl","floor":46},{"not_picked":["DoubleEdge+1","DualDimension+1"],"picked":"Duplication+1","floor":47},{"not_picked":["Defy+1","Alleviate+1"],"picked":"InstantArmor+1","floor":48},{"not_picked":["Misdirection+1","Revamp+1","Spin+1"],"picked":"Singing Bowl","floor":54}],"player_experience":260109,"relics_obtained":[{"floor":6,"key":"CaptainsWheel"},{"floor":12,"key":"Dream Catcher"},{"floor":14,"key":"StrikeDummy"},{"floor":26,"key":"Mercury Hourglass"},{"floor":30,"key":"Nilry\u0027s Codex"},{"floor":36,"key":"Calipers"},{"floor":39,"key":"Meat on the Bone"},{"floor":40,"key":"Regal Pillow"},{"floor":40,"key":"Molten Egg 2"},{"floor":42,"key":"Shuriken"},{"floor":42,"key":"MawBank"},{"floor":43,"key":"Ornamental Fan"},{"floor":46,"key":"CatCart"},{"floor":54,"key":"Strawberry"},{"floor":54,"key":"White Beast Statue"}],"event_choices":[{"damage_healed":0,"gold_gain":75,"player_choice":"Gather Gold","damage_taken":11,"max_hp_gain":0,"max_hp_loss":0,"event_name":"World of Goop","floor":4,"gold_loss":0},{"cards_removed":["Strike_S"],"damage_healed":0,"gold_gain":0,"player_choice":"Card Removal","damage_taken":0,"max_hp_gain":0,"max_hp_loss":0,"event_name":"The Cleric","floor":8,"gold_loss":50},{"damage_healed":0,"gold_gain":100,"player_choice":"Pray","damage_taken":0,"max_hp_gain":0,"max_hp_loss":0,"event_name":"Golden Shrine","floor":19,"gold_loss":0},{"damage_healed":0,"gold_gain":0,"player_choice":"Obtained Book","damage_taken":16,"max_hp_gain":0,"max_hp_loss":0,"event_name":"Cursed Tome","floor":30,"gold_loss":0},{"damage_healed":0,"gold_gain":0,"player_choice":"Fight","damage_taken":0,"max_hp_gain":0,"max_hp_loss":0,"event_name":"MindBloom","floor":36,"gold_loss":0},{"damage_healed":0,"gold_gain":0,"player_choice":"Memory 1","damage_taken":0,"max_hp_gain":0,"max_hp_loss":0,"event_name":"SensoryStone","floor":38,"gold_loss":0},{"damage_healed":0,"gold_gain":0,"player_choice":"Fight","damage_taken":0,"max_hp_gain":0,"max_hp_loss":0,"event_name":"OrinTheCat","floor":46,"gold_loss":0}],"is_beta":false,"boss_relics":[{"not_picked":["Calling Bell","RedLine:ReiMu"],"picked":"Pandora\u0027s Box"},{"not_picked":["Tiny House","Snecko Eye"],"picked":"Black Star"}],"items_purged_floors":[29,45,53],"is_endless":false,"potions_floor_spawned":[1,2,12,16,23,24,31,33,37,42,46,47,54],"ascension_level":0}}