{"host":"ewns8ifhbubwkcum","time":1612581929,"event":{"mods":["BaseMod","Block Reminder","Colored Map","Colored Powertips","Downfall","Highlight Path","Minty Spire (QoL Compilation)","Permanent Neow","Quick Restart","Random Character Button","StSLib"],"gold_per_floor":[99,118,118,133,153,186,211,111,122,222,222,254,154,188,207,312,312,312,325,375,387,228,254,278,339,356,366,366,397,397,732,746,850,850,850,870,896,613,708,733,759,791,805,836,736,754,767,811,824,824,824,851,84,84,84,84],"floor_reached":57,"language":"ENG","playtime":6585,"items_purged":["hexamod:ThermalTransfer","hexamod:ApocalypseNow"],"score":1756,"play_id":"38a11f6b-f545-4d08-9066-586b25be3b0c","local_time":"20210205212529","is_ascension_mode":true,"campfire_choices":[{"data":"hexamod:NecessarySacrifice","floor":1.0,"key":"SMITH"},{"data":"hexamod:Float","floor":8.0,"key":"SMITH"},{"floor":11.0,"key":"RECALL"},{"data":"hexamod:Rewind","floor":13.0,"key":"SMITH"},{"data":"hexamod:CatchUp","floor":18.0,"key":"SMITH"},{"floor":28,"key":"REST"},{"floor":30,"key":"REST"},{"data":"hexamod:ApocalypticArmor","floor":35,"key":"SMITH"},{"data":"hexamod:ShieldOfDarkness","floor":45,"key":"SMITH"},{"data":"expansioncontent:StudyTheSpire","floor":54,"key":"SMITH"}],"circlet_count":0,"master_deck":["hexamod:Defend+1","hexamod:Defend","hexamod:Defend+1","hexamod:Defend+1","hexamod:Sear+1","hexamod:Float+1","hexamod:Rewind+1","hexamod:DynamicBlow+1","hexamod:EmpoweredFlame+1","hexamod:AdvancingGuard+1","hexamod:CatchUp+1","hexamod:Hexaguard+1","hexamod:ForkedFlame+1","hexamod:CatchUp+1","hexamod:GhostOfSpirePast+1","hexamod:Rewind+1","hexamod:FastForward+1","hexamod:AdvancingGuard+1","hexamod:SkipABeat+1","hexamod:ShieldOfDarkness+1","hexamod:GhostOfSpirePast+1","hexamod:FastForward+1","hexamod:ApocalypticArmor+1","hexamod:SkipABeat+1","hexamod:GiftsFromTheDead+1","hexamod:ApocalypticArmor+1","hexamod:BacktrackSmack+1","hexamod:FlamesFromBeyond+1","hexamod:BacktrackSmack","hexamod:SwordOfDarkness+1","hexamod:FastForward","hexamod:GhostOfSpirePast+1","hexamod:FastForward","expansioncontent:StudyTheSpire+1"],"relics":["hexamod:SpiritBrand","Whetstone","downfall:HeartBlessingBlue","downfall:CloakOfManyFaces","CultistMask","FaceOfCleric","NlothsMask","GremlinMask","SsserpentHead","White Beast Statue","downfall:HeartBlessingRed","Bronze Scales","Philosopher\u0027s Stone","Art of War","Darkstone Periapt","Old Coin","Astrolabe","hexamod:TheBrokenSeal","Bird Faced Urn","Bag of Preparation","Happy Flower","hexamod:SoulConsumer","Lantern","downfall:HeartBlessingGreen","CeramicFish","sneckomod:BlankCard","Strawberry","Sling"],"acts_visited":["Exordium","TheCity","TheBeyond","TheEnding"],"potions_floor_usage":[27,29,31,32,36,39,44,44,44,44,46,49,50,50,53,55,56,56],"damage_taken":[{"damage":0.0,"enemies":"Jaw Worm","floor":2.0,"turns":3.0},{"damage":0.0,"enemies":"Cultist","floor":4.0,"turns":3.0},{"damage":0.0,"enemies":"2 Louse","floor":5.0,"turns":3.0},{"damage":5.0,"enemies":"Gremlin Nob","floor":6.0,"turns":3.0},{"damage":0.0,"enemies":"Large Slime","floor":9.0,"turns":3.0},{"damage":9.0,"enemies":"downfall:FaceTrader","floor":10.0,"turns":6.0},{"damage":20.0,"enemies":"3 Sentries","floor":12.0,"turns":7.0},{"damage":8.0,"enemies":"Gremlin Nob","floor":14.0,"turns":4.0},{"damage":3.0,"enemies":"Blue Slaver","floor":15.0,"turns":2.0},{"damage":18.0,"enemies":"IC_STATUS_ARCHETYPE","floor":16.0,"turns":7.0},{"damage":21.0,"enemies":"3 Byrds","floor":19.0,"turns":3.0},{"damage":7.0,"enemies":"Centurion and Healer","floor":21.0,"turns":8.0},{"damage":0.0,"enemies":"downfall:FleeingMerchant","floor":22.0,"turns":4.0},{"damage":5.0,"enemies":"Book of Stabbing","floor":23.0,"turns":4.0},{"damage":30.0,"enemies":"Snake Plant","floor":25.0,"turns":5.0},{"damage":17.0,"enemies":"3 Cultists","floor":26.0,"turns":5.0},{"damage":24,"enemies":"Snecko","floor":27,"turns":5},{"damage":39,"enemies":"Slavers","floor":29,"turns":5},{"damage":11,"enemies":"Book of Stabbing","floor":31,"turns":5},{"damage":1,"enemies":"Centurion and Healer","floor":32,"turns":5},{"damage":5,"enemies":"WA_ARCHETYPE_CALM","floor":33,"turns":7},{"damage":7,"enemies":"3 Shapes","floor":36,"turns":4},{"damage":10,"enemies":"3 Darklings","floor":37,"turns":7},{"damage":18,"enemies":"2 Orb Walkers","floor":39,"turns":6},{"damage":0,"enemies":"Reptomancer","floor":40,"turns":7},{"damage":9,"enemies":"Nemesis","floor":42,"turns":4},{"damage":0,"enemies":"Maw","floor":43,"turns":5},{"damage":0,"enemies":"Reptomancer","floor":44,"turns":6},{"damage":18,"enemies":"4 Shapes","floor":46,"turns":5},{"damage":0,"enemies":"Jaw Worm Horde","floor":47,"turns":4},{"damage":9,"enemies":"Nemesis","floor":48,"turns":7},{"damage":0,"enemies":"Writhing Mass","floor":49,"turns":3},{"damage":0,"enemies":"DF_ARCHETYPE_ORBS","floor":50,"turns":6},{"damage":0,"enemies":"downfall:CharBossMerchant","floor":52,"turns":9},{"damage":70,"enemies":"downfall:NeowBoss","floor":55,"turns":20},{"damage":88,"enemies":"downfall:NeowBossFinal","floor":56,"turns":11}],"seed_played":"2554247209312394688","potions_obtained":[{"floor":3.0,"key":"SpeedPotion"},{"floor":3.0,"key":"hexamod:SoulburnPotion"},{"floor":3.0,"key":"ColorlessPotion"},{"floor":5.0,"key":"Ancient Potion"},{"floor":12.0,"key":"Dexterity Potion"},{"floor":14.0,"key":"GamblersBrew"},{"floor":15.0,"key":"FearPotion"},{"floor":19.0,"key":"Block Potion"},{"floor":19.0,"key":"Ancient Potion"},{"floor":21.0,"key":"Block Potion"},{"floor":22.0,"key":"DistilledChaos"},{"floor":23.0,"key":"CultistPotion"},{"floor":23.0,"key":"SpeedPotion"},{"floor":25.0,"key":"FairyPotion"},{"floor":25.0,"key":"Fruit Juice"},{"floor":26.0,"key":"Energy Potion"},{"floor":26.0,"key":"SpeedPotion"},{"floor":27,"key":"SmokeBomb"},{"floor":29,"key":"Slimebound:ThreeZeroPotion"},{"floor":29,"key":"hexamod:EctoCoolerPotion"},{"floor":31,"key":"hexamod:SoulburnPotion"},{"floor":32,"key":"Energy Potion"},{"floor":36,"key":"Guardian:BlockOnCardUsePotion"},{"floor":37,"key":"FearPotion"},{"floor":39,"key":"Fire Potion"},{"floor":42,"key":"EntropicBrew"},{"floor":43,"key":"ColorlessPotion"},{"floor":44,"key":"Fruit Juice"},{"floor":46,"key":"Regen Potion"},{"floor":47,"key":"GamblersBrew"},{"floor":48,"key":"Slimebound:ThreeZeroPotion"},{"floor":49,"key":"hexamod:DoubleChargePotion"},{"floor":52,"key":"Strength Potion"}],"is_trial":false,"path_per_floor":["R","M","?","M","M","E","T","R","M","?","R","E","R","E","M","B",null,"R","M","?","M","$","E","T","M","M","M","R","E","R","E","M","B",null,"R","M","M","?","?","E","T","E","M","E","R","M","M","E","M","B",null,"E","$","R","B","B",null],"character_chosen":"THE_SPIRIT","items_purchased":["hexamod:GhostOfSpirePast","Strawberry","Sling","hexamod:FastForward","expansioncontent:StudyTheSpire","Fruit Juice","Energy Potion"],"campfire_rested":2,"item_purchase_floors":[22,53,53,53,53,53,53],"current_hp_per_floor":[70,70,70,70,70,65,65,75,75,66,66,47,47,40,38,21,84,84,64,64,58,59,55,55,38,29,13,41,10,39,36,43,46,100,100,101,112,126,109,120,120,122,130,131,131,125,138,136,140,141,141,142,154,154,89,24],"gold":84,"neow_bonus":"TRANSFORM_CARD","is_daily":false,"chose_seed":false,"campfire_upgraded":7,"win_rate":0.0,"timestamp":1612581929,"path_taken":["R","M","?","M","M","E","T","R","M","?","R","E","R","E","M","BOSS","R","M","?","M","$","E","T","?","M","M","R","E","R","E","M","BOSS","R","M","M","?","?","E","T","E","M","E","R","M","M","E","M","BOSS","E","$","R","BOSS","BOSS"],"items_purchased_type":["Card","Relic","Relic","Card","Card","Potion","Potion"],"build_version":"2020-12-22","purchased_purges":2,"victory":true,"max_hp_per_floor":[70,70,70,70,70,70,70,80,80,80,80,81,81,82,83,84,84,84,85,85,86,87,88,88,94,95,96,96,97,97,98,99,100,100,100,101,112,126,127,128,128,129,130,131,131,137,138,139,140,141,141,142,154,154,155,156],"card_choices":[{"not_picked":["hexamod:GhostShield","hexamod:NightmareGuise","hexamod:HeatShield"],"picked":"SKIP","floor":2.0},{"not_picked":["hexamod:GhostShield","hexamod:EtherealExpedition"],"picked":"hexamod:Rewind","floor":4.0},{"not_picked":["hexamod:BurningTouch","hexamod:PowerFromBeyond"],"picked":"hexamod:ThermalTransfer","floor":5.0},{"not_picked":["hexamod:GhostOfSpireFuture","hexamod:FlamesFromBeyond"],"picked":"hexamod:DynamicBlow","floor":6.0},{"not_picked":["hexamod:NightmareStrike","hexamod:Hexaguard"],"picked":"hexamod:EmpoweredFlame","floor":9.0},{"not_picked":["hexamod:FlamesFromBeyond","hexamod:NightmareStrike"],"picked":"hexamod:FourthSeal","floor":10.0},{"not_picked":["hexamod:EmpoweredFlame","hexamod:BacktrackSmack"],"picked":"hexamod:AdvancingGuard","floor":12.0},{"not_picked":["hexamod:SwordOfDarkness","hexamod:FastForward"],"picked":"hexamod:CatchUp","floor":14.0},{"not_picked":["hexamod:FlamesFromBeyond","hexamod:CatchUp"],"picked":"hexamod:Hexaguard","floor":15.0},{"not_picked":["hexamod:WildfireWeapon","hexamod:TimeWarp"],"picked":"hexamod:SixthSeal","floor":16.0},{"not_picked":["hexamod:InspiringFlames","hexamod:BacktrackSmack+1"],"picked":"hexamod:ThirdSeal","floor":19.0},{"not_picked":["hexamod:NightmareStrike","hexamod:SuperheatedStrike","hexamod:CatchUp"],"picked":"SKIP","floor":21.0},{"not_picked":["hexamod:Firestarter","hexamod:SpectersWail","hexamod:Again"],"picked":"SKIP","floor":21.0},{"not_picked":["hexamod:FastForward","hexamod:GiftsFromTheDead"],"picked":"hexamod:CatchUp+1","floor":22.0},{"not_picked":["hexamod:PhantomFireball","hexamod:AdvancingGuard","hexamod:GhostShield"],"picked":"SKIP","floor":22.0},{"not_picked":["hexamod:RecurringNightmare","hexamod:ExtraCrispy+1"],"picked":"hexamod:FirstSeal","floor":23.0},{"not_picked":["hexamod:HeatMetal+1","hexamod:ShieldOfDarkness"],"picked":"hexamod:Rewind+1","floor":23.0},{"not_picked":["hexamod:SuperheatedStrike","hexamod:NightmareGuise"],"picked":"hexamod:FastForward+1","floor":25.0},{"not_picked":["hexamod:PowerFromBeyond","hexamod:EtherealExpedition","hexamod:FlamesFromBeyond"],"picked":"SKIP","floor":25.0},{"not_picked":["hexamod:Firestarter","hexamod:GhostShield+1","hexamod:SwordOfDarkness"],"picked":"SKIP","floor":26.0},{"not_picked":["hexamod:RecurringNightmare","hexamod:ThermalTransfer+1","hexamod:Again+1"],"picked":"SKIP","floor":26.0},{"not_picked":["hexamod:CatchUp+1","hexamod:ExtraCrispy"],"picked":"hexamod:AdvancingGuard+1","floor":27},{"not_picked":["hexamod:ApocalypticArmor","hexamod:Hexaguard","hexamod:GhostLash+1"],"picked":"SKIP","floor":27},{"not_picked":["hexamod:ThirdSeal","hexamod:SuperheatedStrike+1"],"picked":"hexamod:SkipABeat+1","floor":29},{"not_picked":["hexamod:BurningTouch","hexamod:NecessarySacrifice"],"picked":"hexamod:ShieldOfDarkness","floor":29},{"not_picked":["hexamod:SpectralSpark+1","hexamod:TurnItUp"],"picked":"hexamod:GhostOfSpirePast","floor":31},{"not_picked":["hexamod:RecurringNightmare","hexamod:RadiantFlame","hexamod:FirstSeal"],"picked":"SKIP","floor":31},{"not_picked":["hexamod:NightmareStrike","hexamod:BurningTouch"],"picked":"hexamod:FastForward+1","floor":32},{"not_picked":["hexamod:ShieldOfDarkness","hexamod:SpectersWail","hexamod:ChargedBarrage"],"picked":"SKIP","floor":32},{"not_picked":["hexamod:TimeOfNeed","hexamod:Toasty"],"picked":"hexamod:ApocalypticArmor","floor":33},{"not_picked":["hexamod:GiftsFromTheDead","hexamod:GhostOfSpirePresent"],"picked":"hexamod:FifthSeal","floor":33},{"not_picked":["hexamod:FirstSeal","hexamod:SixthSeal"],"picked":"hexamod:SecondSeal","floor":36},{"not_picked":["hexamod:SpectralSpark","hexamod:DynamicBlow+1","hexamod:CatchUp"],"picked":"SKIP","floor":36},{"not_picked":["hexamod:ExtraCrispy","hexamod:RainOfEmbers","hexamod:DynamicBlow"],"picked":"SKIP","floor":36},{"not_picked":["hexamod:NightmareStrike+1","hexamod:SpectralSpark+1","hexamod:HeatShield+1"],"picked":"SKIP","floor":37},{"not_picked":["hexamod:HeatCrush","hexamod:NecessarySacrifice"],"picked":"hexamod:BacktrackSmack+1","floor":39},{"not_picked":["hexamod:RainOfEmbers+1","hexamod:FourthSeal"],"picked":"hexamod:FlamesFromBeyond+1","floor":40},{"not_picked":["hexamod:GhostShield+1","hexamod:Firestarter","hexamod:ShieldOfDarkness"],"picked":"SKIP","floor":42},{"not_picked":["hexamod:RetreatToShadows+1","hexamod:Hexaguard"],"picked":"hexamod:BacktrackSmack","floor":43},{"not_picked":["hexamod:Incineration+1","hexamod:NightmareGuise"],"picked":"hexamod:SwordOfDarkness+1","floor":44},{"not_picked":["hexamod:SuperheatedStrike+1","hexamod:NightmareStrike+1"],"picked":"hexamod:FastForward","floor":46},{"not_picked":["hexamod:InspiringFlames+1","hexamod:Hexaguard"],"picked":"hexamod:ApocalypseNow","floor":47},{"not_picked":["hexamod:SuperheatedStrike+1","hexamod:ThermalTransfer"],"picked":"hexamod:GhostOfSpirePast+1","floor":48},{"not_picked":["hexamod:PowerFromBeyond","hexamod:HeatMetal","hexamod:NightmareStrike"],"picked":"SKIP","floor":49},{"not_picked":["hexamod:PhantomFireball+1","hexamod:HeatShield+1","hexamod:GhostShield"],"picked":"SKIP","floor":52}],"player_experience":1087710,"relics_obtained":[{"floor":6.0,"key":"Whetstone"},{"floor":10.0,"key":"downfall:CloakOfManyFaces"},{"floor":12.0,"key":"White Beast Statue"},{"floor":14.0,"key":"Bronze Scales"},{"floor":23.0,"key":"Art of War"},{"floor":29,"key":"Darkstone Periapt"},{"floor":31,"key":"Old Coin"},{"floor":39,"key":"Bird Faced Urn"},{"floor":40,"key":"Bag of Preparation"},{"floor":41,"key":"Happy Flower"},{"floor":42,"key":"hexamod:SoulConsumer"},{"floor":44,"key":"Lantern"},{"floor":48,"key":"CeramicFish"},{"floor":52,"key":"sneckomod:BlankCard"}],"event_choices":[{"damage_healed":0.0,"max_hp_gain":0.0,"max_hp_loss":0.0,"gold_gain":0.0,"event_name":"Lab","player_choice":"Got Potions","floor":3.0,"gold_loss":0.0,"damage_taken":0.0},{"damage_healed":0,"gold_gain":0,"player_choice":"Fight","damage_taken":0,"max_hp_gain":0,"max_hp_loss":0,"event_name":"Mysterious Sphere","floor":39,"gold_loss":0}],"is_beta":false,"boss_relics":[{"not_picked":["Runic Pyramid","sneckomod:SneckoTalon"],"picked":"Philosopher\u0027s Stone"},{"not_picked":["Runic Dome","Busted Crown"],"picked":"Astrolabe"}],"items_purged_floors":[22,53],"is_endless":false,"potions_floor_spawned":[4,5,12,14,15,16,19,21,22,23,25,26,27,29,31,32,33,36,37,39,40,42,43,44,46,47,48,49,52],"ascension_level":3}}