{"host":"2n2g1vowfllvjtvi","time":1612638266,"event":{"mods":["AchievementEnabler","BaseMod","Custom Start","GifTheSpireLib","Keyboard Shortcuts","Minty Spire (QoL Compilation)","Quick Restart","Rare Cards Sparkle","StSLib","SuperFastMode"],"gold_per_floor":[112,62,62,76,76,105,105,440,440,457,485,261,279,289,289,386,386,406,89,109,126,139,164,176,215,298,310,322,347,18,59,59,165,165,185,185,197,2,2,2,2,2,2,30,30,30,47,66,66,66,66,66,14,40,40],"floor_reached":56,"language":"KOR","playtime":1295,"items_purged":["Strike_P","Strike_P","Defend_P"],"score":1400,"play_id":"a4c5a2ec-fce9-43e2-9434-91788e62b383","local_time":"20210207040426","is_ascension_mode":true,"campfire_choices":[{"data":"Eruption","floor":7.0,"key":"SMITH"},{"data":"Prostrate","floor":15.0,"key":"SMITH"},{"data":"Fasting2","floor":24.0,"key":"SMITH"},{"data":"Worship","floor":28.0,"key":"SMITH"},{"floor":32,"key":"REST"},{"data":"Fasting2","floor":40,"key":"SMITH"},{"data":"Fasting2","floor":42,"key":"SMITH"},{"data":"Fasting2","floor":46,"key":"SMITH"},{"floor":49,"key":"RECALL"},{"data":"MentalFortress","floor":52,"key":"SMITH"}],"circlet_count":0,"master_deck":["Defend_P","Defend_P","Eruption+1","Vigilance","EmptyFist","Prostrate+1","FollowUp","Prostrate","Adaptation","Brilliance","Fasting2+1","WheelKick","Worship+1","Wallop","Fasting2+1","Fasting2+1","DeusExMachina","Fasting2+1","MentalFortress+1"],"relics":["PureWater","NeowsBlessing","Blue Candle","Old Coin","TeardropLocket","Omamori","ClockworkSouvenir","Calling Bell","Happy Flower","Mercury Hourglass","Du-Vu Doll","OrangePellets","MawBank","Bag of Preparation","Matryoshka","Ancient Tea Set","Sling","CeramicFish","Runic Pyramid","Toy Ornithopter","Regal Pillow"],"acts_visited":["Exordium","TheCity","TheBeyond","TheEnding"],"potions_floor_usage":[33,33,50,50,55,55],"damage_taken":[{"damage":0.0,"enemies":"Small Slimes","floor":1.0,"turns":1.0},{"damage":0.0,"enemies":"Jaw Worm","floor":4.0,"turns":1.0},{"damage":0.0,"enemies":"Lagavulin","floor":6.0,"turns":1.0},{"damage":4.0,"enemies":"3 Sentries","floor":8.0,"turns":5.0},{"damage":1.0,"enemies":"2 Louse","floor":10.0,"turns":2.0},{"damage":15.0,"enemies":"Lagavulin","floor":11.0,"turns":5.0},{"damage":0.0,"enemies":"Gremlin Gang","floor":13.0,"turns":4.0},{"damage":0.0,"enemies":"Blue Slaver","floor":14.0,"turns":2.0},{"damage":50.0,"enemies":"Hexaghost","floor":16.0,"turns":15.0},{"damage":2.0,"enemies":"Shell Parasite","floor":18.0,"turns":3.0},{"damage":3.0,"enemies":"Chosen","floor":20.0,"turns":2.0},{"damage":0.0,"enemies":"Shelled Parasite and Fungi","floor":21.0,"turns":3.0},{"damage":2.0,"enemies":"Chosen and Byrds","floor":22.0,"turns":4.0},{"damage":20.0,"enemies":"Gremlin Leader","floor":23.0,"turns":3.0},{"damage":12.0,"enemies":"Book of Stabbing","floor":25.0,"turns":3.0},{"damage":0.0,"enemies":"Sentry and Sphere","floor":29.0,"turns":3.0},{"damage":12,"enemies":"Gremlin Leader","floor":31,"turns":5},{"damage":2,"enemies":"Champ","floor":33,"turns":5},{"damage":10,"enemies":"3 Darklings","floor":35,"turns":4},{"damage":0,"enemies":"Orb Walker","floor":37,"turns":3},{"damage":0,"enemies":"Maw","floor":44,"turns":3},{"damage":24,"enemies":"Transient","floor":47,"turns":5},{"damage":15,"enemies":"3 Darklings","floor":48,"turns":5},{"damage":0,"enemies":"Donu and Deca","floor":50,"turns":5},{"damage":8,"enemies":"Shield and Spear","floor":54,"turns":5},{"damage":71,"enemies":"The Heart","floor":55,"turns":9}],"seed_played":"-4683740018870539450","potions_obtained":[{"floor":5.0,"key":"Dexterity Potion"},{"floor":5.0,"key":"LiquidBronze"},{"floor":5.0,"key":"Swift Potion"},{"floor":10.0,"key":"BottledMiracle"},{"floor":11.0,"key":"DistilledChaos"},{"floor":13.0,"key":"Block Potion"},{"floor":14.0,"key":"Strength Potion"},{"floor":21.0,"key":"Strength Potion"},{"floor":25.0,"key":"Ancient Potion"},{"floor":33,"key":"Strength Potion"},{"floor":35,"key":"Explosive Potion"},{"floor":47,"key":"Swift Potion"},{"floor":48,"key":"LiquidMemories"}],"is_trial":false,"path_per_floor":["M","?","?","M","?","E","R","E","T","M","E","$","M","M","R","B",null,"M","$","M","M","M","E","R","E","T","?","R","M","$","E","R","B",null,"M","?","M","$","?","R","$","R","T","M","?","R","M","M","R","B",null,"R","$","E","B",null],"character_chosen":"WATCHER","items_purchased":["ClockworkSouvenir","OrangePellets","WheelKick","Fasting2","Ancient Tea Set","Sling","Fasting2","Energy Potion"],"campfire_rested":1,"item_purchase_floors":[12,19,19,30,30,30,38,53],"current_hp_per_floor":[72,72,72,72,72,72,72,68,68,67,52,52,52,52,52,2,72,70,70,67,67,65,45,45,33,33,33,33,33,33,21,42,40,72,62,62,62,62,72,72,72,72,72,72,72,72,48,33,33,43,72,72,72,64,1],"gold":40,"neow_bonus":"THREE_ENEMY_KILL","is_daily":false,"chose_seed":false,"campfire_upgraded":8,"win_rate":0.0,"timestamp":1612638266,"path_taken":["M","?","?","M","?","E","R","E","T","M","E","$","?","M","R","BOSS","M","$","M","M","M","E","R","E","T","?","R","M","?","E","R","BOSS","M","?","M","$","?","R","?","R","T","M","?","R","?","M","R","BOSS","R","$","E","BOSS"],"items_purchased_type":["Relic","Relic","Card","Card","Relic","Relic","Card","Potion"],"build_version":"2020-12-22","purchased_purges":3,"victory":true,"max_hp_per_floor":[72,72,72,72,72,72,72,72,72,72,72,72,72,72,72,72,72,72,72,72,72,72,72,72,72,72,72,72,72,72,72,72,72,72,72,72,72,72,72,72,72,72,72,72,72,72,72,72,72,72,72,72,72,72,72],"card_choices":[{"not_picked":["EmptyBody","SignatureMove"],"picked":"EmptyFist","floor":1.0},{"not_picked":["Evaluate","FlurryOfBlows"],"picked":"Prostrate","floor":4.0},{"not_picked":["Consecrate","BowlingBash"],"picked":"FollowUp","floor":6.0},{"not_picked":["Crescendo","Establishment","EmptyMind"],"picked":"SKIP","floor":8.0},{"not_picked":["CutThroughFate","WaveOfTheHand"],"picked":"Prostrate","floor":10.0},{"not_picked":["BowlingBash","Indignation","Perseverance"],"picked":"SKIP","floor":11.0},{"not_picked":["ClearTheMind","SignatureMove"],"picked":"Adaptation","floor":13.0},{"not_picked":["LikeWater","ThirdEye","SashWhip"],"picked":"SKIP","floor":14.0},{"not_picked":["ConjureBlade","SpiritShield"],"picked":"Brilliance","floor":16.0},{"not_picked":["ClearTheMind","SandsOfTime"],"picked":"Fasting2","floor":18.0},{"not_picked":["Prostrate","Protect","SashWhip"],"picked":"SKIP","floor":20.0},{"not_picked":["CutThroughFate","BowlingBash","EmptyFist"],"picked":"SKIP","floor":21.0},{"not_picked":["JustLucky+1","LikeWater"],"picked":"Worship","floor":22.0},{"not_picked":["ClearTheMind","MasterReality","CrushJoints+1"],"picked":"SKIP","floor":23.0},{"not_picked":["Swivel","Sanctity","Ragnarok"],"picked":"SKIP","floor":25.0},{"not_picked":["Protect+1","BowlingBash+1"],"picked":"Wallop","floor":29.0},{"not_picked":["Adaptation+1","Crescendo"],"picked":"Fasting2","floor":31},{"not_picked":["Devotion","Establishment"],"picked":"DeusExMachina","floor":33},{"not_picked":["FlurryOfBlows","CutThroughFate","InnerPeace"],"picked":"SKIP","floor":35},{"not_picked":["JustLucky","Evaluate","Consecrate"],"picked":"SKIP","floor":37},{"not_picked":["SandsOfTime","ClearTheMind+1"],"picked":"MentalFortress","floor":44},{"not_picked":["FlurryOfBlows+1","EmptyBody","Scrawl"],"picked":"SKIP","floor":47},{"not_picked":["FlurryOfBlows+1","FollowUp","BattleHymn+1"],"picked":"SKIP","floor":48},{"not_picked":["Halt","BowlingBash","ForeignInfluence"],"picked":"SKIP","floor":54}],"player_experience":215142,"relics_obtained":[{"floor":6.0,"key":"Blue Candle"},{"floor":8.0,"key":"Old Coin"},{"floor":9.0,"key":"TeardropLocket"},{"floor":11.0,"key":"Omamori"},{"floor":17.0,"key":"Happy Flower"},{"floor":17.0,"key":"Mercury Hourglass"},{"floor":17.0,"key":"Du-Vu Doll"},{"floor":23.0,"key":"MawBank"},{"floor":25.0,"key":"Bag of Preparation"},{"floor":26.0,"key":"Matryoshka"},{"floor":31,"key":"CeramicFish"},{"floor":43,"key":"Toy Ornithopter"}],"event_choices":[{"cards_removed":["Strike_P"],"damage_healed":0.0,"max_hp_gain":0.0,"max_hp_loss":0.0,"gold_gain":0.0,"event_name":"The Cleric","player_choice":"Card Removal","floor":2.0,"gold_loss":50.0,"damage_taken":0.0},{"cards_removed":["Defend_P"],"damage_healed":0.0,"max_hp_gain":0.0,"max_hp_loss":0.0,"gold_gain":0.0,"event_name":"Living Wall","player_choice":"Forget","floor":3.0,"gold_loss":0.0,"damage_taken":0.0},{"damage_healed":0.0,"max_hp_gain":0.0,"max_hp_loss":0.0,"gold_gain":0.0,"event_name":"Lab","player_choice":"Got Potions","floor":5.0,"gold_loss":0.0,"damage_taken":0.0},{"cards_removed":["Strike_P"],"damage_healed":0.0,"max_hp_gain":0.0,"max_hp_loss":0.0,"gold_gain":0.0,"event_name":"Purifier","player_choice":"Purged","floor":27.0,"gold_loss":0.0,"damage_taken":0.0},{"damage_healed":0,"gold_gain":0,"player_choice":"Ignored","damage_taken":0,"max_hp_gain":0,"max_hp_loss":0,"event_name":"Tomb of Lord Red Mask","floor":36,"gold_loss":0},{"damage_healed":18,"gold_gain":0,"player_choice":"Writhe","damage_taken":0,"max_hp_gain":0,"max_hp_loss":0,"event_name":"Winding Halls","floor":39,"gold_loss":0,"cards_obtained":["Writhe"]},{"damage_healed":0,"gold_gain":0,"player_choice":"Gave Potion","damage_taken":0,"relics_obtained":["Regal Pillow"],"max_hp_gain":0,"max_hp_loss":0,"event_name":"WeMeetAgain","floor":45,"gold_loss":0}],"is_beta":false,"boss_relics":[{"not_picked":["Busted Crown","Philosopher\u0027s Stone"],"picked":"Calling Bell"},{"not_picked":["VioletLotus","SlaversCollar"],"picked":"Runic Pyramid"}],"items_purged_floors":[12,19,38],"is_endless":false,"potions_floor_spawned":[10,11,13,14,21,25,33,35,47,48],"ascension_level":1}}