{"host":"0t49mrxx90xkfqmj","time":1612572760,"event":{"mods":["AchievementEnabler","BaseMod","Colored Map","Colored Powertips","Minty Spire (QoL Compilation)","Relic Stats","Synergy Search"],"gold_per_floor":[110,128,146,146,162,196,212,246,271,196,212,237,237,137,137,258,258,273,273,198,271,281,315,315,340,340,366,382,394,484,501,501,501,501],"floor_reached":33,"language":"ENG","playtime":2534,"items_purged":["Injury","Regret"],"score":314,"play_id":"492eb6cc-8a9f-4759-b713-e40cc788c6ad","local_time":"20210206025240","is_ascension_mode":true,"campfire_choices":[{"data":"Perfected Strike","floor":15,"key":"SMITH"},{"data":"Seeing Red","floor":24,"key":"SMITH"},{"floor":32,"key":"REST"}],"circlet_count":0,"master_deck":["Strike_R","Strike_R","Strike_R+1","Strike_R","Strike_R","Defend_R","Defend_R","Defend_R","Bash","Headbutt","Seeing Red+1","Shrug It Off","Perfected Strike+1","Headbutt+1","Impervious","Warcry","Infernal Blade","Exhume","Shrug It Off","Perfected Strike+1","Shrug It Off+1","Warcry+1","Perfected Strike","Double Tap+1"],"relics":["Velvet Choker","Bloody Idol","MealTicket","Orichalcum","Bronze Scales","Runic Cube","Toxic Egg 2","Whetstone","Red Mask","Matryoshka","Mummified Hand"],"acts_visited":["Exordium","TheCity"],"potions_floor_usage":[8,16,16,16,22,23,33],"damage_taken":[{"damage":0,"enemies":"2 Louse","floor":1,"turns":2},{"damage":6,"enemies":"Jaw Worm","floor":2,"turns":2},{"damage":0,"enemies":"Small Slimes","floor":3,"turns":3},{"damage":24,"enemies":"Gremlin Gang","floor":5,"turns":5},{"damage":13,"enemies":"Lagavulin","floor":6,"turns":4},{"damage":12,"enemies":"Blue Slaver","floor":7,"turns":4},{"damage":6,"enemies":"Gremlin Nob","floor":8,"turns":4},{"damage":0,"enemies":"2 Fungi Beasts","floor":11,"turns":3},{"damage":7,"enemies":"Red Slaver","floor":12,"turns":2},{"damage":23,"enemies":"Hexaghost","floor":16,"turns":5},{"damage":4,"enemies":"Spheric Guardian","floor":18,"turns":3},{"damage":2,"enemies":"2 Thieves","floor":22,"turns":2},{"damage":38,"enemies":"Gremlin Leader","floor":23,"turns":6},{"damage":9,"enemies":"Masked Bandits","floor":25,"turns":5},{"damage":21,"enemies":"Slavers","floor":27,"turns":6},{"damage":9,"enemies":"Snecko","floor":28,"turns":4},{"damage":7,"enemies":"Snake Plant","floor":29,"turns":3},{"damage":6,"enemies":"3 Cultists","floor":31,"turns":5},{"damage":35,"enemies":"Automaton","floor":33,"turns":7}],"seed_played":"-5530026265166924131","potions_obtained":[{"floor":3,"key":"DuplicationPotion"},{"floor":5,"key":"SteroidPotion"},{"floor":6,"key":"SkillPotion"},{"floor":12,"key":"Strength Potion"},{"floor":16,"key":"Fire Potion"},{"floor":22,"key":"BlessingOfTheForge"},{"floor":28,"key":"Fire Potion"},{"floor":31,"key":"PowerPotion"}],"is_trial":false,"path_per_floor":["M","M","M","?","M","E","M","E","T","$","M","M","?","$","R","B",null,"M","?","?","T","M","E","R","?","T","E","M","M","?","M","R","B"],"character_chosen":"IRONCLAD","items_purchased":[],"campfire_rested":1,"item_purchase_floors":[],"current_hp_per_floor":[80,74,74,74,50,37,25,19,19,34,34,27,27,42,42,19,80,76,76,76,80,80,47,47,43,43,27,23,21,14,13,37,2,2],"gold":501,"neow_bonus":"BOSS_RELIC","is_daily":false,"chose_seed":false,"campfire_upgraded":2,"win_rate":0.0,"timestamp":1612572760,"path_taken":["M","M","M","?","M","E","M","E","T","$","M","M","?","?","R","BOSS","M","?","?","?","M","E","R","?","T","E","M","M","?","?","R","BOSS"],"items_purchased_type":[],"build_version":"2020-12-22","purchased_purges":2,"victory":false,"max_hp_per_floor":[80,80,80,80,80,80,80,80,80,80,80,80,80,80,80,80,80,80,80,80,80,80,80,80,80,80,80,80,80,80,80,80,80,80],"relic_stats":{"counters":[19,75],"Mummified Hand":[1],"Bloody Idol":41,"Bronze Scales":[184],"MealTicket":30,"Whetstone":["Headbutt","Strike_R"],"Orichalcum":[96],"obtain_stats":[{"Golden Idol":4,"Velvet Choker":0,"Whetstone":23,"Orichalcum":8,"Burning Blood":0,"Matryoshka":26,"Mummified Hand":27,"Bronze Scales":13,"Bloody Idol":19,"MealTicket":6,"Red Mask":25,"Toxic Egg 2":21,"Runic Cube":17},{"Golden Idol":3,"Velvet Choker":0,"Whetstone":13,"Orichalcum":7,"Burning Blood":0,"Matryoshka":14,"Mummified Hand":15,"Bronze Scales":9,"Bloody Idol":11,"MealTicket":5,"Red Mask":14,"Toxic Egg 2":11,"Runic Cube":10},{"Golden Idol":7,"Velvet Choker":0,"Whetstone":45,"Orichalcum":24,"Burning Blood":0,"Matryoshka":50,"Mummified Hand":56,"Bronze Scales":29,"Bloody Idol":37,"MealTicket":16,"Red Mask":50,"Toxic Egg 2":37,"Runic Cube":34}],"Runic Cube":[23]},"card_choices":[{"not_picked":["Fire Breathing","Thunderclap"],"picked":"Headbutt","floor":1},{"not_picked":["True Grit","Flex"],"picked":"Seeing Red","floor":2},{"not_picked":["Thunderclap","Headbutt"],"picked":"Shrug It Off","floor":3},{"not_picked":["Spot Weakness","Fire Breathing"],"picked":"Perfected Strike","floor":5},{"not_picked":["Uppercut","Flame Barrier"],"picked":"Headbutt","floor":6},{"not_picked":["Shrug It Off","Headbutt"],"picked":"Impervious","floor":7},{"not_picked":["Sword Boomerang","Barricade"],"picked":"Warcry","floor":8},{"not_picked":["Havoc","Anger"],"picked":"Infernal Blade","floor":11},{"not_picked":["Combust","Shockwave","True Grit"],"picked":"SKIP","floor":12},{"not_picked":["Immolate","Juggernaut"],"picked":"Exhume","floor":16},{"not_picked":["Flex+1","Cleave"],"picked":"Shrug It Off","floor":18},{"not_picked":["Anger","Clothesline"],"picked":"Perfected Strike+1","floor":22},{"not_picked":["Burning Pact+1","Whirlwind","Headbutt"],"picked":"SKIP","floor":23},{"not_picked":["True Grit+1","Heavy Blade"],"picked":"Shrug It Off+1","floor":25},{"not_picked":["Evolve","Reckless Charge"],"picked":"Warcry+1","floor":27},{"not_picked":["True Grit+1","Dark Embrace"],"picked":"Perfected Strike","floor":28},{"not_picked":["Combust","Uppercut+1","True Grit+1"],"picked":"SKIP","floor":29},{"not_picked":["Anger","Body Slam"],"picked":"Double Tap+1","floor":31}],"player_experience":191288,"relics_obtained":[{"floor":6,"key":"MealTicket"},{"floor":8,"key":"Orichalcum"},{"floor":21,"key":"Toxic Egg 2"},{"floor":23,"key":"Whetstone"},{"floor":25,"key":"Red Mask"},{"floor":26,"key":"Matryoshka"},{"floor":27,"key":"Mummified Hand"}],"event_choices":[{"damage_healed":0,"gold_gain":0,"player_choice":"Take Wound","damage_taken":0,"relics_obtained":["Golden Idol"],"max_hp_gain":0,"max_hp_loss":0,"event_name":"Golden Idol","floor":4,"gold_loss":0,"cards_obtained":["Injury"]},{"damage_healed":0,"gold_gain":0,"player_choice":"Box","damage_taken":0,"relics_obtained":["Bronze Scales"],"max_hp_gain":0,"max_hp_loss":0,"event_name":"Big Fish","floor":13,"gold_loss":0,"cards_obtained":["Regret"]},{"damage_healed":0,"gold_gain":0,"player_choice":"Gave Idol","damage_taken":0,"relics_obtained":["Bloody Idol"],"max_hp_gain":0,"max_hp_loss":0,"event_name":"Forgotten Altar","floor":19,"relics_lost":["Golden Idol"],"gold_loss":0},{"cards_removed":["Defend_R"],"damage_healed":0,"gold_gain":0,"player_choice":"Gave Gold","damage_taken":0,"max_hp_gain":0,"max_hp_loss":0,"event_name":"Beggar","floor":20,"gold_loss":75},{"damage_healed":0,"gold_gain":0,"player_choice":"Fought Bandits","damage_taken":0,"max_hp_gain":0,"max_hp_loss":0,"event_name":"Masked Bandits","floor":25,"gold_loss":0},{"damage_healed":0,"gold_gain":90,"player_choice":"GOLD ","damage_taken":12,"max_hp_gain":0,"max_hp_loss":0,"event_name":"Knowing Skull","floor":30,"potions_obtained":[],"gold_loss":0,"cards_obtained":[]}],"is_beta":false,"boss_relics":[{"not_picked":["Runic Pyramid","Ectoplasm"],"picked":"Runic Cube"}],"items_purged_floors":[10,14],"is_endless":false,"potions_floor_spawned":[3,5,6,12,16,22,28,31],"killed_by":"Automaton","ascension_level":1}}