{"host":"ga4s3hj9m6nkn6gp","time":1612618962,"event":{"mods":["AchievementEnabler","BaseMod","Bestiary","Colored Powertips","Highlight Path","Minty Spire (QoL Compilation)","Relic Stats","everything is the same but u backflip on backflip"],"gold_per_floor":[118,128,143,158,176,204,204,237,286,286,286,315,328,346,346,417,417,428,179,179,179,94,94,94,119,119,119,152,152,152,164,164,238,238,270,282,294,316,328,366,378,423,435,447,27,27,27,38,38,38,38],"floor_reached":50,"language":"ENG","playtime":3024,"items_purged":[],"score":1208,"play_id":"67a0291d-0998-4033-bb69-f3d236cc1468","local_time":"20210206144242","is_ascension_mode":true,"campfire_choices":[{"data":"Dagger Spray","floor":7.0,"key":"SMITH"},{"data":"Quick Slash","floor":11.0,"key":"SMITH"},{"floor":15,"key":"REST"},{"data":"Crippling Poison","floor":23,"key":"SMITH"},{"data":"Dash","floor":27,"key":"SMITH"},{"data":"Catalyst","floor":29,"key":"SMITH"},{"data":"Acrobatics","floor":32,"key":"SMITH"},{"data":"Catalyst","floor":41,"key":"SMITH"},{"floor":46,"key":"RECALL"},{"data":"Caltrops","floor":49,"key":"SMITH"}],"circlet_count":0,"master_deck":["AscendersBane","Strike_G","Strike_G","Defend_G","Defend_G","Defend_G","Survivor","Neutralize","Storm of Steel+1","Bane+1","Deflect+1","Terror+1","Dagger Spray+1","Quick Slash+1","Acrobatics+1","Envenom","Footwork","Die Die Die","Dash+1","Crippling Poison+1","Caltrops+1","Distraction","Ghostly","Ghostly","Ghostly","Blade Dance","Catalyst+1","Corpse Explosion","Leg Sweep+1","Catalyst+1","Accuracy","Panacea","Jack Of All Trades"],"relics":["Astrolabe","Lantern","Mummified Hand","Snake Skull","Pantograph","Coffee Dripper","Oddly Smooth Stone","Enchiridion","Blood Vial","Mercury Hourglass","Omamori","Boot","Calling Bell","MawBank","Ninja Scroll","Dead Branch","Ornamental Fan","Dream Catcher","Blue Candle","Kunai","ClockworkSouvenir"],"acts_visited":["Exordium","TheCity","TheBeyond"],"potions_floor_usage":[13,28],"damage_taken":[{"damage":3.0,"enemies":"2 Louse","floor":1.0,"turns":3.0},{"damage":4.0,"enemies":"Cultist","floor":2.0,"turns":4.0},{"damage":1.0,"enemies":"Small Slimes","floor":3.0,"turns":4.0},{"damage":5.0,"enemies":"3 Louse","floor":4.0,"turns":4.0},{"damage":3.0,"enemies":"Looter","floor":5.0,"turns":3.0},{"damage":5.0,"enemies":"3 Sentries","floor":6.0,"turns":5.0},{"damage":6.0,"enemies":"Gremlin Nob","floor":8.0,"turns":3.0},{"damage":13.0,"enemies":"Lagavulin","floor":12.0,"turns":5.0},{"damage":14,"enemies":"Lots of Slimes","floor":13,"turns":3},{"damage":0,"enemies":"2 Fungi Beasts","floor":14,"turns":2},{"damage":9,"enemies":"Slime Boss","floor":16,"turns":7},{"damage":15,"enemies":"Shell Parasite","floor":18,"turns":4},{"damage":8,"enemies":"Slavers","floor":25,"turns":4},{"damage":0,"enemies":"Gremlin Leader","floor":28,"turns":6},{"damage":0,"enemies":"2 Thieves","floor":31,"turns":4},{"damage":26,"enemies":"Collector","floor":33,"turns":6},{"damage":0,"enemies":"3 Shapes","floor":35,"turns":3},{"damage":0,"enemies":"Orb Walker","floor":38,"turns":3},{"damage":10,"enemies":"Reptomancer","floor":40,"turns":4},{"damage":0,"enemies":"Giant Head","floor":42,"turns":5},{"damage":0,"enemies":"4 Shapes","floor":48,"turns":3},{"damage":45,"enemies":"Time Eater","floor":50,"turns":9}],"seed_played":"-901257230337355058","potions_obtained":[{"floor":2.0,"key":"SteroidPotion"},{"floor":4.0,"key":"LiquidBronze"},{"floor":8.0,"key":"Strength Potion"},{"floor":13,"key":"BlessingOfTheForge"},{"floor":16,"key":"ColorlessPotion"},{"floor":25,"key":"Ancient Potion"},{"floor":31,"key":"Dexterity Potion"},{"floor":38,"key":"SteroidPotion"},{"floor":40,"key":"DuplicationPotion"}],"is_trial":false,"path_per_floor":["M","M","M","M","M","E","R","E","T","?","R","E","M","M","R","B",null,"M","$","?","?","?","R","?","E","T","R","E","R","?","M","R","B",null,"M","$","?","M","T","E","R","E","T","?","$","R","$","M","R","B"],"character_chosen":"THE_SILENT","items_purchased":["Oddly Smooth Stone","Crippling Poison","Kunai","ClockworkSouvenir"],"campfire_rested":1,"item_purchase_floors":[19,19,45,45],"current_hp_per_floor":[56,52,51,46,43,38,38,32,32,32,32,19,5,5,24,40,60,45,45,45,24,24,24,24,18,18,18,20,20,33,33,33,7,27,29,29,29,31,31,23,23,25,25,15,15,15,15,17,17,0,0],"gold":38,"neow_bonus":"BOSS_RELIC","is_daily":false,"chose_seed":false,"campfire_upgraded":8,"win_rate":0.0,"timestamp":1612618962,"path_taken":["M","M","M","M","M","E","R","E","T","?","R","E","?","M","R","BOSS","M","$","?","?","?","R","?","E","T","R","E","R","?","M","R","BOSS","M","?","?","M","?","E","R","E","T","?","$","R","?","M","R","BOSS"],"items_purchased_type":["Relic","Card","Relic","Relic"],"build_version":"2020-12-22","purchased_purges":0,"victory":false,"max_hp_per_floor":[66,66,66,66,66,66,66,66,66,66,66,66,66,66,66,66,66,66,66,66,66,66,66,33,33,33,33,33,33,33,33,33,33,33,33,33,33,33,33,33,33,33,33,33,33,33,33,33,33,33,33],"relic_stats":{"counters":[22,94],"Astrolabe":["Storm of Steel","Bane","Deflect"],"Dead Branch":[90],"Blue Candle":[0],"Snake Skull":[146],"Boot":[39],"MawBank":132,"Mercury Hourglass":[183],"Blood Vial":16,"Dream Catcher":0,"Mummified Hand":[50],"Ornamental Fan":[40],"Pantograph":39,"Kunai":[7],"obtain_stats":[{"Lantern":6,"Astrolabe":0,"Dead Branch":34,"Blue Candle":43,"Oddly Smooth Stone":19,"Enchiridion":21,"Snake Skull":9,"Omamori":26,"Boot":28,"MawBank":34,"Mercury Hourglass":25,"ClockworkSouvenir":45,"Blood Vial":22,"Calling Bell":34,"Dream Catcher":42,"Mummified Hand":8,"Ninja Scroll":34,"Ornamental Fan":40,"Pantograph":12,"Coffee Dripper":17,"Kunai":45,"Ring of the Snake":0},{"Lantern":6,"Astrolabe":0,"Dead Branch":16,"Blue Candle":20,"Oddly Smooth Stone":12,"Enchiridion":12,"Snake Skull":7,"Omamori":13,"Boot":14,"MawBank":16,"Mercury Hourglass":13,"ClockworkSouvenir":20,"Blood Vial":12,"Calling Bell":16,"Dream Catcher":20,"Mummified Hand":7,"Ninja Scroll":16,"Ornamental Fan":19,"Pantograph":8,"Coffee Dripper":11,"Kunai":20,"Ring of the Snake":0},{"Lantern":23,"Astrolabe":0,"Dead Branch":67,"Blue Candle":82,"Oddly Smooth Stone":47,"Enchiridion":47,"Snake Skull":26,"Omamori":51,"Boot":57,"MawBank":67,"Mercury Hourglass":51,"ClockworkSouvenir":82,"Blood Vial":47,"Calling Bell":67,"Dream Catcher":82,"Mummified Hand":26,"Ninja Scroll":67,"Ornamental Fan":77,"Pantograph":31,"Coffee Dripper":43,"Kunai":82,"Ring of the Snake":0}]},"card_choices":[{"not_picked":["Dagger Spray","Flying Knee"],"picked":"Terror","floor":1.0},{"not_picked":["Underhanded Strike","Dagger Throw","Flying Knee"],"picked":"SKIP","floor":2.0},{"not_picked":["Prepared","Dagger Throw"],"picked":"Dagger Spray","floor":3.0},{"not_picked":["Flechettes","Eviscerate","Dagger Throw"],"picked":"SKIP","floor":4.0},{"not_picked":["Concentrate","PiercingWail"],"picked":"Quick Slash","floor":5.0},{"not_picked":["Prepared","Deadly Poison","Setup"],"picked":"SKIP","floor":6.0},{"not_picked":["Endless Agony","Dodge and Roll"],"picked":"Acrobatics","floor":8.0},{"not_picked":["Terror","Tactician"],"picked":"Envenom","floor":12.0},{"not_picked":["Outmaneuver","Bane"],"picked":"Footwork","floor":13},{"not_picked":["Prepared","Heel Hook","Dodge and Roll"],"picked":"SKIP","floor":14},{"not_picked":["Venomology","Burst"],"picked":"Die Die Die","floor":16},{"not_picked":["Backstab","Slice"],"picked":"Dash","floor":18},{"not_picked":["Bane","Flying Knee"],"picked":"Blade Dance","floor":25},{"not_picked":["Expertise","All Out Attack"],"picked":"Catalyst","floor":28},{"not_picked":["Dagger Throw","Poisoned Stab","Setup"],"picked":"SKIP","floor":31},{"not_picked":["A Thousand Cuts","Bullet Time"],"picked":"Corpse Explosion","floor":33},{"not_picked":["Prepared","Slice","Dodge and Roll"],"picked":"SKIP","floor":35},{"not_picked":["Dash+1","Endless Agony"],"picked":"Leg Sweep+1","floor":38},{"not_picked":["Dagger Throw","Sucker Punch+1"],"picked":"Catalyst","floor":40},{"not_picked":["Accuracy","Phantasmal Killer","Dagger Throw"],"picked":"SKIP","floor":42},{"not_picked":["Phantasmal Killer","Dagger Throw"],"picked":"Accuracy","floor":42},{"not_picked":["Blind","Violence"],"picked":"Panacea","floor":44},{"not_picked":["Secret Weapon","Discovery"],"picked":"Jack Of All Trades","floor":44},{"not_picked":["Underhanded Strike","Expertise","Poisoned Stab"],"picked":"SKIP","floor":48}],"player_experience":741617,"relics_obtained":[{"floor":6.0,"key":"Lantern"},{"floor":8.0,"key":"Mummified Hand"},{"floor":9.0,"key":"Snake Skull"},{"floor":12.0,"key":"Pantograph"},{"floor":21,"key":"Enchiridion"},{"floor":25,"key":"Mercury Hourglass"},{"floor":26,"key":"Omamori"},{"floor":28,"key":"Boot"},{"floor":34,"key":"MawBank"},{"floor":34,"key":"Ninja Scroll"},{"floor":34,"key":"Dead Branch"},{"floor":40,"key":"Ornamental Fan"},{"floor":42,"key":"Dream Catcher"},{"floor":43,"key":"Blue Candle"}],"event_choices":[{"damage_healed":0.0,"max_hp_gain":0.0,"max_hp_loss":0.0,"gold_gain":0.0,"event_name":"Accursed Blacksmith","player_choice":"Forge","floor":10.0,"gold_loss":0.0,"damage_taken":0.0,"cards_upgraded":["Terror"]},{"damage_healed":0,"gold_gain":0,"cards_transformed":["Strike_G","Strike_G"],"player_choice":"Became Test Subject","damage_taken":0,"max_hp_gain":0,"max_hp_loss":0,"event_name":"Drug Dealer","floor":20,"gold_loss":0,"cards_obtained":["Caltrops","Distraction"]},{"damage_healed":0,"gold_gain":0,"player_choice":"Obtained Book","damage_taken":21,"max_hp_gain":0,"max_hp_loss":0,"event_name":"Cursed Tome","floor":21,"gold_loss":0},{"damage_healed":0,"gold_gain":0,"player_choice":"Obtained Relic","damage_taken":0,"relics_obtained":["Blood Vial"],"max_hp_gain":0,"max_hp_loss":0,"event_name":"Addict","floor":22,"gold_loss":85},{"damage_healed":0,"gold_gain":0,"player_choice":"Became a Ghost","damage_taken":0,"max_hp_gain":0,"max_hp_loss":33,"event_name":"Ghosts","floor":24,"gold_loss":0,"cards_obtained":["Ghostly","Ghostly","Ghostly"]},{"damage_healed":13,"gold_gain":0,"player_choice":"Full Heal","damage_taken":0,"max_hp_gain":0,"max_hp_loss":0,"event_name":"Wheel of Change","floor":30,"gold_loss":0},{"damage_healed":0,"gold_gain":0,"player_choice":"Ignored","damage_taken":0,"max_hp_gain":0,"max_hp_loss":0,"event_name":"Tomb of Lord Red Mask","floor":37,"gold_loss":0},{"damage_healed":0,"gold_gain":0,"player_choice":"Memory 3","damage_taken":10,"max_hp_gain":0,"max_hp_loss":0,"event_name":"SensoryStone","floor":44,"gold_loss":0}],"is_beta":false,"boss_relics":[{"not_picked":["Velvet Choker","SlaversCollar"],"picked":"Coffee Dripper"},{"not_picked":["Sozu","Fusion Hammer"],"picked":"Calling Bell"}],"items_purged_floors":[],"is_endless":false,"potions_floor_spawned":[2,4,5,8,13,16,25,31,35,38,40],"killed_by":"Time Eater","ascension_level":20}}