{"host":"opg65mucj6ra7dr1","time":1612621995,"event":{"mods":["BaseMod","DeckTracker","Keyboard Shortcuts","Minty Spire (QoL Compilation)","Permanent Neow","Quick Restart","everything is the same but u backflip on backflip"],"gold_per_floor":[119,135,55,69,69,95,95,122,122,20,20,34,34,49,49,49,49],"floor_reached":16,"language":"KOR","playtime":314,"items_purged":["Strike_R"],"score":160,"play_id":"9431482b-9637-4b11-b5a2-2231f3c2c25c","local_time":"20210206233315","is_ascension_mode":true,"campfire_choices":[{"data":"Rupture","floor":7.0,"key":"SMITH"},{"floor":13.0,"key":"REST"},{"data":"Armaments","floor":15.0,"key":"SMITH"}],"circlet_count":0,"master_deck":["Strike_R","Strike_R+1","Strike_R","Defend_R","Defend_R","Defend_R","Defend_R+1","Bash","Combust","Shrug It Off","Rupture+1","Twin Strike","Immolate","Combust","Sword Boomerang","Pommel Strike","Armaments+1"],"relics":["Burning Blood","NeowsBlessing","The Courier","Pen Nib","Sundial"],"acts_visited":["Exordium"],"potions_floor_usage":[16],"damage_taken":[{"damage":0.0,"enemies":"Cultist","floor":1.0,"turns":1.0},{"damage":0.0,"enemies":"Jaw Worm","floor":2.0,"turns":1.0},{"damage":0.0,"enemies":"2 Louse","floor":4.0,"turns":1.0},{"damage":24.0,"enemies":"3 Sentries","floor":6.0,"turns":6.0},{"damage":44.0,"enemies":"Lagavulin","floor":8.0,"turns":6.0},{"damage":7.0,"enemies":"Lots of Slimes","floor":12.0,"turns":2.0},{"damage":6.0,"enemies":"3 Louse","floor":14.0,"turns":3.0},{"damage":32,"enemies":"The Guardian","floor":16,"turns":9}],"seed_played":"3667671067741500520","potions_obtained":[{"floor":2.0,"key":"Strength Potion"},{"floor":4.0,"key":"Ancient Potion"},{"floor":14.0,"key":"Dexterity Potion"}],"is_trial":false,"path_per_floor":["M","M","$","M","?","E","R","E","T","$","?","M","R","M","R","B"],"character_chosen":"IRONCLAD","items_purchased":["Rupture","Sword Boomerang"],"campfire_rested":1,"item_purchase_floors":[3,10],"current_hp_per_floor":[78,80,80,80,64,46,46,8,8,8,8,7,31,31,31,0,0],"gold":49,"neow_bonus":"THREE_ENEMY_KILL","is_daily":false,"chose_seed":false,"campfire_upgraded":2,"win_rate":0.0,"timestamp":1612621995,"path_taken":["M","M","$","?","?","E","R","E","T","$","?","M","R","?","R","BOSS"],"items_purchased_type":["Card","Card"],"build_version":"2020-12-22","purchased_purges":1,"victory":false,"max_hp_per_floor":[80,80,80,80,80,80,80,80,80,80,80,80,80,80,80,80,80],"card_choices":[{"not_picked":["Flex","Body Slam"],"picked":"Combust","floor":1.0},{"not_picked":["True Grit","Uppercut"],"picked":"Shrug It Off","floor":2.0},{"not_picked":["Anger","Havoc"],"picked":"Twin Strike","floor":4.0},{"not_picked":["Corruption","Cleave"],"picked":"Immolate","floor":6.0},{"not_picked":["Headbutt","Iron Wave"],"picked":"Combust","floor":8.0},{"not_picked":["Clash","Twin Strike","Flex"],"picked":"SKIP","floor":12.0},{"not_picked":["Iron Wave","Shrug It Off"],"picked":"Armaments","floor":14.0}],"player_experience":172211,"relics_obtained":[{"floor":6.0,"key":"The Courier"},{"floor":8.0,"key":"Pen Nib"},{"floor":9.0,"key":"Sundial"}],"event_choices":[{"damage_healed":0.0,"max_hp_gain":0.0,"max_hp_loss":0.0,"gold_gain":0.0,"event_name":"Shining Light","player_choice":"Entered Light","floor":5.0,"gold_loss":0.0,"damage_taken":16.0,"cards_upgraded":["Strike_R","Defend_R"]},{"damage_healed":0.0,"max_hp_gain":0.0,"max_hp_loss":0.0,"gold_gain":0.0,"cards_transformed":["Strike_R"],"event_name":"Transmorgrifier","player_choice":"Transformed","floor":11.0,"gold_loss":0.0,"damage_taken":0.0,"cards_obtained":["Pommel Strike"]}],"is_beta":false,"boss_relics":[],"items_purged_floors":[10],"is_endless":false,"potions_floor_spawned":[2,4,14],"killed_by":"The Guardian","ascension_level":9}}