{"host":"opg65mucj6ra7dr1","time":1612616052,"event":{"mods":["BaseMod","DeckTracker","Keyboard Shortcuts","Minty Spire (QoL Compilation)","Permanent Neow","Quick Restart","everything is the same but u backflip on backflip"],"gold_per_floor":[117,128,53,53,73,73,73,73,73,114,114,132,132,132],"floor_reached":13,"language":"KOR","playtime":195,"items_purged":["Defend_B"],"score":95,"play_id":"f074fe25-5794-481b-8b0c-d2ff0d5cbd15","local_time":"20210206215412","is_ascension_mode":true,"campfire_choices":[{"data":"Hologram","floor":6.0,"key":"SMITH"},{"data":"Genetic Algorithm","floor":8.0,"key":"SMITH"},{"floor":11,"key":"REST"}],"circlet_count":0,"master_deck":["Strike_B","Strike_B","Strike_B","Defend_B","Defend_B","Defend_B","Zap","Dualcast","Scrape","Hologram+1","Genetic Algorithm+1","Streamline"],"relics":["Cracked Core","Golden Idol","Shuriken","Bag of Marbles"],"acts_visited":["Exordium"],"potions_floor_usage":[10],"damage_taken":[{"damage":1.0,"enemies":"Cultist","floor":1.0,"turns":3.0},{"damage":0.0,"enemies":"2 Louse","floor":2.0,"turns":2.0},{"damage":9.0,"enemies":"Jaw Worm","floor":5.0,"turns":4.0},{"damage":36,"enemies":"Gremlin Nob","floor":10,"turns":4},{"damage":10,"enemies":"Exordium Wildlife","floor":12,"turns":4},{"damage":35,"enemies":"Lagavulin","floor":13,"turns":3}],"seed_played":"-3518539818071381223","potions_obtained":[{"floor":5.0,"key":"FearPotion"}],"is_trial":false,"path_per_floor":["M","M","$","?","M","R","$","R","T","E","R","M","E"],"character_chosen":"DEFECT","items_purchased":[],"campfire_rested":1,"item_purchase_floors":[],"current_hp_per_floor":[74,74,74,56,47,47,47,47,47,11,33,23,0,0],"gold":132,"neow_bonus":"TRANSFORM_CARD","is_daily":false,"chose_seed":false,"campfire_upgraded":2,"win_rate":0.0,"timestamp":1612616052,"path_taken":["M","?","$","?","M","R","$","R","T","E","R","M","E"],"items_purchased_type":[],"build_version":"2020-12-22","purchased_purges":1,"victory":false,"max_hp_per_floor":[75,75,75,75,75,75,75,75,75,75,75,75,75,75],"card_choices":[{"not_picked":["Streamline","Turbo"],"picked":"Hologram","floor":1.0},{"not_picked":["Cold Snap","Turbo"],"picked":"Genetic Algorithm","floor":2.0},{"not_picked":["Coolheaded","Steam","Hello World"],"picked":"SKIP","floor":5.0},{"not_picked":["Storm","Machine Learning","Coolheaded"],"picked":"SKIP","floor":10},{"not_picked":["Stack","Genetic Algorithm"],"picked":"Streamline","floor":12}],"player_experience":167610,"relics_obtained":[{"floor":9.0,"key":"Shuriken"},{"floor":10,"key":"Bag of Marbles"}],"event_choices":[{"damage_healed":0.0,"max_hp_gain":0.0,"max_hp_loss":0.0,"gold_gain":0.0,"event_name":"Golden Idol","player_choice":"Take Damage","floor":4.0,"gold_loss":0.0,"damage_taken":18.0,"relics_obtained":["Golden Idol"]}],"is_beta":false,"boss_relics":[],"items_purged_floors":[3],"is_endless":false,"potions_floor_spawned":[5],"killed_by":"Lagavulin","ascension_level":3}}