{"host":"yecadp3kwkksam5a","time":1612629626,"event":{"mods":["100% Spire Juice","Arknights","BaseMod","Minty Spire (QoL Compilation)","StSLib","SuperFastMode","The Cursed","WarShipGirlsR/??á´Ò³R mod"],"gold_per_floor":[114,114,137,157,82,115,153,153,176,176,192,267,282,295,295,295,295],"floor_reached":16,"language":"KOR","playtime":295,"items_purged":[],"score":194,"play_id":"402319c9-faa4-4bda-b912-f7b269b02cf8","local_time":"20210207014026","is_ascension_mode":true,"campfire_choices":[{"data":"Searing Blow","floor":8,"key":"SMITH"},{"data":"Searing Blow+1","floor":10,"key":"SMITH"},{"data":"Searing Blow+2","floor":15,"key":"SMITH"}],"circlet_count":0,"master_deck":["AscendersBane","Strike_R","Strike_R","Strike_R","Strike_R","Defend_R","Defend_R","Defend_R","Defend_R","Bash","Cleave","Uppercut","Searing Blow+3","Shockwave","Headbutt","Battle Trance"],"relics":["Burning Blood","Bag of Marbles","Golden Idol","Oddly Smooth Stone","Odd Mushroom","Regal Pillow"],"acts_visited":["Exordium"],"potions_floor_usage":[6],"damage_taken":[{"damage":0,"enemies":"2 Louse","floor":1,"turns":2},{"damage":7,"enemies":"Small Slimes","floor":3,"turns":3},{"damage":5,"enemies":"Cultist","floor":4,"turns":4},{"damage":8,"enemies":"Gremlin Nob","floor":6,"turns":3},{"damage":14,"enemies":"The Mushroom Lair","floor":7,"turns":4},{"damage":2,"enemies":"Looter","floor":11,"turns":2},{"damage":0,"enemies":"Exordium Wildlife","floor":13,"turns":2},{"damage":5,"enemies":"Exordium Thugs","floor":14,"turns":4},{"damage":28,"enemies":"Slime Boss","floor":16,"turns":5}],"seed_played":"-5403146057798635146","potions_obtained":[{"floor":1,"key":"SteroidPotion"},{"floor":11,"key":"CultistPotion"},{"floor":13,"key":"Energy Potion"}],"is_trial":false,"path_per_floor":["M","?","M","M","?","E","?","R","T","R","M","?","M","M","R","B"],"character_chosen":"IRONCLAD","items_purchased":[],"campfire_rested":0,"item_purchase_floors":[],"current_hp_per_floor":[74,48,47,48,48,46,38,38,38,38,42,31,37,38,38,10,10],"gold":295,"neow_bonus":"RANDOM_COMMON_RELIC","is_daily":false,"chose_seed":false,"campfire_upgraded":3,"win_rate":0.0,"timestamp":1612629626,"path_taken":["M","?","M","M","?","E","?","R","T","R","M","?","M","M","R","BOSS"],"items_purchased_type":[],"build_version":"2020-12-22","purchased_purges":0,"victory":false,"max_hp_per_floor":[75,75,75,75,75,75,75,75,75,75,75,75,75,75,75,75,75],"card_choices":[{"not_picked":["Iron Wave","Intimidate"],"picked":"Cleave","floor":1},{"not_picked":["Clash","Pummel"],"picked":"Uppercut","floor":3},{"not_picked":["Rupture","Iron Wave"],"picked":"Searing Blow","floor":4},{"not_picked":["Combust","Intimidate"],"picked":"Shockwave","floor":6},{"not_picked":["Corruption","Anger"],"picked":"Headbutt","floor":11},{"not_picked":["Whirlwind","Clothesline"],"picked":"Battle Trance","floor":13},{"not_picked":["Bloodletting","Heavy Blade","Hemokinesis"],"picked":"SKIP","floor":14}],"player_experience":612684,"relics_obtained":[{"floor":6,"key":"Oddly Smooth Stone"},{"floor":7,"key":"Odd Mushroom"},{"floor":9,"key":"Regal Pillow"}],"event_choices":[{"damage_healed":0,"gold_gain":0,"player_choice":"Take Damage","damage_taken":26,"relics_obtained":["Golden Idol"],"max_hp_gain":0,"max_hp_loss":0,"event_name":"Golden Idol","floor":2,"gold_loss":0},{"cards_removed":["Strike_R"],"damage_healed":0,"gold_gain":0,"player_choice":"Card Removal","damage_taken":0,"max_hp_gain":0,"max_hp_loss":0,"event_name":"The Cleric","floor":5,"gold_loss":75},{"damage_healed":0,"gold_gain":0,"player_choice":"Fought Mushrooms","damage_taken":0,"max_hp_gain":0,"max_hp_loss":0,"event_name":"Mushrooms","floor":7,"gold_loss":0},{"damage_healed":0,"gold_gain":75,"player_choice":"Gather Gold","damage_taken":11,"max_hp_gain":0,"max_hp_loss":0,"event_name":"World of Goop","floor":12,"gold_loss":0}],"is_beta":false,"boss_relics":[],"items_purged_floors":[],"is_endless":false,"potions_floor_spawned":[1,11,13,14],"killed_by":"Slime Boss","ascension_level":18}}