{"host":"la6t950uoatqs0xt","time":1612609595,"event":{"mods":["AchievementEnabler","BaseMod","Colored Powertips","Minty Spire (QoL Compilation)","Quick Restart","Rare Cards Sparkle"],"gold_per_floor":[111,126,137,137,154,154,169,169,215,196,220,232,260,289,301,313,313],"floor_reached":16,"language":"ENG","playtime":587,"items_purged":[],"score":96,"play_id":"618f0b1e-6232-4c0f-8950-2bb86e60d60e","local_time":"20210206060635","is_ascension_mode":false,"campfire_choices":[{"floor":6,"key":"REST"},{"floor":8,"key":"REST"},{"floor":12,"key":"REST"},{"floor":15,"key":"REST"}],"circlet_count":0,"master_deck":["Strike_P","Strike_P+1","Strike_P","Strike_P","Defend_P","Defend_P","Defend_P","Defend_P","Eruption","Vigilance","LessonLearned+1","FlyingSleeves+1","Worship","SignatureMove+1","PathToVictory","Halt","Halt","FlyingSleeves"],"relics":["PureWater","MawBank"],"acts_visited":["Exordium"],"potions_floor_usage":[16],"damage_taken":[{"damage":0,"enemies":"2 Louse","floor":1,"turns":2},{"damage":0,"enemies":"Cultist","floor":2,"turns":4},{"damage":3,"enemies":"Jaw Worm","floor":3,"turns":4},{"damage":35,"enemies":"Lots of Slimes","floor":5,"turns":5},{"damage":7,"enemies":"Looter","floor":7,"turns":3},{"damage":18,"enemies":"Exordium Thugs","floor":11,"turns":5},{"damage":5,"enemies":"Exordium Wildlife","floor":13,"turns":5},{"damage":9,"enemies":"3 Louse","floor":14,"turns":2},{"damage":83,"enemies":"The Guardian","floor":16,"turns":14}],"seed_played":"-6933516507401024542","potions_obtained":[{"floor":2,"key":"Regen Potion"},{"floor":4,"key":"CultistPotion"},{"floor":4,"key":"CultistPotion"}],"is_trial":false,"path_per_floor":["M","M","M","?","M","R","M","R","T","?","M","R","M","M","R","B"],"character_chosen":"WATCHER","items_purchased":[],"campfire_rested":4,"item_purchase_floors":[],"current_hp_per_floor":[72,72,69,69,34,55,48,69,69,69,51,72,67,58,72,0,0],"gold":313,"neow_bonus":"ONE_RANDOM_RARE_CARD","is_daily":false,"chose_seed":false,"campfire_upgraded":0,"win_rate":0.0,"timestamp":1612609595,"path_taken":["M","M","M","?","M","R","?","R","T","?","M","R","M","M","R","BOSS"],"items_purchased_type":[],"build_version":"2020-12-22","purchased_purges":0,"victory":false,"max_hp_per_floor":[72,72,72,72,72,72,72,72,72,72,72,72,72,72,72,72,72],"card_choices":[{"not_picked":["CrushJoints","ThirdEye"],"picked":"FlyingSleeves","floor":1},{"not_picked":["Sanctity","Study"],"picked":"Worship","floor":2},{"not_picked":["Vengeance","BattleHymn"],"picked":"SignatureMove","floor":3},{"not_picked":["CutThroughFate","FlyingSleeves"],"picked":"PathToVictory","floor":5},{"not_picked":["DevaForm","JustLucky"],"picked":"Halt","floor":7},{"not_picked":["CarveReality","Wallop"],"picked":"Halt","floor":11},{"not_picked":["LikeWater","SashWhip"],"picked":"FlyingSleeves","floor":13},{"not_picked":["EmptyFist","Consecrate","Study"],"picked":"SKIP","floor":14}],"player_experience":287260,"relics_obtained":[{"floor":9,"key":"MawBank"}],"event_choices":[{"damage_healed":0,"gold_gain":0,"player_choice":"Got Potions","damage_taken":0,"max_hp_gain":0,"max_hp_loss":0,"event_name":"Lab","floor":4,"gold_loss":0},{"damage_healed":0,"gold_gain":0,"player_choice":"Left Gold","damage_taken":0,"max_hp_gain":0,"max_hp_loss":0,"event_name":"World of Goop","floor":10,"gold_loss":31}],"is_beta":false,"boss_relics":[],"items_purged_floors":[],"is_endless":false,"potions_floor_spawned":[2,11,13,14],"killed_by":"The Guardian","ascension_level":0}}