{"host":"ox77rn1xcurm2t5a","time":1612648969,"event":{"mods":["2.2 Compatiblity","AchievementEnabler","Act Like it!","Aspiration","BaseMod","Best Route Mod","Better Match","Better Note","Better Sensory Stone","Block Reminder","Colored Map","Colored Powertips","Conjunction","Conspire","Custom Start","Energized Spire","GifTheSpireLib","Gold Saver","Gremlin Skip","Halation","Highlight Path","Hubris","Infinite Spire","Minty Spire (QoL Compilation)","Pale of the Ancients","Quick Restart","Replay The Spire","Reworked Bosses","ShortenTheSpire","Spire Exporter","StSLib","Stuff the Spire","Wandering Minibosses"],"gold_per_floor":[112,112,112,6490,6490,6518,6518,6544,6544,6556,6566,6576,6576,5685,5685,5762,5762,5775,5793,5793,5793,5793,5825,5840,5840,5865,5881,5914,5914,5944,5944,5944,6023,6023,6037,5695,5695,5711,5711,5711,5722,5733,5758,5777,5777,5819,5124,5124,5124,5124,5124,5124,4628,4661,4661],"floor_reached":56,"language":"ENG","playtime":1881,"items_purged":["Zap","Strike_B","Strike_B","Genetic Algorithm+1","Strike_B"],"score":2004,"play_id":"456f74d2-959a-41bf-9936-fd96143eb083","local_time":"20210207000249","is_ascension_mode":true,"campfire_choices":[{"floor":7.0,"key":"RECALL"},{"data":"Defragment","floor":15.0,"key":"SMITH"},{"data":"Echo Form","floor":25.0,"key":"SMITH"},{"data":"Streamline","floor":29.0,"key":"SMITH"},{"data":"Streamline","floor":32.0,"key":"SMITH"},{"data":"Machine Learning","floor":40.0,"key":"SMITH"},{"floor":45.0,"key":"REST"},{"data":"Capacitor","floor":49.0,"key":"SMITH"},{"data":"Machine Learning","floor":52.0,"key":"SMITH"}],"circlet_count":0,"master_deck":["AscendersBane","Defend_B","Defend_B+1","Defend_B","Defend_B","Dualcast+1","Chill","Defragment+1","Streamline+1","Gash","Streamline+1","Coolheaded+1","Echo Form+1","Machine Learning+1","Reinforced Body+1","infinitespire:FutureSight+1","Pot Of Greed+1","Pot Of Greed+1","Defragment+1","White Noise+1","StuffTheSpire:Plugnplay+1","Machine Learning+1","Pot Of Greed+1","Genetic Algorithm+1","Cold Snap+1","Finesse+1","Leap+1","Conserve Battery+1","Cold Snap+1","Gash","Capacitor+1","Leap+1","Streamline+1"],"relics":["Cracked Core","NeowsBlessing","infinitespire:EmpoweringShard","FossilizedHelix","PreservedInsect","Boot","Pen Nib","hubris:TenFootPole","Incense Burner","Omamori","aspiration:PoetsPen_weak","Toxic Egg 2","hubris:EvacipatedBox","hubris:KleinBottle","halation:LettersToHer","infinitespire:CheckeredPen","Replay:Ringing Soul","Quantum Egg","Replay:Mystery Machine","StuffTheSpire:ForceGauntlet","Calipers","ReplayFunnel","White Beast Statue","Grinning Jar","Orichalcum","Ancient Tea Set","StuffTheSpire:Mouthbags","infinitespire:FocusingShard","SlaversCollar","War Paint","StuffTheSpire:GrapeVine","Replay:Baseball","infinitespire:Lucky Rock","Mirror","halation:PromiseList"],"acts_visited":["Exordium","TheCity","TheBeyond","TheEnding"],"potions_floor_usage":[55,55],"damage_taken":[{"damage":0.0,"enemies":"Jaw Worm","floor":1.0,"turns":1.0},{"damage":0.0,"enemies":"3 Sentries","floor":6.0,"turns":2.0},{"damage":0.0,"enemies":"Lagavulin","floor":8.0,"turns":1.0},{"damage":0.0,"enemies":"2 Louse","floor":10.0,"turns":2.0},{"damage":0.0,"enemies":"Cultist","floor":11.0,"turns":3.0},{"damage":0.0,"enemies":"Large Slime","floor":12.0,"turns":3.0},{"damage":1.0,"enemies":"The Guardian","floor":16.0,"turns":9.0},{"damage":0.0,"enemies":"Spheric Guardian","floor":18.0,"turns":4.0},{"damage":0.0,"enemies":"2 Thieves","floor":19.0,"turns":4.0},{"damage":0.0,"enemies":"Gremlin Leader","floor":23.0,"turns":6.0},{"damage":0.0,"enemies":"Snecko","floor":24.0,"turns":4.0},{"damage":0.0,"enemies":"3 Cultists","floor":27.0,"turns":4.0},{"damage":14.0,"enemies":"Slavers","floor":28.0,"turns":3.0},{"damage":0.0,"enemies":"Book of Stabbing","floor":30.0,"turns":3.0},{"damage":0.0,"enemies":"bossMod:newChamp","floor":33.0,"turns":6.0},{"damage":3.0,"enemies":"3 Shapes","floor":35.0,"turns":6.0},{"damage":0.0,"enemies":"Orb Walker","floor":38.0,"turns":3.0},{"damage":22.0,"enemies":"Jaw Worm Horde","floor":41.0,"turns":4.0},{"damage":33.0,"enemies":"4 Shapes","floor":42.0,"turns":5.0},{"damage":10.0,"enemies":"3 Darklings","floor":44.0,"turns":6.0},{"damage":0.0,"enemies":"R_Hoarder","floor":46.0,"turns":6.0},{"damage":0.0,"enemies":"Replay:Hell Engine","floor":50.0,"turns":9.0},{"damage":20.0,"enemies":"Shield and Spear","floor":54.0,"turns":5.0},{"damage":9,"enemies":"The Heart","floor":55,"turns":9}],"seed_played":"6038901368021506703","potions_obtained":[{"floor":11.0,"key":"LiquidBronze"},{"floor":12.0,"key":"Energy Potion"},{"floor":23.0,"key":"ColorlessPotion"},{"floor":24.0,"key":"PowerPotion"},{"floor":27.0,"key":"Energy Potion"},{"floor":28.0,"key":"SteroidPotion"},{"floor":30.0,"key":"Venom Potion"},{"floor":33.0,"key":"Reflective Coating"},{"floor":38.0,"key":"EntropicBrew"},{"floor":41.0,"key":"CultistPotion"},{"floor":44.0,"key":"SkillPotion"},{"floor":46.0,"key":"Regen Potion"},{"floor":54.0,"key":"Conjunction:LightningMarble"}],"is_trial":false,"path_per_floor":["M","?","T","$","?","E","R","E","T","M","M","M","?","$","R","B",null,"M","M","?","?","$","E","M","R","T","M","E","R","E","?","R","B",null,"M","$","?","M","?","R","M","M","T","M","R","E","$","?","R","B",null,"R","$","E","B",null],"character_chosen":"DEFECT","items_purchased":["Defragment","PreservedInsect","Boot","Adrenaline Potion","Block Potion","Coolheaded","Echo Form","Incense Burner","Omamori","Streamline+1","SpeedPotion","Toxic Egg 2","hubris:EvacipatedBox","hubris:KleinBottle","halation:LettersToHer","infinitespire:CheckeredPen","Replay:Ringing Soul","Quantum Egg","Replay:Mystery Machine","StuffTheSpire:ForceGauntlet","Calipers","ReplayFunnel","White Beast Statue","Grinning Jar","War Paint","Adrenaline Potion","Gash","Replay:Baseball","Capacitor","infinitespire:Lucky Rock","PotionOfCapacity","Mirror","Block Potion"],"campfire_rested":1,"item_purchase_floors":[4,4,4,4,4,14,14,14,14,14,14,22,22,22,22,22,22,22,22,22,22,22,22,22,36,36,47,47,47,47,47,53,53],"current_hp_per_floor":[64,46,46,46,36,36,36,36,36,36,36,36,36,36,36,35,62,62,62,62,55,79,79,82,82,82,85,71,71,74,74,74,77,88,85,85,85,88,91,91,72,39,39,32,62,65,68,68,68,83,103,103,103,86,77],"gold":4661,"neow_bonus":"THREE_ENEMY_KILL","is_daily":false,"chose_seed":false,"campfire_upgraded":7,"win_rate":0.0,"timestamp":1612648969,"path_taken":["M","?","?","$","?","E","R","E","T","?","M","M","?","$","R","BOSS","M","?","?","?","?","E","M","R","T","?","E","R","E","?","R","BOSS","M","$","?","M","?","R","M","M","T","M","R","E","$","?","R","BOSS","R","$","E","BOSS"],"items_purchased_type":["Card","Relic","Relic","Potion","Potion","Card","Card","Relic","Relic","Card","Potion","Relic","Relic","Relic","Relic","Relic","Relic","Relic","Relic","Relic","Relic","Relic","Relic","Relic","Relic","Potion","Card","Relic","Card","Relic","Potion","Relic","Potion"],"build_version":"2020-12-22","purchased_purges":5,"victory":true,"max_hp_per_floor":[71,71,71,71,71,71,71,71,71,71,71,71,71,71,71,71,71,71,71,71,76,79,79,82,82,82,85,85,85,88,88,88,91,91,91,91,91,94,97,97,100,100,100,103,103,106,109,109,109,109,109,109,109,112,112],"card_choices":[{"not_picked":["ReplaySolidLightProjector","Barrage"],"picked":"Chill","floor":1.0},{"not_picked":["Barrage","ReplayTheSpireMod:Calculation Training"],"picked":"Streamline","floor":6.0},{"not_picked":["Skim","ReplayTheSpireMod:System Scan","Reboot"],"picked":"SKIP","floor":8.0},{"not_picked":["Leap","Coolheaded"],"picked":"Gash","floor":10.0},{"not_picked":["StuffTheSpire:NuclearReactor","conspire:Rain"],"picked":"Streamline","floor":11.0},{"not_picked":["Ball Lightning","Turbo","BasicCrystalCard"],"picked":"SKIP","floor":12.0},{"not_picked":["hubris:Prefetch","Fission"],"picked":"Machine Learning","floor":16.0},{"not_picked":["Sweeping Beam","BasicCrystalCard"],"picked":"Reinforced Body+1","floor":18.0},{"not_picked":["BasicCrystalCard","Panic Button","hubris:Ukulele"],"picked":"SKIP","floor":19.0},{"not_picked":["ReplayTheSpireMod:Haul","infinitespire:Fortify"],"picked":"infinitespire:FutureSight","floor":22.0},{"not_picked":["Undo+1","Sweeping Beam","Turbo+1"],"picked":"SKIP","floor":23.0},{"not_picked":["ReplayTheSpireMod:System Scan+1","BasicCrystalCard+1"],"picked":"Defragment+1","floor":24.0},{"not_picked":["ReplayTheSpireMod:System Scan+1","Sweeping Beam"],"picked":"White Noise+1","floor":27.0},{"not_picked":["ReplayTheSpireMod:System Scan+1","FTL","ReplayTheSpireMod:Omega Cannon"],"picked":"SKIP","floor":28.0},{"not_picked":["Scrape","Compile Driver+1"],"picked":"StuffTheSpire:Plugnplay+1","floor":30.0},{"not_picked":["ReplayRNGCard+1","hubris:Prefetch+1"],"picked":"Machine Learning","floor":33.0},{"not_picked":["Ball Lightning","Streamline","StuffTheSpire:LoadUp+1"],"picked":"SKIP","floor":35.0},{"not_picked":["StuffTheSpire:LoadUp+1","Barrage"],"picked":"Genetic Algorithm+1","floor":38.0},{"not_picked":["Turbo+1","Compile Driver+1"],"picked":"Cold Snap+1","floor":39.0},{"not_picked":["ReplayTheSpireMod:Trickstab+1","Panacea+1"],"picked":"Finesse+1","floor":39.0},{"not_picked":["StuffTheSpire:Plugnplay+1","Coolheaded+1"],"picked":"Leap+1","floor":39.0},{"not_picked":["Barrage","Beam Cell"],"picked":"Conserve Battery+1","floor":41.0},{"not_picked":["ReplayTheSpireMod:Fabricate Wheel+1","Leap+1","StuffTheSpire:LoadUp+1"],"picked":"SKIP","floor":42.0},{"not_picked":["conspire:SharedLibrary","Barrage"],"picked":"Cold Snap+1","floor":44.0},{"not_picked":["Coolheaded+1","ReplayTheSpireMod:System Scan+1"],"picked":"Genetic Algorithm+1","floor":46.0},{"not_picked":["Ball Lightning","BasicCrystalCard+1"],"picked":"Leap+1","floor":54.0}],"player_experience":3052831,"relics_obtained":[{"floor":3.0,"key":"FossilizedHelix"},{"floor":6.0,"key":"Pen Nib"},{"floor":8.0,"key":"hubris:TenFootPole"},{"floor":23.0,"key":"Orichalcum"},{"floor":26.0,"key":"halation:LettersToHer"},{"floor":26.0,"key":"Ancient Tea Set"},{"floor":28.0,"key":"StuffTheSpire:Mouthbags"},{"floor":30.0,"key":"infinitespire:FocusingShard"},{"floor":43.0,"key":"halation:LettersToHer"},{"floor":43.0,"key":"StuffTheSpire:GrapeVine"},{"floor":54.0,"key":"halation:PromiseList"}],"event_choices":[{"damage_healed":0.0,"max_hp_gain":0.0,"max_hp_loss":0.0,"gold_gain":0.0,"event_name":"Scrap Ooze","player_choice":"Success","floor":2.0,"gold_loss":0.0,"damage_taken":18.0,"relics_obtained":["infinitespire:EmpoweringShard"]},{"damage_healed":0.0,"max_hp_gain":0.0,"max_hp_loss":0.0,"gold_gain":0.0,"event_name":"Wheel of Change","player_choice":"Damaged","floor":5.0,"gold_loss":0.0,"damage_taken":10.0},{"damage_healed":0.0,"max_hp_gain":0.0,"max_hp_loss":0.0,"gold_gain":0.0,"event_name":"Transmorgrifier","player_choice":"Ignored","floor":13.0,"gold_loss":0.0,"damage_taken":0.0},{"damage_healed":0.0,"max_hp_gain":0.0,"max_hp_loss":0.0,"gold_gain":2.0,"event_name":"betterStone:BetterStone","player_choice":"1","floor":20.0,"gold_loss":0.0,"damage_taken":0.0},{"damage_healed":0.0,"max_hp_gain":5.0,"max_hp_loss":0.0,"gold_gain":0.0,"event_name":"Forgotten Altar","player_choice":"Shed Blood","floor":21.0,"gold_loss":0.0,"damage_taken":25.0},{"cards_removed":["Strike_B"],"damage_healed":0.0,"max_hp_gain":0.0,"max_hp_loss":0.0,"gold_gain":0.0,"event_name":"Purifier","player_choice":"Purged","floor":31.0,"gold_loss":0.0,"damage_taken":0.0},{"damage_healed":0.0,"max_hp_gain":0.0,"max_hp_loss":0.0,"gold_gain":0.0,"event_name":"betterMatch:BetterMatch","player_choice":"2","floor":39.0,"gold_loss":0.0,"damage_taken":0.0,"cards_obtained":["betterMatch:CommonCard","betterMatch:ColorlessUncommonCard","betterMatch:CommonCard"]}],"is_beta":false,"boss_relics":[{"not_picked":["Painkiller Herb","Runic Pyramid"],"picked":"aspiration:PoetsPen_weak"},{"not_picked":["Runic Dome","hubris:VirtuousBlindfold","StuffTheSpire:RunicHypercube"],"picked":"SlaversCollar"}],"items_purged_floors":[4,14,36,47,53],"is_endless":false,"potions_floor_spawned":[11,12,16,18,23,24,27,28,30,33,35,38,41,42,44,46,54],"ascension_level":16}}