{"host":"8is2j71l4wmybkoi","time":1612615079,"event":{"mods":["AchievementEnabler","BaseMod","Colored Map","Minty Spire (QoL Compilation)","Rare Cards Sparkle","StSLib","SuperFastMode"],"gold_per_floor":[110,120,120,23,38,67,67,100,127,143,143,164,164,164,164,235,235,252,302,312,312,492,523,523,523],"floor_reached":24,"language":"KOR","playtime":930,"items_purged":[],"score":414,"play_id":"ac83ee6f-de1d-4bd0-b621-4dfce27b9cd5","local_time":"20210206213759","is_ascension_mode":true,"campfire_choices":[{"data":"Crippling Poison","floor":7.0,"key":"SMITH"},{"data":"Deadly Poison","floor":11.0,"key":"SMITH"},{"floor":13.0,"key":"REST"},{"data":"Bane","floor":15.0,"key":"SMITH"}],"circlet_count":0,"master_deck":["AscendersBane","Defend_G","Defend_G","Defend_G","Defend_G","Defend_G","Survivor","Neutralize","Skewer+1","Deadly Poison+1","Poisoned Stab","Bouncing Flask","Crippling Poison+1","Escape Plan","Bane+1","Venomology","Backstab","Tactician+1","Bite","Bite","Bite","Bite","Bite","Night Terror"],"relics":["Ring of the Snake","Nunchaku","Oddly Smooth Stone","PreservedInsect","Odd Mushroom","HoveringKite","Toy Ornithopter"],"acts_visited":["Exordium","TheCity"],"potions_floor_usage":[18,18,20,23,23,24,24,24],"damage_taken":[{"damage":0.0,"enemies":"Jaw Worm","floor":1.0,"turns":3.0},{"damage":1.0,"enemies":"Cultist","floor":2.0,"turns":3.0},{"damage":0.0,"enemies":"2 Louse","floor":5.0,"turns":2.0},{"damage":24.0,"enemies":"3 Sentries","floor":6.0,"turns":7.0},{"damage":15.0,"enemies":"Gremlin Nob","floor":8.0,"turns":3.0},{"damage":0.0,"enemies":"Red Slaver","floor":10.0,"turns":3.0},{"damage":8.0,"enemies":"The Mushroom Lair","floor":12.0,"turns":4.0},{"damage":10.0,"enemies":"The Guardian","floor":16.0,"turns":8.0},{"damage":11,"enemies":"2 Thieves","floor":18,"turns":3},{"damage":6,"enemies":"Chosen","floor":20,"turns":3},{"damage":17,"enemies":"Book of Stabbing","floor":23,"turns":4},{"damage":27,"enemies":"Shelled Parasite and Fungi","floor":24,"turns":4}],"seed_played":"754000867508554840","potions_obtained":[{"floor":6.0,"key":"Fire Potion"},{"floor":14.0,"key":"PowerPotion"},{"floor":16.0,"key":"Energy Potion"},{"floor":20,"key":"PowerPotion"},{"floor":23,"key":"Block Potion"}],"is_trial":false,"path_per_floor":["M","M","?","$","M","E","R","E","T","M","R","?","R","?","R","B",null,"M","?","M","?","?","E","M"],"character_chosen":"THE_SILENT","items_purchased":["FearPotion","Strength Potion"],"campfire_rested":1,"item_purchase_floors":[4,4],"current_hp_per_floor":[59,58,58,58,58,34,34,19,19,19,19,11,30,30,30,20,55,44,44,38,38,19,8,0,0],"gold":523,"neow_bonus":"THREE_CARDS","is_daily":false,"chose_seed":false,"campfire_upgraded":3,"win_rate":0.0,"timestamp":1612615079,"path_taken":["M","M","?","$","?","E","R","E","T","M","R","?","R","?","R","BOSS","M","?","?","?","?","E","M"],"items_purchased_type":["Potion","Potion"],"build_version":"2020-12-22","purchased_purges":0,"victory":false,"max_hp_per_floor":[66,66,66,66,66,66,66,66,66,66,66,66,66,66,66,66,66,66,66,66,46,46,46,46,46],"card_choices":[{"not_picked":["Quick Slash","Poisoned Stab"],"picked":"Skewer","floor":0.0},{"not_picked":["Bane","Setup"],"picked":"Deadly Poison","floor":1.0},{"not_picked":["PiercingWail","Deadly Poison"],"picked":"Poisoned Stab","floor":2.0},{"not_picked":["Deflect","Dodge and Roll"],"picked":"Bouncing Flask","floor":5.0},{"not_picked":["Slice","Bane"],"picked":"Crippling Poison","floor":6.0},{"not_picked":["PiercingWail","Acrobatics"],"picked":"Escape Plan","floor":8.0},{"not_picked":["Cloak And Dagger","PiercingWail"],"picked":"Bane","floor":10.0},{"not_picked":["Night Terror","Malaise"],"picked":"Venomology","floor":16.0},{"not_picked":["Deadly Poison","Blade Dance"],"picked":"Backstab","floor":18},{"not_picked":["Poisoned Stab+1","Escape Plan"],"picked":"Tactician+1","floor":20},{"not_picked":["Poisoned Stab","Distraction"],"picked":"Night Terror","floor":23}],"player_experience":1020392,"relics_obtained":[{"floor":6.0,"key":"Nunchaku"},{"floor":8.0,"key":"Oddly Smooth Stone"},{"floor":9.0,"key":"PreservedInsect"},{"floor":12.0,"key":"Odd Mushroom"},{"floor":23,"key":"Toy Ornithopter"}],"event_choices":[{"damage_healed":0.0,"max_hp_gain":0.0,"max_hp_loss":0.0,"gold_gain":0.0,"event_name":"Accursed Blacksmith","player_choice":"Forge","floor":3.0,"gold_loss":0.0,"damage_taken":0.0,"cards_upgraded":["Skewer"]},{"damage_healed":0.0,"max_hp_gain":0.0,"max_hp_loss":0.0,"gold_gain":0.0,"event_name":"Mushrooms","player_choice":"Fought Mushrooms","floor":12.0,"gold_loss":0.0,"damage_taken":0.0},{"damage_healed":0.0,"max_hp_gain":0.0,"max_hp_loss":0.0,"gold_gain":0.0,"event_name":"Lab","player_choice":"Got Potions","floor":14.0,"gold_loss":0.0,"damage_taken":0.0},{"damage_healed":0,"gold_gain":50,"player_choice":"Pray","damage_taken":0,"max_hp_gain":0,"max_hp_loss":0,"event_name":"Golden Shrine","floor":19,"gold_loss":0},{"damage_healed":0,"gold_gain":0,"player_choice":"Became a vampire","damage_taken":0,"max_hp_gain":0,"max_hp_loss":20,"event_name":"Vampires","floor":21,"gold_loss":0,"cards_obtained":["Bite","Bite","Bite","Bite","Bite"]},{"damage_healed":0,"gold_gain":180,"player_choice":"GOLD GOLD ","damage_taken":19,"max_hp_gain":0,"max_hp_loss":0,"event_name":"Knowing Skull","floor":22,"potions_obtained":[],"gold_loss":0,"cards_obtained":[]}],"is_beta":false,"boss_relics":[{"not_picked":["Coffee Dripper","Sozu"],"picked":"HoveringKite"}],"items_purged_floors":[],"is_endless":false,"potions_floor_spawned":[6,16,20,23],"killed_by":"Shelled Parasite and Fungi","ascension_level":15}}