{"host":"mnpd8gh7cwxsn5kh","time":1612637152,"event":{"mods":["BaseMod","Bestiary","Block Reminder","Colored Map","Colored Powertips","Highlight Path","Minty Spire (QoL Compilation)","Relic Sorter","Relic Stats"],"gold_per_floor":[114,125,300,400,35,35,70,84,153,72,103,113,128,158,158,258,258,278,278,248,260,42,73,73,98,98,129,149,184,97,107,107,205,205,224,224,24,44,59,70,104,115,115,147,247,279,279,312,312,312],"floor_reached":51,"language":"ENG","playtime":4904,"items_purged":["Doubt","Strike_B","Strike_B"],"score":1270,"play_id":"0aa8b62f-ec2e-4494-863a-f260b7f16ffa","local_time":"20210206194551","is_ascension_mode":true,"campfire_choices":[{"floor":6,"key":"REST"},{"floor":15,"key":"REST"},{"floor":32,"key":"REST"},{"floor":47,"key":"REST"},{"floor":49,"key":"RECALL"}],"circlet_count":0,"master_deck":["AscendersBane","Strike_B","Strike_B","Defend_B","Defend_B","Defend_B","Defend_B","Zap","Dualcast","Sweeping Beam","Steam","Doom and Gloom","BootSequence","Cold Snap","Ball Lightning","Static Discharge+1","Undo","Self Repair+1","Echo Form+1","Stack+1","Capacitor+1","Skim+1","Echo Form+1","Storm+1","Stack+1","Fusion+1","Reinforced Body","Turbo","Consume","Defragment+1","Creative AI+1","Force Field","Conserve Battery+1","Parasite","Double Energy","Biased Cognition+1","Coolheaded+1","Glacier+1"],"relics":["Fusion Hammer","Frozen Egg 2","Orichalcum","Cables","Ornamental Fan","Question Card","Runic Pyramid","DollysMirror","Mercury Hourglass","Symbiotic Virus","Bird Faced Urn","Kunai","Smiling Mask","Inserter","DataDisk","Meat on the Bone","Pantograph","Happy Flower","Du-Vu Doll","Mummified Hand"],"acts_visited":["Exordium","TheCity","TheBeyond"],"potions_floor_usage":[16,16,23,27,27,39,40,50],"damage_taken":[{"damage":1,"enemies":"Cultist","floor":1,"turns":4},{"damage":4,"enemies":"2 Louse","floor":2,"turns":3},{"damage":24,"enemies":"3 Sentries","floor":7,"turns":6},{"damage":0,"enemies":"Small Slimes","floor":8,"turns":3},{"damage":8,"enemies":"Gremlin Nob","floor":11,"turns":3},{"damage":0,"enemies":"Exordium Wildlife","floor":12,"turns":3},{"damage":0,"enemies":"Red Slaver","floor":13,"turns":2},{"damage":7,"enemies":"Lagavulin","floor":14,"turns":6},{"damage":8,"enemies":"The Guardian","floor":16,"turns":9},{"damage":3,"enemies":"Chosen","floor":18,"turns":5},{"damage":3,"enemies":"Spheric Guardian","floor":21,"turns":5},{"damage":37,"enemies":"Book of Stabbing","floor":23,"turns":5},{"damage":12,"enemies":"Gremlin Leader","floor":25,"turns":6},{"damage":10,"enemies":"Slavers","floor":27,"turns":4},{"damage":13,"enemies":"Shelled Parasite and Fungi","floor":28,"turns":6},{"damage":27,"enemies":"Book of Stabbing","floor":29,"turns":5},{"damage":9,"enemies":"Centurion and Healer","floor":31,"turns":4},{"damage":10,"enemies":"Automaton","floor":33,"turns":8},{"damage":8,"enemies":"3 Darklings","floor":35,"turns":4},{"damage":7,"enemies":"Orb Walker","floor":38,"turns":4},{"damage":0,"enemies":"Transient","floor":39,"turns":5},{"damage":12,"enemies":"Writhing Mass","floor":40,"turns":5},{"damage":64,"enemies":"Reptomancer","floor":41,"turns":7},{"damage":0,"enemies":"Maw","floor":42,"turns":6},{"damage":30,"enemies":"Nemesis","floor":44,"turns":5},{"damage":21,"enemies":"Reptomancer","floor":46,"turns":6},{"damage":4,"enemies":"Giant Head","floor":48,"turns":6},{"damage":26,"enemies":"Time Eater","floor":50,"turns":9}],"seed_played":"1317193017137673623","potions_obtained":[{"floor":2,"key":"ColorlessPotion"},{"floor":7,"key":"Energy Potion"},{"floor":8,"key":"Fire Potion"},{"floor":20,"key":"DistilledChaos"},{"floor":20,"key":"DistilledChaos"},{"floor":21,"key":"SkillPotion"},{"floor":27,"key":"FearPotion"},{"floor":29,"key":"SneckoOil"},{"floor":35,"key":"AttackPotion"},{"floor":48,"key":"PotionOfCapacity"}],"is_trial":false,"path_per_floor":["M","M","?","?","$","R","E","M","T","$","E","M","M","E","R","B",null,"M","?","?","M","$","E","$","E","T","E","M","E","$","M","R","B",null,"M","?","$","M","M","M","E","M","T","E","?","E","R","E","R","B",null],"character_chosen":"DEFECT","items_purchased":["Frozen Egg 2","Doom and Gloom","Ball Lightning","Static Discharge+1","DollysMirror","Storm+1","Consume","DataDisk"],"campfire_rested":4,"item_purchase_floors":[5,5,10,10,22,22,30,37],"current_hp_per_floor":[67,63,63,63,63,75,51,51,51,51,43,43,53,56,75,75,75,75,75,75,75,75,48,48,46,46,56,63,54,54,61,75,75,75,75,71,71,64,71,71,43,71,71,71,71,71,71,71,71,65],"gold":312,"neow_bonus":"BOSS_RELIC","is_daily":false,"chose_seed":false,"campfire_upgraded":0,"win_rate":0.0,"timestamp":1612637151,"path_taken":["M","M","?","?","$","R","E","M","T","$","E","?","M","E","R","BOSS","M","?","?","?","$","E","?","E","T","E","M","E","?","?","R","BOSS","M","?","$","M","M","M","E","M","T","E","?","E","R","E","R","BOSS"],"items_purchased_type":["Relic","Card","Card","Card","Relic","Card","Card","Relic"],"build_version":"2020-12-22","purchased_purges":3,"victory":true,"max_hp_per_floor":[75,75,75,75,75,75,75,75,75,75,75,75,75,75,75,75,75,75,75,75,75,75,75,75,75,75,75,75,75,75,75,75,75,75,75,71,71,71,71,71,71,71,71,71,71,71,71,71,71,71],"relic_stats":{"Inserter":[25],"Happy Flower":[7],"counters":[28,143],"Orichalcum":[234],"Question Card":19,"Smiling Mask":125,"Cables":[120,49,16,54,1],"Mercury Hourglass":[355],"Ornamental Fan":[56],"Mummified Hand":[13],"Bird Faced Urn":[147],"Pantograph":0,"Kunai":[5],"obtain_stats":[{"Inserter":34,"Happy Flower":44,"Frozen Egg 2":5,"Orichalcum":7,"Question Card":14,"Smiling Mask":29,"Cables":9,"Mercury Hourglass":23,"Du-Vu Doll":46,"DataDisk":37,"Ornamental Fan":11,"DollysMirror":22,"Mummified Hand":48,"Bird Faced Urn":26,"Pantograph":43,"Fusion Hammer":0,"Kunai":27,"Cracked Core":0,"Symbiotic Virus":25,"Runic Pyramid":17,"Meat on the Bone":41},{"Inserter":18,"Happy Flower":25,"Frozen Egg 2":2,"Orichalcum":3,"Question Card":8,"Smiling Mask":16,"Cables":4,"Mercury Hourglass":12,"Du-Vu Doll":26,"DataDisk":19,"Ornamental Fan":5,"DollysMirror":11,"Mummified Hand":27,"Bird Faced Urn":13,"Pantograph":24,"Fusion Hammer":0,"Kunai":14,"Cracked Core":0,"Symbiotic Virus":13,"Runic Pyramid":9,"Meat on the Bone":23},{"Inserter":87,"Happy Flower":123,"Frozen Egg 2":7,"Orichalcum":13,"Question Card":30,"Smiling Mask":75,"Cables":16,"Mercury Hourglass":54,"Du-Vu Doll":128,"DataDisk":91,"Ornamental Fan":19,"DollysMirror":49,"Mummified Hand":134,"Bird Faced Urn":60,"Pantograph":118,"Fusion Hammer":0,"Kunai":64,"Cracked Core":0,"Symbiotic Virus":60,"Runic Pyramid":39,"Meat on the Bone":112}],"Meat on the Bone":0},"card_choices":[{"not_picked":["Barrage","Darkness"],"picked":"Sweeping Beam","floor":1},{"not_picked":["Sweeping Beam","Stack"],"picked":"Steam","floor":2},{"not_picked":["Rip and Tear","Loop+1"],"picked":"BootSequence","floor":7},{"not_picked":["Beam Cell","Turbo"],"picked":"Cold Snap","floor":8},{"not_picked":["Sweeping Beam","Hyperbeam"],"picked":"Undo","floor":11},{"not_picked":["Rebound","Ball Lightning"],"picked":"Self Repair+1","floor":12},{"not_picked":["Sweeping Beam","Rip and Tear","Ball Lightning"],"picked":"SKIP","floor":13},{"not_picked":["Gash","Rebound","Steam"],"picked":"SKIP","floor":14},{"not_picked":["Gash","Rebound","Steam"],"picked":"SKIP","floor":14},{"not_picked":["Electrodynamics+1","Seek","Multi-Cast"],"picked":"Echo Form+1","floor":16},{"not_picked":["Steam","White Noise","Lockon"],"picked":"Stack+1","floor":18},{"not_picked":["Gash+1","Stack","Rip and Tear"],"picked":"Skim+1","floor":21},{"not_picked":["Blizzard+1","Sunder","Beam Cell"],"picked":"Stack+1","floor":23},{"not_picked":["Rebound","Ball Lightning","Leap"],"picked":"Fusion+1","floor":25},{"not_picked":["Beam Cell+1","Hello World+1","Redo","Lockon"],"picked":"SKIP","floor":27},{"not_picked":["Stack","Thunder Strike","Sweeping Beam+1"],"picked":"Reinforced Body","floor":28},{"not_picked":["Rip and Tear+1","Barrage+1","Cold Snap"],"picked":"Turbo","floor":29},{"not_picked":["Doom and Gloom","Gash","Conserve Battery"],"picked":"Defragment+1","floor":31},{"not_picked":["Buffer+1","Rainbow","Machine Learning+1"],"picked":"Creative AI+1","floor":33},{"not_picked":["Capacitor+1","Recycle","Ball Lightning+1","Static Discharge+1"],"picked":"SKIP","floor":35},{"not_picked":["Redo+1","Recycle+1","Sweeping Beam"],"picked":"Force Field","floor":38},{"not_picked":["Storm+1","Chaos","White Noise+1"],"picked":"Conserve Battery+1","floor":39},{"not_picked":["Hyperbeam","Conserve Battery+1","Ball Lightning+1"],"picked":"Double Energy","floor":40},{"not_picked":["Auto Shields+1","Coolheaded","Rip and Tear"],"picked":"Biased Cognition+1","floor":41},{"not_picked":["Reprogram","Gash","Undo"],"picked":"Coolheaded+1","floor":42},{"not_picked":["Cold Snap+1","Coolheaded+1","Seek"],"picked":"Glacier+1","floor":44},{"not_picked":["Undo","Barrage","Go for the Eyes","Leap+1"],"picked":"SKIP","floor":46},{"not_picked":["Beam Cell","Steam","Rebound+1","Recycle+1"],"picked":"SKIP","floor":48}],"player_experience":350937,"relics_obtained":[{"floor":7,"key":"Orichalcum"},{"floor":9,"key":"Cables"},{"floor":11,"key":"Ornamental Fan"},{"floor":14,"key":"Question Card"},{"floor":23,"key":"Mercury Hourglass"},{"floor":25,"key":"Symbiotic Virus"},{"floor":26,"key":"Bird Faced Urn"},{"floor":27,"key":"Kunai"},{"floor":29,"key":"Smiling Mask"},{"floor":41,"key":"Meat on the Bone"},{"floor":43,"key":"Pantograph"},{"floor":44,"key":"Happy Flower"},{"floor":46,"key":"Du-Vu Doll"},{"floor":48,"key":"Mummified Hand"}],"event_choices":[{"damage_healed":0,"gold_gain":175,"player_choice":"AGREE","damage_taken":0,"max_hp_gain":0,"max_hp_loss":0,"event_name":"Liars Game","floor":3,"gold_loss":0,"cards_obtained":["Doubt"]},{"damage_healed":0,"gold_gain":100,"player_choice":"Gold","damage_taken":0,"max_hp_gain":0,"max_hp_loss":0,"event_name":"Wheel of Change","floor":4,"gold_loss":0},{"damage_healed":0,"gold_gain":0,"player_choice":"Read","damage_taken":0,"max_hp_gain":0,"max_hp_loss":0,"event_name":"The Library","floor":19,"gold_loss":0,"cards_obtained":["Capacitor"]},{"damage_healed":0,"gold_gain":0,"player_choice":"Bought 2 Potions","damage_taken":0,"max_hp_gain":0,"max_hp_loss":0,"event_name":"The Woman in Blue","floor":20,"gold_loss":0},{"damage_healed":0,"gold_gain":0,"player_choice":"Max HP","damage_taken":0,"max_hp_gain":0,"max_hp_loss":4,"event_name":"Winding Halls","floor":36,"gold_loss":0},{"damage_healed":0,"gold_gain":100,"player_choice":"Pray","damage_taken":0,"max_hp_gain":0,"max_hp_loss":0,"event_name":"Golden Shrine","floor":45,"gold_loss":0}],"is_beta":false,"boss_relics":[{"not_picked":["Snecko Eye","Coffee Dripper"],"picked":"Runic Pyramid"},{"not_picked":["Runic Dome","Black Star"],"picked":"Inserter"}],"items_purged_floors":[5,30,37],"is_endless":false,"potions_floor_spawned":[2,7,8,14,21,27,29,35,48],"ascension_level":10}}