{"host":"bur01y2cdbn9byel","time":1612643715,"event":{"mods":["2.2 Compatiblity","Bartender","BaseMod","Downfall","Minty Spire (QoL Compilation)","StSLib","The Animator","The Exalted","The Hierophant"],"gold_per_floor":[99,118,118,0,13,29,105,130,141,154,154,139,149,58,77,179,179,179,197,46,46,57,94,94,130,30,56,56,79,164,204,216,330,330,230,258,272,281,302,202,202,202,229,253,268,268,280,280,308,308,308,308],"floor_reached":50,"language":"DEU","playtime":7218,"items_purged":["bronze:Strike"],"score":613,"play_id":"3ca82f46-2ea7-4468-b7e6-77e855bb52fd","local_time":"20210206213515","is_ascension_mode":false,"campfire_choices":[{"data":"bronze:Replicate","floor":1,"key":"SMITH"},{"data":"bronze:HardenedForm","floor":11,"key":"SMITH"},{"data":"bronze:Mutator","floor":18,"key":"SMITH"},{"floor":26,"key":"REST"},{"data":"bronze:Repair","floor":28,"key":"SMITH"},{"floor":35,"key":"RECALL"},{"data":"bronze:AlphaBuild","floor":40,"key":"SMITH"},{"data":"bronze:Shell","floor":42,"key":"SMITH"},{"data":"bronze:RecursiveStrike","floor":46,"key":"SMITH"}],"circlet_count":0,"master_deck":["bronze:Strike","bronze:Strike","bronze:Defend","bronze:Defend","bronze:Defend","bronze:Replicate+1","bronze:Goto","bronze:DelayedSlice","bronze:HardenedForm+1","bronze:Iterate","bronze:ClassDefault","bronze:WhirlingStrike","bronze:FollowUp","bronze:RecursiveStrike+1","bronze:Boost","bronze:BronzeArmor","bronze:Overload","bronze:ForceShield","bronze:Optimize","bronze:Turbo","bronze:Mutator+1","CurseOfTheBell","bronze:Safeguard+1","bronze:WhirlingStrike+1","bronze:MaxOutput","bronze:Shield+1","bronze:ItsAFeature","bronze:Repair+1","bronze:FineTuning","bronze:FollowUp+1","bronze:AlphaBuild+1","bronze:OilSpill+1","bronze:Shell+1","bronze:FineTuning+1","bronze:ChosenStrike+1","bronze:ForceShield+1"],"relics":["bronze:PlatinumCore","HornCleat","Torii","Calling Bell","Bromod:ArcaneNullifier","Eternal Feather","Bromod:ArcaneAvenger","Lee\u0027s Waffle","Bromod:ArcaneDeflection","CeramicFish","Art of War","downfall:HeartBlessingGreen","Gambling Chip","downfall:HeartBlessingBlue","downfall:HeartBlessingRed","Vajra","Ginger"],"acts_visited":["Exordium","TheCity","TheBeyond"],"potions_floor_usage":[9,12,12,12,14,16,23,31,31,36,43,50],"damage_taken":[{"damage":1,"enemies":"Jaw Worm","floor":2,"turns":3},{"damage":0,"enemies":"downfall:FleeingMerchant","floor":4,"turns":4},{"damage":0,"enemies":"Cultist","floor":5,"turns":2},{"damage":0,"enemies":"Small Slimes","floor":6,"turns":2},{"damage":13,"enemies":"3 Sentries","floor":8,"turns":7},{"damage":0,"enemies":"Blue Slaver","floor":9,"turns":3},{"damage":10,"enemies":"Exordium Thugs","floor":10,"turns":2},{"damage":0,"enemies":"downfall:FleeingMerchant","floor":12,"turns":4},{"damage":8,"enemies":"Gremlin Gang","floor":13,"turns":3},{"damage":0,"enemies":"downfall:FleeingMerchant","floor":14,"turns":4},{"damage":3,"enemies":"Lots of Slimes","floor":15,"turns":3},{"damage":4,"enemies":"SI_SHIV_ARCHETYPE","floor":16,"turns":7},{"damage":23,"enemies":"Spheric Guardian","floor":19,"turns":6},{"damage":3,"enemies":"downfall:FleeingMerchant","floor":20,"turns":3},{"damage":1,"enemies":"Chosen","floor":22,"turns":4},{"damage":40,"enemies":"Gremlin Leader","floor":23,"turns":6},{"damage":20,"enemies":"Book of Stabbing","floor":25,"turns":4},{"damage":6,"enemies":"Centurion and Healer","floor":27,"turns":3},{"damage":0,"enemies":"Sentry and Sphere","floor":29,"turns":6},{"damage":1,"enemies":"Gremlin Leader","floor":31,"turns":4},{"damage":1,"enemies":"Shelled Parasite and Fungi","floor":32,"turns":3},{"damage":20,"enemies":"DF_ARCHETYPE_CLAW","floor":33,"turns":5},{"damage":1,"enemies":"3 Darklings","floor":36,"turns":3},{"damage":0,"enemies":"Orb Walker","floor":37,"turns":4},{"damage":6,"enemies":"4 Shapes","floor":39,"turns":5},{"damage":19,"enemies":"Nemesis","floor":43,"turns":5},{"damage":25,"enemies":"Jaw Worm Horde","floor":44,"turns":2},{"damage":6,"enemies":"Sphere and 2 Shapes","floor":45,"turns":6},{"damage":6,"enemies":"Maw","floor":47,"turns":6},{"damage":17,"enemies":"4 Shapes","floor":49,"turns":4},{"damage":100,"enemies":"WA_ARCHETYPE_DIVINITY","floor":50,"turns":5}],"seed_played":"4404100121958065729","potions_obtained":[{"floor":5,"key":"GamblersBrew"},{"floor":6,"key":"hexamod:SoulburnPotion"},{"floor":9,"key":"Dexterity Potion"},{"floor":10,"key":"DistilledChaos"},{"floor":13,"key":"DistilledChaos"},{"floor":15,"key":"Dexterity Potion"},{"floor":22,"key":"champ:CounterPotion"},{"floor":27,"key":"hexamod:SoulburnPotion"},{"floor":29,"key":"Slimebound:ThreeZeroPotion"},{"floor":33,"key":"GamblersBrew"},{"floor":39,"key":"hexamod:SoulburnPotion"},{"floor":45,"key":"PowerPotion"},{"floor":47,"key":"SteroidPotion"}],"is_trial":false,"path_per_floor":["R","M","?","$","M","M","T","E","M","M","R","$","M","$","M","B",null,"R","M","$","$","M","E","T","E","R","M","R","M","?","E","M","B",null,"R","M","M","?","M","R","T","R","E","M","M","R","M","?","M","B"],"character_chosen":"THE_AUTOMATON","items_purchased":["bronze:ClassDefault","bronze:WhirlingStrike","bronze:Optimize","bronze:MaxOutput","Lee\u0027s Waffle","Bromod:ArcaneDeflection"],"campfire_rested":1,"item_purchase_floors":[4,4,14,20,20,20],"current_hp_per_floor":[77,76,76,76,76,76,76,63,63,53,53,53,45,45,42,38,77,77,54,84,84,83,43,43,23,63,57,75,84,70,79,84,64,84,94,93,93,93,94,94,94,94,75,50,54,75,79,79,72,0,0,0],"gold":308,"neow_bonus":"TEN_PERCENT_HP_BONUS","is_daily":false,"chose_seed":false,"campfire_upgraded":7,"win_rate":0.0,"timestamp":1612643715,"path_taken":["R","M","?","$","M","M","T","E","?","M","R","$","M","$","M","BOSS","R","M","?","$","M","E","T","E","R","M","R","M","?","E","M","BOSS","R","M","M","?","M","R","T","R","E","M","M","R","M","?","M","BOSS"],"items_purchased_type":["Card","Card","Card","Card","Relic","Relic"],"build_version":"2020-12-22","purchased_purges":1,"victory":false,"max_hp_per_floor":[77,77,77,77,77,77,77,77,77,77,77,77,77,77,77,77,77,77,77,84,84,84,84,84,84,84,84,84,84,84,84,84,84,84,94,94,94,94,94,94,94,94,94,94,94,94,94,94,94,94,94,94],"card_choices":[{"not_picked":["bronze:Iterate","bronze:BronzeArmor"],"picked":"bronze:DelayedSlice","floor":2},{"not_picked":["bronze:Invalidate","bronze:DelayedGuard"],"picked":"bronze:Iterate","floor":4},{"not_picked":["bronze:ClassDefault","bronze:DelayedGuard"],"picked":"bronze:FollowUp","floor":5},{"not_picked":["bronze:Allocate","bronze:BronzeArmor"],"picked":"bronze:ChildClass","floor":6},{"not_picked":["bronze:OilSpill","bronze:DelayedGuard"],"picked":"bronze:RecursiveStrike","floor":8},{"not_picked":["bronze:Frontload","bronze:DarkDash","bronze:DelayedGuard"],"picked":"SKIP","floor":9},{"not_picked":["bronze:Return","bronze:Flail"],"picked":"bronze:Boost","floor":10},{"not_picked":["bronze:Shield","bronze:WhirlingStrike"],"picked":"bronze:BronzeArmor","floor":12},{"not_picked":["bronze:WildBeam","bronze:BugBarrage"],"picked":"bronze:Overload","floor":13},{"not_picked":["bronze:Backtrace","bronze:ForLoop"],"picked":"bronze:ForceShield","floor":14},{"not_picked":["bronze:WildBeam","bronze:BuggyMess"],"picked":"bronze:Turbo","floor":15},{"not_picked":["bronze:SpaghettiCode","bronze:FindAndReplace"],"picked":"bronze:Mutator","floor":16},{"not_picked":["bronze:Turbo","bronze:Shell"],"picked":"bronze:Safeguard+1","floor":19},{"not_picked":["bronze:Deprecate+1","bronze:ClassDefault"],"picked":"bronze:WhirlingStrike+1","floor":20},{"not_picked":["bronze:Backtrace+1","bronze:Philosophize","bronze:DarkDash"],"picked":"SKIP","floor":22},{"not_picked":["bronze:Return","bronze:Iterate"],"picked":"bronze:Shield+1","floor":23},{"not_picked":["bronze:Deprecate","bronze:BugBarrage"],"picked":"bronze:ItsAFeature","floor":25},{"not_picked":["bronze:WildBeam","bronze:ChosenStrike"],"picked":"bronze:Repair","floor":27},{"not_picked":["bronze:BuggyMess","bronze:Branch+1"],"picked":"bronze:FineTuning","floor":29},{"not_picked":["bronze:Frontload+1","bronze:Philosophize+1"],"picked":"bronze:FollowUp+1","floor":31},{"not_picked":["bronze:DarkDash","bronze:WildBeam","bronze:Overheat"],"picked":"SKIP","floor":32},{"not_picked":["bronze:BurnOut","bronze:RecursiveStrike"],"picked":"bronze:AlphaBuild","floor":33},{"not_picked":["bronze:DelayedSlice+1","bronze:CloningBeam+1"],"picked":"bronze:OilSpill+1","floor":36},{"not_picked":["bronze:Overload","bronze:BitShift+1","bronze:CutThrough"],"picked":"SKIP","floor":37},{"not_picked":["bronze:BugBarrage+1","bronze:Backtrace"],"picked":"bronze:FineTuning+1","floor":39},{"not_picked":["bronze:NullPointer+1","bronze:Shell","bronze:DigitalCarnage+1"],"picked":"SKIP","floor":43},{"not_picked":["bronze:GetLatest+1","bronze:Repulsor"],"picked":"bronze:ChosenStrike+1","floor":44},{"not_picked":["bronze:CloningBeam+1","bronze:BuggyMess","bronze:BronzeOrb"],"picked":"SKIP","floor":45},{"not_picked":["bronze:BuggyMess","bronze:Turbo","bronze:Deprecate+1"],"picked":"SKIP","floor":47},{"not_picked":["bronze:NullPointer","bronze:Frontload+1"],"picked":"bronze:ForceShield+1","floor":49}],"player_experience":1215990,"relics_obtained":[{"floor":7,"key":"HornCleat"},{"floor":8,"key":"Torii"},{"floor":17,"key":"Bromod:ArcaneNullifier"},{"floor":17,"key":"Eternal Feather"},{"floor":17,"key":"Bromod:ArcaneAvenger"},{"floor":23,"key":"CeramicFish"},{"floor":25,"key":"Art of War"},{"floor":31,"key":"Gambling Chip"},{"floor":41,"key":"Vajra"},{"floor":43,"key":"Ginger"}],"event_choices":[{"cards_removed":["bronze:ChildClass"],"damage_healed":0,"gold_gain":0,"player_choice":"Removed Skill","damage_taken":0,"max_hp_gain":0,"max_hp_loss":0,"event_name":"Falling","floor":48,"gold_loss":0}],"is_beta":false,"boss_relics":[{"not_picked":["Cursed Key","SlaversCollar"],"picked":"Calling Bell"},{"not_picked":["Velvet Choker","Runic Pyramid"],"picked":"bronze:PlatinumCore"}],"items_purged_floors":[20],"is_endless":false,"potions_floor_spawned":[5,6,9,10,13,15,22,27,29,31,33,39,45,47],"killed_by":"WA_ARCHETYPE_DIVINITY","ascension_level":0}}