{"host":"rolltorest","time":1612597714,"event":{"mods":["BaseMod","Minty Spire (QoL Compilation)","Relic Stats","Slay the Relics Exporter","StSLib"],"gold_per_floor":[115,115,129,129,129,156,156,190,260,278,312,312,330,359,359,433,433,446,462,16,16,16],"floor_reached":21,"language":"ENG","playtime":534,"items_purged":["Strike_G"],"score":464,"play_id":"859bfc1d-0091-404c-a621-631043b19222","local_time":"20210205234834","is_ascension_mode":true,"campfire_choices":[{"data":"Deadly Poison","floor":7,"key":"SMITH"},{"floor":12,"key":"REST"},{"data":"Dash","floor":15,"key":"SMITH"}],"circlet_count":0,"master_deck":["AscendersBane","Strike_G","Strike_G","Strike_G","Defend_G","Defend_G","Defend_G","Defend_G","Defend_G","Survivor","Neutralize","Deadly Poison+1","Predator","Catalyst","Blade Dance","Blade Dance","Dash+1","Catalyst","Adrenaline","Finisher","Blade Dance","PiercingWail"],"relics":["Ring of the Snake","NeowsBlessing","Snake Skull","PreservedInsect","Shuriken","Bottled Flame","Ginger","Cursed Key","Membership Card","Pantograph","Anchor"],"acts_visited":["Exordium","TheCity"],"potions_floor_usage":[11,14,14,16],"damage_taken":[{"damage":0,"enemies":"2 Louse","floor":1,"turns":1},{"damage":0,"enemies":"Jaw Worm","floor":3,"turns":1},{"damage":0,"enemies":"3 Sentries","floor":6,"turns":1},{"damage":36,"enemies":"Gremlin Nob","floor":8,"turns":4},{"damage":0,"enemies":"Cultist","floor":10,"turns":3},{"damage":10,"enemies":"Lagavulin","floor":11,"turns":3},{"damage":0,"enemies":"Red Slaver","floor":13,"turns":3},{"damage":5,"enemies":"3 Sentries","floor":14,"turns":6},{"damage":17,"enemies":"The Guardian","floor":16,"turns":7},{"damage":3,"enemies":"Chosen","floor":18,"turns":4},{"damage":12,"enemies":"3 Byrds","floor":19,"turns":5},{"damage":17,"enemies":"Cultist and Chosen","floor":21,"turns":5}],"seed_played":"-116770424771383014","potions_obtained":[{"floor":1,"key":"EntropicBrew"},{"floor":6,"key":"DistilledChaos"},{"floor":10,"key":"Poison Potion"},{"floor":14,"key":"Block Potion"}],"is_trial":false,"path_per_floor":["M","?","M","$","?","E","R","E","T","M","E","R","M","E","R","B",null,"M","M","$","M"],"character_chosen":"THE_SILENT","items_purchased":["Membership Card","Pantograph","PiercingWail","Anchor"],"campfire_rested":1,"item_purchase_floors":[20,20,20,20],"current_hp_per_floor":[59,52,52,52,52,52,52,16,16,16,6,25,25,20,20,3,50,47,35,35,18,18],"gold":16,"neow_bonus":"THREE_ENEMY_KILL","is_daily":false,"chose_seed":false,"campfire_upgraded":2,"win_rate":0.0,"timestamp":1612597714,"path_taken":["M","?","M","$","?","E","R","E","T","M","E","R","?","E","R","BOSS","M","M","$","M"],"items_purchased_type":["Relic","Relic","Card","Relic"],"build_version":"2020-12-18","purchased_purges":1,"victory":false,"max_hp_per_floor":[66,66,66,66,66,66,66,66,66,66,66,66,66,66,66,66,66,66,66,66,66,66],"relic_stats":{"counters":[12,43],"Shuriken":[20],"Pantograph":0,"Snake Skull":[17],"PreservedInsect":60,"Ginger":[3],"Cursed Key":0,"obtain_stats":[{"Bottled Flame":11,"Anchor":20,"NeowsBlessing":0,"Shuriken":9,"Pantograph":20,"Snake Skull":6,"PreservedInsect":8,"Ginger":14,"Membership Card":20,"Cursed Key":17,"Ring of the Snake":0},{"Bottled Flame":6,"Anchor":11,"NeowsBlessing":0,"Shuriken":4,"Pantograph":11,"Snake Skull":3,"PreservedInsect":4,"Ginger":8,"Membership Card":11,"Cursed Key":9,"Ring of the Snake":0},{"Bottled Flame":13,"Anchor":38,"NeowsBlessing":0,"Shuriken":7,"Pantograph":38,"Snake Skull":3,"PreservedInsect":7,"Ginger":22,"Membership Card":38,"Cursed Key":29,"Ring of the Snake":0}],"Ring of the Snake":[24]},"card_choices":[{"not_picked":["Expertise","Endless Agony","Dagger Throw"],"picked":"SKIP","floor":1},{"not_picked":["Dagger Spray","Heel Hook"],"picked":"Deadly Poison","floor":3},{"not_picked":["Tactician","Blur"],"picked":"Catalyst","floor":6},{"not_picked":["Deflect","Dodge and Roll","Blur"],"picked":"SKIP","floor":8},{"not_picked":["Dagger Spray","Deflect"],"picked":"Blade Dance","floor":10},{"not_picked":["Deflect","Deadly Poison"],"picked":"Blade Dance","floor":11},{"not_picked":["Outmaneuver","Flying Knee"],"picked":"Dash","floor":13},{"not_picked":["Dodge and Roll","Storm of Steel"],"picked":"Catalyst","floor":14},{"not_picked":["Tools of the Trade","Unload"],"picked":"Adrenaline","floor":16},{"not_picked":["Eviscerate","Outmaneuver"],"picked":"Finisher","floor":18},{"not_picked":["Riddle With Holes","Dash"],"picked":"Blade Dance","floor":19}],"player_experience":1884792,"relics_obtained":[{"floor":6,"key":"Snake Skull"},{"floor":8,"key":"PreservedInsect"},{"floor":9,"key":"Shuriken"},{"floor":11,"key":"Bottled Flame"},{"floor":14,"key":"Ginger"}],"event_choices":[{"cards_removed":["Strike_G"],"damage_healed":0,"gold_gain":0,"player_choice":"Card Removal","damage_taken":7,"max_hp_gain":0,"max_hp_loss":0,"event_name":"Golden Wing","floor":2,"gold_loss":0},{"damage_healed":0,"gold_gain":0,"player_choice":"1 cards matched","damage_taken":0,"max_hp_gain":0,"max_hp_loss":0,"event_name":"Match and Keep!","floor":5,"gold_loss":0,"cards_obtained":["Predator"]}],"is_beta":true,"boss_relics":[{"not_picked":["Busted Crown","Fusion Hammer"],"picked":"Cursed Key"}],"items_purged_floors":[20],"is_endless":false,"potions_floor_spawned":[1,6,10,14],"killed_by":"Cultist and Chosen","ascension_level":20}}