{"host":"92wx9z21c4p52du4","time":1612654410,"event":{"mods":["Arknights","BaseMod","Infinite Spire","Lobotomy","Minty Spire (QoL Compilation)","Reliquary","Robot Space Explorer","StSLib","The Blue Laboratory","The Disciple","The Jungle","The Runesmith","TheSurvivalist"],"gold_per_floor":[117,292,292,292,16,50,50,60,134,134,147,147,75,86,86,86,86],"floor_reached":16,"language":"ENG","playtime":939,"items_purged":["Defend_Br"],"score":98,"play_id":"43ce48b1-94d1-42ba-a86e-f2ce7c072f11","local_time":"20210206173330","is_ascension_mode":false,"campfire_choices":[{"floor":7.0,"key":"REST"},{"data":"SecondHand","floor":10.0,"key":"SMITH"},{"data":"BeatsPerMinute","floor":15.0,"key":"SMITH"}],"circlet_count":0,"master_deck":["Strike_Br","Strike_Br","Strike_Br","Strike_Br","Defend_Br","Defend_Br","Defend_Br","SecondHand+1","PatternShift","CrumblingArmor","LockedScales","BlueShift","LittleHelper","LockedCalendar","NakedNest","SlimeSpray","HandsUpB","SpiderBud","BeatsPerMinute+1","Ritenuto","AlternateTimeline"],"relics":["Chronometer","CogitoBucket","Lantern","Juzu Bracelet","reliquary:BoilingFlask","Eternal Feather","BlueBox"],"acts_visited":["Exordium"],"potions_floor_usage":[],"damage_taken":[{"damage":2.0,"enemies":"Small Slimes","floor":1.0,"turns":5.0},{"damage":18.0,"enemies":"Gremlin Nob","floor":6.0,"turns":6.0},{"damage":9.0,"enemies":"2 Louse","floor":8.0,"turns":4.0},{"damage":14.0,"enemies":"Cultist","floor":11.0,"turns":6.0},{"damage":8.0,"enemies":"Red Slaver","floor":14.0,"turns":5.0},{"damage":30,"enemies":"Slime Boss","floor":16,"turns":7}],"seed_played":"-491859840582209553","potions_obtained":[{"floor":11.0,"key":"blueLaboratory:HummingbirdPotion"},{"floor":14.0,"key":"HastePotion"}],"is_trial":false,"path_per_floor":["M","?","?","?","$","E","R","M","T","R","M","?","$","M","R","B"],"character_chosen":"CHRONO_CLASS","items_purchased":["Juzu Bracelet","BlueShift","BeatsPerMinute"],"campfire_rested":1,"item_purchase_floors":[5,5,13],"current_hp_per_floor":[63,63,38,38,38,20,39,30,30,39,25,25,25,17,29,0,0],"gold":86,"neow_bonus":"","is_daily":false,"chose_seed":false,"campfire_upgraded":2,"win_rate":0.0,"timestamp":1612654410,"path_taken":["M","?","?","?","$","E","R","M","T","R","M","?","?","M","R","BOSS"],"items_purchased_type":["Relic","Card","Card"],"build_version":"2020-12-22","purchased_purges":1,"victory":false,"max_hp_per_floor":[65,65,65,65,65,65,65,65,65,65,65,65,65,65,65,65,65],"card_choices":[{"not_picked":["DreamingCurrent","SpiderBud"],"picked":"CrumblingArmor","floor":1.0},{"not_picked":["Break","Stagnate"],"picked":"LockedScales","floor":1.0},{"not_picked":["DespairKnight","LaLuna","PunishingBird"],"picked":"Singing Bowl","floor":6.0},{"not_picked":["SpiderBud","PunishingBird"],"picked":"LittleHelper","floor":6.0},{"not_picked":["Chronoelasticity","BlueShift"],"picked":"LockedCalendar","floor":6.0},{"not_picked":["CherryBlossoms","Funeral","PunishingBird"],"picked":"Singing Bowl","floor":8.0},{"not_picked":["LaLuna","Murderer"],"picked":"NakedNest","floor":8.0},{"not_picked":["BiteCommand","BlueShift"],"picked":"SlimeSpray","floor":8.0},{"not_picked":["Tempo","BlueShift"],"picked":"HandsUpB","floor":11.0},{"not_picked":["BlueShift","CrunchTime"],"picked":"AlternateTimeline","floor":14.0}],"player_experience":187427,"relics_obtained":[{"floor":6.0,"key":"reliquary:BoilingFlask"},{"floor":9.0,"key":"Eternal Feather"}],"event_choices":[{"damage_healed":0.0,"max_hp_gain":0.0,"max_hp_loss":0.0,"gold_gain":175.0,"event_name":"Liars Game","player_choice":"AGREE","floor":2.0,"gold_loss":0.0,"damage_taken":0.0,"cards_obtained":["Doubt"]},{"damage_healed":0.0,"max_hp_gain":0.0,"max_hp_loss":0.0,"gold_gain":0.0,"event_name":"Scrap Ooze","player_choice":"Success","floor":3.0,"gold_loss":0.0,"damage_taken":25.0,"relics_obtained":["Lantern"]},{"cards_removed":["Doubt"],"damage_healed":0.0,"max_hp_gain":0.0,"max_hp_loss":0.0,"gold_gain":0.0,"event_name":"Fountain of Cleansing","player_choice":"Removed Curses","floor":4.0,"gold_loss":0.0,"damage_taken":0.0},{"damage_healed":0.0,"max_hp_gain":0.0,"max_hp_loss":0.0,"gold_gain":0.0,"event_name":"WeMeetAgain","player_choice":"Gave Potion","floor":12.0,"gold_loss":0.0,"damage_taken":0.0,"relics_obtained":["BlueBox"]}],"is_beta":false,"boss_relics":[],"items_purged_floors":[5],"is_endless":false,"potions_floor_spawned":[11,14],"killed_by":"Slime Boss","ascension_level":0}}