{"host":"6drv1qzpbnls60z2","time":1612604293,"event":{"mods":["ATMod(°¢èªMod)","Act Like it!","Arknights","BaseMod","Hallownest","Jedi Mod","Minty Spire (QoL Compilation)","Reliquary","Replay The Spire","Shop Mod","Spicy Shops","StSLib","Uncapped","¡¾ÒÅÎï¿¨ÅÆ¡¿REMEMod","²ÐÁôÖ®Îï","óô»ðÖ¸ÄÏ"],"gold_per_floor":[109,121,19,34,34,34,47,79,103,132,144,144,177,194,30,103,103,120,120,140,157,170,170,183,183,236,236,236,294,81,141,141,238,238,279,33,122,167,167,220,64,218,218,272,272,316,6,43,43,93,93],"floor_reached":50,"language":"ZHS","playtime":3818,"items_purged":[],"score":1498,"play_id":"21d5094a-ac3c-489f-9277-984a9c2153e5","local_time":"20210206173813","daily_mods":["SealedDeck","Heirloom","Time Dilation"],"is_ascension_mode":true,"campfire_choices":[{"data":"ats:Composite Medical Shells","floor":6,"key":"SMITH"},{"data":"ats:Phantom","floor":23,"key":"SMITH"},{"data":"ats:Healing Strengthening","floor":25,"key":"SMITH"},{"data":"ats:Encircling Forest","floor":27,"key":"SMITH"},{"data":"ats:Assault Order","floor":32,"key":"SMITH"},{"data":"ats:Sashimi Platter","floor":49,"key":"SMITH"}],"circlet_count":0,"master_deck":["AscendersBane","AT_Desolate","PlaceholderMod:DoublePoint","ats:Blood Oath","ats:Closed Bolt Burst Fire","ats:Defend Order","ats:Absolute Focus","ats:Apocalypse","ats:Shell Defense","ats:Thorns","ats:Revitalization","ats:Composite Medical Shells+1","ats:Collapsing Strike","ats:Sashimi Platter+1","ats:Counter Healing Mode","ats:Apocalypse","ats:Healing Drone","ats:Assault Order+1","ats:Roar Of Ursus","ats:Sword Rain","ats:Healing Drone","ats:Steam Pump","ats:Phantom+1","ats:Chain Hook","ats:Wolf Pack","ats:Encircling Forest+1","ats:Healing Strengthening+1","ats:Sashimi Platter","ats:Spore Proliferation","ats:Rat Pack","Parasite","ats:Absolute Focus","ats:Healing Strengthening+1","ats:Spore Proliferation+1","ats:Assault Order","ats:Shadow Raid","ats:Chain Hook","Dark Shackles","Purity","ReplayTheSpireMod:Uncanny Aura","ats:Collapsing Strike","ats:Charging Defense","ats:Encircling Forest+1"],"relics":["ats:Sanity","AT_ATBox","REME_ComplimentaryCards","TungstenRod","ats:Originium","Juzu Bracelet","PreservedInsect","reliquary:PorcupineQuills","Turnip","AT_MibuBalloonWealth","Dream Catcher","AT_ChloranthyRing","Black Star","Replay:Wax Seal","MerchantsRug","Darkstone Periapt","reliquary:Aerogel","Lee\u0027s Waffle","ats:Military Tradition","ats:Emergency Defibrillator","Pantograph","REME_HandOfSuture","White Beast Statue","Strange Spoon"],"acts_visited":["Exordium","TheCity","TheBeyond"],"potions_floor_usage":[8,8,24,33,33,38,42,48,50],"damage_taken":[{"damage":11,"enemies":"Jaw Worm","floor":1,"turns":3},{"damage":0,"enemies":"Cultist","floor":2,"turns":2},{"damage":7,"enemies":"2 Louse","floor":4,"turns":2},{"damage":21,"enemies":"Red Slaver","floor":7,"turns":3},{"damage":37,"enemies":"Gremlin Nob","floor":8,"turns":4},{"damage":27,"enemies":"3 Sentries","floor":10,"turns":4},{"damage":0,"enemies":"3 Louse","floor":11,"turns":2},{"damage":18,"enemies":"Replay:BlueRogue","floor":13,"turns":4},{"damage":24,"enemies":"Exordium Wildlife","floor":14,"turns":3},{"damage":51,"enemies":"Slime Boss","floor":16,"turns":9},{"damage":31,"enemies":"Spheric Guardian","floor":18,"turns":5},{"damage":15,"enemies":"3 Byrds","floor":20,"turns":5},{"damage":61,"enemies":"Cultist and Chosen","floor":21,"turns":5},{"damage":36,"enemies":"Snake Plant","floor":22,"turns":4},{"damage":29,"enemies":"Centurion and Healer","floor":24,"turns":7},{"damage":39,"enemies":"Replay:Snechameleon","floor":29,"turns":5},{"damage":53,"enemies":"Cultist and Chosen","floor":31,"turns":4},{"damage":69,"enemies":"Champ","floor":33,"turns":9},{"damage":32,"enemies":"Orb Walker","floor":35,"turns":6},{"damage":58,"enemies":"3 Shapes","floor":37,"turns":4},{"damage":45,"enemies":"Writhing Mass","floor":38,"turns":7},{"damage":91,"enemies":"Giant Head","floor":40,"turns":8},{"damage":8,"enemies":"Reptomancer","floor":42,"turns":6},{"damage":93,"enemies":"Giant Head","floor":44,"turns":9},{"damage":59,"enemies":"Transient","floor":46,"turns":6},{"damage":45,"enemies":"Spire Growth","floor":48,"turns":6},{"damage":169,"enemies":"Awakened One","floor":50,"turns":7}],"seed_played":"-7779553937723049707","potions_obtained":[{"floor":2,"key":"LiquidBronze"},{"floor":4,"key":"FearPotion"},{"floor":8,"key":"ats:Top Emergency Sanity Potion"},{"floor":10,"key":"FairyPotion"},{"floor":29,"key":"FearPotion"},{"floor":31,"key":"EssenceOfSteel"},{"floor":33,"key":"Adrenaline Potion"},{"floor":37,"key":"jedi:StrikingPotion"},{"floor":44,"key":"Death Potion"},{"floor":46,"key":"jedi:StrikingPotion"},{"floor":48,"key":"jedi:holywater"}],"is_trial":true,"path_per_floor":["M","M","$","M","?","R","M","E","T","E","M","?","E","M","R","B",null,"M","$","M","M","M","R","M","R","T","R","?","E","$","M","R","B",null,"M","$","M","M","?","E","R","E","T","E","?","M","$","M","R","B"],"character_chosen":"DOCTOR_CLASS","items_purchased":["ats:Counter Healing Mode","ats:Apocalypse","ats:Phantom","ats:Chain Hook","AT_ChloranthyRing","ats:Spore Proliferation","Replay:Wax Seal","MerchantsRug","ats:Assault Order","Lee\u0027s Waffle","ats:Shadow Raid","Strange Spoon","ats:Charging Defense","ats:Encircling Forest+1"],"campfire_rested":0,"item_purchase_floors":[3,3,15,15,30,30,36,36,41,41,41,47,47,47],"current_hp_per_floor":[67,72,72,68,72,72,66,39,39,45,48,48,65,55,55,53,67,68,68,71,20,41,41,68,68,68,68,68,70,70,45,45,72,72,58,58,33,72,72,36,79,79,79,75,66,50,50,37,37,0,0],"gold":93,"neow_bonus":"","is_daily":false,"chose_seed":false,"campfire_upgraded":6,"win_rate":0.0,"timestamp":1612604293,"path_taken":["M","M","$","M","?","R","M","E","T","E","M","?","E","M","R","BOSS","M","$","M","M","M","R","M","R","T","R","?","E","$","M","R","BOSS","M","$","M","M","?","E","R","E","T","E","?","M","$","M","R","BOSS"],"items_purchased_type":["Card","Card","Card","Card","Relic","Card","Relic","Relic","Card","Relic","Card","Relic","Card","Card"],"build_version":"2020-12-22","purchased_purges":0,"victory":false,"max_hp_per_floor":[72,72,72,72,72,72,72,72,72,72,72,72,72,72,72,72,72,72,72,72,72,72,72,72,72,72,72,72,72,72,72,72,72,72,72,72,72,72,72,72,79,79,79,79,79,79,79,79,79,79,79],"card_choices":[{"not_picked":["ats:Absolute Focus","ats:Revitalization"],"picked":"ats:Sashimi Platter","floor":1},{"not_picked":["ats:Powerful Strike","ats:Mental Burst","ats:Poison Spread"],"picked":"SKIP","floor":2},{"not_picked":["ats:Soul Absorption","ats:Burning Ground"],"picked":"ats:Healing Drone","floor":4},{"not_picked":["ats:Flexible Camouflage","ats:Curse Doll"],"picked":"ats:Assault Order","floor":7},{"not_picked":["ats:Neurotoxin","ats:Absolute Focus"],"picked":"ats:Roar Of Ursus","floor":8},{"not_picked":["ats:Chain Hook","ats:Closed Bolt Burst Fire"],"picked":"ats:Sword Rain","floor":10},{"not_picked":["ats:Hammer On","ats:Thermite Blade","ats:Ignite"],"picked":"SKIP","floor":11},{"not_picked":["ats:Apocalypse","ats:Explosion Area Strengthen"],"picked":"ats:Healing Drone","floor":13},{"not_picked":["ats:Roar Of Ursus","ats:Curse Doll"],"picked":"ats:Steam Pump","floor":14},{"not_picked":["ats:Volcano","ats:Echo Reverb"],"picked":"ats:Wolf Pack","floor":16},{"not_picked":["ats:Ignite+1","ats:Leaping Hammer"],"picked":"ats:Encircling Forest","floor":18},{"not_picked":["ats:Automatic Cover+1","ats:Absolute Focus","ats:Consecutive Shot Auto"],"picked":"SKIP","floor":20},{"not_picked":["ats:Flame Of Heaven","ats:Mental Burst"],"picked":"ats:Healing Strengthening","floor":21},{"not_picked":["ats:Curse Doll+1","ats:Composite Medical Shells","ats:Apocalypse"],"picked":"SKIP","floor":22},{"not_picked":["ats:Curse Doll","ats:Revitalization","ats:Powerful Strike"],"picked":"SKIP","floor":24},{"not_picked":["ats:Composite Medical Shells","ats:Explosion Area Strengthen","ats:Song Of Battle"],"picked":"SKIP","floor":29},{"not_picked":["ats:Curse Doll","ats:Shell Defense","ats:Consecutive Shot Auto+1"],"picked":"SKIP","floor":31},{"not_picked":["ats:Shadow Assault","ats:Fractured Body"],"picked":"ats:Rat Pack","floor":33},{"not_picked":["ats:Shell Defense","ats:Defend Order","ats:Flexible Camouflage"],"picked":"SKIP","floor":35},{"not_picked":["ats:Poison Spread","ats:Blood Oath+1","ats:Overload"],"picked":"SKIP","floor":37},{"not_picked":["ats:Flexible Camouflage","ats:Overload"],"picked":"ats:Absolute Focus","floor":38},{"not_picked":["ats:Explosion Area Strengthen","ats:Leaping Hammer"],"picked":"ats:Spore Proliferation+1","floor":40},{"not_picked":["ats:Magnetic Hammer","ats:Beaten Up","ats:Revitalization+1"],"picked":"SKIP","floor":42},{"not_picked":["ats:Shell Defense","ats:Demon Strength+1"],"picked":"ats:Chain Hook","floor":44},{"not_picked":["Panacea","Impatience"],"picked":"Dark Shackles","floor":45},{"not_picked":["Discovery","AT_CelerityRune"],"picked":"Purity","floor":45},{"not_picked":["Replay:BasicMightCard","AT_BreakingExtremeWeapon"],"picked":"ReplayTheSpireMod:Uncanny Aura","floor":45},{"not_picked":["ats:Neurotoxin","ats:Consecutive Shot Auto"],"picked":"ats:Collapsing Strike","floor":46},{"not_picked":["ats:Consecutive Shot Auto","ats:Revitalization","ats:Flame Of Heaven"],"picked":"SKIP","floor":48}],"player_experience":190853,"relics_obtained":[{"floor":8,"key":"ats:Originium"},{"floor":8,"key":"Juzu Bracelet"},{"floor":9,"key":"PreservedInsect"},{"floor":10,"key":"ats:Originium"},{"floor":10,"key":"reliquary:PorcupineQuills"},{"floor":13,"key":"ats:Originium"},{"floor":13,"key":"Turnip"},{"floor":26,"key":"AT_MibuBalloonWealth"},{"floor":29,"key":"ats:Originium"},{"floor":29,"key":"Dream Catcher"},{"floor":40,"key":"Darkstone Periapt"},{"floor":40,"key":"reliquary:Aerogel"},{"floor":42,"key":"ats:Military Tradition"},{"floor":42,"key":"ats:Emergency Defibrillator"},{"floor":43,"key":"Pantograph"},{"floor":44,"key":"REME_HandOfSuture"},{"floor":44,"key":"White Beast Statue"}],"event_choices":[{"damage_healed":4,"gold_gain":0,"player_choice":"Full Heal","damage_taken":0,"max_hp_gain":0,"max_hp_loss":0,"event_name":"Wheel of Change","floor":5,"gold_loss":0},{"damage_healed":0,"gold_gain":0,"player_choice":"Ignored","damage_taken":0,"max_hp_gain":0,"max_hp_loss":0,"event_name":"Purifier","floor":12,"gold_loss":0},{"damage_healed":0,"gold_gain":0,"player_choice":"Read","damage_taken":0,"max_hp_gain":0,"max_hp_loss":0,"event_name":"The Library","floor":28,"gold_loss":0,"cards_obtained":["ats:Sashimi Platter"]},{"damage_healed":0,"gold_gain":0,"player_choice":"Copied","damage_taken":0,"max_hp_gain":0,"max_hp_loss":0,"event_name":"Duplicator","floor":39,"gold_loss":0,"cards_obtained":["ats:Healing Strengthening"]},{"damage_healed":0,"gold_gain":0,"player_choice":"Memory 3","damage_taken":10,"max_hp_gain":0,"max_hp_loss":0,"event_name":"SensoryStone","floor":45,"gold_loss":0}],"is_beta":false,"boss_relics":[{"not_picked":["Runic Pyramid","Sozu"],"picked":"reliquary:Craggleroot"},{"not_picked":["Empty Cage","Abe\u0027s Treasure"],"picked":"Black Star"}],"items_purged_floors":[],"is_endless":true,"potions_floor_spawned":[2,4,8,10,20,21,29,31,33,37,44,46,48],"killed_by":"Awakened One","ascension_level":20}}