{"host":"Oniwa","time":1612604783,"event":{"mods":["BaseMod","Colored Map","Colored Powertips","Minty Spire (QoL Compilation)","Relic Stats","Slay the Relics Exporter","SpireBot","StSLib","ojb\u0027s Better Paths Mod","ojb\u0027s Info Mod"],"gold_per_floor":[15,15,28,28,48,48,64,107,107,138,161,202,218,242,242,340,340,360,39,59,83,2,40,65,65,112,112,31,67,67,103,103,198,198,211,47,70,70,84,84,128,128,154,55,80,355,375,411,411,411,411,411,411,18,18,18],"floor_reached":55,"language":"JPN","playtime":4849,"items_purged":["Strike_R","Anger"],"score":2289,"play_id":"f18b278e-f3fe-4483-91a2-8109d1573ba6","local_time":"20210206184623","is_ascension_mode":true,"campfire_choices":[{"data":"Uppercut","floor":6,"key":"SMITH"},{"data":"Armaments","floor":15,"key":"SMITH"},{"data":"Immolate","floor":25,"key":"SMITH"},{"floor":27,"key":"REST"},{"data":"Feel No Pain","floor":32,"key":"SMITH"},{"data":"Disarm","floor":40,"key":"SMITH"},{"data":"Barricade","floor":42,"key":"SMITH"},{"floor":49,"key":"RECALL"},{"data":"Dark Embrace","floor":53,"key":"SMITH"}],"circlet_count":0,"master_deck":["AscendersBane","Strike_R+1","Defend_R+1","Defend_R+1","Defend_R+1","Defend_R+1","Bash","Flame Barrier","Cleave","Sever Soul","Uppercut+1","Inflame","Offering","Intimidate+1","Armaments+1","Thunderclap","Fire Breathing","Immolate+1","Pommel Strike","Feel No Pain+1","Offering","Dark Embrace+1","Barricade+1","Offering","True Grit+1","Juggernaut","Offering","Headbutt+1","Disarm+1","Shrug It Off","Havoc","Regret","Body Slam","Corruption","Evolve"],"relics":["Burning Blood","Golden Idol","Meat on the Bone","Thread and Needle","TungstenRod","Du-Vu Doll","SlaversCollar","DollysMirror","Self Forming Clay","Toy Ornithopter","Letter Opener","Boot","Coffee Dripper","Happy Flower","Dream Catcher","War Paint","Anchor","OrangePellets"],"acts_visited":["Exordium","TheCity","TheBeyond","TheEnding"],"potions_floor_usage":[10,21,23,31],"damage_taken":[{"damage":2,"enemies":"Jaw Worm","floor":1,"turns":5},{"damage":1,"enemies":"Cultist","floor":3,"turns":3},{"damage":3,"enemies":"2 Louse","floor":5,"turns":3},{"damage":9,"enemies":"Large Slime","floor":7,"turns":6},{"damage":13,"enemies":"Lagavulin","floor":8,"turns":5},{"damage":2,"enemies":"Gremlin Nob","floor":10,"turns":3},{"damage":0,"enemies":"2 Fungi Beasts","floor":11,"turns":3},{"damage":11,"enemies":"3 Sentries","floor":12,"turns":6},{"damage":5,"enemies":"Exordium Thugs","floor":13,"turns":3},{"damage":1,"enemies":"3 Louse","floor":14,"turns":4},{"damage":23,"enemies":"Slime Boss","floor":16,"turns":6},{"damage":13,"enemies":"Shell Parasite","floor":18,"turns":7},{"damage":5,"enemies":"Chosen","floor":20,"turns":6},{"damage":37,"enemies":"Snake Plant","floor":21,"turns":5},{"damage":13,"enemies":"Book of Stabbing","floor":23,"turns":4},{"damage":26,"enemies":"Shelled Parasite and Fungi","floor":24,"turns":8},{"damage":10,"enemies":"Slavers","floor":29,"turns":2},{"damage":25,"enemies":"Book of Stabbing","floor":31,"turns":5},{"damage":35,"enemies":"Automaton","floor":33,"turns":8},{"damage":15,"enemies":"3 Darklings","floor":35,"turns":2},{"damage":20,"enemies":"3 Shapes","floor":37,"turns":4},{"damage":17,"enemies":"Spire Growth","floor":39,"turns":3},{"damage":20,"enemies":"Nemesis","floor":41,"turns":5},{"damage":21,"enemies":"Transient","floor":45,"turns":6},{"damage":19,"enemies":"Maw","floor":47,"turns":7},{"damage":21,"enemies":"Giant Head","floor":48,"turns":5},{"damage":29,"enemies":"Time Eater","floor":50,"turns":11},{"damage":15,"enemies":"Awakened One","floor":51,"turns":7},{"damage":58,"enemies":"Shield and Spear","floor":55,"turns":2}],"seed_played":"-7820205306773845275","potions_obtained":[{"floor":1,"key":"DistilledChaos"},{"floor":10,"key":"LiquidBronze"},{"floor":12,"key":"ElixirPotion"},{"floor":21,"key":"SteroidPotion"},{"floor":29,"key":"FearPotion"},{"floor":35,"key":"Energy Potion"}],"is_trial":false,"path_per_floor":["M","?","M","?","M","R","M","E","T","E","M","E","M","M","R","B",null,"M","$","M","M","$","E","M","R","T","R","$","E","?","E","R","B",null,"M","$","M","?","M","R","E","R","T","?","M","?","M","E","R","B","B",null,"R","$","E"],"character_chosen":"IRONCLAD","items_purchased":["Feel No Pain","DollysMirror","DuplicationPotion","Offering","Happy Flower","OrangePellets","SpeedPotion","Evolve"],"campfire_rested":1,"item_purchase_floors":[19,19,22,28,36,54,54,54],"current_hp_per_floor":[72,68,68,68,68,68,65,58,58,62,68,63,64,68,68,51,64,57,57,58,39,39,44,36,36,36,56,56,52,52,50,50,33,59,50,50,48,48,49,49,47,47,47,47,44,44,43,40,40,29,32,57,57,57,0,0],"gold":18,"neow_bonus":"TRANSFORM_TWO_CARDS","is_daily":false,"chose_seed":false,"campfire_upgraded":7,"win_rate":0.0,"timestamp":1612604783,"path_taken":["M","?","M","?","M","R","M","E","T","E","M","E","M","M","R","BOSS","M","?","?","M","$","E","M","R","T","R","$","E","?","E","R","BOSS","M","$","M","?","M","R","E","R","T","?","?","?","M","E","R","BOSS","BOSS","R","$","E"],"items_purchased_type":["Card","Relic","Potion","Card","Relic","Relic","Potion","Card"],"build_version":"2020-12-18","purchased_purges":2,"victory":false,"max_hp_per_floor":[75,68,68,68,68,68,68,68,68,68,68,68,68,68,68,68,68,68,68,68,68,68,68,68,68,68,68,68,68,68,68,68,68,68,68,68,68,65,65,65,65,65,65,65,65,65,65,65,65,65,65,65,65,65,65,65],"relic_stats":{"Happy Flower":[16],"counters":[29,144],"Golden Idol":198,"Self Forming Clay":[150],"Letter Opener":[159],"War Paint":["Intimidate","True Grit"],"Boot":[19],"Burning Blood":159,"OrangePellets":[0],"Dream Catcher":0,"obtain_stats":[{"Happy Flower":36,"Golden Idol":2,"Self Forming Clay":23,"Thread and Needle":9,"Letter Opener":29,"War Paint":44,"Boot":31,"Burning Blood":0,"Du-Vu Doll":12,"SlaversCollar":17,"OrangePellets":54,"Dream Catcher":41,"Anchor":48,"DollysMirror":19,"Coffee Dripper":34,"TungstenRod":10,"Toy Ornithopter":26,"Meat on the Bone":8},{"Happy Flower":20,"Golden Idol":1,"Self Forming Clay":15,"Thread and Needle":5,"Letter Opener":17,"War Paint":23,"Boot":18,"Burning Blood":0,"Du-Vu Doll":8,"SlaversCollar":11,"OrangePellets":28,"Dream Catcher":23,"Anchor":26,"DollysMirror":12,"Coffee Dripper":19,"TungstenRod":6,"Toy Ornithopter":16,"Meat on the Bone":5},{"Happy Flower":94,"Golden Idol":5,"Self Forming Clay":69,"Thread and Needle":22,"Letter Opener":79,"War Paint":106,"Boot":84,"Burning Blood":0,"Du-Vu Doll":34,"SlaversCollar":47,"OrangePellets":142,"Dream Catcher":106,"Anchor":124,"DollysMirror":54,"Coffee Dripper":92,"TungstenRod":25,"Toy Ornithopter":77,"Meat on the Bone":22}],"TungstenRod":85,"Toy Ornithopter":5,"Meat on the Bone":156},"card_choices":[{"not_picked":["Pummel","Perfected Strike"],"picked":"Anger","floor":1},{"not_picked":["Cleave","Intimidate"],"picked":"Sever Soul","floor":3},{"not_picked":["Perfected Strike","Shrug It Off"],"picked":"Uppercut","floor":5},{"not_picked":["Pommel Strike","Flex"],"picked":"Inflame","floor":7},{"not_picked":["Wild Strike","Warcry","Iron Wave"],"picked":"SKIP","floor":8},{"not_picked":["Shrug It Off","Sentinel"],"picked":"Offering","floor":10},{"not_picked":["Clothesline","Cleave"],"picked":"Intimidate","floor":11},{"not_picked":["Shrug It Off","Flame Barrier"],"picked":"Armaments","floor":12},{"not_picked":["Anger","Inflame"],"picked":"Thunderclap","floor":13},{"not_picked":["Clash","Barricade"],"picked":"Fire Breathing","floor":14},{"not_picked":["Bludgeon","Double Tap"],"picked":"Immolate","floor":16},{"not_picked":["Havoc","Searing Blow"],"picked":"Pommel Strike","floor":18},{"not_picked":["Bloodletting","Wild Strike","Thunderclap"],"picked":"SKIP","floor":20},{"not_picked":["Bloodletting","Wild Strike","Thunderclap"],"picked":"SKIP","floor":20},{"not_picked":["Clash","Perfected Strike+1"],"picked":"Dark Embrace","floor":21},{"not_picked":["Thunderclap","Sentinel"],"picked":"Barricade","floor":23},{"not_picked":["Sword Boomerang","Warcry","Carnage"],"picked":"SKIP","floor":24},{"not_picked":["Sword Boomerang","Warcry","Carnage"],"picked":"SKIP","floor":24},{"not_picked":["Sword Boomerang+1","Intimidate"],"picked":"True Grit","floor":29},{"not_picked":["Anger","Whirlwind"],"picked":"Juggernaut","floor":31},{"not_picked":["Immolate","Exhume"],"picked":"Offering","floor":33},{"not_picked":["Pommel Strike","Armaments+1"],"picked":"Headbutt+1","floor":35},{"not_picked":["Shrug It Off","Havoc+1"],"picked":"Disarm","floor":37},{"not_picked":["Seeing Red","True Grit"],"picked":"Shrug It Off","floor":39},{"not_picked":["Dark Embrace","Clash"],"picked":"Havoc","floor":41},{"not_picked":["Perfected Strike","True Grit","Thunderclap"],"picked":"SKIP","floor":45},{"not_picked":["Metallicize","Dark Embrace"],"picked":"Body Slam","floor":47},{"not_picked":["Rampage+1","Flex"],"picked":"Corruption","floor":48}],"player_experience":2676457,"relics_obtained":[{"floor":8,"key":"Meat on the Bone"},{"floor":9,"key":"Thread and Needle"},{"floor":10,"key":"TungstenRod"},{"floor":12,"key":"Du-Vu Doll"},{"floor":23,"key":"Self Forming Clay"},{"floor":26,"key":"Toy Ornithopter"},{"floor":29,"key":"Letter Opener"},{"floor":31,"key":"Boot"},{"floor":41,"key":"Dream Catcher"},{"floor":48,"key":"Anchor"}],"event_choices":[{"damage_healed":0,"gold_gain":0,"player_choice":"Lose Max HP","damage_taken":0,"relics_obtained":["Golden Idol"],"max_hp_gain":0,"max_hp_loss":7,"event_name":"Golden Idol","floor":2,"gold_loss":0},{"cards_removed":["Strike_R"],"damage_healed":0,"gold_gain":0,"player_choice":"Purged","damage_taken":0,"max_hp_gain":0,"max_hp_loss":0,"event_name":"Purifier","floor":4,"gold_loss":0},{"damage_healed":0,"gold_gain":0,"player_choice":"Simplicity","damage_taken":0,"max_hp_gain":0,"max_hp_loss":0,"event_name":"Back to Basics","floor":30,"gold_loss":0,"cards_upgraded":["Strike_R","Defend_R","Defend_R","Defend_R","Defend_R"]},{"damage_healed":0,"gold_gain":0,"player_choice":"Max HP","damage_taken":0,"max_hp_gain":0,"max_hp_loss":3,"event_name":"Winding Halls","floor":38,"gold_loss":0},{"damage_healed":0,"gold_gain":0,"player_choice":"Paid Gold","damage_taken":0,"relics_obtained":["War Paint"],"max_hp_gain":0,"max_hp_loss":0,"event_name":"WeMeetAgain","floor":44,"gold_loss":99},{"damage_healed":0,"gold_gain":275,"player_choice":"Desecrate","damage_taken":0,"max_hp_gain":0,"max_hp_loss":0,"event_name":"Golden Shrine","floor":46,"gold_loss":0,"cards_obtained":["Regret"]}],"is_beta":true,"boss_relics":[{"not_picked":["Busted Crown","Astrolabe"],"picked":"SlaversCollar"},{"not_picked":["Runic Cube","Empty Cage"],"picked":"Coffee Dripper"}],"items_purged_floors":[19,54],"is_endless":false,"potions_floor_spawned":[1,10,12,14,16,20,21,29,35,41],"killed_by":"Shield and Spear","ascension_level":20}}