{"host":"bvp2uifzy1c463d9","time":1612655471,"event":{"mods":["AchievementEnabler","BaseMod","Block Reminder","ChefMod","Colored Map","Colored Powertips","Hermit","Highlight Path","Infinite Spire","Minty Spire (QoL Compilation)","Random Character Button","Relic Sorter","Relic Stats","Reliquary","Replay The Spire","StSLib","The Jungle","The Servant 0.9.4"],"gold_per_floor":[118,138,34,34,45,45,116,141,168,203,214,224,241,19,19,116,116,128,128,141,160,160,160],"floor_reached":22,"language":"ENG","playtime":1642,"items_purged":["Pain"],"score":198,"play_id":"192b617a-6c9e-4a83-9bf2-18a92d57b709","local_time":"20210206175111","is_ascension_mode":false,"campfire_choices":[{"data":"chefmod:Escargot","floor":6,"key":"SMITH"},{"floor":15,"key":"REST"}],"circlet_count":0,"master_deck":["chefmod:Strike","chefmod:Strike","chefmod:Strike","chefmod:Strike","chefmod:QuickThaw","chefmod:Defend","chefmod:Defend","chefmod:Defend","chefmod:Defend","chefmod:TodaysSpecial","Metamorphosis","chefmod:NoSoupForYou","chefmod:Escargot+1","chefmod:Fillet","chefmod:Escargot","chefmod:Leftovers","chefmod:Sorbet","chefmod:TwoForOne","chefmod:ColdSteel","chefmod:IcePick","chefmod:FryPan","chefmod:ZaruSoba","chefmod:TonkotsuRamen","chefmod:CuttingBoard","chefmod:SpaghettiCarbonara","chefmod:OrderUp","chefmod:Chop+1","Hallucinations","chefmod:ZaruSoba"],"relics":["m_SnakeCloak","infinitespire:Cubic Diamond","Mirror","reliquary:PartyBalloon","Dream Catcher","Garlic","Orrery","reliquary:KinkedSpring","Ring of Searing"],"acts_visited":["Exordium","TheCity"],"potions_floor_usage":[16,18],"damage_taken":[{"damage":4,"enemies":"Jaw Worm","floor":1,"turns":3},{"damage":3,"enemies":"2 Louse","floor":2,"turns":4},{"damage":3,"enemies":"Cultist","floor":5,"turns":3},{"damage":4,"enemies":"Gremlin Nob","floor":8,"turns":4},{"damage":13,"enemies":"Lagavulin","floor":10,"turns":5},{"damage":3,"enemies":"2 Fungi Beasts","floor":11,"turns":3},{"damage":5,"enemies":"Blue Slaver","floor":12,"turns":4},{"damage":12,"enemies":"3 Louse","floor":13,"turns":4},{"damage":23,"enemies":"The Guardian","floor":16,"turns":10},{"damage":16,"enemies":"3 Byrds","floor":18,"turns":6},{"damage":13,"enemies":"2 Thieves","floor":20,"turns":3},{"damage":23,"enemies":"Snake Plant","floor":21,"turns":5},{"damage":29,"enemies":"Shelled Parasite and Fungi","floor":22,"turns":2}],"seed_played":"2414264832194431","potions_obtained":[{"floor":1,"key":"Weak Potion"},{"floor":8,"key":"Strength Potion"},{"floor":11,"key":"Explosive Potion"},{"floor":16,"key":"LiquidMemories"},{"floor":20,"key":"SteroidPotion"}],"is_trial":false,"path_per_floor":["M","M","$","?","M","R","T","E","T","E","M","M","M","$","R","B",null,"M","?","M","M","M"],"character_chosen":"THE_CHEF","items_purchased":["chefmod:Fillet","chefmod:Escargot","Orrery"],"campfire_rested":1,"item_purchase_floors":[3,3,14],"current_hp_per_floor":[72,69,69,69,66,66,66,62,62,49,46,41,29,29,51,28,76,60,60,47,24,0,0],"gold":160,"neow_bonus":"RANDOM_COLORLESS_2","is_daily":false,"chose_seed":false,"campfire_upgraded":1,"win_rate":0.0,"timestamp":1612655471,"path_taken":["M","M","$","?","M","R","?","E","T","E","M","M","M","?","R","BOSS","M","?","M","M","M"],"items_purchased_type":["Card","Card","Relic"],"build_version":"2020-12-22","purchased_purges":1,"victory":false,"max_hp_per_floor":[76,76,76,76,76,76,76,76,76,76,76,76,76,76,76,76,76,76,76,76,76,76,76],"relic_stats":{"Dream Catcher":1,"counters":[13,56],"obtain_stats":[{"m_SnakeCloak":4,"reliquary:KinkedSpring":17,"chefmod:TrustyPot":0,"Dream Catcher":9,"reliquary:PartyBalloon":8,"Orrery":14,"infinitespire:Cubic Diamond":4,"Garlic":10,"Mirror":7,"Ring of Searing":19},{"m_SnakeCloak":2,"reliquary:KinkedSpring":9,"chefmod:TrustyPot":0,"Dream Catcher":4,"reliquary:PartyBalloon":4,"Orrery":8,"infinitespire:Cubic Diamond":2,"Garlic":5,"Mirror":3,"Ring of Searing":10},{"m_SnakeCloak":7,"reliquary:KinkedSpring":40,"chefmod:TrustyPot":0,"Dream Catcher":14,"reliquary:PartyBalloon":14,"Orrery":30,"infinitespire:Cubic Diamond":7,"Garlic":19,"Mirror":10,"Ring of Searing":46}]},"card_choices":[{"not_picked":["The Bomb","Poisoned Strike"],"picked":"Metamorphosis","floor":0},{"not_picked":["chefmod:Sorbet","chefmod:HotSoup"],"picked":"chefmod:NoSoupForYou","floor":1},{"not_picked":["chefmod:FireUp","chefmod:BleedOut"],"picked":"chefmod:Escargot","floor":2},{"not_picked":["Masterful Stab","chefmod:PotatoGratin"],"picked":"chefmod:Leftovers","floor":5},{"not_picked":["Prepared","chefmod:SliceAndDice"],"picked":"chefmod:Sorbet","floor":8},{"not_picked":["Prepared","Acrobatics"],"picked":"chefmod:TwoForOne","floor":10},{"not_picked":["Calculated Gamble","chefmod:NewMenu","chefmod:LocoMoco"],"picked":"SKIP","floor":11},{"not_picked":["chefmod:LiquidNitrogen","chefmod:SliceAndDice"],"picked":"chefmod:ColdSteel","floor":12},{"not_picked":["Prepared","chefmod:BaoBuns"],"picked":"chefmod:IcePick","floor":13},{"not_picked":["chefmod:FullCourseMeal","chefmod:FreshProduce"],"picked":"chefmod:FryPan","floor":14},{"not_picked":["Dagger Throw","Masterful Stab"],"picked":"chefmod:ZaruSoba","floor":14},{"not_picked":["chefmod:Fillet","Dagger Throw"],"picked":"chefmod:TonkotsuRamen","floor":14},{"not_picked":["chefmod:SliceAndDice","chefmod:CayenneCloud"],"picked":"chefmod:CuttingBoard","floor":14},{"not_picked":["chefmod:FryPan","chefmod:Gelato"],"picked":"chefmod:SpaghettiCarbonara","floor":15},{"not_picked":["chefmod:RisingDough","chefmod:Tenderizer"],"picked":"chefmod:OrderUp","floor":16},{"not_picked":["chefmod:SliceAndDice+1","chefmod:BaoBuns+1"],"picked":"chefmod:Chop+1","floor":18},{"not_picked":["chefmod:KnifeFlurry","chefmod:FireUp","chefmod:FreshProduce"],"picked":"SKIP","floor":20},{"not_picked":["chefmod:TonkotsuRamen","chefmod:SaveForLater"],"picked":"chefmod:ZaruSoba","floor":21}],"player_experience":274990,"relics_obtained":[{"floor":7,"key":"Mirror"},{"floor":8,"key":"reliquary:PartyBalloon"},{"floor":9,"key":"Dream Catcher"},{"floor":10,"key":"Garlic"},{"floor":19,"key":"Ring of Searing"}],"event_choices":[],"is_beta":false,"boss_relics":[{"not_picked":["reliquary:Ember","Empty Cage"],"picked":"reliquary:KinkedSpring"}],"items_purged_floors":[14],"is_endless":false,"potions_floor_spawned":[1,8,11,12,16,20],"killed_by":"Shelled Parasite and Fungi","ascension_level":0}}