{"host":"kvo7eymyd21g9abd","time":1612637874,"event":{"mods":["AchievementEnabler","BaseMod","Bestiary","Colored Map","Minty Spire (QoL Compilation)","StSLib"],"gold_per_floor":[111,111,122,122,122,156,156,167,167,180,28,356,370,400,400,496,496,511,521,328,328,328,328,328,328],"floor_reached":24,"language":"ENG","playtime":526,"items_purged":[],"score":289,"play_id":"27832a14-6cbd-4cba-ba04-c16217bad78d","local_time":"20210206135754","is_ascension_mode":false,"campfire_choices":[{"floor":7,"key":"RECALL"},{"floor":15,"key":"REST"},{"floor":23,"key":"REST"}],"circlet_count":0,"master_deck":["Strike_B","Strike_B","Strike_B+1","Defend_B+1","Defend_B","Defend_B","Zap","Dualcast","Scrape","Hologram","Beam Cell","Scrape","Redo","Chaos","Buffer","Streamline","Chrysalis","Ball Lightning","Capacitor"],"relics":["Cracked Core","NeowsBlessing","Symbiotic Virus","HornCleat","DataDisk","Old Coin","Toy Ornithopter","SacredBark"],"acts_visited":["Exordium","TheCity"],"potions_floor_usage":[14,16],"damage_taken":[{"damage":0,"enemies":"Small Slimes","floor":1,"turns":1},{"damage":0,"enemies":"2 Louse","floor":3,"turns":1},{"damage":0,"enemies":"Lagavulin","floor":6,"turns":1},{"damage":0,"enemies":"Cultist","floor":8,"turns":2},{"damage":13,"enemies":"Lots of Slimes","floor":10,"turns":3},{"damage":0,"enemies":"Gremlin Nob","floor":12,"turns":3},{"damage":11,"enemies":"Large Slime","floor":13,"turns":3},{"damage":0,"enemies":"Lagavulin","floor":14,"turns":3},{"damage":30,"enemies":"Hexaghost","floor":16,"turns":6},{"damage":10,"enemies":"Spheric Guardian","floor":18,"turns":4},{"damage":26,"enemies":"2 Thieves","floor":19,"turns":4},{"damage":70,"enemies":"Slavers","floor":24,"turns":3}],"seed_played":"-6495943665095304631","potions_obtained":[{"floor":1,"key":"Swift Potion"},{"floor":3,"key":"Weak Potion"},{"floor":14,"key":"FocusPotion"},{"floor":16,"key":"FocusPotion"},{"floor":19,"key":"EntropicBrew"}],"is_trial":false,"path_per_floor":["M","?","M","?","?","E","R","M","T","M","$","E","M","E","R","B",null,"M","M","$","?","?","R","E"],"character_chosen":"DEFECT","items_purchased":["DataDisk","Chrysalis"],"campfire_rested":2,"item_purchase_floors":[11,20],"current_hp_per_floor":[75,75,75,60,60,60,60,60,60,47,47,47,36,36,58,33,75,65,39,39,39,39,61,0,0],"gold":328,"neow_bonus":"THREE_ENEMY_KILL","is_daily":false,"chose_seed":false,"campfire_upgraded":0,"win_rate":0.0,"timestamp":1612637874,"path_taken":["M","?","M","?","?","E","R","?","T","?","$","E","M","E","R","BOSS","M","M","$","?","?","R","E"],"items_purchased_type":["Relic","Card"],"build_version":"2020-12-22","purchased_purges":0,"victory":false,"max_hp_per_floor":[75,75,75,75,75,75,75,75,75,75,75,75,75,75,75,75,75,75,75,75,75,75,75,75,75],"card_choices":[{"not_picked":["Consume","Fusion","Static Discharge"],"picked":"SKIP","floor":1},{"not_picked":["Stack","Go for the Eyes"],"picked":"Scrape","floor":3},{"not_picked":["Chill","Skim"],"picked":"Hologram","floor":6},{"not_picked":["Consume","Rip and Tear"],"picked":"Beam Cell","floor":8},{"not_picked":["Ball Lightning","Glacier"],"picked":"Scrape","floor":10},{"not_picked":["Multi-Cast","Cold Snap","Sunder"],"picked":"SKIP","floor":12},{"not_picked":["Coolheaded","Double Energy"],"picked":"Redo","floor":13},{"not_picked":["Hologram","Ball Lightning"],"picked":"Chaos","floor":14},{"not_picked":["Amplify","Fission"],"picked":"Buffer","floor":16},{"not_picked":["Compile Driver","Heatsinks+1"],"picked":"Streamline","floor":18},{"not_picked":["Blizzard","Barrage","Storm"],"picked":"SKIP","floor":19}],"player_experience":446989,"relics_obtained":[{"floor":6,"key":"HornCleat"},{"floor":12,"key":"Old Coin"},{"floor":14,"key":"Toy Ornithopter"}],"event_choices":[{"damage_healed":0,"gold_gain":0,"player_choice":"Box","damage_taken":0,"relics_obtained":["Symbiotic Virus"],"max_hp_gain":0,"max_hp_loss":0,"event_name":"Big Fish","floor":2,"gold_loss":0,"cards_obtained":["Regret"]},{"damage_healed":0,"gold_gain":0,"player_choice":"Entered Light","damage_taken":15,"max_hp_gain":0,"max_hp_loss":0,"event_name":"Shining Light","floor":4,"gold_loss":0,"cards_upgraded":["Defend_B","Strike_B"]},{"cards_removed":["Regret"],"damage_healed":0,"gold_gain":0,"player_choice":"Card Removal","damage_taken":0,"max_hp_gain":0,"max_hp_loss":0,"event_name":"Wheel of Change","floor":5,"gold_loss":0},{"damage_healed":0,"gold_gain":0,"player_choice":"Ignored","damage_taken":0,"max_hp_gain":0,"max_hp_loss":0,"event_name":"Ghosts","floor":21,"gold_loss":0},{"damage_healed":0,"gold_gain":0,"cards_transformed":["Strike_B","Defend_B"],"player_choice":"Became Test Subject","damage_taken":0,"max_hp_gain":0,"max_hp_loss":0,"event_name":"Drug Dealer","floor":22,"gold_loss":0,"cards_obtained":["Ball Lightning","Capacitor"]}],"is_beta":false,"boss_relics":[{"not_picked":["SlaversCollar","Snecko Eye"],"picked":"SacredBark"}],"items_purged_floors":[],"is_endless":false,"potions_floor_spawned":[1,3,14,16,19],"killed_by":"Slavers","ascension_level":0}}