{"host":"utqe55yv0jihe4d6","time":1612591166,"event":{"mods":["2.2 Compatiblity","AchievementEnabler","BaseMod","Block Reminder","Colored Map","Colored Powertips","Minty Spire (QoL Compilation)","Quick Restart","Rare Cards Sparkle","Relic Stats","SuperFastMode"],"gold_per_floor":[116,41,57,57,72,103,103,114,114,145,145,145,145],"floor_reached":12,"language":"ENG","playtime":270,"items_purged":[],"score":176,"play_id":"56a084bb-613e-4f45-ad31-8149b84e1e38","local_time":"20210206005926","is_ascension_mode":true,"campfire_choices":[{"data":"Cold Snap","floor":7.0,"key":"SMITH"}],"circlet_count":0,"master_deck":["AscendersBane","Strike_B","Strike_B","Strike_B","Defend_B","Defend_B","Defend_B","Defend_B","Zap","Dualcast","Defragment+1","White Noise","Cold Snap","Cold Snap+1","FTL","Writhe","Biased Cognition"],"relics":["Cursed Key","Nunchaku","InkBottle","Kunai"],"acts_visited":["Exordium"],"potions_floor_usage":[12,12],"damage_taken":[{"damage":2.0,"enemies":"Jaw Worm","floor":1.0,"turns":3.0},{"damage":3.0,"enemies":"Small Slimes","floor":3.0,"turns":4.0},{"damage":7.0,"enemies":"2 Louse","floor":5.0,"turns":3.0},{"damage":5.0,"enemies":"Lagavulin","floor":6.0,"turns":9.0},{"damage":9.0,"enemies":"Red Slaver","floor":8.0,"turns":3.0},{"damage":24,"enemies":"Gremlin Nob","floor":10,"turns":4},{"damage":8,"enemies":"3 Sentries","floor":12,"turns":1}],"seed_played":"178554960756644359","potions_obtained":[{"floor":1.0,"key":"SneckoOil"},{"floor":6.0,"key":"Explosive Potion"},{"floor":8,"key":"Explosive Potion"}],"is_trial":false,"path_per_floor":["M","?","M","?","M","E","R","M","T","E","?","E"],"character_chosen":"DEFECT","items_purchased":[],"campfire_rested":0,"item_purchase_floors":[],"current_hp_per_floor":[62,62,59,59,52,47,47,38,38,14,3,0,0],"gold":145,"neow_bonus":"BOSS_RELIC","is_daily":false,"chose_seed":false,"campfire_upgraded":1,"win_rate":0.0,"timestamp":1612591166,"path_taken":["M","?","M","?","M","E","R","M","T","E","?","E"],"items_purchased_type":[],"build_version":"2020-12-22","purchased_purges":0,"victory":false,"max_hp_per_floor":[71,71,71,71,71,71,71,71,71,71,71,71,71],"relic_stats":{"Nunchaku":[1],"counters":[7,27],"Kunai":[1],"Cursed Key":1,"obtain_stats":[{"Nunchaku":6,"Kunai":10,"Cracked Core":0,"Cursed Key":0,"InkBottle":9},{"Nunchaku":4,"Kunai":6,"Cracked Core":0,"Cursed Key":0,"InkBottle":5},{"Nunchaku":19,"Kunai":26,"Cracked Core":0,"Cursed Key":0,"InkBottle":22}],"InkBottle":[2]},"card_choices":[{"not_picked":["Sweeping Beam","Turbo"],"picked":"Defragment","floor":1.0},{"not_picked":["Hologram","Streamline"],"picked":"White Noise","floor":3.0},{"not_picked":["Redo","Storm"],"picked":"Cold Snap","floor":5.0},{"not_picked":["Chaos","Compile Driver"],"picked":"Cold Snap","floor":6.0},{"not_picked":["Gash","Stack"],"picked":"FTL","floor":8},{"not_picked":["Hologram","Compile Driver"],"picked":"Biased Cognition","floor":10}],"player_experience":3030615,"relics_obtained":[{"floor":6.0,"key":"Nunchaku"},{"floor":9,"key":"InkBottle"},{"floor":10,"key":"Kunai"}],"event_choices":[{"cards_removed":["Strike_B"],"damage_healed":0.0,"max_hp_gain":0.0,"max_hp_loss":0.0,"gold_gain":0.0,"event_name":"The Cleric","player_choice":"Card Removal","floor":2.0,"gold_loss":75.0,"damage_taken":0.0},{"damage_healed":0.0,"max_hp_gain":0.0,"max_hp_loss":0.0,"gold_gain":0.0,"event_name":"Living Wall","player_choice":"Grow","floor":4.0,"gold_loss":0.0,"damage_taken":0.0,"cards_upgraded":["Defragment"]},{"damage_healed":0,"gold_gain":0,"player_choice":"Fled","damage_taken":11,"max_hp_gain":0,"max_hp_loss":0,"event_name":"Scrap Ooze","floor":11,"gold_loss":0}],"is_beta":false,"boss_relics":[],"items_purged_floors":[],"is_endless":false,"potions_floor_spawned":[1,6,8],"killed_by":"3 Sentries","ascension_level":20}}