{"host":"x000krxjblg8jdg4","time":1612635161,"event":{"mods":["BaseMod","Downfall","Hermit","Minty Spire (QoL Compilation)","StSLib","The Cursed","The Runesmith","The Servant 0.9.4"],"gold_per_floor":[219,319,334,351,371,398,398,398,398,417,417,436,29,47,47,149,149,167,167,180,25,25,25,51,51,51,51,79,96,129,129,129,129,129],"floor_reached":33,"language":"ENG","playtime":1304,"items_purged":["downfall:Bewildered"],"score":330,"play_id":"c4cce56e-6ad3-4c6e-b2fb-adea94b15e35","local_time":"20210206161241","is_ascension_mode":false,"campfire_choices":[{"floor":8,"key":"REST"},{"floor":11,"key":"REST"},{"data":"Blood for Blood","floor":15,"key":"SMITH"},{"floor":23,"key":"DIG"},{"floor":25,"key":"DIG"},{"floor":27,"key":"DIG"},{"floor":32,"key":"REST"}],"circlet_count":0,"master_deck":["Strike_R","Strike_R","Strike_R","Strike_R","Strike_R","Defend_R","Defend_R","Defend_R","Defend_R","Bash","Pommel Strike","Hemokinesis","Anger","Perfected Strike","Reaper","Blood for Blood+1","Iron Wave","Anger","Dramatic Entrance","Shrug It Off","Berserk","CurseOfTheBell","Whirlwind","Armaments+1","Flex","Shrug It Off","Shrug It Off","Hemokinesis","Spot Weakness+1","Shrug It Off","Twin Strike"],"relics":["Burning Blood","Red Skull","Gremlin Horn","Ice Cream","Calling Bell","Toy Ornithopter","Meat on the Bone","Shovel","sneckomod:BabySnecko","MutagenicStrength","Lizard Tail","Juzu Bracelet","Thread and Needle","Dream Catcher","Magic Flower","Charon\u0027s Ashes","PreservedInsect"],"acts_visited":["Exordium","TheCity"],"potions_floor_usage":[16,16,18,28,28,28],"damage_taken":[{"damage":0,"enemies":"2 Louse","floor":1,"turns":4},{"damage":1,"enemies":"Cultist","floor":3,"turns":4},{"damage":13,"enemies":"Jaw Worm","floor":4,"turns":2},{"damage":25,"enemies":"Exordium Wildlife","floor":5,"turns":5},{"damage":36,"enemies":"3 Sentries","floor":6,"turns":6},{"damage":2,"enemies":"2 Fungi Beasts","floor":10,"turns":2},{"damage":6,"enemies":"Exordium Thugs","floor":12,"turns":3},{"damage":9,"enemies":"Blue Slaver","floor":14,"turns":2},{"damage":43,"enemies":"The Guardian","floor":16,"turns":8},{"damage":17,"enemies":"Spheric Guardian","floor":18,"turns":3},{"damage":30,"enemies":"2 Thieves","floor":20,"turns":3},{"damage":51,"enemies":"Gremlin Leader","floor":24,"turns":5},{"damage":19,"enemies":"Book of Stabbing","floor":28,"turns":5},{"damage":13,"enemies":"Snecko","floor":29,"turns":4},{"damage":35,"enemies":"Slavers","floor":30,"turns":5},{"damage":76,"enemies":"Automaton","floor":33,"turns":8}],"seed_played":"8189632312716759027","potions_obtained":[{"floor":4,"key":"LiquidBronze"},{"floor":5,"key":"HeartOfIron"},{"floor":10,"key":"Block Potion"},{"floor":16,"key":"DistilledChaos"},{"floor":20,"key":"Energy Potion"},{"floor":24,"key":"PowerPotion"}],"is_trial":false,"path_per_floor":["M","?","M","M","M","E","?","R","T","M","R","M","$","M","R","B",null,"M","?","M","$","?","R","E","R","T","R","E","M","E","?","R","B"],"character_chosen":"IRONCLAD","items_purchased":["Ice Cream","Anger","Dramatic Entrance","Flex","Shrug It Off"],"campfire_rested":3,"item_purchase_floors":[13,13,13,21,21],"current_hp_per_floor":[80,80,80,73,54,24,24,48,48,52,76,80,80,77,77,40,80,74,74,50,50,50,50,54,54,54,54,70,72,54,39,64,0,0],"gold":129,"neow_bonus":"HUNDRED_GOLD","is_daily":false,"chose_seed":false,"campfire_upgraded":1,"win_rate":0.0,"timestamp":1612635161,"path_taken":["M","?","?","M","M","E","?","R","T","M","R","M","$","M","R","BOSS","M","?","M","$","?","R","E","R","T","R","E","M","E","?","R","BOSS"],"items_purchased_type":["Relic","Card","Card","Card","Card"],"build_version":"2020-12-22","purchased_purges":1,"victory":false,"max_hp_per_floor":[80,80,80,80,80,80,80,80,80,80,80,80,80,80,80,80,80,80,80,80,80,80,80,80,80,80,80,80,80,80,85,85,85,85],"card_choices":[{"not_picked":["Thunderclap","Clothesline"],"picked":"Pommel Strike","floor":1},{"not_picked":["Warcry","Iron Wave"],"picked":"Hemokinesis","floor":3},{"not_picked":["Iron Wave","Whirlwind"],"picked":"Anger","floor":4},{"not_picked":["Dual Wield","Pommel Strike"],"picked":"Perfected Strike","floor":5},{"not_picked":["Pommel Strike","Spot Weakness"],"picked":"Reaper","floor":6},{"not_picked":["Burning Pact","Perfected Strike"],"picked":"Blood for Blood","floor":10},{"not_picked":["Sword Boomerang","Warcry"],"picked":"Iron Wave","floor":12},{"not_picked":["Clash","Perfected Strike"],"picked":"Shrug It Off","floor":14},{"not_picked":["Limit Break","Brutality"],"picked":"Berserk","floor":16},{"not_picked":["Perfected Strike","Twin Strike"],"picked":"Whirlwind","floor":18},{"not_picked":["Burning Pact","Perfected Strike"],"picked":"Armaments+1","floor":20},{"not_picked":["Power Through","Warcry+1"],"picked":"Shrug It Off","floor":24},{"not_picked":["Iron Wave","Warcry"],"picked":"Hemokinesis","floor":28},{"not_picked":["Seeing Red","Dark Embrace+1"],"picked":"Spot Weakness+1","floor":29},{"not_picked":["Sever Soul","Bludgeon"],"picked":"Shrug It Off","floor":30},{"not_picked":["Battle Trance","Sever Soul"],"picked":"Twin Strike","floor":32}],"player_experience":64342,"relics_obtained":[{"floor":6,"key":"Red Skull"},{"floor":9,"key":"Gremlin Horn"},{"floor":17,"key":"Toy Ornithopter"},{"floor":17,"key":"Meat on the Bone"},{"floor":17,"key":"Shovel"},{"floor":23,"key":"Lizard Tail"},{"floor":24,"key":"Juzu Bracelet"},{"floor":25,"key":"Thread and Needle"},{"floor":26,"key":"Dream Catcher"},{"floor":27,"key":"Magic Flower"},{"floor":28,"key":"Charon\u0027s Ashes"},{"floor":30,"key":"PreservedInsect"}],"event_choices":[{"damage_healed":0,"gold_gain":100,"player_choice":"Pray","damage_taken":0,"max_hp_gain":0,"max_hp_loss":0,"event_name":"Golden Shrine","floor":2,"gold_loss":0},{"damage_healed":0,"gold_gain":0,"player_choice":"Searched \u00271\u0027 times","damage_taken":0,"max_hp_gain":0,"max_hp_loss":0,"event_name":"Dead Adventurer","floor":7,"gold_loss":0},{"damage_healed":0,"gold_gain":0,"player_choice":"Inject Mutagens","damage_taken":0,"relics_obtained":["MutagenicStrength"],"max_hp_gain":0,"max_hp_loss":0,"event_name":"Drug Dealer","floor":22,"gold_loss":0},{"damage_healed":0,"gold_gain":0,"player_choice":"Shed Blood","damage_taken":20,"max_hp_gain":5,"max_hp_loss":0,"event_name":"Forgotten Altar","floor":31,"gold_loss":0}],"is_beta":false,"boss_relics":[{"not_picked":["SacredBark","Cursed Key"],"picked":"Calling Bell"}],"items_purged_floors":[21],"is_endless":false,"potions_floor_spawned":[4,5,10,16,20,24],"killed_by":"Automaton","ascension_level":0}}