{"host":"p1xsuo25udtrkbq2","time":1612650947,"event":{"mods":["BaseMod","Colored Map","Googly Eyes","Highlight Path","Minty Spire (QoL Compilation)","Quick Restart","Rare Cards Sparkle","Relic Stats","Slay the Relics Exporter","StSLib","everything is the same but u backflip on backflip"],"gold_per_floor":[109,124,124,134,146,175,175,191,215,247,247,263,263,37,37,133,133,157,199,211,243,270,307,319,360,372,402,448,460,484,529,541,655,667,691,173,395,153,153,178,178,213,237,264,283,283,298,318,318,318],"floor_reached":51,"language":"ENG","playtime":11727,"items_purged":["Defend_B"],"score":1488,"play_id":"7ca3893e-8b58-442c-b884-85cb6dfe02bb","local_time":"20210206173547","is_ascension_mode":true,"campfire_choices":[{"data":"Sweeping Beam","floor":7.0,"key":"SMITH"},{"data":"Barrage","floor":13.0,"key":"SMITH"},{"data":"Meteor Strike","floor":15.0,"key":"SMITH"},{"data":"Meteor Strike","floor":24.0,"key":"SMITH"},{"data":"Buffer","floor":32.0,"key":"SMITH"},{"data":"Consume","floor":41.0,"key":"SMITH"},{"floor":46.0,"key":"DIG"},{"data":"Echo Form","floor":49.0,"key":"SMITH"}],"circlet_count":0,"master_deck":["Defend_B","Defend_B","Defend_B","Zap","Dualcast","Fusion","Rebound","Leap","Glacier","Cold Snap","Sweeping Beam+1","Barrage+1","Meteor Strike+1","Meteor Strike+1","Undo","Echo Form+1","CurseOfTheBell","Auto Shields+1","Ball Lightning","Coolheaded","Hologram+1","All For One","Capacitor+1","Capacitor","Double Energy+1","Buffer+1","Echo Form","Consume+1","Self Repair","Tempest","Mayhem","Thunder Strike","Stack","Double Energy"],"relics":["Snecko Eye","Oddly Smooth Stone","Happy Flower","Nunchaku","DollysMirror","Calling Bell","MawBank","Matryoshka","Pocketwatch","Red Mask","Tiny Chest","Bag of Marbles","Bottled Tornado","Shovel","Blue Candle","Strawberry","Empty Cage","FossilizedHelix","Regal Pillow","CaptainsWheel","MealTicket","Art of War","Kunai"],"acts_visited":["Exordium","TheCity","TheBeyond"],"potions_floor_usage":[50],"damage_taken":[{"damage":0.0,"enemies":"2 Louse","floor":1.0,"turns":4.0},{"damage":1.0,"enemies":"Cultist","floor":2.0,"turns":5.0},{"damage":0.0,"enemies":"Jaw Worm","floor":4.0,"turns":2.0},{"damage":0.0,"enemies":"Large Slime","floor":5.0,"turns":9.0},{"damage":4.0,"enemies":"Lagavulin","floor":6.0,"turns":9.0},{"damage":1.0,"enemies":"Blue Slaver","floor":8.0,"turns":5.0},{"damage":23.0,"enemies":"Gremlin Nob","floor":10.0,"turns":5.0},{"damage":11.0,"enemies":"Looter","floor":12.0,"turns":3.0},{"damage":0.0,"enemies":"Hexaghost","floor":16.0,"turns":6.0},{"damage":7.0,"enemies":"Shell Parasite","floor":18.0,"turns":4.0},{"damage":0.0,"enemies":"Masked Bandits","floor":19.0,"turns":3.0},{"damage":0.0,"enemies":"Chosen","floor":21.0,"turns":4.0},{"damage":16.0,"enemies":"Centurion and Healer","floor":22.0,"turns":3.0},{"damage":0.0,"enemies":"Slavers","floor":23.0,"turns":4.0},{"damage":2.0,"enemies":"Gremlin Leader","floor":25.0,"turns":4.0},{"damage":0.0,"enemies":"Snecko","floor":27.0,"turns":2.0},{"damage":11.0,"enemies":"Slavers","floor":28.0,"turns":2.0},{"damage":0.0,"enemies":"Sentry and Sphere","floor":30.0,"turns":2.0},{"damage":0.0,"enemies":"Book of Stabbing","floor":31.0,"turns":2.0},{"damage":0.0,"enemies":"Automaton","floor":33.0,"turns":7.0},{"damage":6.0,"enemies":"Orb Walker","floor":35.0,"turns":3.0},{"damage":0.0,"enemies":"Reptomancer","floor":40.0,"turns":3.0},{"damage":0.0,"enemies":"Giant Head","floor":42.0,"turns":7.0},{"damage":6.0,"enemies":"3 Darklings","floor":45.0,"turns":3.0},{"damage":1.0,"enemies":"Writhing Mass","floor":47.0,"turns":3.0},{"damage":8.0,"enemies":"4 Shapes","floor":48.0,"turns":5.0},{"damage":0,"enemies":"Donu and Deca","floor":50,"turns":3}],"seed_played":"7164128460081073860","potions_obtained":[{"floor":1.0,"key":"DuplicationPotion"},{"floor":2.0,"key":"Regen Potion"},{"floor":5.0,"key":"FairyPotion"},{"floor":18.0,"key":"AttackPotion"},{"floor":19.0,"key":"AttackPotion"},{"floor":28.0,"key":"Swift Potion"},{"floor":42.0,"key":"Ancient Potion"},{"floor":47.0,"key":"BlessingOfTheForge"},{"floor":48.0,"key":"Weak Potion"}],"is_trial":false,"path_per_floor":["M","M","?","M","M","E","R","M","T","E","?","M","R","$","R","B",null,"M","?","$","M","M","E","R","E","T","M","E","?","M","E","R","B",null,"M","$","?","$","?","E","R","E","T","T","M","R","M","M","R","B",null],"character_chosen":"DEFECT","items_purchased":["DollysMirror","Undo","Consume","Self Repair","FossilizedHelix","Tempest","Mayhem"],"campfire_rested":0,"item_purchase_floors":[14,14,36,36,36,38,38],"current_hp_per_floor":[68,67,67,67,67,63,63,62,62,39,39,28,28,28,28,43,67,60,60,60,60,44,44,44,42,42,42,31,31,31,38,38,38,71,65,65,65,65,65,72,72,79,79,79,73,73,72,71,71,78],"gold":318,"neow_bonus":"BOSS_RELIC","is_daily":false,"chose_seed":false,"campfire_upgraded":7,"win_rate":0.0,"timestamp":1612650947,"path_taken":["M","M","?","M","M","E","R","M","T","E","?","M","R","$","R","BOSS","M","?","$","M","M","E","R","E","T","M","E","?","M","E","R","BOSS","M","$","?","$","?","E","R","E","T","?","M","R","M","M","R","BOSS"],"items_purchased_type":["Relic","Card","Card","Card","Relic","Card","Card"],"build_version":"2020-12-22","purchased_purges":1,"victory":true,"max_hp_per_floor":[75,75,75,75,75,75,75,75,75,75,75,75,75,75,75,75,75,75,75,75,75,75,75,75,75,75,75,75,75,75,82,82,82,82,82,82,82,82,82,82,82,82,82,82,82,82,82,82,82,82],"relic_stats":{"Regal Pillow":0,"Happy Flower":[26],"counters":[27,112],"Blue Candle":[0],"MawBank":228,"Nunchaku":[18],"Shovel":1,"Snecko Eye":[180,200,207,224],"Tiny Chest":1,"MealTicket":0,"Art of War":[4],"Kunai":[3],"obtain_stats":[{"Regal Pillow":40,"Happy Flower":9,"Blue Candle":28,"Oddly Smooth Stone":6,"Bottled Tornado":26,"MawBank":17,"Empty Cage":34,"Calling Bell":17,"Nunchaku":10,"CaptainsWheel":42,"Matryoshka":17,"Shovel":26,"DollysMirror":14,"Strawberry":31,"Snecko Eye":0,"Tiny Chest":23,"MealTicket":43,"Red Mask":19,"Bag of Marbles":25,"Art of War":44,"Kunai":46,"Cracked Core":0,"FossilizedHelix":36,"Pocketwatch":17},{"Regal Pillow":22,"Happy Flower":6,"Blue Candle":17,"Oddly Smooth Stone":5,"Bottled Tornado":15,"MawBank":9,"Empty Cage":20,"Calling Bell":9,"Nunchaku":7,"CaptainsWheel":23,"Matryoshka":9,"Shovel":15,"DollysMirror":8,"Strawberry":19,"Snecko Eye":0,"Tiny Chest":14,"MealTicket":23,"Red Mask":11,"Bag of Marbles":15,"Art of War":23,"Kunai":24,"Cracked Core":0,"FossilizedHelix":21,"Pocketwatch":9},{"Regal Pillow":91,"Happy Flower":34,"Blue Candle":74,"Oddly Smooth Stone":29,"Bottled Tornado":70,"MawBank":48,"Empty Cage":85,"Calling Bell":48,"Nunchaku":39,"CaptainsWheel":98,"Matryoshka":48,"Shovel":70,"DollysMirror":42,"Strawberry":78,"Snecko Eye":0,"Tiny Chest":66,"MealTicket":98,"Red Mask":55,"Bag of Marbles":70,"Art of War":98,"Kunai":101,"Cracked Core":0,"FossilizedHelix":88,"Pocketwatch":48}],"Pocketwatch":[36]},"card_choices":[{"not_picked":["Steam","Redo"],"picked":"Fusion","floor":1.0},{"not_picked":["Barrage","Leap"],"picked":"Rebound","floor":2.0},{"not_picked":["Machine Learning","Leap"],"picked":"Glacier","floor":4.0},{"not_picked":["FTL","Turbo"],"picked":"Cold Snap","floor":5.0},{"not_picked":["Rebound","Go for the Eyes"],"picked":"Sweeping Beam","floor":6.0},{"not_picked":["Double Energy","Beam Cell"],"picked":"Barrage","floor":8.0},{"not_picked":["Beam Cell","Turbo","Hello World"],"picked":"SKIP","floor":10.0},{"not_picked":["Go for the Eyes","Heatsinks"],"picked":"Meteor Strike","floor":12.0},{"not_picked":["Multi-Cast","Core Surge"],"picked":"Echo Form","floor":16.0},{"not_picked":["Fusion","Turbo"],"picked":"Auto Shields+1","floor":18.0},{"not_picked":["Sweeping Beam","Conserve Battery+1"],"picked":"Ball Lightning","floor":19.0},{"not_picked":["Ball Lightning","Barrage"],"picked":"Coolheaded","floor":21.0},{"not_picked":["Storm","Rip and Tear+1","Static Discharge+1"],"picked":"SKIP","floor":22.0},{"not_picked":["Steam Power+1","White Noise"],"picked":"Hologram+1","floor":23.0},{"not_picked":["Genetic Algorithm","Steam","Sweeping Beam+1"],"picked":"SKIP","floor":25.0},{"not_picked":["Skim","Coolheaded"],"picked":"All For One","floor":27.0},{"not_picked":["Static Discharge","Turbo"],"picked":"Capacitor+1","floor":28.0},{"not_picked":["Loop","Hello World"],"picked":"Double Energy+1","floor":30.0},{"not_picked":["FTL","Stack"],"picked":"Buffer","floor":31.0},{"not_picked":["Reboot","Biased Cognition"],"picked":"Echo Form","floor":33.0},{"not_picked":["Beam Cell","Gash+1","Rebound+1"],"picked":"SKIP","floor":35.0},{"not_picked":["Leap+1","Lockon","Glacier+1"],"picked":"SKIP","floor":40.0},{"not_picked":["Rip and Tear+1","Conserve Battery"],"picked":"Thunder Strike","floor":42.0},{"not_picked":["Hologram","Turbo"],"picked":"Stack","floor":45.0},{"not_picked":["Recycle","Aggregate+1","Scrape+1"],"picked":"SKIP","floor":47.0},{"not_picked":["Cold Snap+1","Recycle"],"picked":"Double Energy","floor":48.0}],"player_experience":1001820,"relics_obtained":[{"floor":6.0,"key":"Oddly Smooth Stone"},{"floor":9.0,"key":"Happy Flower"},{"floor":10.0,"key":"Nunchaku"},{"floor":17.0,"key":"MawBank"},{"floor":17.0,"key":"Matryoshka"},{"floor":17.0,"key":"Pocketwatch"},{"floor":19.0,"key":"Red Mask"},{"floor":23.0,"key":"Tiny Chest"},{"floor":25.0,"key":"Bag of Marbles"},{"floor":26.0,"key":"Bottled Tornado"},{"floor":26.0,"key":"Shovel"},{"floor":28.0,"key":"Blue Candle"},{"floor":31.0,"key":"Strawberry"},{"floor":40.0,"key":"Regal Pillow"},{"floor":42.0,"key":"CaptainsWheel"},{"floor":43.0,"key":"MealTicket"},{"floor":44.0,"key":"Art of War"},{"floor":46.0,"key":"Kunai"}],"event_choices":[{"damage_healed":0.0,"max_hp_gain":0.0,"max_hp_loss":0.0,"gold_gain":0.0,"cards_transformed":["Strike_B"],"event_name":"Living Wall","player_choice":"Change","floor":3.0,"gold_loss":0.0,"damage_taken":0.0,"cards_obtained":["Leap"]},{"damage_healed":0.0,"max_hp_gain":0.0,"max_hp_loss":0.0,"gold_gain":0.0,"event_name":"The Woman in Blue","player_choice":"Bought 0 Potions","floor":11.0,"gold_loss":0.0,"damage_taken":0.0},{"damage_healed":0.0,"max_hp_gain":0.0,"max_hp_loss":0.0,"gold_gain":0.0,"event_name":"Masked Bandits","player_choice":"Fought Bandits","floor":19.0,"gold_loss":0.0,"damage_taken":0.0},{"damage_healed":0.0,"max_hp_gain":0.0,"max_hp_loss":0.0,"gold_gain":0.0,"event_name":"The Library","player_choice":"Read","floor":29.0,"gold_loss":0.0,"damage_taken":0.0,"cards_obtained":["Capacitor"]},{"damage_healed":0.0,"max_hp_gain":0.0,"max_hp_loss":0.0,"gold_gain":222.0,"event_name":"Tomb of Lord Red Mask","player_choice":"Wore Mask","floor":37.0,"gold_loss":0.0,"damage_taken":0.0},{"cards_removed":["Strike_B"],"damage_healed":0.0,"max_hp_gain":0.0,"max_hp_loss":0.0,"gold_gain":0.0,"event_name":"Falling","player_choice":"Removed Attack","floor":39.0,"gold_loss":0.0,"damage_taken":0.0}],"is_beta":false,"boss_relics":[{"not_picked":["Ectoplasm","Sozu"],"picked":"Calling Bell"},{"not_picked":["Runic Dome","Black Star"],"picked":"Empty Cage"}],"items_purged_floors":[36],"is_endless":false,"potions_floor_spawned":[1,2,5,8,10,18,19,28,33,42,47,48],"ascension_level":8}}