{"host":"yx8wv8d7ru77s2k1","time":1612619765,"event":{"mods":["BaseMod","Colored Map","Downfall","Hermit","Infinite Spire","Jorbs\u0027s Wanderer Trilogy","Marisa????????","Minty Spire (QoL Compilation)","Relic Sorter","Reliquary","Spikes Relics","StSLib","The Bug Knight","The Disciple","The Hierophant","The Necromancer","The Servant 0.9.4"],"gold_per_floor":[118,38,38,55,72,106,106,120,120,120,138,138,138,157,157,157,157],"floor_reached":16,"language":"ENG","playtime":358,"items_purged":[],"score":102,"play_id":"0776a6e4-1890-4ccb-9111-3a266ab6b2fb","local_time":"20210206145605","is_ascension_mode":false,"campfire_choices":[{"data":"Rage","floor":7,"key":"SMITH"},{"floor":15,"key":"REST"}],"circlet_count":0,"master_deck":["Strike_R","Strike_R","Strike_R","Strike_R","Strike_R","Defend_R","Defend_R","Defend_R","Defend_R","Bash","Combust","Blood for Blood","Rage+1","Injury","Sword Boomerang"],"relics":["Burning Blood","reliquary:MedicineBall","The Courier","Golden Idol","Sundial"],"acts_visited":["Exordium"],"potions_floor_usage":[6,6],"damage_taken":[{"damage":6,"enemies":"2 Louse","floor":1,"turns":4},{"damage":3,"enemies":"Jaw Worm","floor":4,"turns":5},{"damage":9,"enemies":"Small Slimes","floor":5,"turns":3},{"damage":16,"enemies":"Gremlin Nob","floor":6,"turns":3},{"damage":12,"enemies":"Blue Slaver","floor":8,"turns":4},{"damage":9,"enemies":"2 Fungi Beasts","floor":11,"turns":3},{"damage":23,"enemies":"Gremlin Gang","floor":14,"turns":5},{"damage":72,"enemies":"The Guardian","floor":16,"turns":5}],"seed_played":"7411299793293601470","potions_obtained":[{"floor":4,"key":"DuplicationPotion"},{"floor":5,"key":"Explosive Potion"}],"is_trial":true,"path_per_floor":["M","$","?","M","M","E","R","M","T","?","M","?","T","M","R","B"],"character_chosen":"IRONCLAD","items_purchased":["Combust"],"campfire_rested":1,"item_purchase_floors":[2],"current_hp_per_floor":[80,80,80,80,77,67,67,61,61,61,58,58,58,41,65,0,0],"gold":157,"neow_bonus":"","is_daily":false,"chose_seed":false,"campfire_upgraded":1,"win_rate":0.0,"timestamp":1612619765,"path_taken":["M","$","?","M","M","E","R","M","T","?","M","?","?","M","R","BOSS"],"items_purchased_type":["Card"],"build_version":"2020-12-22","purchased_purges":0,"victory":false,"max_hp_per_floor":[80,80,80,80,80,80,80,80,80,80,80,80,80,80,80,80,80],"card_choices":[{"not_picked":["Clothesline","Clash","Armaments"],"picked":"SKIP","floor":1},{"not_picked":["Clothesline","Dual Wield","Seeing Red"],"picked":"SKIP","floor":4},{"not_picked":["Thunderclap","Sentinel"],"picked":"Blood for Blood","floor":5},{"not_picked":["Shrug It Off","Armaments"],"picked":"Rage","floor":6},{"not_picked":["Dual Wield","Cleave","Iron Wave"],"picked":"SKIP","floor":8},{"not_picked":["Searing Blow","Infernal Blade"],"picked":"Sword Boomerang","floor":11},{"not_picked":["Pommel Strike","Metallicize","Feel No Pain"],"picked":"SKIP","floor":14}],"player_experience":174061,"relics_obtained":[{"floor":6,"key":"reliquary:MedicineBall"},{"floor":9,"key":"The Courier"},{"floor":13,"key":"Sundial"}],"event_choices":[{"damage_healed":0,"gold_gain":0,"player_choice":"Leave","damage_taken":0,"max_hp_gain":0,"max_hp_loss":0,"event_name":"The Cleric","floor":3,"gold_loss":0},{"damage_healed":0,"gold_gain":0,"player_choice":"Take Wound","damage_taken":0,"relics_obtained":["Golden Idol"],"max_hp_gain":0,"max_hp_loss":0,"event_name":"Golden Idol","floor":10,"gold_loss":0,"cards_obtained":["Injury"]}],"is_beta":false,"boss_relics":[],"items_purged_floors":[],"is_endless":false,"potions_floor_spawned":[4,5],"killed_by":"The Guardian","ascension_level":0}}