{"host":"4k1o517shm2ba6vh","time":1612632021,"event":{"mods":["AchievementEnabler","BaseMod","Downfall","Minty Spire (QoL Compilation)","Smile Girya","StSLib","The Poker Player","everything is the same but u backflip on backflip"],"gold_per_floor":[99,110,173,173,11,11,84,84,119,139,152,181,191,210,228,333,333,333,351,364,21,32,49,49,0,0,15,29,40,40,40,60,156,156,156,169,187,287,307,307,307,22,22,37,37,87,87,12,30,30],"floor_reached":51,"language":"ENG","playtime":4852,"items_purged":["sneckomod:Strike"],"score":713,"play_id":"19a7cac4-714a-49d0-8245-d7e92c6dcf3d","local_time":"20210206112021","is_ascension_mode":false,"campfire_choices":[{"data":"Streamline","floor":6.0,"key":"SMITH"},{"data":"sneckomod:UnknownVulnerable","floor":8.0,"key":"SMITH"},{"data":"sneckomod:UnknownBoss","floor":18.0,"key":"SMITH"},{"data":"expansioncontent:DashGenerateEvil","floor":30.0,"key":"SMITH"},{"data":"sneckomod:UnknownX","floor":35.0,"key":"SMITH"},{"data":"sneckomod:MasterEye","floor":40.0,"key":"SMITH"},{"data":"sneckomod:Unknown3Cost","floor":43.0,"key":"SMITH"},{"floor":45.0,"key":"REST"}],"circlet_count":0,"master_deck":["sneckomod:Strike","sneckomod:Strike","sneckomod:Defend","sneckomod:Defend","sneckomod:Defend","sneckomod:TailWhip","sneckomod:SnekBite","sneckomod:Unknown+1","Streamline+1","sneckomod:UnknownVulnerable+1","sneckomod:QuickMove","sneckomod:Unknown","sneckomod:UnknownDraw","sneckomod:UnlimitedRolls","sneckomod:Nope","sneckomod:TrashToTreasure","sneckomod:SerpentMind","sneckomod:UnknownX+1","sneckomod:UnendingSupply","sneckomod:UnknownBoss+1","sneckomod:UnknownUncommonPower","expansioncontent:DashGenerateEvil+1","sneckomod:Nope","sneckomod:UnknownDraw+1","sneckomod:MasterEye+1","hexamod:FirstSeal","sneckomod:UnknownRarePower+1","sneckomod:MorePower+1","sneckomod:UnknownClassBLUE","sneckomod:SlitherStrike+1","sneckomod:Unknown2Cost+1","sneckomod:UnknownBoss+1","sneckomod:QuickBite+1","sneckomod:Unknown3Cost+1","sneckomod:UnknownUncommonAttack","sneckomod:UnknownUncommonPower+1","sneckomod:QuickBite+1","sneckomod:UnknownExhaust+1","sneckomod:SerpentIdol"],"relics":["sneckomod:SneckoSoul","sneckomod:ConfusingCodex","Bag of Preparation","Singing Bowl","Potion Belt","Dream Catcher","Sozu","Omamori","Shuriken","Frozen Egg 2","Calling Bell","Gremlin Horn","Mango","sneckomod:SneckoCommon","downfall:GremlinWheel","Gambling Chip","Letter Opener","Happy Flower","PreservedInsect","TungstenRod"],"acts_visited":["Exordium","TheCity","TheBeyond"],"potions_floor_usage":[],"damage_taken":[{"damage":1.0,"enemies":"Jaw Worm","floor":2.0,"turns":2.0},{"damage":20.0,"enemies":"Gremlin Nob","floor":3.0,"turns":4.0},{"damage":10.0,"enemies":"downfall:FleeingMerchant","floor":5.0,"turns":4.0},{"damage":11.0,"enemies":"Gremlin Nob","floor":9.0,"turns":4.0},{"damage":0.0,"enemies":"Small Slimes","floor":10.0,"turns":2.0},{"damage":1.0,"enemies":"Cultist","floor":11.0,"turns":4.0},{"damage":14.0,"enemies":"3 Sentries","floor":12.0,"turns":7.0},{"damage":11.0,"enemies":"Blue Slaver","floor":13.0,"turns":5.0},{"damage":0.0,"enemies":"Exordium Wildlife","floor":14.0,"turns":2.0},{"damage":4.0,"enemies":"Gremlin Gang","floor":15.0,"turns":3.0},{"damage":21.0,"enemies":"WA_ARCHETYPE_RETAIN","floor":16.0,"turns":6.0},{"damage":13.0,"enemies":"Shell Parasite","floor":19.0,"turns":4.0},{"damage":1.0,"enemies":"Chosen","floor":20.0,"turns":4.0},{"damage":10.0,"enemies":"downfall:FleeingMerchant","floor":21.0,"turns":4.0},{"damage":5.0,"enemies":"3 Cultists","floor":22.0,"turns":5.0},{"damage":16.0,"enemies":"Shelled Parasite and Fungi","floor":23.0,"turns":4.0},{"damage":0.0,"enemies":"downfall:FleeingMerchant","floor":25.0,"turns":4.0},{"damage":6.0,"enemies":"Cultist and Chosen","floor":27.0,"turns":4.0},{"damage":31.0,"enemies":"3 Cultists","floor":28.0,"turns":6.0},{"damage":0.0,"enemies":"Snecko","floor":29.0,"turns":2.0},{"damage":15.0,"enemies":"Snake Plant","floor":32.0,"turns":4.0},{"damage":38.0,"enemies":"DF_ARCHETYPE_CLAW","floor":33.0,"turns":6.0},{"damage":1.0,"enemies":"3 Shapes","floor":36.0,"turns":6.0},{"damage":7.0,"enemies":"3 Darklings","floor":37.0,"turns":3.0},{"damage":5.0,"enemies":"3 Darklings","floor":38.0,"turns":3.0},{"damage":28.0,"enemies":"Maw","floor":39.0,"turns":8.0},{"damage":0.0,"enemies":"downfall:FleeingMerchant","floor":42.0,"turns":1.0},{"damage":31.0,"enemies":"Writhing Mass","floor":44.0,"turns":4.0},{"damage":7.0,"enemies":"Writhing Mass","floor":46.0,"turns":5.0},{"damage":23.0,"enemies":"Jaw Worm Horde","floor":49.0,"turns":4.0},{"damage":22,"enemies":"SI_POISON_ARCHETYPE","floor":50,"turns":9}],"seed_played":"2182153726080740271","potions_obtained":[{"floor":10.0,"key":"Slimebound:ThreeZeroPotion"},{"floor":12.0,"key":"SneckoOil"},{"floor":13.0,"key":"SteroidPotion"},{"floor":16.0,"key":"champ:CounterPotion"}],"is_trial":false,"path_per_floor":["R","M","?","?","$","R","T","R","E","M","M","E","M","M","M","B",null,"R","M","M","$","M","M","T","$","?","M","M","M","R","?","M","B",null,"R","M","M","?","M","R","T","$","R","M","R","?","?","$","M","B",null],"character_chosen":"THE_SNECKO","items_purchased":["Bag of Preparation","Omamori","expansioncontent:DashGenerateEvil","sneckomod:MasterEye","Letter Opener","sneckomod:Unknown3Cost","Happy Flower","sneckomod:UnknownUncommonAttack"],"campfire_rested":1,"item_purchase_floors":[5,21,21,25,42,42,42,42],"current_hp_per_floor":[99,98,78,78,68,68,68,68,57,57,56,42,33,33,29,8,101,101,90,91,81,76,62,62,62,62,58,31,33,33,33,42,11,129,129,129,124,126,107,107,107,107,107,78,118,122,122,122,106,91],"gold":30,"neow_bonus":"TEN_PERCENT_HP_BONUS","is_daily":false,"chose_seed":false,"campfire_upgraded":7,"win_rate":0.0,"timestamp":1612632021,"path_taken":["R","M","?","?","$","R","T","R","E","M","M","E","M","M","M","BOSS","R","M","M","$","M","M","T","$","?","M","M","M","R","?","M","BOSS","R","M","M","?","?","R","T","$","R","?","R","?","?","?","M","BOSS"],"items_purchased_type":["Relic","Relic","Card","Card","Relic","Card","Relic","Card"],"build_version":"2020-12-22","purchased_purges":1,"victory":true,"max_hp_per_floor":[99,99,99,99,99,99,99,99,99,99,99,99,101,101,101,101,101,101,103,105,105,105,107,107,107,107,109,113,115,115,115,115,115,129,129,129,131,131,133,133,133,133,133,135,135,139,139,139,139,139],"card_choices":[{"not_picked":["sneckomod:UnknownStrike","sneckomod:QuickMove"],"picked":"sneckomod:UnknownVulnerable","floor":2.0},{"not_picked":["sneckomod:RainOfDice","sneckomod:SoulRoll"],"picked":"sneckomod:QuickMove","floor":3.0},{"not_picked":["sneckomod:UnknownCommonAttack","sneckomod:Unknown1Cost"],"picked":"sneckomod:UnknownDraw","floor":5.0},{"not_picked":["sneckomod:CheapStock","sneckomod:UnknownCommonSkill"],"picked":"sneckomod:UnlimitedRolls","floor":9.0},{"not_picked":["sneckomod:SlitherStrike","sneckomod:UnknownCommonAttack"],"picked":"sneckomod:Nope","floor":10.0},{"not_picked":["sneckomod:UnknownCommonSkill","sneckomod:UnknownCommonAttack"],"picked":"sneckomod:TrashToTreasure","floor":11.0},{"not_picked":["sneckomod:DiceCrush","sneckomod:ImprovisedAttack"],"picked":"sneckomod:SerpentMind","floor":12.0},{"not_picked":["sneckomod:UnknownDraw","sneckomod:UnknownBlock","sneckomod:DiceBlock"],"picked":"Singing Bowl","floor":13.0},{"not_picked":["sneckomod:RainOfDice","sneckomod:SlitherStrike"],"picked":"sneckomod:UnknownX","floor":14.0},{"not_picked":["sneckomod:SoulDraw","sneckomod:DiceCrush"],"picked":"sneckomod:UnendingSupply","floor":15.0},{"not_picked":["sneckomod:Mudshield","sneckomod:MorePower"],"picked":"sneckomod:UnknownBoss","floor":16.0},{"not_picked":["sneckomod:QuickMove+1","sneckomod:WideSting","sneckomod:Unknown2Cost"],"picked":"Singing Bowl","floor":19.0},{"not_picked":["sneckomod:UnknownCommonSkill","sneckomod:SoulRoll","sneckomod:UnknownCommonAttack+1"],"picked":"Singing Bowl","floor":20.0},{"not_picked":["sneckomod:QuickMove+1","sneckomod:ImprovisedGuard"],"picked":"sneckomod:UnknownUncommonPower","floor":21.0},{"not_picked":["sneckomod:DiceBoulder","sneckomod:UnlimitedRolls"],"picked":"sneckomod:Nope","floor":22.0},{"not_picked":["sneckomod:DefensiveFlair","sneckomod:QuickMove","sneckomod:UnknownClassRED"],"picked":"Singing Bowl","floor":23.0},{"not_picked":["sneckomod:RainOfDice+1","sneckomod:Unknown0Cost"],"picked":"sneckomod:UnknownDraw+1","floor":25.0},{"not_picked":["sneckomod:Nope+1","sneckomod:WideSting+1","sneckomod:UnknownClassRED"],"picked":"Singing Bowl","floor":27.0},{"not_picked":["hexamod:FourthSeal","hexamod:SecondSeal"],"picked":"hexamod:FirstSeal","floor":28.0},{"not_picked":["sneckomod:DiceBlock","sneckomod:Nope","sneckomod:ImprovisedGuard+1"],"picked":"Singing Bowl","floor":28.0},{"not_picked":["sneckomod:UnknownVulnerable","sneckomod:UnknownUncommonPower","sneckomod:CheapStock"],"picked":"Singing Bowl","floor":28.0},{"not_picked":["sneckomod:IronFang","sneckomod:DiceCrush","sneckomod:UnknownDraw+1"],"picked":"Singing Bowl","floor":29.0},{"not_picked":["sneckomod:DiceBlock","sneckomod:DiceCrush+1"],"picked":"sneckomod:UnknownRarePower+1","floor":32.0},{"not_picked":["sneckomod:DangerNoodle","sneckomod:UnknownRarePower+1"],"picked":"sneckomod:MorePower+1","floor":33.0},{"not_picked":["sneckomod:DiceCrush+1","sneckomod:UnknownBlock+1"],"picked":"sneckomod:SlitherStrike+1","floor":36.0},{"not_picked":["sneckomod:Unknown0Cost+1","sneckomod:Unknown1Cost+1"],"picked":"sneckomod:Unknown2Cost+1","floor":37.0},{"not_picked":["sneckomod:UnlimitedRolls+1","sneckomod:ImprovisedAttack","sneckomod:UnknownClassBLUE"],"picked":"Singing Bowl","floor":37.0},{"not_picked":["sneckomod:UnknownClassBLUE+1","sneckomod:UnknownCommonSkill+1"],"picked":"sneckomod:UnknownBoss+1","floor":39.0},{"not_picked":["sneckomod:MasterEye+1","sneckomod:ImprovisedAttack+1","sneckomod:UnknownUncommonAttack+1"],"picked":"Singing Bowl","floor":39.0},{"not_picked":["sneckomod:UnknownWeak+1","sneckomod:ImprovisedAttack"],"picked":"sneckomod:QuickBite+1","floor":42.0},{"not_picked":["sneckomod:UnknownCommonAttack+1","sneckomod:UnknownClassBLUE+1"],"picked":"sneckomod:UnknownUncommonPower+1","floor":44.0},{"not_picked":["sneckomod:QuickBite+1","sneckomod:MasterEye+1","sneckomod:Unknown1Cost+1"],"picked":"Singing Bowl","floor":44.0},{"not_picked":["sneckomod:DiceCrush+1","sneckomod:DiceBlock+1"],"picked":"sneckomod:QuickBite+1","floor":45.0},{"not_picked":["sneckomod:Unknown2Cost+1","sneckomod:UnknownVulnerable+1","sneckomod:UnknownBlock+1"],"picked":"Singing Bowl","floor":46.0},{"not_picked":["sneckomod:UnknownClassBLUE+1","sneckomod:ImprovisedAttack","sneckomod:MasterEye+1"],"picked":"Singing Bowl","floor":46.0},{"not_picked":["sneckomod:UnknownClassRED+1","sneckomod:Unknown1Cost+1"],"picked":"sneckomod:UnknownExhaust+1","floor":49},{"not_picked":["sneckomod:RainOfDice","sneckomod:IronFang"],"picked":"sneckomod:SerpentIdol","floor":49}],"player_experience":476881,"relics_obtained":[{"floor":3.0,"key":"sneckomod:ConfusingCodex"},{"floor":7.0,"key":"Singing Bowl"},{"floor":9.0,"key":"Potion Belt"},{"floor":12.0,"key":"Dream Catcher"},{"floor":24.0,"key":"Shuriken"},{"floor":34.0,"key":"Gremlin Horn"},{"floor":34.0,"key":"Mango"},{"floor":34.0,"key":"sneckomod:SneckoCommon"},{"floor":38.0,"key":"downfall:GremlinWheel"},{"floor":41.0,"key":"Gambling Chip"},{"floor":43.0,"key":"PreservedInsect"},{"floor":46.0,"key":"TungstenRod"}],"event_choices":[{"damage_healed":0.0,"max_hp_gain":0.0,"max_hp_loss":0.0,"gold_gain":0.0,"event_name":"Ghosts","player_choice":"Ignored","floor":26.0,"gold_loss":0.0,"damage_taken":0.0},{"damage_healed":0.0,"max_hp_gain":0.0,"max_hp_loss":0.0,"gold_gain":0.0,"event_name":"Wheel of Change","player_choice":"Relic","floor":43.0,"gold_loss":0.0,"damage_taken":0.0}],"is_beta":false,"boss_relics":[{"not_picked":["Empty Cage","SacredBark"],"picked":"Sozu"},{"not_picked":["SlaversCollar","bronze:MakeshiftBattery"],"picked":"Calling Bell"}],"items_purged_floors":[48],"is_endless":false,"potions_floor_spawned":[10,12,13,16,20,23,27,28,29,36,37,39,46],"ascension_level":0}}