{"host":"nlh1m2716594vj2h","time":1612570323,"event":{"mods":["AchievementEnabler","BaseMod","Beaked The Cultist","BetterRewards","Downfall","Glutton Mod","Googly Eyes","Gremlin Mod","Hermit","Hubris","Infinite Spire","Jorbs\u0027s Wanderer Trilogy","Marisa????????","Minty Spire (QoL Compilation)","Replay The Spire","Shop Mod","StSLib","The Animator","The Blackbeard","The Bug Knight","The Cursed","The Hierophant","The Necromancer","The Poker Player","The Runesmith","The Servant 0.9.4"],"gold_per_floor":[119,83,83,98,116,144,244,269,292,292,292,292,308,324,324,420,420,437,449,499,499,409,409,437,437,509,527,527,539,549,180,180,289,289,305,353,353,366,393,393,393,393,420,46,46,65,105,0,0,4,4,4,74,119,133],"floor_reached":56,"language":"ENG","playtime":4798,"items_purged":["ReplayTheSpireMod:Splinters","downfall:Haunted","downfall:Haunted","ReplayTheSpireMod:Compounding Headache","Writhe"],"score":1518,"play_id":"da9fc863-a063-4489-b183-ad0dbf1abb1e","local_time":"20210205191203","is_ascension_mode":false,"campfire_choices":[{"floor":11,"key":"REST"},{"floor":15,"key":"REST"},{"floor":23,"key":"REST"},{"floor":25,"key":"REST"},{"floor":28,"key":"RECALL"},{"floor":32,"key":"REST"},{"floor":42,"key":"REST"},{"floor":49,"key":"REST"},{"floor":52,"key":"REST"}],"circlet_count":0,"master_deck":["Gremlin:Strike+1","Gremlin:Strike+1","Gremlin:Strike","Gremlin:Strike","Gremlin:Defend","Gremlin:Defend","Gremlin:Defend+1","Gremlin:Defend","Gremlin:TagTeam","Gremlin:GremlinDance+1","Gremlin:ProperTools+1","Gremlin:IrksomeBlow","Gremlin:Patsy","Gremlin:Wizardry","Gremlin:Astound","Gremlin:GremlinArms","Gremlin:InfiniteBlocks","CommonCold","Gremlin:Nob","Gremlin:FeelTheAudience","Gremlin:CongaLine","Gremlin:ShadowShiv","Gremlin:Polish","Gremlin:ShankStone+1","Gremlin:Polish","hubris:Wrath","Gremlin:ShowOfHands+1","Gremlin:PinNeedle","Gremlin:Whiz+1","Gremlin:Astound","Gremlin:ShowStopper","ReplayTheSpireMod:Whispers of Evil","hermit:Covet","Gremlin:SecondVolley","Bandage Up","ReplayTheSpireMod:??????????????????????","Gremlin:Nob","Gremlin:BubbleBarrier+1","Gremlin:Glimmer","hubris:Fate","Gremlin:Polish","Parasite","Gremlin:Changeo","downfall:Aged","Gremlin:Polish+1","ReplayTheSpireMod:IOU","ReplayTheSpireMod:IOU","Crow Ritual","Madness","Gremlin:GremlinOffensive","Gremlin:ShowStopper","Gremlin:ArmsTheft","Gremlin:ArmsTheft+1","Gremlin:Tricksy","Gremlin:MakeshiftArmor","ReplayTheSpireMod:IOU","ReplayTheSpireMod:IOU","Looming Evil","Gremlin:BubbleBarrier+1"],"relics":["Gremlin:GremlinKnob","Mercury Hourglass","Guide Book","Replay:Wax Seal","Darkstone Periapt","Replay:Baseball","hubris:ToyBattleship","Boot","Fusion Hammer","Ring of Fangs","Ring of Greed","infinitespire:Midas Blood","Tiny Chest","Gremlin:PricklyShields","Replay:Rubber Ducky","Replay:Ringing Soul","Replay:Bottled Flurry","ReplayTheSpireMod:SealedPack","PreservedInsect","Membership Card","Torii","Gremlin:WizardStaff","Shuriken","Red Mask","BargainBundle","War Paint","Pocketwatch","ReplayTheSpireMod:TigerMarble"],"acts_visited":["Exordium","TheCity","TheBeyond","TheEnding"],"potions_floor_usage":[6,6,16,24,33,39,50,55,55],"damage_taken":[{"damage":0,"enemies":"2 Louse","floor":1,"turns":1},{"damage":11,"enemies":"infinitespire:Voidling","floor":4,"turns":3},{"damage":0,"enemies":"Jaw Worm","floor":5,"turns":4},{"damage":15,"enemies":"Gremlin Nob","floor":6,"turns":5},{"damage":9,"enemies":"Exordium Wildlife","floor":13,"turns":3},{"damage":14,"enemies":"3 Louse","floor":14,"turns":2},{"damage":23,"enemies":"The Guardian","floor":16,"turns":10},{"damage":25,"enemies":"3 Byrds","floor":18,"turns":5},{"damage":10,"enemies":"Spheric Guardian","floor":19,"turns":6},{"damage":4,"enemies":"HollowMod:Nosk","floor":24,"turns":5},{"damage":0,"enemies":"Cultist and Chosen","floor":27,"turns":4},{"damage":0,"enemies":"Sentry and Sphere","floor":29,"turns":5},{"damage":0,"enemies":"Snake Plant","floor":30,"turns":4},{"damage":10,"enemies":"hubris:MusketHawk","floor":33,"turns":9},{"damage":5,"enemies":"Orb Walker","floor":35,"turns":2},{"damage":0,"enemies":"3 Shapes","floor":38,"turns":4},{"damage":54,"enemies":"Transient","floor":39,"turns":5},{"damage":2,"enemies":"Writhing Mass","floor":46,"turns":6},{"damage":4,"enemies":"Giant Head","floor":47,"turns":8},{"damage":15,"enemies":"hubris:GrandSnecko","floor":50,"turns":8},{"damage":25,"enemies":"Shield and Spear","floor":54,"turns":5},{"damage":48,"enemies":"The Heart","floor":55,"turns":8}],"seed_played":"-2068572078332361147","potions_obtained":[{"floor":1,"key":"Fire Potion"},{"floor":3,"key":"Milkshake"},{"floor":3,"key":"Regen Potion"},{"floor":13,"key":"Fire Potion"},{"floor":14,"key":"DuplicationPotion"},{"floor":19,"key":"Fire Potion"},{"floor":30,"key":"Dexterity Potion"},{"floor":33,"key":"Adrenaline Potion"},{"floor":35,"key":"sneckomod:MuddlingPotion"},{"floor":38,"key":"ColorlessPotion"}],"is_trial":false,"path_per_floor":["M","$","?","M","M","E","?","T","T","?","R","?","M","M","R","B",null,"M","M","?","AVR","?","R","E","R","T","M","R","M","M","$","R","B",null,"M","T","?","M","M","R","AVR","R","T","$","T","M","E","?","R","B",null,"R","$","E","B",null],"character_chosen":"GREMLIN","items_purchased":["Gremlin:ProperTools+1","Mercury Hourglass","Guide Book","Gremlin:Wizardry","Replay:Bottled Flurry","Gremlin:Astound","Membership Card","Torii","Gremlin:Polish","BargainBundle","Crow Ritual","Madness","Gremlin:GremlinOffensive","Gremlin:ShowStopper","Gremlin:ArmsTheft","Gremlin:Tricksy","Gremlin:MakeshiftArmor","CultistPotion","SteroidPotion","War Paint","Pocketwatch"],"campfire_rested":8,"item_purchase_floors":[0,0,0,2,31,31,44,44,44,53,53,53,53,53,53,53,53,53,53,53,53],"current_hp_per_floor":[20,20,20,13,20,12,23,23,23,20,29,29,31,31,31,22,31,31,31,31,31,31,31,31,31,33,34,34,35,36,37,37,38,41,39,39,40,46,44,44,45,47,47,48,48,48,48,48,54,54,54,54,67,68,47],"gold":133,"neow_bonus":"","is_daily":false,"chose_seed":false,"campfire_upgraded":0,"win_rate":0.0,"timestamp":1612570323,"path_taken":["M","$","?","M","?","E","?","?","T","?","R","?","?","M","R","BOSS","M","M","?","AVR","?","R","E","R","T","M","R","M","?","?","R","BOSS","M","?","?","?","M","R","AVR","R","T","?","?","?","E","?","R","BOSS","R","$","E","BOSS"],"items_purchased_type":["Card","Relic","Relic","Card","Relic","Card","Relic","Relic","Card","Relic","Card","Card","Card","Card","Card","Card","Card","Potion","Potion","Relic","Relic"],"build_version":"2020-12-22","purchased_purges":5,"victory":true,"max_hp_per_floor":[20,20,20,20,20,20,31,31,31,31,31,31,31,31,31,31,31,31,31,31,31,31,31,31,31,33,34,34,35,36,37,37,38,41,44,44,45,46,47,46,47,47,47,48,48,51,54,54,54,54,54,54,67,68,68],"card_choices":[{"not_picked":["Gremlin:CatScratch","Gremlin:BulkUp"],"picked":"Gremlin:Patsy","floor":1},{"not_picked":["Gremlin:Pretaliation","Gremlin:Raid"],"picked":"Gremlin:Astound","floor":4},{"not_picked":["Gremlin:BulkUp","Gremlin:Pretaliation"],"picked":"Gremlin:GremlinArms","floor":5},{"not_picked":["Gremlin:Presto","Gremlin:Jeer"],"picked":"Gremlin:InfiniteBlocks","floor":6},{"not_picked":["Gremlin:Pinprick","Gremlin:DaggerDance"],"picked":"Gremlin:FeelTheAudience","floor":13},{"not_picked":["Gremlin:Jeer","Gremlin:BulkUp"],"picked":"Gremlin:CongaLine","floor":14},{"not_picked":["Gremlin:FlipOut","Gremlin:SecondVolley"],"picked":"Gremlin:ShadowShiv","floor":16},{"not_picked":["Gremlin:BubbleBarrier+1","Gremlin:Irritability+1"],"picked":"Gremlin:Polish","floor":18},{"not_picked":["Gremlin:Tadah","Gremlin:Tricksy+1"],"picked":"Gremlin:ShankStone+1","floor":19},{"not_picked":["Gremlin:Patsy","Gremlin:SharpenBlades"],"picked":"Gremlin:Polish","floor":24},{"not_picked":["Gremlin:BrokenShin","Gremlin:Tadah"],"picked":"Gremlin:ShowOfHands+1","floor":27},{"not_picked":["Gremlin:Presto","Gremlin:Patsy"],"picked":"Gremlin:PinNeedle","floor":29},{"not_picked":["Gremlin:Pretaliation","Gremlin:Wizardry"],"picked":"Gremlin:Whiz+1","floor":30},{"not_picked":["Gremlin:Erupt","Gremlin:Fury"],"picked":"Gremlin:ShowStopper","floor":33},{"not_picked":["Bone_Wall","PokerPlayerMod:BadJoker"],"picked":"hermit:Covet","floor":34},{"not_picked":["Gremlin:ShadowShiv","Gremlin:FairyDust"],"picked":"Gremlin:SecondVolley","floor":34},{"not_picked":["Jack Of All Trades","Blind"],"picked":"Bandage Up","floor":34},{"not_picked":["infinitespire:FinalStrike","infinitespire:Collect"],"picked":"ReplayTheSpireMod:??????????????????????","floor":34},{"not_picked":["Gremlin:Tadah","Gremlin:Presto"],"picked":"Gremlin:Nob","floor":35},{"not_picked":["Gremlin:DaggerDance+1","Gremlin:ShowOfHands"],"picked":"Gremlin:BubbleBarrier+1","floor":38},{"not_picked":["Gremlin:Tadah+1","Gremlin:BulkUp"],"picked":"Gremlin:Glimmer","floor":39},{"not_picked":["Gremlin:FlipOut","Gremlin:Jeer"],"picked":"Gremlin:Changeo","floor":46},{"not_picked":["Gremlin:Presto","Gremlin:Pinprick+1"],"picked":"Gremlin:Polish+1","floor":47},{"not_picked":["Gremlin:Changeo+1","Gremlin:TwistTheKnife"],"picked":"Gremlin:BubbleBarrier+1","floor":54}],"player_experience":466810,"relics_obtained":[{"floor":6,"key":"Replay:Wax Seal"},{"floor":8,"key":"Replay:Baseball"},{"floor":9,"key":"hubris:ToyBattleship"},{"floor":20,"key":"Ring of Fangs"},{"floor":20,"key":"Ring of Greed"},{"floor":20,"key":"infinitespire:Midas Blood"},{"floor":20,"key":"Tiny Chest"},{"floor":24,"key":"Replay:Rubber Ducky"},{"floor":26,"key":"Replay:Ringing Soul"},{"floor":43,"key":"PreservedInsect"},{"floor":45,"key":"Gremlin:WizardStaff"},{"floor":47,"key":"Shuriken"},{"floor":54,"key":"ReplayTheSpireMod:TigerMarble"}],"event_choices":[{"damage_healed":0,"gold_gain":0,"player_choice":"Got Potions","damage_taken":0,"max_hp_gain":0,"max_hp_loss":0,"event_name":"Lab","floor":3,"gold_loss":0},{"damage_healed":0,"gold_gain":0,"player_choice":"Success","damage_taken":3,"relics_obtained":["Boot"],"max_hp_gain":0,"max_hp_loss":0,"event_name":"Scrap Ooze","floor":10,"gold_loss":0},{"damage_healed":0,"gold_gain":0,"player_choice":"Ignored","damage_taken":0,"max_hp_gain":0,"max_hp_loss":0,"event_name":"Liars Game","floor":12,"gold_loss":0},{"cards_removed":["Doubt"],"damage_healed":0,"gold_gain":0,"player_choice":"Upgrade and Remove","damage_taken":0,"max_hp_gain":0,"max_hp_loss":0,"event_name":"Designer","floor":22,"gold_loss":90,"cards_upgraded":["Gremlin:GremlinDance"]},{"cards_removed":["Meteor Strike"],"damage_healed":0,"gold_gain":0,"player_choice":"Took Card","damage_taken":0,"max_hp_gain":0,"max_hp_loss":0,"event_name":"NoteForYourself","floor":37,"gold_loss":0,"cards_obtained":["Meteor Strike"]},{"damage_healed":0,"gold_gain":0,"player_choice":"Paid","damage_taken":0,"relics_obtained":["Red Mask"],"max_hp_gain":0,"max_hp_loss":0,"event_name":"Tomb of Lord Red Mask","floor":48,"gold_loss":105}],"is_beta":false,"boss_relics":[{"not_picked":["Ring of Chaos","ChewingGum"],"picked":"Fusion Hammer"},{"not_picked":["Empty Cage","hubris:RunicObelisk"],"picked":"ReplayTheSpireMod:SealedPack"}],"items_purged_floors":[21,31,41,44,53],"is_endless":false,"potions_floor_spawned":[1,13,14,19,30,33,35,38],"ascension_level":0}}