{"host":"rw1trt79hfpl7pom","time":1612603773,"event":{"mods":["BaseMod","Bestiary","Colored Map","Jorbs\u0027s Wanderer Trilogy","Minty Spire (QoL Compilation)","Relic Stats","StSLib","SuperFastMode"],"gold_per_floor":[115,115,39,39,89,123,123,141,141,26,36,86,119,139,139,218,218,232,250,266,266,266,266,293,293,293,308,308,328,6,19,19,97,97,113,113,1112,1126,1179,1179,708,738,808,828,843,871,883,908,908,908,908,908,908,9,38,38],"floor_reached":57,"language":"ENG","playtime":6793,"items_purged":["Strike_G","Bite"],"score":2790,"play_id":"cf3164df-0050-4b3b-ba0c-6d78a4c32e3c","local_time":"20210206012933","is_ascension_mode":true,"campfire_choices":[{"data":"Cloak And Dagger","floor":7.0,"key":"SMITH"},{"data":"Well Laid Plans","floor":15.0,"key":"SMITH"},{"floor":23,"key":"RECALL"},{"floor":25,"key":"REST"},{"floor":32,"key":"REST"},{"floor":40,"key":"REST"},{"floor":49,"key":"REST"},{"floor":53,"key":"REST"}],"circlet_count":0,"master_deck":["AscendersBane","Defend_G","Defend_G","Defend_G","Defend_G","Defend_G+1","Survivor","Neutralize","Dagger Spray+1","Well Laid Plans+1","Cloak And Dagger+1","Infinite Blades","Terror","Adrenaline","Malaise","Dodge and Roll","PiercingWail","Bite","Bite","Bite","Bite","Ghostly+1","Ghostly","Ghostly","Footwork","PiercingWail","Acrobatics+1","Noxious Fumes","Leg Sweep","Infinite Blades","Blade Dance","Doppelganger","Ghostly+1","Escape Plan","Escape Plan","Envenom","Well Laid Plans","Cloak And Dagger"],"relics":["Ring of the Snake","NeowsBlessing","Omamori","Sundial","Kunai","Fusion Hammer","Bottled Tornado","HornCleat","Bag of Preparation","SlaversCollar","Ice Cream","DollysMirror","Darkstone Periapt","Juzu Bracelet","Mummified Hand","Paper Crane","ClockworkSouvenir","Bottled Lightning"],"acts_visited":["Exordium","TheCity","TheBeyond","TheEnding"],"potions_floor_usage":[39,39,56,56],"damage_taken":[{"damage":0.0,"enemies":"2 Louse","floor":1.0,"turns":1.0},{"damage":0.0,"enemies":"3 Sentries","floor":6.0,"turns":1.0},{"damage":0.0,"enemies":"Jaw Worm","floor":8.0,"turns":1.0},{"damage":0.0,"enemies":"Small Slimes","floor":11.0,"turns":3.0},{"damage":4.0,"enemies":"Lagavulin","floor":13.0,"turns":6.0},{"damage":13.0,"enemies":"Red Slaver","floor":14.0,"turns":4.0},{"damage":7.0,"enemies":"The Guardian","floor":16.0,"turns":8.0},{"damage":21.0,"enemies":"Chosen","floor":18.0,"turns":6.0},{"damage":9.0,"enemies":"Spheric Guardian","floor":19.0,"turns":6.0},{"damage":0,"enemies":"Snake Plant","floor":20,"turns":10},{"damage":13,"enemies":"Book of Stabbing","floor":24,"turns":11},{"damage":8,"enemies":"Chosen and Byrds","floor":27,"turns":13},{"damage":13,"enemies":"Centurion and Healer","floor":29,"turns":11},{"damage":0,"enemies":"Sentry and Sphere","floor":31,"turns":9},{"damage":1,"enemies":"Automaton","floor":33,"turns":13},{"damage":0,"enemies":"3 Shapes","floor":35,"turns":9},{"damage":6,"enemies":"Orb Walker","floor":38,"turns":7},{"damage":31,"enemies":"2 Orb Walkers","floor":39,"turns":11},{"damage":11,"enemies":"Giant Head","floor":42,"turns":11},{"damage":5,"enemies":"3 Darklings","floor":44,"turns":13},{"damage":3,"enemies":"Jaw Worm Horde","floor":45,"turns":8},{"damage":1,"enemies":"Nemesis","floor":46,"turns":11},{"damage":2,"enemies":"Transient","floor":47,"turns":6},{"damage":1,"enemies":"Giant Head","floor":48,"turns":10},{"damage":20,"enemies":"Time Eater","floor":50,"turns":19},{"damage":15,"enemies":"Awakened One","floor":51,"turns":21},{"damage":22,"enemies":"Shield and Spear","floor":55,"turns":12},{"damage":9,"enemies":"The Heart","floor":56,"turns":16}],"seed_played":"-3825705777195780180","potions_obtained":[{"floor":8.0,"key":"DistilledChaos"},{"floor":11.0,"key":"LiquidMemories"},{"floor":13.0,"key":"AttackPotion"},{"floor":20,"key":"CunningPotion"},{"floor":24,"key":"CunningPotion"},{"floor":55,"key":"PowerPotion"}],"is_trial":false,"path_per_floor":["M","?","$","?","?","E","R","M","T","$","M","?","E","M","R","B",null,"M","M","M","?","?","R","E","R","T","M","?","M","$","M","R","B",null,"M","?","?","M","?","R","$","E","T","M","M","E","M","E","R","B","B",null,"R","$","E","B",null],"character_chosen":"THE_SILENT","items_purchased":["Well Laid Plans","Infinite Blades","Bag of Preparation","Noxious Fumes","Leg Sweep","CunningPotion","Strength Potion","DollysMirror","Escape Plan","Paper Crane","ClockworkSouvenir","Well Laid Plans","Bottled Lightning","Cloak And Dagger","GamblersBrew"],"campfire_rested":5,"item_purchase_floors":[3,10,30,30,30,41,41,41,41,54,54,54,54,54,54],"current_hp_per_floor":[59,59,59,39,39,39,39,39,39,39,39,33,29,16,16,9,52,31,22,22,22,22,22,23,23,23,23,23,23,23,23,23,23,23,23,23,23,23,8,14,14,23,23,23,23,23,23,23,23,21,23,23,23,23,15,23],"gold":38,"neow_bonus":"THREE_ENEMY_KILL","is_daily":false,"chose_seed":false,"campfire_upgraded":2,"win_rate":0.0,"timestamp":1612603773,"path_taken":["M","?","$","?","?","E","R","?","T","?","M","?","E","M","R","BOSS","M","?","M","?","?","R","E","R","T","M","?","M","$","M","R","BOSS","M","?","?","M","?","R","$","E","T","M","M","E","M","E","R","BOSS","BOSS","R","$","E","BOSS"],"items_purchased_type":["Card","Card","Relic","Card","Card","Potion","Potion","Relic","Card","Relic","Relic","Card","Relic","Card","Potion"],"build_version":"2020-12-22","purchased_purges":2,"victory":true,"max_hp_per_floor":[66,66,66,66,66,66,66,66,66,66,66,66,66,66,66,66,66,66,66,66,46,23,23,23,23,23,23,23,23,23,23,23,23,23,23,23,23,23,23,23,23,23,23,23,23,23,23,23,23,23,23,23,23,23,23,23],"relic_stats":{"Darkstone Periapt":0,"counters":[28,257],"Sundial":[42],"Mummified Hand":[28],"Bag of Preparation":[30],"Juzu Bracelet":0,"Kunai":[209],"obtain_stats":[{"Ice Cream":39,"Darkstone Periapt":42,"NeowsBlessing":0,"Omamori":6,"Bag of Preparation":30,"Juzu Bracelet":46,"Bottled Tornado":24,"Paper Crane":54,"ClockworkSouvenir":54,"SlaversCollar":34,"HornCleat":26,"Sundial":9,"DollysMirror":41,"Mummified Hand":48,"Fusion Hammer":17,"Kunai":13,"Bottled Lightning":54,"Ring of the Snake":0},{"Ice Cream":18,"Darkstone Periapt":19,"NeowsBlessing":0,"Omamori":2,"Bag of Preparation":13,"Juzu Bracelet":22,"Bottled Tornado":11,"Paper Crane":26,"ClockworkSouvenir":26,"SlaversCollar":15,"HornCleat":11,"Sundial":3,"DollysMirror":18,"Mummified Hand":24,"Fusion Hammer":7,"Kunai":5,"Bottled Lightning":26,"Ring of the Snake":0},{"Ice Cream":130,"Darkstone Periapt":141,"NeowsBlessing":0,"Omamori":2,"Bag of Preparation":81,"Juzu Bracelet":173,"Bottled Tornado":57,"Paper Crane":229,"ClockworkSouvenir":229,"SlaversCollar":103,"HornCleat":57,"Sundial":3,"DollysMirror":130,"Mummified Hand":189,"Fusion Hammer":24,"Kunai":12,"Bottled Lightning":229,"Ring of the Snake":0}],"Ring of the Snake":[56]},"card_choices":[{"not_picked":["Prepared","Catalyst"],"picked":"Dagger Spray","floor":1.0},{"not_picked":["Skewer","Underhanded Strike"],"picked":"Cloak And Dagger","floor":6.0},{"not_picked":["Bane","Catalyst","Deadly Poison"],"picked":"SKIP","floor":8.0},{"not_picked":["Sucker Punch","Dagger Spray"],"picked":"Terror","floor":11.0},{"not_picked":["Quick Slash","Choke"],"picked":"Adrenaline","floor":13.0},{"not_picked":["Skewer","Sucker Punch","Underhanded Strike"],"picked":"SKIP","floor":14.0},{"not_picked":["Die Die Die","Bullet Time"],"picked":"Malaise","floor":16.0},{"not_picked":["Expertise","Dagger Spray"],"picked":"Dodge and Roll","floor":18.0},{"not_picked":["Flying Knee","Quick Slash"],"picked":"Backstab","floor":19.0},{"not_picked":["Prepared","Eviscerate"],"picked":"PiercingWail","floor":20},{"not_picked":["Dagger Throw","Quick Slash+1"],"picked":"Footwork","floor":24},{"not_picked":["Dodge and Roll","Escape Plan"],"picked":"PiercingWail","floor":27},{"not_picked":["Slice","PiercingWail"],"picked":"Acrobatics+1","floor":29},{"not_picked":["Slice","Die Die Die"],"picked":"Infinite Blades","floor":31},{"not_picked":["Cloak And Dagger","Sucker Punch"],"picked":"Blade Dance","floor":35},{"not_picked":["PiercingWail","Quick Slash","Heel Hook"],"picked":"SKIP","floor":38},{"not_picked":["Slice","Flying Knee"],"picked":"Doppelganger","floor":39},{"not_picked":["Prepared","Setup","Backstab"],"picked":"SKIP","floor":42},{"not_picked":["Dagger Spray","Outmaneuver","Deadly Poison"],"picked":"SKIP","floor":44},{"not_picked":["Noxious Fumes","Well Laid Plans+1","Reflex"],"picked":"SKIP","floor":45},{"not_picked":["Deflect","All Out Attack"],"picked":"Escape Plan","floor":46},{"not_picked":["A Thousand Cuts","Eviscerate","Underhanded Strike"],"picked":"SKIP","floor":47},{"not_picked":["Prepared+1","Deflect"],"picked":"Envenom","floor":48},{"not_picked":["Setup","Masterful Stab","Bane"],"picked":"SKIP","floor":55}],"player_experience":2603029,"relics_obtained":[{"floor":6.0,"key":"Omamori"},{"floor":9.0,"key":"Sundial"},{"floor":13.0,"key":"Kunai"},{"floor":24,"key":"Bottled Tornado"},{"floor":26,"key":"HornCleat"},{"floor":39,"key":"Ice Cream"},{"floor":42,"key":"Darkstone Periapt"},{"floor":46,"key":"Juzu Bracelet"},{"floor":48,"key":"Mummified Hand"}],"event_choices":[{"damage_healed":0.0,"max_hp_gain":0.0,"max_hp_loss":0.0,"gold_gain":0.0,"event_name":"The Cleric","player_choice":"Leave","floor":2.0,"gold_loss":0.0,"damage_taken":0.0},{"damage_healed":0.0,"max_hp_gain":0.0,"max_hp_loss":0.0,"gold_gain":0.0,"event_name":"Shining Light","player_choice":"Entered Light","floor":4.0,"gold_loss":0.0,"damage_taken":20.0,"cards_upgraded":["Defend_G","Dagger Spray"]},{"damage_healed":0.0,"max_hp_gain":0.0,"max_hp_loss":0.0,"gold_gain":50.0,"event_name":"Golden Shrine","player_choice":"Pray","floor":5.0,"gold_loss":0.0,"damage_taken":0.0},{"damage_healed":0.0,"max_hp_gain":0.0,"max_hp_loss":0.0,"gold_gain":50.0,"event_name":"FaceTrader","player_choice":"Touch","floor":12.0,"gold_loss":0.0,"damage_taken":6.0},{"damage_healed":0,"gold_gain":0,"player_choice":"Became a vampire","damage_taken":0,"max_hp_gain":0,"max_hp_loss":20,"event_name":"Vampires","floor":21,"gold_loss":0,"cards_obtained":["Bite","Bite","Bite","Bite","Bite"]},{"damage_healed":0,"gold_gain":0,"player_choice":"Became a Ghost","damage_taken":0,"max_hp_gain":0,"max_hp_loss":23,"event_name":"Ghosts","floor":22,"gold_loss":0,"cards_obtained":["Ghostly","Ghostly","Ghostly"]},{"damage_healed":0,"gold_gain":0,"player_choice":"Upgraded","damage_taken":0,"max_hp_gain":0,"max_hp_loss":0,"event_name":"Upgrade Shrine","floor":28,"gold_loss":0,"cards_upgraded":["Ghostly"]},{"cards_removed":["Backstab"],"damage_healed":0,"gold_gain":0,"player_choice":"Removed Attack","damage_taken":0,"max_hp_gain":0,"max_hp_loss":0,"event_name":"Falling","floor":36,"gold_loss":0},{"damage_healed":0,"gold_gain":999,"player_choice":"Gold","damage_taken":0,"max_hp_gain":0,"max_hp_loss":0,"event_name":"MindBloom","floor":37,"gold_loss":0,"cards_obtained":["Normality","Normality"]},{"damage_healed":0,"gold_gain":0,"player_choice":"Fight","damage_taken":0,"max_hp_gain":0,"max_hp_loss":0,"event_name":"Mysterious Sphere","floor":39,"gold_loss":0}],"is_beta":false,"boss_relics":[{"not_picked":["WristBlade","Empty Cage"],"picked":"Fusion Hammer"},{"not_picked":["Runic Dome","Ring of the Serpent"],"picked":"SlaversCollar"}],"items_purged_floors":[10,41],"is_endless":false,"potions_floor_spawned":[8,11,13,20,24,29,31,42,44,46,48,55],"ascension_level":20}}