{"host":"epc8efk9vrywpcsw","time":1612616585,"event":{"mods":["BaseMod","Minty Spire (QoL Compilation)","Relic Stats","StSLib"],"gold_per_floor":[111,111,128,128,128,128,159,159,159,75,225,225,225],"floor_reached":12,"language":"ENG","playtime":124,"items_purged":[],"score":198,"play_id":"b200cf52-c13d-4d47-bd8a-a0689e7be898","local_time":"20210206140305","is_ascension_mode":true,"campfire_choices":[{"data":"Neutralize","floor":6,"key":"SMITH"},{"data":"Venomology","floor":8,"key":"SMITH"}],"circlet_count":0,"master_deck":["AscendersBane","Strike_G+1","Strike_G","Strike_G","Strike_G","Defend_G","Defend_G","Defend_G","Defend_G","Defend_G+1","Survivor","Neutralize+1","Sucker Punch","Terror","Venomology+1","Calculated Gamble","Doubt"],"relics":["Ring of the Snake","NeowsBlessing","Golden Idol","Sundial","Turnip"],"acts_visited":["Exordium"],"potions_floor_usage":[],"damage_taken":[{"damage":0,"enemies":"Jaw Worm","floor":1,"turns":1},{"damage":0,"enemies":"Small Slimes","floor":3,"turns":1},{"damage":0,"enemies":"3 Sentries","floor":7,"turns":1},{"damage":20,"enemies":"Lagavulin","floor":12,"turns":6}],"seed_played":"-6738464576694873494","potions_obtained":[{"floor":1,"key":"Poison Potion"}],"is_trial":false,"path_per_floor":["M","?","M","?","?","R","E","R","T","$","?","E"],"character_chosen":"THE_SILENT","items_purchased":["Calculated Gamble"],"campfire_rested":0,"item_purchase_floors":[10],"current_hp_per_floor":[59,52,52,52,34,34,34,34,34,34,34,14,14],"gold":225,"neow_bonus":"THREE_ENEMY_KILL","is_daily":false,"chose_seed":false,"campfire_upgraded":2,"win_rate":0.0,"timestamp":1612616585,"path_taken":["M","?","M","?","?","R","E","R","T","$","?","E"],"items_purchased_type":["Card"],"build_version":"2020-12-22","purchased_purges":0,"victory":false,"max_hp_per_floor":[66,66,66,60,60,60,60,60,60,60,60,60,60],"relic_stats":{"counters":[4,9],"Golden Idol":6,"Sundial":[0],"Turnip":[0],"obtain_stats":[{"NeowsBlessing":0,"Golden Idol":4,"Sundial":7,"Turnip":9,"Ring of the Snake":0},{"NeowsBlessing":0,"Golden Idol":2,"Sundial":3,"Turnip":3,"Ring of the Snake":0},{"NeowsBlessing":0,"Golden Idol":2,"Sundial":3,"Turnip":3,"Ring of the Snake":0}],"Ring of the Snake":[8]},"card_choices":[{"not_picked":["Noxious Fumes","PiercingWail"],"picked":"Sucker Punch","floor":1},{"not_picked":["Dodge and Roll","Poisoned Stab"],"picked":"Terror","floor":3},{"not_picked":["Eviscerate","Caltrops"],"picked":"Venomology","floor":7}],"player_experience":492221,"relics_obtained":[{"floor":7,"key":"Sundial"},{"floor":9,"key":"Turnip"}],"event_choices":[{"cards_removed":["Strike_G"],"damage_healed":0,"gold_gain":0,"player_choice":"Card Removal","damage_taken":7,"max_hp_gain":0,"max_hp_loss":0,"event_name":"Golden Wing","floor":2,"gold_loss":0},{"damage_healed":0,"gold_gain":0,"player_choice":"Lose Max HP","damage_taken":0,"relics_obtained":["Golden Idol"],"max_hp_gain":0,"max_hp_loss":6,"event_name":"Golden Idol","floor":4,"gold_loss":0},{"damage_healed":0,"gold_gain":0,"player_choice":"Entered Light","damage_taken":18,"max_hp_gain":0,"max_hp_loss":0,"event_name":"Shining Light","floor":5,"gold_loss":0,"cards_upgraded":["Strike_G","Defend_G"]},{"damage_healed":0,"gold_gain":150,"player_choice":"AGREE","damage_taken":0,"max_hp_gain":0,"max_hp_loss":0,"event_name":"Liars Game","floor":11,"gold_loss":0,"cards_obtained":["Doubt"]}],"is_beta":false,"boss_relics":[],"items_purged_floors":[],"is_endless":false,"potions_floor_spawned":[1],"killed_by":"Lagavulin","ascension_level":20}}