{"host":"9kesdg97wkrx2bva","time":1612642794,"event":{"mods":["AchievementEnabler","BaseMod","Colored Map","GifTheSpireLib","Infinite Spire","Minty Spire (QoL Compilation)","Replay The Spire","StSLib"],"gold_per_floor":[117,117,24,24,35,65,65,82,82,99,99,99,111,122,122,193,193,164,114,130,130,141,176,176,176,222,235,254,273,273,273,273,198,198,198,198],"floor_reached":35,"language":"ENG","playtime":1516,"items_purged":["infinitespire:Pacifist"],"score":530,"play_id":"a27f1ab0-f274-4c88-a513-17bef2f7b3a5","local_time":"20210206141954","is_ascension_mode":true,"campfire_choices":[{"floor":7.0,"key":"REST"},{"floor":11.0,"key":"REST"},{"data":"infinitespire:Oblivion","floor":15.0,"key":"SMITH"},{"floor":24,"key":"REST"},{"floor":34,"key":"REST"}],"circlet_count":0,"master_deck":["AscendersBane","Defend_B+1","Defend_B","Defend_B","Defend_B","Zap+1","Dualcast","Rebound","infinitespire:Oblivion+1","Loop","Ball Lightning","Hologram","Gash","Coolheaded","Mirror Shield+1","Rebound","Go for the Eyes","Hologram","Chaos"],"relics":["Cracked Core","Durian","CaptainsWheel","Kintsugi","ReplayTheSpireMod:Ninjato","infinitespire:Beetle Shell","infinitespire:Lucky Rock","Blue Candle"],"acts_visited":["Exordium","TheCity"],"potions_floor_usage":[18,20,35,35],"damage_taken":[{"damage":0.0,"enemies":"Cultist","floor":1.0,"turns":3.0},{"damage":3.0,"enemies":"2 Louse","floor":5.0,"turns":2.0},{"damage":40.0,"enemies":"3 Sentries","floor":6.0,"turns":7.0},{"damage":0.0,"enemies":"Small Slimes","floor":8.0,"turns":1.0},{"damage":6.0,"enemies":"2 Fungi Beasts","floor":10.0,"turns":2.0},{"damage":10.0,"enemies":"Red Slaver","floor":13.0,"turns":3.0},{"damage":0.0,"enemies":"Blue Slaver","floor":14.0,"turns":2.0},{"damage":39.0,"enemies":"Fading Forest","floor":16.0,"turns":11.0},{"damage":23,"enemies":"2 Thieves","floor":18,"turns":4},{"damage":0,"enemies":"Shell Parasite","floor":20,"turns":4},{"damage":11,"enemies":"Cultist and Chosen","floor":22,"turns":6},{"damage":8,"enemies":"Nightmare","floor":23,"turns":6},{"damage":30,"enemies":"Shelled Parasite and Fungi","floor":27,"turns":6},{"damage":6,"enemies":"Centurion and Healer","floor":28,"turns":5},{"damage":0,"enemies":"Snecko","floor":29,"turns":5},{"damage":29,"enemies":"Collector","floor":35,"turns":7}],"seed_played":"-2734814416598126040","potions_obtained":[{"floor":5.0,"key":"FearPotion"},{"floor":13.0,"key":"Explosive Potion"},{"floor":16.0,"key":"Fire Potion"},{"floor":18,"key":"Energy Potion"},{"floor":27,"key":"Fire Potion"},{"floor":28,"key":"Explosive Potion"}],"is_trial":false,"path_per_floor":["M","?","$","?","M","E","R","M","T","M","R","?","M","M","R","B",null,"M","?","M","AVR","M","NM","R","?","T","M","M","M","PTL","PTL","T","?","R","B"],"character_chosen":"DEFECT","items_purchased":["Loop","Ball Lightning"],"campfire_rested":4,"item_purchase_floors":[3,3],"current_hp_per_floor":[64,46,46,46,43,8,30,30,30,24,46,46,36,36,36,15,61,38,38,38,38,27,19,41,41,41,11,5,5,5,5,5,5,27,0,0],"gold":198,"neow_bonus":"UPGRADE_CARD","is_daily":false,"chose_seed":false,"campfire_upgraded":1,"win_rate":0.0,"timestamp":1612642794,"path_taken":["M","?","$","?","M","E","R","M","T","?","R","?","M","M","R","BOSS","M","?","M","AVR","?","NM","R","?","T","M","M","M","PTL","PTL","?","?","R","BOSS"],"items_purchased_type":["Card","Card"],"build_version":"2020-12-22","purchased_purges":1,"victory":false,"max_hp_per_floor":[71,71,71,71,71,76,76,76,76,76,76,76,76,76,76,76,76,76,76,76,76,76,76,76,76,76,76,76,76,76,76,76,76,76,76,76],"card_choices":[{"not_picked":["Redo","Sweeping Beam"],"picked":"Rebound","floor":1.0},{"not_picked":["infinitespire:NeuralNetwork","infinitespire:SevenWalls"],"picked":"infinitespire:Oblivion","floor":2.0},{"not_picked":["Stack","Doom and Gloom"],"picked":"Barrage","floor":5.0},{"not_picked":["Go for the Eyes","Steam"],"picked":"Compile Driver","floor":6.0},{"not_picked":["Beam Cell","Reprogram"],"picked":"Hologram","floor":8.0},{"not_picked":["Meteor Strike","Beam Cell"],"picked":"Gash","floor":10.0},{"not_picked":["Redo","Skim"],"picked":"Coolheaded","floor":13.0},{"not_picked":["Steam","Compile Driver","BasicCrystalCard"],"picked":"SKIP","floor":14.0},{"not_picked":["Multi-Cast","Seek"],"picked":"Mirror Shield","floor":16.0},{"not_picked":["Barrage","Turbo"],"picked":"Rebound","floor":18},{"not_picked":["Reprogram+1","Stack"],"picked":"Go for the Eyes","floor":20},{"not_picked":["Leap","Lockon"],"picked":"Hologram","floor":22},{"not_picked":["Hello World","Redo","Panic Button"],"picked":"SKIP","floor":23},{"not_picked":["Leap","Auto Shields","Hologram"],"picked":"SKIP","floor":27},{"not_picked":["Conserve Battery","Streamline"],"picked":"Chaos","floor":28},{"not_picked":["ReplayTheSpireMod:Repulse","Ball Lightning","BasicCrystalCard"],"picked":"SKIP","floor":29}],"player_experience":1018120,"relics_obtained":[{"floor":6.0,"key":"Durian"},{"floor":9.0,"key":"CaptainsWheel"},{"floor":23,"key":"infinitespire:Beetle Shell"},{"floor":26,"key":"infinitespire:Lucky Rock"},{"floor":32,"key":"Blue Candle"}],"event_choices":[{"cards_removed":["Strike_B"],"damage_healed":0.0,"max_hp_gain":0.0,"max_hp_loss":0.0,"gold_gain":0.0,"event_name":"Bonfire Elementals","player_choice":"Offered Basic","floor":4.0,"gold_loss":0.0,"damage_taken":0.0},{"damage_healed":0,"gold_gain":0,"player_choice":"Upgraded Two","damage_taken":0,"max_hp_gain":0,"max_hp_loss":0,"event_name":"Designer","floor":19,"gold_loss":50,"cards_upgraded":["Mirror Shield","Defend_B"]},{"damage_healed":0,"gold_gain":0,"player_choice":"Ignored","damage_taken":0,"max_hp_gain":0,"max_hp_loss":0,"event_name":"Ghosts","floor":25,"gold_loss":0},{"cards_removed":["ReplayTheSpireMod:Splinters"],"damage_healed":0,"gold_gain":0,"player_choice":"Gave Gold","damage_taken":0,"max_hp_gain":0,"max_hp_loss":0,"event_name":"Beggar","floor":33,"gold_loss":75}],"is_beta":false,"boss_relics":[{"not_picked":["Abe\u0027s Treasure","Runic Pyramid"],"picked":"Kintsugi"}],"items_purged_floors":[21],"is_endless":false,"potions_floor_spawned":[5,13,16,18,27,28],"killed_by":"Collector","ascension_level":18}}