{"host":"z9x5nldzhmx4jdfi","time":1612655581,"event":{"mods":["2.2 Compatiblity","BaseMod","Better Altar","Better Match","Better Note","Better Sensory Stone","Better Skull","Better Third Choice","BetterRewards","Block Reminder","Card Filter","Colored Powertips","Infinite Spire","Minty Spire (QoL Compilation)","Relic Filter","StSLib","Td1madao Mod","The Animator","The Servant 0.9.4","Wandering Minibosses"],"gold_per_floor":[141,186,222,63,123,219,219,333,384,384,499,605,530,5,5,251,276,346,431,456,79,177,329,414,560,560,706,770,690,815,970,970,1204,1229,1305,1330,1394,1449,1525,1677,1844,1990,2040,2113,1432,1557,1624,50,50,54,54,54,54,1024,1086,1173,1198,852,56,56,56],"floor_reached":60,"language":"ENG","playtime":3592,"items_purged":["animator:Defend","animator:Strike","animator:Strike","animator:Defend","animator:Guren+1"],"score":3063,"play_id":"070b1c98-16e4-4c91-8d78-38b3f21b5799","local_time":"20210206175301","is_ascension_mode":true,"campfire_choices":[{"floor":7.0,"key":"REST"},{"floor":10.0,"key":"REST"},{"floor":15.0,"key":"REST"},{"floor":32.0,"key":"RECALL"},{"floor":49.0,"key":"REST"},{"floor":53.0,"key":"REST"}],"circlet_count":0,"master_deck":["AscendersBane","animator:Strike_Fate+1","animator:Defend_Fate+1","animator:Alexander+1","animator:Rider+1","animator:LeleiLaLalena+1","animator:Gilgamesh+16","animator:Assassin+1","animator:Saber+1","animator:Caster+1","animator:Albedo+1","animator:Saber+1","animator:Elesis+2","animator:SakuraMatou+1","animator:Lancer+1","animator:Illya+1","animator:Arpeggio+1","animator:Arpeggio+1","animator:GuildGirl+1","animator:Ainz","animator:MisaKurobane"],"relics":["animator:TheEruzaStone","animator:LivingPicture","animator:TheMissingPiece","animator:AncientMedallion"],"acts_visited":["Exordium","TheCity","TheBeyond","TheEnding","EYB:TheUnnamedReign"],"potions_floor_usage":[60],"damage_taken":[{"damage":1.0,"enemies":"Cultist","floor":1.0,"turns":3.0},{"damage":19.0,"enemies":"Small Slimes","floor":2.0,"turns":6.0},{"damage":2.0,"enemies":"2 Louse","floor":3.0,"turns":2.0},{"damage":10.0,"enemies":"Exordium Wildlife","floor":5.0,"turns":6.0},{"damage":12.0,"enemies":"3 Sentries","floor":6.0,"turns":9.0},{"damage":30.0,"enemies":"Lagavulin","floor":8.0,"turns":10.0},{"damage":0.0,"enemies":"3 Sentries","floor":11.0,"turns":6.0},{"damage":21.0,"enemies":"Gremlin Nob","floor":12.0,"turns":4.0},{"damage":10.0,"enemies":"The Guardian","floor":16.0,"turns":11.0},{"damage":2.0,"enemies":"3 Byrds","floor":18.0,"turns":6.0},{"damage":0.0,"enemies":"Spheric Guardian","floor":19.0,"turns":3.0},{"damage":0.0,"enemies":"Snake Plant","floor":22.0,"turns":3.0},{"damage":23.0,"enemies":"Gremlin Leader","floor":23.0,"turns":5.0},{"damage":0.0,"enemies":"Centurion and Healer","floor":24.0,"turns":1.0},{"damage":6.0,"enemies":"animator:HornedBat","floor":25.0,"turns":3.0},{"damage":7.0,"enemies":"Slavers","floor":27.0,"turns":2.0},{"damage":0.0,"enemies":"3 Cultists","floor":28.0,"turns":1.0},{"damage":0.0,"enemies":"animator:HornedBat","floor":30.0,"turns":2.0},{"damage":0.0,"enemies":"Book of Stabbing","floor":31.0,"turns":2.0},{"damage":0.0,"enemies":"Champ","floor":33.0,"turns":6.0},{"damage":0.0,"enemies":"3 Darklings","floor":35.0,"turns":1.0},{"damage":0.0,"enemies":"Orb Walker","floor":37.0,"turns":1.0},{"damage":0.0,"enemies":"Writhing Mass","floor":38.0,"turns":2.0},{"damage":0.0,"enemies":"3 Darklings","floor":39.0,"turns":1.0},{"damage":0.0,"enemies":"Nemesis","floor":40.0,"turns":4.0},{"damage":0.0,"enemies":"Giant Head","floor":41.0,"turns":6.0},{"damage":0.0,"enemies":"Nemesis","floor":42.0,"turns":1.0},{"damage":0.0,"enemies":"Sphere and 2 Shapes","floor":44.0,"turns":1.0},{"damage":0.0,"enemies":"Giant Head","floor":46.0,"turns":5.0},{"damage":0.0,"enemies":"Writhing Mass","floor":47.0,"turns":1.0},{"damage":0.0,"enemies":"Awakened One","floor":50.0,"turns":5.0},{"damage":0.0,"enemies":"Time Eater","floor":51.0,"turns":1.0},{"damage":23.0,"enemies":"animator:TRIPLE_SHAPES_WEAK","floor":55.0,"turns":7.0},{"damage":12.0,"enemies":"animator:UNNAMED_HAT","floor":56.0,"turns":6.0},{"damage":69,"enemies":"animator:LARGE_WISP","floor":60,"turns":3}],"seed_played":"3567349350690725204","potions_obtained":[{"floor":3.0,"key":"Explosive Potion"},{"floor":8.0,"key":"LiquidBronze"},{"floor":11.0,"key":"SpeedPotion"},{"floor":18.0,"key":"BlessingOfTheForge"},{"floor":24.0,"key":"EssenceOfSteel"},{"floor":46.0,"key":"Regen Potion"},{"floor":55.0,"key":"animator:FalseLifePotion"},{"floor":56.0,"key":"animator:FalseLifePotion"}],"is_trial":true,"path_per_floor":["M","M","M","$","M","E","R","E","T","R","E","E","?","$","R","B",null,"M","M","?","$","M","E","M","E","T","E","M","$","E","E","R","B",null,"M","AVR","M","M","M","E","E","E","T","M","$","E","M","$","R","B","B",null,"R","??","M","M","T","?","$","M"],"character_chosen":"THE_ANIMATOR","items_purchased":["animator:LeleiLaLalena+1","Orichalcum","infinitespire:Joker Card","Bronze Scales","DataDisk","Bag of Preparation","Akabeko","animator:Lancer+1","Gremlin Horn","Anchor","HandDrill","animator:WornHelmet","Mango","CloakClasp","Torii","animator:Illya+1","animator:Arpeggio","animator:Arpeggio","animator:GuildGirl","Potion Belt","infinitespire:Satchel","Mummified Hand","Strength Potion","Regen Potion","animator:AncientMedallion","animator:AncientMedallion","animator:Ainz","animator:MisaKurobane"],"campfire_rested":5,"item_purchase_floors":[4,14,14,14,21,21,21,45,45,45,45,45,48,48,48,48,48,48,48,48,48,48,48,48,59,59,59,59],"current_hp_per_floor":[53,34,32,32,22,10,34,4,4,28,28,8,8,8,32,22,51,49,49,49,49,49,27,27,21,21,14,14,14,14,16,25,27,56,56,56,56,56,56,56,56,66,66,75,83,85,85,99,99,99,99,99,99,80,57,45,45,45,45,0,0],"gold":56,"neow_bonus":"","is_daily":false,"chose_seed":false,"campfire_upgraded":0,"win_rate":0.0,"timestamp":1612655581,"path_taken":["M","M","?","$","M","E","R","E","T","R","E","E","?","$","R","BOSS","M","M","?","$","M","E","M","E","T","E","M","$","E","E","R","BOSS","M","AVR","M","M","M","E","E","E","T","M","$","E","M","$","R","BOSS","BOSS","R","??","M","M","T","?","$","M"],"items_purchased_type":["Card","Relic","Relic","Relic","Relic","Relic","Relic","Card","Relic","Relic","Relic","Relic","Relic","Relic","Relic","Card","Card","Card","Card","Relic","Relic","Relic","Potion","Potion","Relic","Relic","Card","Card"],"build_version":"2020-12-22","purchased_purges":5,"victory":false,"max_hp_per_floor":[60,60,60,60,60,60,60,60,60,60,60,61,61,61,61,61,61,61,61,61,61,61,62,62,62,62,62,62,62,62,64,64,66,66,66,66,66,66,66,66,66,76,76,83,83,85,85,99,99,99,99,99,99,80,80,80,80,80,80,80,80],"card_choices":[{"not_picked":["animator:PinaCoLada","animator:Elesis"],"picked":"animator:AcuraShin","floor":6.0},{"not_picked":["animator:Ainz","animator:GoblinSlayer"],"picked":"animator:Gilgamesh","floor":8.0},{"not_picked":["animator:PinaCoLada","animator:Guren+1","animator:AcuraShin+1"],"picked":"SKIP","floor":11.0},{"not_picked":["animator:Alexander+1","animator:ShinjiMatou+1"],"picked":"animator:Assassin+1","floor":12.0},{"not_picked":["animator:FeridBathory","animator:GoblinSlayer+1"],"picked":"animator:Saber+1","floor":16.0},{"not_picked":["animator:SakuraMatou+1","animator:Alexander+1"],"picked":"animator:Caster+1","floor":23.0},{"not_picked":["animator:SwordMaiden+1","animator:Saber+1"],"picked":"animator:Guren+1","floor":25.0},{"not_picked":["animator:Guren+1","animator:ChaikaTrabant+1"],"picked":"animator:Albedo+1","floor":27.0},{"not_picked":["animator:SwordMaiden+1","animator:AcuraShin+1"],"picked":"animator:Saber+1","floor":30.0},{"not_picked":["animator:Guren+1","animator:ItamiYouji+1","animator:PinaCoLada"],"picked":"Singing Bowl","floor":31.0},{"not_picked":["animator:ItamiYouji+1","animator:Albedo+1","animator:Saber+1"],"picked":"Singing Bowl","floor":33.0},{"not_picked":["animator:Saber+1","animator:SwordMaiden+1"],"picked":"animator:Elesis+1","floor":40.0},{"not_picked":["animator:Berserker+1","animator:ShinjiMatou+1"],"picked":"animator:SakuraMatou+1","floor":41.0},{"not_picked":["animator:Ainz","animator:Elesis+1"],"picked":"animator:Gilgamesh+1","floor":42.0},{"not_picked":["animator:SwordMaiden+1","animator:Saber+1","animator:Guren+1"],"picked":"Singing Bowl","floor":46.0},{"not_picked":["animator:Ara+1","animator:Tyuule","animator:PandorasActor"],"picked":"SKIP","floor":55.0},{"not_picked":["animator:Rider","animator:Yoichi","animator:CrowleyEusford"],"picked":"SKIP","floor":56.0}],"player_experience":1521672,"relics_obtained":[{"floor":1.0,"key":"Eternal Feather"},{"floor":2.0,"key":"infinitespire:WardingShard"},{"floor":3.0,"key":"Toxic Egg 2"},{"floor":5.0,"key":"infinitespire:EmpoweringShard"},{"floor":6.0,"key":"Thread and Needle"},{"floor":8.0,"key":"The Courier"},{"floor":9.0,"key":"infinitespire:Beetle Shell"},{"floor":11.0,"key":"Molten Egg 2"},{"floor":12.0,"key":"Boot"},{"floor":18.0,"key":"infinitespire:BottledMercury"},{"floor":19.0,"key":"Red Skull"},{"floor":22.0,"key":"Art of War"},{"floor":22.0,"key":"wanderingMiniBosses:CarrionFlame"},{"floor":23.0,"key":"FossilizedHelix"},{"floor":23.0,"key":"War Paint"},{"floor":24.0,"key":"Tiny Chest"},{"floor":25.0,"key":"Ornamental Fan"},{"floor":25.0,"key":"Turnip"},{"floor":27.0,"key":"Nunchaku"},{"floor":27.0,"key":"Bag of Marbles"},{"floor":28.0,"key":"animator:ShionDessert"},{"floor":30.0,"key":"animator:Buoy"},{"floor":30.0,"key":"Singing Bowl"},{"floor":31.0,"key":"MealTicket"},{"floor":31.0,"key":"infinitespire:CheckeredPen"},{"floor":35.0,"key":"Regal Pillow"},{"floor":37.0,"key":"Smiling Mask"},{"floor":38.0,"key":"infinitespire:ShieldingShard"},{"floor":39.0,"key":"Calipers"},{"floor":40.0,"key":"Pantograph"},{"floor":40.0,"key":"Matryoshka"},{"floor":41.0,"key":"Juzu Bracelet"},{"floor":41.0,"key":"infinitespire:Lucky Rock"},{"floor":42.0,"key":"Happy Flower"},{"floor":42.0,"key":"Pear"},{"floor":43.0,"key":"Blood Vial"},{"floor":43.0,"key":"HornCleat"},{"floor":44.0,"key":"Strawberry"},{"floor":46.0,"key":"animator:HallowedScabbard"},{"floor":46.0,"key":"Paper Frog"},{"floor":47.0,"key":"Omamori"},{"floor":54.0,"key":"animator:TheEruzaStone"},{"floor":57.0,"key":"animator:AncientMedallion"},{"floor":58.0,"key":"animator:AncientMedallion"},{"floor":58.0,"key":"animator:AncientMedallion"}],"event_choices":[{"cards_removed":["animator:Strike"],"damage_healed":0.0,"max_hp_gain":0.0,"max_hp_loss":0.0,"gold_gain":0.0,"event_name":"The Cleric","player_choice":"Card Removal","floor":13.0,"gold_loss":75.0,"damage_taken":0.0},{"damage_healed":0.0,"max_hp_gain":0.0,"max_hp_loss":0.0,"gold_gain":0.0,"event_name":"WeMeetAgain","player_choice":"Gave Potion","floor":20.0,"gold_loss":0.0,"damage_taken":0.0,"relics_obtained":["Vajra"]}],"is_beta":false,"boss_relics":[{"not_picked":["Pandora\u0027s Box","Mark of Pain"],"picked":"Black Star"},{"not_picked":["Runic Dome","animator:CursedBlade"],"picked":"animator:VividPicture"}],"items_purged_floors":[4,29,36,45,48],"is_endless":false,"potions_floor_spawned":[3,8,11,12,18,24,25,31,33,35,38,39,46,55,56],"killed_by":"animator:LARGE_WISP","ascension_level":20}}