{"host":"0kwl2uefibxd2nsv","time":1612610427,"event":{"mods":["Act Like it!","Aspiration","BaseMod","Better Note","BetterRewards","DeckTracker","Googly Eyes","Minty Spire (QoL Compilation)","Reliquary","StS++","StSLib"],"gold_per_floor":[112,112,127,146,126,151,151,180,180,180,180],"floor_reached":10,"language":"ENG","playtime":347,"items_purged":[],"score":114,"play_id":"da0fa28a-d3db-46c2-a64f-fce95a28613e","local_time":"20210206122027","is_ascension_mode":true,"campfire_choices":[{"data":"Reprogram","floor":7,"key":"SMITH"}],"circlet_count":0,"master_deck":["AscendersBane","Strike_B","Strike_B","Strike_B","Strike_B","Defend_B","Defend_B","Defend_B","Zap","Dualcast","Ball Lightning","Ball Lightning","Conserve Battery","Flash of Steel","Steam","Streamline","Reprogram+1","Buffer","Buffer"],"relics":["Cracked Core","StSpp:WoodenStick","aspiration:EnhancedActuators","aspiration:Lifesprig","reliquary:BallBearing","Bottled Lightning"],"acts_visited":["Exordium"],"potions_floor_usage":[6,10],"damage_taken":[{"damage":0,"enemies":"Small Slimes","floor":1,"turns":2},{"damage":0,"enemies":"Cultist","floor":3,"turns":2},{"damage":1,"enemies":"Jaw Worm","floor":4,"turns":2},{"damage":8,"enemies":"3 Sentries","floor":6,"turns":5},{"damage":10,"enemies":"Gremlin Nob","floor":8,"turns":4},{"damage":20,"enemies":"3 Sentries","floor":10,"turns":6}],"seed_played":"-6538116358017020499","potions_obtained":[{"floor":3,"key":"ColorlessPotion"},{"floor":5,"key":"GamblersBrew"}],"is_trial":false,"path_per_floor":["M","?","M","M","?","E","R","E","T","E"],"character_chosen":"DEFECT","items_purchased":["Ball Lightning","Ball Lightning","aspiration:EnhancedActuators","Conserve Battery","Flash of Steel","Steam"],"campfire_rested":0,"item_purchase_floors":[0,0,0,0,0,0],"current_hp_per_floor":[33,33,33,32,32,24,24,14,14,0,0],"gold":180,"neow_bonus":"","is_daily":false,"chose_seed":false,"campfire_upgraded":1,"win_rate":0.0,"timestamp":1612610427,"path_taken":["M","?","?","M","?","E","R","E","T","E"],"items_purchased_type":["Card","Card","Relic","Card","Card","Card"],"build_version":"2020-12-22","purchased_purges":0,"victory":false,"max_hp_per_floor":[75,75,75,75,75,75,75,75,75,75,75],"card_choices":[{"not_picked":["Redo","Force Field","White Noise"],"picked":"SKIP","floor":1},{"not_picked":["Barrage","Rebound"],"picked":"Streamline","floor":3},{"not_picked":["Go for the Eyes","Steam"],"picked":"Reprogram","floor":4},{"not_picked":["StSpp:TargetLocked","Aggregate"],"picked":"Buffer","floor":6},{"not_picked":["Redo","Lockon"],"picked":"Buffer","floor":8}],"player_experience":2004920,"relics_obtained":[{"floor":6,"key":"aspiration:Lifesprig"},{"floor":8,"key":"reliquary:BallBearing"},{"floor":9,"key":"Bottled Lightning"}],"event_choices":[{"cards_removed":["Defend_B"],"damage_healed":0,"gold_gain":0,"player_choice":"Offered Basic","damage_taken":0,"max_hp_gain":0,"max_hp_loss":0,"event_name":"Bonfire Elementals","floor":2,"gold_loss":0},{"damage_healed":0,"gold_gain":0,"player_choice":"Bought 1 Potion","damage_taken":0,"max_hp_gain":0,"max_hp_loss":0,"event_name":"The Woman in Blue","floor":5,"gold_loss":0}],"is_beta":false,"boss_relics":[],"items_purged_floors":[],"is_endless":false,"potions_floor_spawned":[3],"killed_by":"3 Sentries","ascension_level":10}}