{"host":"h2977v3ax51ohsow","time":1612616690,"event":{"mods":["Act Like it!","BaseMod","Chen","Colored Powertips","Hallownest","KomeijiMod","Lobotomy","LobotomyExtend","Marisa£®ÏF”Í°°ƒß¿Ì…≥£©","Minty Spire (QoL Compilation)","Quick Restart","StSLib","noobMod"],"gold_per_floor":[118,135,150,168,92,92,21,21,45,45,45,45,57,88,88,184,184,184,184,184,184,184,184,184,184,184,184,184,184,103,103,103,103,103,103,3,3,3,3,3,3,3,3,3,3,3,3,3,3,3,3],"floor_reached":52,"language":"ZHS","playtime":7209,"items_purged":[],"score":1031,"play_id":"62592153-7cce-4a6c-afce-526d328015c3","local_time":"20210206210450","is_ascension_mode":true,"campfire_choices":[{"data":"Chen:Assault","floor":8.0,"key":"SMITH"},{"data":"Chen:ResistTemptation","floor":15.0,"key":"SMITH"},{"floor":32.0,"key":"RECALL"},{"data":"Chen:ShikigamiForm","floor":44.0,"key":"SMITH"},{"data":"Chen:FlankingStrike","floor":49.0,"key":"SMITH"}],"circlet_count":0,"master_deck":["ApocalypseBird","PunishingBird","LongBird","WhiteNight","Chen:Strike","Chen:Strike","Chen:PounceTurnTail","OSAHOGD","Chen:Nimbleness+1","Chen:ResistTemptation+1","UniverseFragment","Chen:Scratch","DespairKnight","Chen:Frivolous","HereticApostle","Chen:MisdirectSwipe+1","Chen:StudySharpen","Chen:FollowUp","Chen:ShikigamiForm+1","Chen:MisdirectSwipe","Chen:MisdirectSwipe","Chen:Adaptability","NothingThere","Chen:Flicker","BlueStar","CENSORED","Chen:DazzleFlash","Chen:Flicker","Chen:Scratch+1","Chen:Rush+1"],"relics":["Chen:Catnip","ice","CogitoBucket","LetterFromLob","ShedSkin_r","Gaze_r","Justitia_r","Hallownest:DreamNailRelic","DeathAngel","Theresia","Amita_r","Strawberry","Ectoplasm","Lamp_r","Anchor","Hallownest:WatcherSealRelic","Prayer Wheel","FossilizedHelix","Gremlin Horn","Sundial","ChangeAnything","Empty Cage","Twilight","Ornamental Fan","Juzu Bracelet","Ice Cream","Centennial Puzzle","Old Coin","Hallownest:BeastSealRelic"],"acts_visited":["Hallownest:Greenpath","Hallownest:CityofTears","Hallownest:KingdomsEdge"],"potions_floor_usage":[52,52,52],"damage_taken":[{"damage":5.0,"enemies":"Hallownest:2_Tiktiks_and_1_Crawlid","floor":1.0,"turns":3.0},{"damage":0.0,"enemies":"Hallownest:2_Baldur","floor":2.0,"turns":3.0},{"damage":0.0,"enemies":"2_ Uuma","floor":3.0,"turns":5.0},{"damage":18.0,"enemies":"Hallownest:Guard_and_Warrior","floor":4.0,"turns":5.0},{"damage":38.0,"enemies":"Hallownest:eliteMossKnight","floor":6.0,"turns":7.0},{"damage":86.0,"enemies":"Hallownest:Wandering_and_Horned","floor":12.0,"turns":10.0},{"damage":28.0,"enemies":"Hallownest:Wandering_and_Horned","floor":13.0,"turns":4.0},{"damage":12.0,"enemies":"Hallownest:eliteMossKnight","floor":14.0,"turns":7.0},{"damage":40.0,"enemies":"Hallownest:BossHornet","floor":16.0,"turns":6.0},{"damage":12.0,"enemies":"Hallownest:Guard_and_Sentry","floor":18.0,"turns":5.0},{"damage":6.0,"enemies":"Hallownest:eliteWatcherKnight","floor":23.0,"turns":9.0},{"damage":25.0,"enemies":"Hallownest:2_Mistakes","floor":24.0,"turns":5.0},{"damage":0.0,"enemies":"Hallownest:Warrior_and_Youth","floor":25.0,"turns":3.0},{"damage":0.0,"enemies":"Hallownest:Nosk","floor":27.0,"turns":3.0},{"damage":4.0,"enemies":"Hallownest:2_Flukemon","floor":28.0,"turns":6.0},{"damage":13.0,"enemies":"Hallownest:eliteWatcherKnight","floor":29.0,"turns":9.0},{"damage":90.0,"enemies":"Hallownest:2_Husk_Sentries","floor":31.0,"turns":8.0},{"damage":32.0,"enemies":"Hallownest:BossMantisLord","floor":33.0,"turns":6.0},{"damage":53.0,"enemies":"Hallownest:2_Littles","floor":35.0,"turns":6.0},{"damage":22.0,"enemies":"Hallownest:2_Littles","floor":39.0,"turns":3.0},{"damage":2.0,"enemies":"Hallownest:StalkingDevout","floor":40.0,"turns":6.0},{"damage":2.0,"enemies":"Hallownest:3_Siblings","floor":41.0,"turns":5.0},{"damage":27.0,"enemies":"Hallownest:eliteHiveKnight","floor":42.0,"turns":5.0},{"damage":4.0,"enemies":"Hallownest:2_Primals","floor":45.0,"turns":4.0},{"damage":0.0,"enemies":"Hallownest:monsterPrimalAspid","floor":47.0,"turns":3.0},{"damage":12.0,"enemies":"Hallownest:Shield_Sturdy","floor":48.0,"turns":3.0},{"damage":0.0,"enemies":"Hallownest:BossGreyPrinceZote","floor":50.0,"turns":5.0},{"damage":24.0,"enemies":"Malkuth","floor":51.0,"turns":5.0},{"damage":62.0,"enemies":"Hod","floor":51.0,"turns":5.0},{"damage":29.0,"enemies":"Tiphereth","floor":51.0,"turns":5.0},{"damage":56,"enemies":"Hokma","floor":52,"turns":7}],"seed_played":"9025472904156979180","potions_obtained":[{"floor":1.0,"key":"DuplicationPotion"},{"floor":3.0,"key":"EntropicBrew"},{"floor":13.0,"key":"DuplicationPotion"},{"floor":16.0,"key":"Block Potion"},{"floor":24.0,"key":"GamblersBrew"},{"floor":25.0,"key":"Swift Potion"},{"floor":29.0,"key":"Energy Potion"},{"floor":31.0,"key":"FearPotion"},{"floor":33.0,"key":"AttackPotion"},{"floor":35.0,"key":"BlessingOfTheForge"},{"floor":45.0,"key":"PowerPotion"}],"is_trial":false,"path_per_floor":["M","M","M","M","$","E","$","R","T","$","?","M","M","E","R","B",null,"M","?","?","?","?","E","M","M","T","E","M","E","$","M","R","B",null,"M","?","?","?","M","E","M","E","T","R","?","?","M","M","R","B",null,null,null],"character_chosen":"CHEN","items_purchased":["Chen:Nimbleness","Chen:Assault","Chen:StudySharpen"],"campfire_rested":0,"item_purchase_floors":[5,7,30],"current_hp_per_floor":[65,65,65,62,62,52,52,52,52,52,52,24,27,84,84,72,72,89,89,89,89,89,116,120,136,136,137,140,141,141,144,144,151,151,109,109,109,109,127,163,166,167,167,167,173,173,174,173,173,177,25],"gold":3,"neow_bonus":"","is_daily":false,"chose_seed":false,"campfire_upgraded":4,"win_rate":0.0,"timestamp":1612616690,"path_taken":["M","M","M","M","$","E","?","R","T","$","?","M","?","E","R","BOSS","M","?","?","?","?","E","?","M","T","E","M","E","$","M","R","BOSS","M","?","?","?","M","E","M","E","T","R","?","?","M","M","R","BOSS"],"items_purchased_type":["Card","Card","Card"],"build_version":"2020-12-22","purchased_purges":0,"victory":true,"max_hp_per_floor":[70,70,70,70,70,70,70,70,70,70,70,72,79,92,92,105,105,111,111,111,111,111,117,135,137,137,138,140,142,142,149,149,152,152,159,159,159,159,163,164,167,168,168,168,174,174,175,177,177,178,184],"card_choices":[{"not_picked":["Scorched","CherryBlossoms","RedShoes"],"picked":"Singing Bowl","floor":1.0},{"not_picked":["Chen:Knockout","Chen:ResistTemptation"],"picked":"Chen:Sidestep","floor":1.0},{"not_picked":["Bloodbath","Freischutz"],"picked":"OSAHOGD","floor":2.0},{"not_picked":["Chen:Panic","Chen:Adaptability"],"picked":"Chen:RecklessLeap","floor":2.0},{"not_picked":["ShyLook","Murderer"],"picked":"WhiteNight","floor":3.0},{"not_picked":["Chen:Flicker","Chen:Exploit"],"picked":"Chen:FollowUp","floor":3.0},{"not_picked":["ShyLook","SnowQueen","CherryBlossoms"],"picked":"Singing Bowl","floor":4.0},{"not_picked":["CherryBlossoms","CrumblingArmor"],"picked":"LongBird","floor":4.0},{"not_picked":["Chen:RecklessLeap","Chen:Mixup"],"picked":"Chen:Salvo","floor":4.0},{"not_picked":["BeautyBeast","OldLady","Wellcheers"],"picked":"Singing Bowl","floor":12.0},{"not_picked":["Scorched","DreamingCurrent"],"picked":"PunishingBird","floor":12.0},{"not_picked":["Chen:Barrier","Chen:PentagramFlight"],"picked":"Chen:UpperHand","floor":12.0},{"not_picked":["UniverseFragment","GreedKing","ShyLook"],"picked":"Singing Bowl","floor":13.0},{"not_picked":["Chen:Scratch","Chen:EmergencyEscape"],"picked":"Chen:Fadeout","floor":13.0},{"not_picked":["FieryBird","Scarecrow","GreedKing"],"picked":"Singing Bowl","floor":14.0},{"not_picked":["Chen:Excitement","Chen:Impale"],"picked":"Chen:ResistTemptation","floor":14.0},{"not_picked":["Mercenary","Yin"],"picked":"BigBird","floor":16.0},{"not_picked":["Chen:FinalSpellCard","Chen:Clarity"],"picked":"Chen:FlankingStrike","floor":16.0},{"not_picked":["Murderer","DreamingCurrent","SpiderBud"],"picked":"Singing Bowl","floor":18.0},{"not_picked":["Laetitia","GalaxyChild"],"picked":"UniverseFragment","floor":18.0},{"not_picked":["Chen:Impale","Chen:Instinct+1"],"picked":"Chen:Scratch","floor":18.0},{"not_picked":["Chen:SelfControl+1","Chen:Instinct+1"],"picked":"Chen:Shot","floor":21.0},{"not_picked":["Chen:Catseye","Chen:EvasiveFireShift"],"picked":"Chen:PhoenixEgg","floor":21.0},{"not_picked":["NakedNest","FairyFestival","Laetitia"],"picked":"Singing Bowl","floor":23.0},{"not_picked":["Chen:Instinct+1","Chen:Copycat+1"],"picked":"Chen:ResistTemptation","floor":23.0},{"not_picked":["Chen:Sidestep","Chen:Panic+1"],"picked":"Chen:BlueOniRedOni+1","floor":24.0},{"not_picked":["Chen:TauntHiss+1","Chen:Exploit"],"picked":"Chen:Honk","floor":24.0},{"not_picked":["GalaxyChild","Alriune"],"picked":"DespairKnight","floor":25.0},{"not_picked":["Chen:Excitement","Chen:Impale"],"picked":"Chen:Frivolous","floor":25.0},{"not_picked":["Chen:CurlUp","Chen:Barrier"],"picked":"Chen:Adaptability+1","floor":25.0},{"not_picked":["BlackSwan","CherryBlossoms","MeatLantern"],"picked":"Singing Bowl","floor":27.0},{"not_picked":["Chen:Salvo","Chen:Fadeout"],"picked":"Chen:MisdirectSwipe","floor":27.0},{"not_picked":["RedShoes","QueenBee","BeautyBeast"],"picked":"Singing Bowl","floor":28.0},{"not_picked":["MHz","CherryBlossoms"],"picked":"GreedKing","floor":28.0},{"not_picked":["Chen:TauntHiss","Chen:Instinct+1"],"picked":"Chen:Spray+1","floor":28.0},{"not_picked":["Chen:CatPunch","Chen:TauntHiss"],"picked":"Chen:MisdirectSwipe+1","floor":28.0},{"not_picked":["RedShoes","MeatLantern","FieryBird"],"picked":"Singing Bowl","floor":29.0},{"not_picked":["Chen:Sneak","Chen:Adaptability"],"picked":"Chen:UpperHand+1","floor":29.0},{"not_picked":["CherryBlossoms","FieryBird"],"picked":"PunishingBird","floor":31.0},{"not_picked":["Chen:Tear+1","Chen:UnstableBoundary+1"],"picked":"Chen:SurpriseAttack+1","floor":31.0},{"not_picked":["Chen:Sweep","Chen:SelfControl"],"picked":"Chen:FollowUp","floor":31.0},{"not_picked":["Rudolta","NakedNest"],"picked":"Yin","floor":33.0},{"not_picked":["Chen:PhoenixEgg","Chen:WhateverWorks"],"picked":"Chen:ShikigamiForm","floor":33.0},{"not_picked":["DreamingCurrent","Woodsman","Porccubus"],"picked":"Singing Bowl","floor":39.0},{"not_picked":["Chen:Flit+1","Chen:RecklessLeap"],"picked":"Chen:Sweep","floor":39.0},{"not_picked":["Chen:Shot+1","Chen:RecklessLeap"],"picked":"Chen:Adaptability","floor":39.0},{"not_picked":["CrumblingArmor","Scorched","BeautyBeast"],"picked":"Singing Bowl","floor":40.0},{"not_picked":["Chen:Barrier+1","Chen:SelfControl+1"],"picked":"Chen:Shot","floor":40.0},{"not_picked":["NakedNest","Rudolta","HappyTeddy"],"picked":"Singing Bowl","floor":41.0},{"not_picked":["HeroicMonk","HappyTeddy"],"picked":"NothingThere","floor":41.0},{"not_picked":["Chen:Honk+1","Chen:Mixup+1"],"picked":"Chen:CatPunch+1","floor":41.0},{"not_picked":["Chen:EmergencyEscape+1","Chen:Tear+1"],"picked":"Chen:Flicker","floor":41.0},{"not_picked":["VoidDream","WallGazer","Woodsman"],"picked":"Singing Bowl","floor":42.0},{"not_picked":["CherryBlossoms","BlackSwan"],"picked":"Funeral","floor":42.0},{"not_picked":["Chen:Adaptability+1","Chen:Deceitful"],"picked":"Chen:Lacerate+1","floor":42.0},{"not_picked":["SingingMachine","Variant","Alriune"],"picked":"Singing Bowl","floor":45.0},{"not_picked":["NakedNest","LittleHelper"],"picked":"BlueStar","floor":45.0},{"not_picked":["Chen:Tear+1","Chen:Assault+1"],"picked":"Chen:Recuperate+1","floor":45.0},{"not_picked":["Mercenary","Rudolta"],"picked":"CENSORED","floor":47.0},{"not_picked":["Chen:Sidestep+1","Chen:MisdirectSwipe+1"],"picked":"Chen:DazzleFlash","floor":47.0},{"not_picked":["Chen:EmergencyEscape","Chen:TauntHiss"],"picked":"Chen:Flicker","floor":47.0},{"not_picked":["RedShoes","Porccubus","BigBadWolf"],"picked":"Singing Bowl","floor":48.0},{"not_picked":["Wellcheers","HappyTeddy"],"picked":"QueenOfHatred","floor":48.0},{"not_picked":["Chen:MeditateFrenzy","Chen:Knockout+1"],"picked":"Chen:Scratch+1","floor":48.0},{"not_picked":["Chen:CatPunch+1","Chen:StudySharpen+1"],"picked":"Chen:Rush+1","floor":48.0}],"player_experience":118322,"relics_obtained":[{"floor":1.0,"key":"LetterFromLob"},{"floor":12.0,"key":"DeathAngel"},{"floor":14.0,"key":"Strawberry"},{"floor":23.0,"key":"Prayer Wheel"},{"floor":26.0,"key":"FossilizedHelix"},{"floor":27.0,"key":"Gremlin Horn"},{"floor":29.0,"key":"Sundial"},{"floor":35.0,"key":"Twilight"},{"floor":40.0,"key":"Juzu Bracelet"},{"floor":42.0,"key":"Ice Cream"},{"floor":43.0,"key":"Centennial Puzzle"},{"floor":45.0,"key":"Old Coin"}],"event_choices":[],"is_beta":false,"boss_relics":[{"not_picked":["Cursed Key","Runic Pyramid"],"picked":"Ectoplasm"},{"not_picked":["Calling Bell","Busted Crown"],"picked":"Empty Cage"}],"items_purged_floors":[],"is_endless":false,"potions_floor_spawned":[1,3,6,13,16,24,25,29,31,33,35,45],"ascension_level":1}}