{"host":"2qv44oxt58ptq59r","time":1612624205,"event":{"mods":["AchievementEnabler","BaseMod","Colored Powertips","Highlight Path","Minty Spire (QoL Compilation)","Permanent Neow","StSLib"],"gold_per_floor":[119,21,21,21,38,38,67,79,79,109,109,109,123,123,123,228,228,238,252,252,452,4,4,18,18,97,109,109,109,109,109,109,210,210,220,270,285,285,4,30,30,30],"floor_reached":41,"language":"ENG","playtime":4589,"items_purged":["Writhe"],"score":585,"play_id":"ee12025e-e788-486e-a87f-7a3be2962d64","local_time":"20210206151005","is_ascension_mode":true,"campfire_choices":[{"data":"Bandage Up","floor":6.0,"key":"SMITH"},{"data":"Blood for Blood","floor":11.0,"key":"SMITH"},{"data":"Uppercut","floor":15.0,"key":"SMITH"},{"data":"Demon Form","floor":23.0,"key":"SMITH"},{"data":"Whirlwind","floor":30.0,"key":"SMITH"},{"data":"Heavy Blade","floor":32.0,"key":"SMITH"}],"circlet_count":0,"master_deck":["Strike_R","Defend_R","Defend_R","Defend_R","Defend_R","Bash+1","Blood for Blood+1","Bandage Up+1","Pommel Strike","Flame Barrier","Fire Breathing+1","Blood for Blood+1","Uppercut+1","Demon Form+1","Heavy Blade+1","Intimidate+1","Whirlwind+1","Demon Form","Feed","Sever Soul+1","Inflame+1","Bloodletting+1","Power Through+1","Shrug It Off"],"relics":["Burning Blood","Bag of Preparation","Bottled Tornado","Ornamental Fan","Question Card","Busted Crown","Anchor","HandDrill","Juzu Bracelet","Astrolabe","Prayer Wheel","OrangePellets","Du-Vu Doll"],"acts_visited":["Exordium","TheCity","TheBeyond"],"potions_floor_usage":[37,40,41],"damage_taken":[{"damage":10.0,"enemies":"Small Slimes","floor":1.0,"turns":5.0},{"damage":1.0,"enemies":"Cultist","floor":5.0,"turns":3.0},{"damage":25.0,"enemies":"3 Sentries","floor":7.0,"turns":6.0},{"damage":0.0,"enemies":"2 Louse","floor":8.0,"turns":4.0},{"damage":34.0,"enemies":"Lagavulin","floor":10.0,"turns":9.0},{"damage":0.0,"enemies":"2 Fungi Beasts","floor":13.0,"turns":4.0},{"damage":39.0,"enemies":"Hexaghost","floor":16.0,"turns":9.0},{"damage":1.0,"enemies":"3 Byrds","floor":18.0,"turns":3.0},{"damage":4.0,"enemies":"Chosen","floor":19.0,"turns":4.0},{"damage":5.0,"enemies":"Snecko","floor":24.0,"turns":4.0},{"damage":21.0,"enemies":"3 Cultists","floor":27.0,"turns":5.0},{"damage":71.0,"enemies":"Automaton","floor":33.0,"turns":8.0},{"damage":26.0,"enemies":"3 Shapes","floor":35.0,"turns":6.0},{"damage":26.0,"enemies":"Mind Bloom Boss Battle","floor":36.0,"turns":4.0},{"damage":8,"enemies":"3 Darklings","floor":37,"turns":3},{"damage":41,"enemies":"Giant Head","floor":40,"turns":7},{"damage":39,"enemies":"Spire Growth","floor":41,"turns":3}],"seed_played":"7736845440161770361","potions_obtained":[{"floor":1.0,"key":"CultistPotion"},{"floor":7.0,"key":"Dexterity Potion"},{"floor":8.0,"key":"BlessingOfTheForge"},{"floor":18.0,"key":"Energy Potion"},{"floor":24.0,"key":"Ancient Potion"},{"floor":33.0,"key":"PowerPotion"},{"floor":36.0,"key":"SkillPotion"}],"is_trial":false,"path_per_floor":["M","$","?","$","M","R","E","M","T","E","R","?","M","?","R","B",null,"M","M","?","?","$","R","M","$","T","M","?","?","R","?","R","B",null,"M","?","M","?","$","E","M"],"character_chosen":"IRONCLAD","items_purchased":["Bandage Up","Anchor","HandDrill","Juzu Bracelet","OrangePellets","FearPotion"],"campfire_rested":0,"item_purchase_floors":[2,22,22,22,39,39],"current_hp_per_floor":[68,68,68,68,77,77,64,76,76,54,54,54,66,59,59,32,68,79,80,80,80,80,80,80,80,80,71,71,71,71,71,71,12,63,52,38,36,57,57,31,0,0],"gold":30,"neow_bonus":"UPGRADE_CARD","is_daily":false,"chose_seed":false,"campfire_upgraded":6,"win_rate":0.0,"timestamp":1612624205,"path_taken":["M","$","?","$","M","R","E","?","T","E","R","?","M","?","R","BOSS","M","M","?","?","$","R","M","$","T","M","?","?","R","?","R","BOSS","M","?","M","?","$","E","M"],"items_purchased_type":["Card","Relic","Relic","Relic","Relic","Potion"],"build_version":"2020-12-22","purchased_purges":1,"victory":false,"max_hp_per_floor":[80,80,80,80,80,80,80,80,80,80,80,80,80,80,80,80,80,80,80,80,80,80,80,80,80,80,80,80,80,80,80,80,80,80,83,83,83,83,83,86,86,86],"card_choices":[{"not_picked":["Second Wind","Clash"],"picked":"Blood for Blood","floor":1.0},{"not_picked":["Clash","Hemokinesis"],"picked":"Pommel Strike","floor":5.0},{"not_picked":["Ghostly Armor","Dual Wield"],"picked":"Flame Barrier","floor":7.0},{"not_picked":["Headbutt","Warcry"],"picked":"Fire Breathing","floor":8.0},{"not_picked":["Sword Boomerang","Body Slam"],"picked":"Blood for Blood","floor":10.0},{"not_picked":["Havoc","Flame Barrier"],"picked":"Uppercut","floor":13.0},{"not_picked":["Exhume","Fiend Fire","Double Tap"],"picked":"Demon Form","floor":16.0},{"not_picked":["Pommel Strike"],"picked":"Heavy Blade","floor":18.0},{"not_picked":["Twin Strike","Burning Pact"],"picked":"SKIP","floor":19.0},{"not_picked":["Burning Pact+1","Havoc"],"picked":"SKIP","floor":24.0},{"not_picked":["Headbutt+1"],"picked":"Intimidate+1","floor":27.0},{"not_picked":["Berserk"],"picked":"Feed","floor":33.0},{"not_picked":["Cleave","Armaments"],"picked":"SKIP","floor":35.0},{"not_picked":["Infernal Blade+1"],"picked":"Power Through+1","floor":36.0},{"not_picked":["Ghostly Armor"],"picked":"Shrug It Off","floor":37},{"not_picked":["Dark Embrace","Whirlwind"],"picked":"SKIP","floor":37},{"not_picked":["Shrug It Off","Dual Wield+1"],"picked":"SKIP","floor":40}],"player_experience":5610088,"relics_obtained":[{"floor":7.0,"key":"Bag of Preparation"},{"floor":9.0,"key":"Bottled Tornado"},{"floor":10.0,"key":"Ornamental Fan"},{"floor":36.0,"key":"Prayer Wheel"},{"floor":40,"key":"Du-Vu Doll"}],"event_choices":[{"damage_healed":0.0,"max_hp_gain":0.0,"max_hp_loss":0.0,"gold_gain":0.0,"event_name":"Upgrade Shrine","player_choice":"Upgraded","floor":3.0,"gold_loss":0.0,"damage_taken":0.0,"cards_upgraded":["Blood for Blood"]},{"damage_healed":0.0,"max_hp_gain":0.0,"max_hp_loss":0.0,"gold_gain":0.0,"event_name":"Living Wall","player_choice":"Grow","floor":12.0,"gold_loss":0.0,"damage_taken":0.0,"cards_upgraded":["Fire Breathing"]},{"damage_healed":0.0,"max_hp_gain":0.0,"max_hp_loss":0.0,"gold_gain":0.0,"event_name":"Scrap Ooze","player_choice":"Success","floor":14.0,"gold_loss":0.0,"damage_taken":7.0,"relics_obtained":["Question Card"]},{"damage_healed":0.0,"max_hp_gain":0.0,"max_hp_loss":0.0,"gold_gain":0.0,"event_name":"Ghosts","player_choice":"Ignored","floor":20.0,"gold_loss":0.0,"damage_taken":0.0},{"damage_healed":0.0,"max_hp_gain":0.0,"max_hp_loss":0.0,"gold_gain":200.0,"event_name":"Wheel of Change","player_choice":"Gold","floor":21.0,"gold_loss":0.0,"damage_taken":0.0},{"damage_healed":0.0,"max_hp_gain":0.0,"max_hp_loss":0.0,"gold_gain":0.0,"event_name":"The Library","player_choice":"Read","floor":28.0,"gold_loss":0.0,"damage_taken":0.0,"cards_obtained":["Whirlwind"]},{"damage_healed":0.0,"max_hp_gain":0.0,"max_hp_loss":0.0,"gold_gain":0.0,"cards_transformed":["Strike_R"],"event_name":"Transmorgrifier","player_choice":"Transformed","floor":29.0,"gold_loss":0.0,"damage_taken":0.0,"cards_obtained":["Demon Form"]},{"damage_healed":0.0,"max_hp_gain":0.0,"max_hp_loss":0.0,"gold_gain":0.0,"event_name":"Cursed Tome","player_choice":"Ignored","floor":31.0,"gold_loss":0.0,"damage_taken":0.0},{"damage_healed":0.0,"max_hp_gain":0.0,"max_hp_loss":0.0,"gold_gain":0.0,"event_name":"MindBloom","player_choice":"Fight","floor":36.0,"gold_loss":0.0,"damage_taken":0.0},{"damage_healed":21,"gold_gain":0,"player_choice":"Writhe","damage_taken":0,"max_hp_gain":0,"max_hp_loss":0,"event_name":"Winding Halls","floor":38,"gold_loss":0,"cards_obtained":["Writhe"]}],"is_beta":false,"boss_relics":[{"not_picked":["Mark of Pain","SlaversCollar"],"picked":"Busted Crown"},{"not_picked":["Philosopher\u0027s Stone","Fusion Hammer"],"picked":"Astrolabe"}],"items_purged_floors":[39],"is_endless":false,"potions_floor_spawned":[1,7,8,18,24,33,36],"killed_by":"Spire Growth","ascension_level":6}}