{"host":"2haferq23ht5nrlk","time":1612620282,"event":{"mods":["ATMod(°¢èªMod)","Arknights","BaseMod","BetterRewards","Colored Powertips","Conspire","Dota2Spire","KomeijiMod","Lobotomy","Minty Spire (QoL Compilation)","Quick Restart","Relic Filter Mod","Relic Stats","Reliquary","Replay The Spire","Spicy Shops","StSLib","UnlockEverythingMod","¡¾ÒÅÎï¿¨ÅÆ¡¿REMEMod"],"gold_per_floor":[117,117,117,131,131,162,162,189,189,222,232,232,247,261,261,261,261],"floor_reached":16,"language":"ZHS","playtime":1084,"items_purged":[],"score":240,"play_id":"b40c6b6d-dd3f-4a07-9a86-1fb94dd68ad3","local_time":"20210206220442","is_ascension_mode":true,"campfire_choices":[{"data":"ReplayTheSpireMod:LeadingStrike","floor":15,"key":"SMITH"}],"circlet_count":0,"master_deck":["AscendersBane","Strike_R","Strike_R","Strike_R","Strike_R","Strike_R","Defend_R","Defend_R","Defend_R","Defend_R","Bash","AT_Dispersion","TenguhouSokujitsuken","Wellcheers","ReplayTheSpireMod:Stacked","VoidDream","ReplayTheSpireMod:LeadingStrike+1","QueenBee","Impervious","Porccubus","Inflame","REME_TheLastStrike","OSAHOGD","ReplayTheSpireMod:Strike From Hell","BigBird","Parasite","SnowQueen","Evolve","Double Tap","ShyLook"],"relics":["Burning Blood","AT_ATBox","REME_ComplimentaryCards","CogitoBucket","Dota2Spire:CrimsonGuard","Dota2Spire:UrnOfShadows","MealTicket","Dota2Spire:LotusOrb","Dota2Spire:BlackKingBar","BehaviorAdjustment"],"acts_visited":["Exordium"],"potions_floor_usage":[6,11,13],"damage_taken":[{"damage":9,"enemies":"Jaw Worm","floor":1,"turns":5},{"damage":4,"enemies":"Small Slimes","floor":4,"turns":5},{"damage":22,"enemies":"Gremlin Nob","floor":6,"turns":6},{"damage":31,"enemies":"Lagavulin","floor":8,"turns":8},{"damage":26,"enemies":"3 Sentries","floor":10,"turns":9},{"damage":17,"enemies":"Cultist","floor":11,"turns":5},{"damage":2,"enemies":"Large Slime","floor":13,"turns":4},{"damage":2,"enemies":"Looter","floor":14,"turns":3},{"damage":59,"enemies":"Fading Forest","floor":16,"turns":13}],"seed_played":"5742212786356949264","potions_obtained":[{"floor":1,"key":"Strength Potion"},{"floor":7,"key":"Swift Potion"},{"floor":7,"key":"SmokeBomb"},{"floor":11,"key":"Fire Potion"},{"floor":13,"key":"Venom Potion"}],"is_trial":false,"path_per_floor":["M","?","?","M","T","E","?","E","T","E","M","?","M","M","R","B"],"character_chosen":"IRONCLAD","items_purchased":[],"campfire_rested":0,"item_purchase_floors":[],"current_hp_per_floor":[65,65,65,70,70,57,57,41,41,24,16,34,44,48,48,0,0],"gold":261,"neow_bonus":"","is_daily":false,"chose_seed":false,"campfire_upgraded":1,"win_rate":0.0,"timestamp":1612620282,"path_taken":["M","?","?","M","?","E","?","E","T","E","M","?","M","?","R","BOSS"],"items_purchased_type":[],"build_version":"2020-12-22","purchased_purges":0,"victory":false,"max_hp_per_floor":[75,75,75,75,75,75,75,75,75,75,75,75,75,75,75,75,75],"relic_stats":{"counters":[10,59],"MealTicket":0,"obtain_stats":[{"CogitoBucket":0,"AT_ATBox":0,"Dota2Spire:UrnOfShadows":6,"Dota2Spire:CrimsonGuard":5,"Dota2Spire:BlackKingBar":10,"MealTicket":8,"BehaviorAdjustment":11,"Burning Blood":0,"Dota2Spire:LotusOrb":9,"REME_ComplimentaryCards":0},{"CogitoBucket":0,"AT_ATBox":0,"Dota2Spire:UrnOfShadows":3,"Dota2Spire:CrimsonGuard":2,"Dota2Spire:BlackKingBar":5,"MealTicket":4,"BehaviorAdjustment":7,"Burning Blood":0,"Dota2Spire:LotusOrb":4,"REME_ComplimentaryCards":0},{"CogitoBucket":0,"AT_ATBox":0,"Dota2Spire:UrnOfShadows":16,"Dota2Spire:CrimsonGuard":10,"Dota2Spire:BlackKingBar":33,"MealTicket":24,"BehaviorAdjustment":39,"Burning Blood":0,"Dota2Spire:LotusOrb":24,"REME_ComplimentaryCards":0}],"Burning Blood":48},"card_choices":[{"not_picked":["BeautyBeast","Freischutz"],"picked":"Wellcheers","floor":1},{"not_picked":["Searing Blow","Heavy Blade"],"picked":"ReplayTheSpireMod:Stacked","floor":1},{"not_picked":["CherryBlossoms","OldLady"],"picked":"VoidDream","floor":4},{"not_picked":["Seeing Red","conspire:ExplosiveBarrier"],"picked":"ReplayTheSpireMod:LeadingStrike","floor":4},{"not_picked":["Scarecrow","WallGazer"],"picked":"QueenBee","floor":6},{"not_picked":["Replay:Undeath\u0027s Touch","Metallicize"],"picked":"Impervious","floor":6},{"not_picked":["BlackSwan","WallGazer"],"picked":"Porccubus","floor":8},{"not_picked":["Defy Death","Rampage"],"picked":"Inflame","floor":8},{"not_picked":["Sword Boomerang","ReplayTheSpireMod:Strike From Hell"],"picked":"REME_TheLastStrike","floor":10},{"not_picked":["Bloodbath","SpiderBud"],"picked":"OSAHOGD","floor":10},{"not_picked":["Pommel Strike","AT_BodySlamDance"],"picked":"ReplayTheSpireMod:Strike From Hell","floor":11},{"not_picked":["Variant","GalaxyChild"],"picked":"BigBird","floor":11},{"not_picked":["Bloodbath","WallGazer"],"picked":"SnowQueen","floor":13},{"not_picked":["Combust","Clash"],"picked":"Evolve","floor":13},{"not_picked":["AT_ManFootWork","ReplayTheSpireMod:Stacked"],"picked":"Double Tap","floor":14},{"not_picked":["OldLady","GreedKing"],"picked":"ShyLook","floor":14}],"player_experience":25576,"relics_obtained":[{"floor":5,"key":"Dota2Spire:CrimsonGuard"},{"floor":6,"key":"Dota2Spire:UrnOfShadows"},{"floor":8,"key":"MealTicket"},{"floor":9,"key":"Dota2Spire:LotusOrb"},{"floor":10,"key":"Dota2Spire:BlackKingBar"}],"event_choices":[{"damage_healed":0,"gold_gain":0,"player_choice":"Ignored","damage_taken":0,"max_hp_gain":0,"max_hp_loss":0,"event_name":"Shining Light","floor":2,"gold_loss":0},{"damage_healed":0,"gold_gain":0,"player_choice":"Leave","damage_taken":0,"max_hp_gain":0,"max_hp_loss":0,"event_name":"The Cleric","floor":3,"gold_loss":0},{"damage_healed":0,"gold_gain":0,"player_choice":"Got Potions","damage_taken":0,"max_hp_gain":0,"max_hp_loss":0,"event_name":"Lab","floor":7,"gold_loss":0},{"damage_healed":18,"gold_gain":0,"player_choice":"Healed and dodged fight","damage_taken":0,"max_hp_gain":0,"max_hp_loss":0,"event_name":"Mushrooms","floor":12,"gold_loss":0,"cards_obtained":["Parasite"]}],"is_beta":false,"boss_relics":[],"items_purged_floors":[],"is_endless":false,"potions_floor_spawned":[1,10,11,13,14],"killed_by":"Fading Forest","ascension_level":20}}