{"host":"2ty4h143nj8vwezc","time":1612637514,"event":{"mods":["BaseMod","Colored Map","Googly Eyes","Highlight Path","Minty Spire (QoL Compilation)","Quick Restart","StSLib"],"gold_per_floor":[118,80,25,38,38,38,65,65,65,96,96,96,246,61,61,140,140,150,150,150,161,188,188,219,494,494,494,394,412,412,422,422,498,498,511,511,522,397,417,84,84,97,97,126,141,141,171,185,185,185,185],"floor_reached":50,"language":"ENG","playtime":2614,"items_purged":["Doubt","Regret","Strike_G+1"],"score":1153,"play_id":"2ca769b8-148d-4493-86c1-18ffdf6221a9","local_time":"20210206135154","is_ascension_mode":true,"campfire_choices":[{"data":"Cloak And Dagger","floor":6.0,"key":"SMITH"},{"data":"Blade Dance","floor":8.0,"key":"SMITH"},{"floor":12.0,"key":"REST"},{"data":"Cloak And Dagger","floor":15.0,"key":"SMITH"},{"floor":23.0,"key":"RECALL"},{"data":"Adrenaline","floor":27.0,"key":"SMITH"},{"data":"Blade Dance","floor":30.0,"key":"SMITH"},{"data":"Blade Dance","floor":32.0,"key":"SMITH"},{"floor":41.0,"key":"REST"},{"floor":46.0,"key":"REST"},{"floor":49.0,"key":"REST"}],"circlet_count":0,"master_deck":["AscendersBane","Strike_G+1","Strike_G+1","Strike_G+1","Defend_G+1","Defend_G+1","Defend_G+1","Defend_G+1","Survivor","Neutralize","Dagger Spray","Dagger Spray","Cloak And Dagger+1","Blade Dance+1","Blade Dance+1","Cloak And Dagger+1","Adrenaline+1","Blade Dance+1","Storm of Steel","Panacea","Blade Dance","Parasite","After Image","Terror","Blur+1"],"relics":["Ring of the Snake","NeowsBlessing","Odd Mushroom","Shuriken","Ornamental Fan","Kunai","Black Star","Tiny Chest","Happy Flower","Boot","Empty Cage","Mango","Bottled Lightning","Prayer Wheel","Letter Opener","Oddly Smooth Stone","White Beast Statue"],"acts_visited":["Exordium","TheCity","TheBeyond"],"potions_floor_usage":[50],"damage_taken":[{"damage":0.0,"enemies":"2 Louse","floor":1.0,"turns":1.0},{"damage":0.0,"enemies":"Small Slimes","floor":4.0,"turns":1.0},{"damage":0.0,"enemies":"The Mushroom Lair","floor":7.0,"turns":1.0},{"damage":19.0,"enemies":"Lagavulin","floor":10.0,"turns":4.0},{"damage":12.0,"enemies":"Hexaghost","floor":16.0,"turns":7.0},{"damage":0.0,"enemies":"3 Byrds","floor":18.0,"turns":2.0},{"damage":1.0,"enemies":"Shell Parasite","floor":21.0,"turns":3.0},{"damage":0.0,"enemies":"Book of Stabbing","floor":24.0,"turns":4.0},{"damage":8.0,"enemies":"Sentry and Sphere","floor":29.0,"turns":4.0},{"damage":0.0,"enemies":"Snake Plant","floor":31.0,"turns":3.0},{"damage":6.0,"enemies":"Automaton","floor":33.0,"turns":5.0},{"damage":11.0,"enemies":"3 Darklings","floor":35.0,"turns":4.0},{"damage":8.0,"enemies":"3 Shapes","floor":37.0,"turns":5.0},{"damage":18.0,"enemies":"Transient","floor":39.0,"turns":6.0},{"damage":9.0,"enemies":"Writhing Mass","floor":42.0,"turns":7.0},{"damage":33.0,"enemies":"Reptomancer","floor":44.0,"turns":4.0},{"damage":3.0,"enemies":"Spire Growth","floor":45.0,"turns":4.0},{"damage":0.0,"enemies":"Nemesis","floor":47.0,"turns":5.0},{"damage":0.0,"enemies":"3 Darklings","floor":48.0,"turns":3.0},{"damage":67,"enemies":"Time Eater","floor":50,"turns":7}],"seed_played":"7446134335677911166","potions_obtained":[{"floor":16.0,"key":"PowerPotion"},{"floor":18.0,"key":"Regen Potion"},{"floor":21.0,"key":"Energy Potion"},{"floor":29.0,"key":"AttackPotion"},{"floor":42.0,"key":"Strength Potion"},{"floor":45.0,"key":"EssenceOfSteel"},{"floor":47.0,"key":"LiquidMemories"},{"floor":48.0,"key":"Weak Potion"}],"is_trial":false,"path_per_floor":["M","?","$","M","$","R","?","R","T","E","?","R","?","$","R","B",null,"M","?","?","M","T","R","E","?","T","R","$","M","R","M","R","B",null,"M","?","M","$","M","$","R","M","T","E","M","R","E","M","R","B"],"character_chosen":"THE_SILENT","items_purchased":["Dagger Spray","Blade Dance","Cloak And Dagger","Mango"],"campfire_rested":4,"item_purchase_floors":[3,14,14,40],"current_hp_per_floor":[59,59,59,59,59,59,59,59,59,40,29,48,48,48,48,36,59,59,59,59,58,58,58,58,58,58,58,58,55,55,55,55,49,62,51,51,43,43,25,39,63,54,54,21,18,42,42,42,66,0,0],"gold":185,"neow_bonus":"THREE_ENEMY_KILL","is_daily":false,"chose_seed":false,"campfire_upgraded":6,"win_rate":0.0,"timestamp":1612637514,"path_taken":["M","?","$","M","$","R","?","R","T","E","?","R","?","$","R","BOSS","M","?","?","M","?","R","E","?","T","R","$","M","R","M","R","BOSS","M","?","M","$","M","$","R","M","T","E","M","R","E","M","R","BOSS"],"items_purchased_type":["Card","Card","Card","Relic"],"build_version":"2020-12-22","purchased_purges":3,"victory":false,"max_hp_per_floor":[66,66,66,66,66,66,66,66,66,66,66,66,66,66,66,66,66,66,66,66,66,66,66,66,66,66,66,66,66,66,66,66,66,66,66,66,66,66,66,80,80,80,80,80,80,80,80,80,80,80,80],"card_choices":[{"not_picked":["Poisoned Stab","Acrobatics"],"picked":"Dagger Spray","floor":1.0},{"not_picked":["Backflip","Prepared"],"picked":"Cloak And Dagger","floor":4.0},{"not_picked":["Choke","Flying Knee"],"picked":"Blade Dance","floor":7.0},{"not_picked":["Concentrate","Grand Finale","Backflip"],"picked":"SKIP","floor":10.0},{"not_picked":["Night Terror","Venomology"],"picked":"Adrenaline","floor":16.0},{"not_picked":["Heel Hook+1","Acrobatics"],"picked":"Blade Dance","floor":18.0},{"not_picked":["Deflect","Slice","PiercingWail"],"picked":"SKIP","floor":21.0},{"not_picked":["Quick Slash","Sucker Punch","Distraction"],"picked":"SKIP","floor":24.0},{"not_picked":["Infinite Blades","Predator","Choke"],"picked":"SKIP","floor":29.0},{"not_picked":["Reflex","Masterful Stab","Sucker Punch"],"picked":"SKIP","floor":31.0},{"not_picked":["Grand Finale","Bullet Time"],"picked":"Storm of Steel","floor":33.0},{"not_picked":["Prepared","Concentrate","Slice"],"picked":"SKIP","floor":35.0},{"not_picked":["Blind","Transmutation"],"picked":"Panacea","floor":36.0},{"not_picked":["Blade Dance","Bouncing Flask","Concentrate"],"picked":"SKIP","floor":37.0},{"not_picked":["Bouncing Flask","Quick Slash"],"picked":"Blade Dance","floor":39.0},{"not_picked":["All Out Attack","Deadly Poison","Dodge and Roll"],"picked":"SKIP","floor":42.0},{"not_picked":["Flying Knee","Dagger Throw+1"],"picked":"After Image","floor":44.0},{"not_picked":["Outmaneuver+1","Night Terror"],"picked":"Terror","floor":45.0},{"not_picked":["Backstab","Prepared","Slice"],"picked":"SKIP","floor":45.0},{"not_picked":["Leg Sweep","Bouncing Flask+1","Crippling Poison"],"picked":"SKIP","floor":47.0},{"not_picked":["Choke+1","Endless Agony"],"picked":"Blur+1","floor":48.0},{"not_picked":["Deadly Poison+1","Reflex","Deflect"],"picked":"SKIP","floor":48.0}],"player_experience":355336,"relics_obtained":[{"floor":7.0,"key":"Odd Mushroom"},{"floor":9.0,"key":"Shuriken"},{"floor":10.0,"key":"Ornamental Fan"},{"floor":22.0,"key":"Tiny Chest"},{"floor":24.0,"key":"Happy Flower"},{"floor":24.0,"key":"Boot"},{"floor":43.0,"key":"Bottled Lightning"},{"floor":44.0,"key":"Prayer Wheel"},{"floor":44.0,"key":"Letter Opener"},{"floor":47.0,"key":"Oddly Smooth Stone"},{"floor":47.0,"key":"White Beast Statue"}],"event_choices":[{"damage_healed":0.0,"max_hp_gain":0.0,"max_hp_loss":0.0,"gold_gain":0.0,"event_name":"World of Goop","player_choice":"Left Gold","floor":2.0,"gold_loss":38.0,"damage_taken":0.0},{"damage_healed":0.0,"max_hp_gain":0.0,"max_hp_loss":0.0,"gold_gain":0.0,"event_name":"Mushrooms","player_choice":"Fought Mushrooms","floor":7.0,"gold_loss":0.0,"damage_taken":0.0},{"damage_healed":0.0,"max_hp_gain":0.0,"max_hp_loss":0.0,"gold_gain":0.0,"event_name":"Scrap Ooze","player_choice":"Success","floor":11.0,"gold_loss":0.0,"damage_taken":11.0,"relics_obtained":["Kunai"]},{"damage_healed":0.0,"max_hp_gain":0.0,"max_hp_loss":0.0,"gold_gain":150.0,"event_name":"Liars Game","player_choice":"AGREE","floor":13.0,"gold_loss":0.0,"damage_taken":0.0,"cards_obtained":["Doubt"]},{"damage_healed":0.0,"max_hp_gain":0.0,"max_hp_loss":0.0,"gold_gain":0.0,"event_name":"Vampires","player_choice":"Ignored","floor":19.0,"gold_loss":0.0,"damage_taken":0.0},{"damage_healed":0.0,"max_hp_gain":0.0,"max_hp_loss":0.0,"gold_gain":0.0,"event_name":"Back to Basics","player_choice":"Simplicity","floor":20.0,"gold_loss":0.0,"damage_taken":0.0,"cards_upgraded":["Strike_G","Strike_G","Strike_G","Strike_G","Strike_G","Defend_G","Defend_G","Defend_G","Defend_G","Defend_G"]},{"damage_healed":0.0,"max_hp_gain":0.0,"max_hp_loss":0.0,"gold_gain":275.0,"event_name":"Golden Shrine","player_choice":"Desecrate","floor":25.0,"gold_loss":0.0,"damage_taken":0.0,"cards_obtained":["Regret"]},{"damage_healed":0.0,"max_hp_gain":0.0,"max_hp_loss":0.0,"gold_gain":0.0,"event_name":"SensoryStone","player_choice":"Memory 1","floor":36.0,"gold_loss":0.0,"damage_taken":0.0}],"is_beta":false,"boss_relics":[{"not_picked":["Calling Bell","Velvet Choker"],"picked":"Black Star"},{"not_picked":["Busted Crown","Philosopher\u0027s Stone"],"picked":"Empty Cage"}],"items_purged_floors":[14,28,38],"is_endless":false,"potions_floor_spawned":[16,18,21,29,42,45,47,48],"killed_by":"Time Eater","ascension_level":20}}