{"host":"1ooxfz79hmpvpehx","time":1612581237,"event":{"mods":["BaseMod","Minty Spire (QoL Compilation)","Quick Restart","Replay The Spire","StSLib","SuperFastMode"],"gold_per_floor":[109,13,13,31,46,46,78,78,78,78,95,106,40,40,40,40,40],"floor_reached":16,"language":"ENG","playtime":296,"items_purged":["Strike_B"],"score":116,"play_id":"9117609c-8a98-47fb-a962-8cd02389d46a","local_time":"20210206001357","is_ascension_mode":true,"campfire_choices":[{"data":"Crow Ritual","floor":6,"key":"SMITH"},{"floor":8,"key":"REST"},{"floor":10,"key":"REST"},{"floor":15,"key":"REST"}],"circlet_count":0,"master_deck":["Strike_B","Strike_B","Strike_B","Defend_B","Defend_B","Defend_B","Defend_B","Zap","Dualcast","Crow Ritual+1","Decay"],"relics":["Cracked Core","NeowsBlessing","ReplayTheSpireMod:CursedCoin","Incense Burner","Bird Faced Urn","Blood Vial","CultistMask"],"acts_visited":["Exordium"],"potions_floor_usage":[7,13],"damage_taken":[{"damage":0.0,"enemies":"2 Louse","floor":1.0,"turns":1.0},{"damage":0,"enemies":"Cultist","floor":4,"turns":1},{"damage":0,"enemies":"Jaw Worm","floor":5,"turns":1},{"damage":68,"enemies":"Gremlin Nob","floor":7,"turns":5},{"damage":10,"enemies":"Red Slaver","floor":11,"turns":4},{"damage":10,"enemies":"Exordium Thugs","floor":12,"turns":4},{"damage":31,"enemies":"3 Sentries","floor":13,"turns":9},{"damage":1,"enemies":"The Guardian","floor":16,"turns":2}],"seed_played":"-278986960367801129","potions_obtained":[{"floor":4,"key":"LifebloodPotion"},{"floor":11,"key":"Reflective Coating"}],"is_trial":false,"path_per_floor":["M","$","?","M","M","R","E","R","T","R","M","M","E","?","R","B"],"character_chosen":"DEFECT","items_purchased":["ReplayTheSpireMod:CursedCoin","Crow Ritual"],"campfire_rested":3,"item_purchase_floors":[2,2],"current_hp_per_floor":[75,75,75,75,75,75,7,29,29,51,43,35,6,6,28,31,31],"gold":40,"neow_bonus":"THREE_ENEMY_KILL","is_daily":false,"chose_seed":false,"campfire_upgraded":1,"win_rate":0.0,"timestamp":1612581237,"path_taken":["M","$","?","?","M","R","E","R","T","R","?","?","E","?","R","BOSS"],"items_purchased_type":["Relic","Card"],"build_version":"2020-12-22","purchased_purges":1,"victory":false,"max_hp_per_floor":[75,75,75,75,75,75,75,75,75,75,75,75,75,75,75,75,75],"card_choices":[{"not_picked":["Stack","Hologram","Compile Driver"],"picked":"SKIP","floor":1.0},{"not_picked":["Glacier","Self Repair","Cold Snap"],"picked":"SKIP","floor":4},{"not_picked":["Ball Lightning","Barrage","Consume"],"picked":"SKIP","floor":5},{"not_picked":["Reprogram","Machine Learning","Blizzard"],"picked":"SKIP","floor":7},{"not_picked":["Hologram","Double Energy","Genetic Algorithm"],"picked":"SKIP","floor":11},{"not_picked":["Coolheaded","Compile Driver","Beam Cell"],"picked":"SKIP","floor":12},{"not_picked":["Beam Cell","Fission","Recycle"],"picked":"SKIP","floor":13}],"player_experience":14984,"relics_obtained":[{"floor":7,"key":"Incense Burner"},{"floor":9,"key":"Bird Faced Urn"},{"floor":13,"key":"Blood Vial"}],"event_choices":[{"damage_healed":0,"gold_gain":0,"player_choice":"Cursed","damage_taken":0,"max_hp_gain":0,"max_hp_loss":0,"event_name":"Wheel of Change","floor":3,"gold_loss":0,"cards_obtained":["Decay"]},{"damage_healed":0,"gold_gain":0,"player_choice":"Trade","damage_taken":0,"relics_obtained":["CultistMask"],"max_hp_gain":0,"max_hp_loss":0,"event_name":"FaceTrader","floor":14,"gold_loss":0}],"is_beta":false,"boss_relics":[],"items_purged_floors":[2],"is_endless":false,"potions_floor_spawned":[4,11],"killed_by":"The Guardian","ascension_level":1}}