{"host":"mmz2kvn5kzkhi5zs","time":1612577790,"event":{"mods":["Act Like it!","BaseMod","Downfall","Hallownest","Marisa????????","Minty Spire (QoL Compilation)","Replay The Spire","StSLib","The Bug Knight","The Cursed","The Jungle"],"gold_per_floor":[119,144,164,164,164,190,190,190,190,190,202,221,17,47,47,152,152,168,182,196,111,111,111,126,126,126,143,159,82,82,97,97,194,194,206,206,206,217,13,13,26,46,46,46,46],"floor_reached":44,"language":"ENG","playtime":3764,"items_purged":["Decay"],"score":495,"play_id":"92df993d-d0e1-407c-b2ef-2ffc8d7706f5","local_time":"20210205201630","is_ascension_mode":false,"campfire_choices":[{"floor":7,"key":"REST"},{"floor":10,"key":"REST"},{"data":"Juggernaut","floor":15,"key":"SMITH"},{"floor":23,"key":"REST"},{"floor":30,"key":"REST"},{"floor":32,"key":"REST"},{"floor":40,"key":"REST"}],"circlet_count":0,"master_deck":["Strike_R","Strike_R","Strike_R","Defend_R","Defend_R","Defend_R","Defend_R","Bash","hexamod:Sear","bronze:Defend","Cleave","Disarm","Shrug It Off","Clothesline","Juggernaut+1","Body Slam","Metallicize","ReplayReversal","Pommel Strike","Cleave","Juggernaut","Entrench","Cleave+1","Flex","Reckless Charge","Pot Of Greed","Warcry+1","Heavy Blade","Combust+1","Demon Form","Headbutt","Bandage Up","Specialist","Impatience","Rage+1","Metallicize","Flame Barrier","Armaments","Fire Breathing+1","Parasite","Armaments"],"relics":["Burning Blood","StoneCalendar","Incense Burner","Sundial","Toy Ornithopter","Lantern","Ooze Armor","Mango","Paper Frog","ReplayTheSpireMod:CursedCoin","Nunchaku","SlaversCollar","Girya"],"acts_visited":["Exordium","TheCity","TheBeyond"],"potions_floor_usage":[14,16,33,33,33,41],"damage_taken":[{"damage":1,"enemies":"Jaw Worm","floor":1,"turns":4},{"damage":0,"enemies":"Small Slimes","floor":3,"turns":5},{"damage":82,"enemies":"Gremlin Nob","floor":6,"turns":7},{"damage":0,"enemies":"Cultist","floor":11,"turns":4},{"damage":1,"enemies":"3 Louse","floor":12,"turns":4},{"damage":9,"enemies":"3 Sentries","floor":14,"turns":6},{"damage":18,"enemies":"Fading Forest","floor":16,"turns":11},{"damage":5,"enemies":"3 Byrds","floor":18,"turns":6},{"damage":3,"enemies":"Chosen","floor":19,"turns":6},{"damage":34,"enemies":"Centurion and Healer","floor":20,"turns":6},{"damage":18,"enemies":"3 Cultists","floor":24,"turns":5},{"damage":5,"enemies":"Snake Plant","floor":27,"turns":4},{"damage":21,"enemies":"Chosen and Byrds","floor":28,"turns":7},{"damage":30,"enemies":"Sentry and Sphere","floor":31,"turns":5},{"damage":49,"enemies":"Collector","floor":33,"turns":8},{"damage":56,"enemies":"3 Shapes","floor":35,"turns":5},{"damage":31,"enemies":"3 Darklings","floor":38,"turns":6},{"damage":26,"enemies":"Spire Growth","floor":41,"turns":6},{"damage":43,"enemies":"Writhing Mass","floor":42,"turns":7},{"damage":62,"enemies":"Transient","floor":44,"turns":4}],"seed_played":"-5075578309665331991","potions_obtained":[{"floor":3,"key":"Ancient Potion"},{"floor":6,"key":"Explosive Potion"},{"floor":16,"key":"Swift Potion"},{"floor":19,"key":"Ancient Potion"},{"floor":24,"key":"SkillPotion"},{"floor":33,"key":"ElixirPotion"},{"floor":38,"key":"Regen Potion"},{"floor":41,"key":"SpeedPotion"},{"floor":42,"key":"Milkshake"}],"is_trial":false,"path_per_floor":["M","?","M","?","?","E","R","?","T","R","M","M","$","E","R","B",null,"M","M","M","?","?","R","M","?","T","M","M","$","R","M","R","B",null,"M","?","?","M","$","R","M","M","T","M"],"character_chosen":"IRONCLAD","items_purchased":["Toy Ornithopter","Pommel Strike","ReplayTheSpireMod:CursedCoin","Nunchaku","Metallicize","Flame Barrier","Armaments"],"campfire_rested":6,"item_purchase_floors":[13,13,29,29,39,39,39],"current_hp_per_floor":[96,96,96,89,89,13,41,41,41,69,75,80,80,82,82,85,96,96,96,68,82,59,93,81,81,81,82,67,67,101,77,111,73,115,65,55,55,34,34,68,69,36,36,0,0],"gold":46,"neow_bonus":"TWENTY_PERCENT_HP_BONUS","is_daily":false,"chose_seed":false,"campfire_upgraded":1,"win_rate":0.0,"timestamp":1612577790,"path_taken":["M","?","M","?","?","E","R","?","T","R","M","M","$","E","R","BOSS","M","M","?","?","?","R","M","?","T","M","?","$","R","M","R","BOSS","M","?","?","M","$","R","M","?","T","M"],"items_purchased_type":["Relic","Card","Relic","Relic","Card","Card","Card"],"build_version":"2020-12-22","purchased_purges":1,"victory":false,"max_hp_per_floor":[96,96,96,96,96,96,96,96,96,96,96,96,96,96,96,96,96,96,96,96,110,115,115,115,115,115,115,115,115,115,115,115,115,115,115,115,115,115,115,115,115,115,115,115,115],"card_choices":[{"not_picked":["Armaments","Warcry"],"picked":"Cleave","floor":1},{"not_picked":["True Grit","Heavy Blade"],"picked":"Disarm","floor":2},{"not_picked":["Thunderclap","Inflame"],"picked":"Shrug It Off","floor":3},{"not_picked":["Cleave","Fiend Fire"],"picked":"Clothesline","floor":6},{"not_picked":["Bloodletting","Pommel Strike"],"picked":"Metallicize","floor":11},{"not_picked":["Sword Boomerang","Carnage"],"picked":"ReplayReversal","floor":12},{"not_picked":["ReplayReversal","Clothesline"],"picked":"Cleave","floor":14},{"not_picked":["Reaper","Corruption"],"picked":"Juggernaut","floor":16},{"not_picked":["ReplayTheSpireMod:LeadingStrike","Perfected Strike"],"picked":"Entrench","floor":18},{"not_picked":["Clothesline","Dark Embrace+1"],"picked":"Cleave+1","floor":19},{"not_picked":["Replay:Undeath\u0027s Touch","Second Wind"],"picked":"Flex","floor":20},{"not_picked":["ReplayTheSpireMod:LeadingStrike","Hemokinesis"],"picked":"Reckless Charge","floor":24},{"not_picked":["Corruption","Cleave"],"picked":"Warcry+1","floor":27},{"not_picked":["Rampage+1","Warcry"],"picked":"Heavy Blade","floor":28},{"not_picked":["Body Slam","Flex"],"picked":"Combust+1","floor":31},{"not_picked":["Offering","Feed"],"picked":"Demon Form","floor":33},{"not_picked":["Cleave+1","Dropkick"],"picked":"Headbutt","floor":35},{"not_picked":["HandOfGreed","Panache"],"picked":"Bandage Up","floor":36},{"not_picked":["Mind Blast","Deep Breath"],"picked":"Specialist","floor":36},{"not_picked":["PanicButton","ReplayTheSpireMod:Private Reserves"],"picked":"Impatience","floor":36},{"not_picked":["Replay:Undeath\u0027s Touch","Run Through+1"],"picked":"Rage+1","floor":38},{"not_picked":["Reckless Charge","Replay:Undeath\u0027s Touch"],"picked":"Fire Breathing+1","floor":41},{"not_picked":["Sword Boomerang+1","Heavy Blade"],"picked":"Armaments","floor":42}],"player_experience":100515,"relics_obtained":[{"floor":2,"key":"StoneCalendar"},{"floor":6,"key":"Incense Burner"},{"floor":9,"key":"Sundial"},{"floor":14,"key":"Lantern"},{"floor":26,"key":"Paper Frog"},{"floor":43,"key":"Girya"}],"event_choices":[{"cards_removed":["ReplayTheSpireMod:Splinters"],"damage_healed":0,"gold_gain":0,"player_choice":"Card Removal","damage_taken":7,"max_hp_gain":0,"max_hp_loss":0,"event_name":"Golden Wing","floor":4,"gold_loss":0},{"damage_healed":0,"gold_gain":0,"player_choice":"Leave","damage_taken":0,"max_hp_gain":0,"max_hp_loss":0,"event_name":"The Cleric","floor":5,"gold_loss":0},{"damage_healed":0,"gold_gain":0,"player_choice":"2 cards matched","damage_taken":0,"max_hp_gain":0,"max_hp_loss":0,"event_name":"Match and Keep!","floor":8,"gold_loss":0,"cards_obtained":["Juggernaut","Body Slam"]},{"damage_healed":0,"gold_gain":0,"player_choice":"Obtained Relic","damage_taken":0,"relics_obtained":["Mango"],"max_hp_gain":0,"max_hp_loss":0,"event_name":"Addict","floor":21,"gold_loss":85},{"damage_healed":0,"gold_gain":0,"player_choice":"Shed Blood","damage_taken":28,"max_hp_gain":5,"max_hp_loss":0,"event_name":"Forgotten Altar","floor":22,"gold_loss":0},{"cards_removed":["Strike_R"],"damage_healed":0,"gold_gain":0,"player_choice":"Took Card","damage_taken":0,"max_hp_gain":0,"max_hp_loss":0,"event_name":"NoteForYourself","floor":25,"gold_loss":0,"cards_obtained":["Pot Of Greed"]},{"damage_healed":0,"gold_gain":0,"player_choice":"Memory 3","damage_taken":10,"max_hp_gain":0,"max_hp_loss":0,"event_name":"SensoryStone","floor":36,"gold_loss":0},{"cards_removed":["Strike_R"],"damage_healed":0,"gold_gain":0,"player_choice":"Purged","damage_taken":0,"max_hp_gain":0,"max_hp_loss":0,"event_name":"Purifier","floor":37,"gold_loss":0}],"is_beta":false,"boss_relics":[{"not_picked":["Replay:Fungal Core","Sozu"],"picked":"Ooze Armor"},{"not_picked":["Replay:Drink Me","Mark of Pain"],"picked":"SlaversCollar"}],"items_purged_floors":[29],"is_endless":false,"potions_floor_spawned":[3,6,16,19,24,31,33,38,41,42],"killed_by":"Transient","ascension_level":0}}