{"host":"o98f72bjn8jxgroo","time":1612626119,"event":{"mods":["Act Like it!","BaseMod","GifTheSpireLib","Jedi Mod","Minty Spire (QoL Compilation)","Relic Stats","Spicy Shops","StSLib","[IsaacMod]????"],"gold_per_floor":[217,231,231,303,317,317,328,328,328,328,61,93,93,104,104,206,206,225,225,241,17,17,49,49,78,78,4,4,88,88,115,115,217,217,229,229,249,297,3,32,32,82,106,136,136,163,385,76,76,91],"floor_reached":51,"language":"PTB","playtime":2917,"items_purged":["Strike_R"],"score":837,"play_id":"f31be7d1-b329-4d9f-8ec5-c32a7ccdc8f1","local_time":"20210206134159","is_ascension_mode":false,"campfire_choices":[{"data":"Bash","floor":6.0,"key":"SMITH"},{"data":"Seeing Red","floor":8.0,"key":"SMITH"},{"data":"Power Through","floor":13.0,"key":"SMITH"},{"data":"Inflame","floor":15.0,"key":"SMITH"},{"floor":28.0,"key":"REST"},{"data":"Carnage","floor":32.0,"key":"SMITH"},{"floor":41,"key":"REST"},{"floor":45,"key":"REST"},{"floor":49,"key":"REST"}],"circlet_count":0,"master_deck":["Strike_R","Strike_R","Strike_R","Defend_R","Defend_R","Defend_R","Defend_R","Bash+1","BettingIsNotGood","Exhume","Seeing Red+1","Second Wind","Clash","Dropkick","Power Through+1","Pummel","Inflame+1","Fiend Fire","Flame Barrier+1","Intimidate+1","Necronomicurse","Demon Form","Normality","Fiend Fire","Carnage+1","Immolate","jedi:forcepull","Fire Breathing","Panacea","Bomb","Finesse","Metallicize","Offering","Battle Trance","Writhe","Regret"],"relics":["Burning Blood","HushsDoor","SatanicBible","GnawedLeaf","Bird Faced Urn","jedi:archwizardhat","Juzu Bracelet","BlankCard","Cursed Key","Chaos","Shuriken","Self Forming Clay","Necronomicon","DollysMirror","MutagenicStrength","Red Mask","Fusion Hammer","TheBean","BelialBook","HoveringKite","Anchor","Chemical X","TheAbacus","GuppysHead"],"acts_visited":["Exordium","TheCity","TheBeyond"],"potions_floor_usage":[37,38],"damage_taken":[{"damage":6.0,"enemies":"Jaw Worm","floor":1.0,"turns":2.0},{"damage":0.0,"enemies":"Cultist","floor":2.0,"turns":2.0},{"damage":15.0,"enemies":"Small Slimes","floor":5.0,"turns":5.0},{"damage":13.0,"enemies":"Red Slaver","floor":7.0,"turns":3.0},{"damage":25.0,"enemies":"Lagavulin","floor":12.0,"turns":7.0},{"damage":21.0,"enemies":"Exordium Wildlife","floor":14.0,"turns":5.0},{"damage":5.0,"enemies":"Hexaghost","floor":16.0,"turns":5.0},{"damage":5.0,"enemies":"Chosen","floor":18.0,"turns":3.0},{"damage":5.0,"enemies":"2 Thieves","floor":20.0,"turns":2.0},{"damage":42.0,"enemies":"Slavers","floor":23.0,"turns":5.0},{"damage":10.0,"enemies":"Chosen and Byrds","floor":25.0,"turns":3.0},{"damage":4.0,"enemies":"Masked Bandits","floor":31.0,"turns":3.0},{"damage":0.0,"enemies":"Automaton","floor":33.0,"turns":6.0},{"damage":0,"enemies":"3 Darklings","floor":35,"turns":3},{"damage":0,"enemies":"Orb Walker","floor":37,"turns":2},{"damage":31,"enemies":"2 Orb Walkers","floor":38,"turns":4},{"damage":31,"enemies":"Nemesis","floor":40,"turns":5},{"damage":23,"enemies":"Mind Bloom Boss Battle","floor":42,"turns":4},{"damage":3,"enemies":"3 Darklings","floor":44,"turns":4},{"damage":0,"enemies":"Awakened One","floor":50,"turns":5}],"seed_played":"8780647259781879098","potions_obtained":[{"floor":2.0,"key":"FairyPotion"},{"floor":7.0,"key":"GamblersBrew"},{"floor":12.0,"key":"Explosive Potion"},{"floor":33.0,"key":"GamblersBrew"},{"floor":35,"key":"Explosive Potion"},{"floor":40,"key":"Fire Potion"},{"floor":44,"key":"AttackPotion"}],"is_trial":false,"path_per_floor":["M","M","?","T","M","R","M","R","T","T","$","E","R","M","R","B",null,"M","?","M","$","?","E","?","M","T","$","R","?","?","?","R","B",null,"M","?","M","?","$","E","R","?","T","M","R","T","?","$","R","B",null],"character_chosen":"IRONCLAD","items_purchased":["Dropkick","Power Through","Juzu Bracelet","Chaos","Carnage","jedi:forcepull","Fire Breathing","BelialBook","Offering","GuppysHead"],"campfire_rested":4,"item_purchase_floors":[11,11,11,21,27,34,34,39,39,48],"current_hp_per_floor":[80,80,80,80,76,76,69,69,69,69,69,55,55,45,45,53,80,80,65,68,68,68,34,18,16,16,16,41,26,26,28,28,48,80,80,70,80,61,61,47,71,58,58,67,80,80,80,80,80,80],"gold":91,"neow_bonus":"HUNDRED_GOLD","is_daily":false,"chose_seed":false,"campfire_upgraded":5,"win_rate":0.0,"timestamp":1612626119,"path_taken":["M","M","?","?","?","R","M","R","T","?","?","E","R","M","R","BOSS","M","?","M","$","?","E","?","M","T","?","R","?","?","?","R","BOSS","M","?","M","?","$","E","R","?","T","M","R","?","?","?","R","BOSS"],"items_purchased_type":["Card","Card","Relic","Card","Card","Card","Card","Relic","Card","Relic"],"build_version":"2020-12-22","purchased_purges":1,"victory":true,"max_hp_per_floor":[80,80,80,80,80,80,80,80,80,80,80,80,80,80,80,80,80,80,85,85,85,85,85,85,85,85,85,85,85,85,85,85,85,80,80,80,80,80,80,80,80,80,80,80,80,80,80,80,80,80],"relic_stats":{"TheAbacus":[0],"counters":[20,78],"Shuriken":[12],"Self Forming Clay":[75],"Bird Faced Urn":[48],"HoveringKite":[0],"Juzu Bracelet":4,"Necronomicon":[19],"Chemical X":[0],"Cursed Key":3,"obtain_stats":[{"Chaos":21,"GnawedLeaf":4,"HoveringKite":40,"Juzu Bracelet":11,"jedi:archwizardhat":10,"Cursed Key":17,"Burning Blood":0,"SatanicBible":0,"TheBean":38,"TheAbacus":46,"DollysMirror":26,"Fusion Hammer":34,"Necronomicon":24,"Red Mask":31,"Chemical X":43,"KeepersGift":0,"Self Forming Clay":23,"BelialBook":39,"Anchor":42,"Shuriken":22,"Bird Faced Urn":9,"MutagenicStrength":30,"GuppysHead":48,"BlankCard":12,"HushsDoor":0},{"Chaos":9,"GnawedLeaf":2,"HoveringKite":17,"Juzu Bracelet":4,"jedi:archwizardhat":4,"Cursed Key":7,"Burning Blood":0,"SatanicBible":0,"TheBean":16,"TheAbacus":19,"DollysMirror":11,"Fusion Hammer":13,"Necronomicon":10,"Red Mask":12,"Chemical X":18,"KeepersGift":0,"Self Forming Clay":10,"BelialBook":16,"Anchor":18,"Shuriken":9,"Bird Faced Urn":4,"MutagenicStrength":11,"GuppysHead":19,"BlankCard":5,"HushsDoor":0},{"Chaos":34,"GnawedLeaf":4,"HoveringKite":65,"Juzu Bracelet":12,"jedi:archwizardhat":12,"Cursed Key":29,"Burning Blood":0,"SatanicBible":0,"TheBean":60,"TheAbacus":73,"DollysMirror":42,"Fusion Hammer":51,"Necronomicon":39,"Red Mask":45,"Chemical X":69,"KeepersGift":0,"Self Forming Clay":39,"BelialBook":60,"Anchor":69,"Shuriken":34,"Bird Faced Urn":12,"MutagenicStrength":42,"GuppysHead":73,"BlankCard":19,"HushsDoor":0}],"Burning Blood":91},"card_choices":[{"not_picked":[],"picked":"BettingIsNotGood","floor":0.0},{"not_picked":["Sword Boomerang","Dark Embrace"],"picked":"Exhume","floor":1.0},{"not_picked":["Headbutt","Wild Strike"],"picked":"Seeing Red","floor":2.0},{"not_picked":["Pommel Strike","Anger"],"picked":"Second Wind","floor":5.0},{"not_picked":["Sword Boomerang","Pommel Strike"],"picked":"Clash","floor":7.0},{"not_picked":["Anger","Power Through"],"picked":"Pummel","floor":12.0},{"not_picked":["Headbutt","Twin Strike"],"picked":"Inflame","floor":14.0},{"not_picked":["jedi:strikingstrike","Brutality"],"picked":"Fiend Fire","floor":16.0},{"not_picked":["Wild Strike","Shrug It Off+1","Thunderclap"],"picked":"SKIP","floor":18.0},{"not_picked":["Perfected Strike","Headbutt"],"picked":"Flame Barrier+1","floor":20.0},{"not_picked":["Armaments+1","Anger"],"picked":"Intimidate+1","floor":23.0},{"not_picked":["Flex","jedi:controlledanger"],"picked":"Demon Form","floor":25.0},{"not_picked":["Double Tap","Feed"],"picked":"Immolate","floor":33.0},{"not_picked":["Headbutt","Twin Strike","Flex"],"picked":"SKIP","floor":35},{"not_picked":["Panache","Blind"],"picked":"Panacea","floor":36},{"not_picked":["Mayhem","jedi:RedIncense"],"picked":"Bomb","floor":36},{"not_picked":["Dark Shackles","Panacea"],"picked":"Finesse","floor":36},{"not_picked":["Twin Strike","Body Slam"],"picked":"Metallicize","floor":37},{"not_picked":["Perfected Strike+1","Spot Weakness+1"],"picked":"Battle Trance","floor":40},{"not_picked":["Pommel Strike+1","jedi:strikingstrike","Clash+1"],"picked":"SKIP","floor":44}],"player_experience":271423,"relics_obtained":[{"floor":4.0,"key":"GnawedLeaf"},{"floor":9.0,"key":"Bird Faced Urn"},{"floor":10.0,"key":"jedi:archwizardhat"},{"floor":12.0,"key":"BlankCard"},{"floor":22.0,"key":"Shuriken"},{"floor":23.0,"key":"Self Forming Clay"},{"floor":24.0,"key":"Necronomicon"},{"floor":26.0,"key":"DollysMirror"},{"floor":31.0,"key":"Red Mask"},{"floor":38,"key":"TheBean"},{"floor":40,"key":"HoveringKite"},{"floor":42,"key":"Anchor"},{"floor":43,"key":"Chemical X"},{"floor":46,"key":"TheAbacus"}],"event_choices":[{"cards_removed":["Strike_R"],"damage_healed":0.0,"max_hp_gain":0.0,"max_hp_loss":0.0,"gold_gain":0.0,"event_name":"Purifier","player_choice":"Purged","floor":3.0,"gold_loss":0.0,"damage_taken":0.0},{"damage_healed":0.0,"max_hp_gain":5.0,"max_hp_loss":0.0,"gold_gain":0.0,"event_name":"Forgotten Altar","player_choice":"Shed Blood","floor":19.0,"gold_loss":0.0,"damage_taken":20.0},{"damage_healed":0.0,"max_hp_gain":0.0,"max_hp_loss":0.0,"gold_gain":0.0,"event_name":"Cursed Tome","player_choice":"Obtained Book","floor":24.0,"gold_loss":0.0,"damage_taken":16.0},{"damage_healed":0.0,"max_hp_gain":0.0,"max_hp_loss":0.0,"gold_gain":0.0,"event_name":"Drug Dealer","player_choice":"Inject Mutagens","floor":30.0,"gold_loss":0.0,"damage_taken":0.0,"relics_obtained":["MutagenicStrength"]},{"damage_healed":0.0,"max_hp_gain":0.0,"max_hp_loss":0.0,"gold_gain":0.0,"event_name":"Masked Bandits","player_choice":"Fought Bandits","floor":31.0,"gold_loss":0.0,"damage_taken":0.0},{"damage_healed":0,"gold_gain":0,"player_choice":"Memory 3","damage_taken":10,"max_hp_gain":0,"max_hp_loss":0,"event_name":"SensoryStone","floor":36,"gold_loss":0},{"damage_healed":0,"gold_gain":0,"player_choice":"Fight","damage_taken":0,"max_hp_gain":0,"max_hp_loss":0,"event_name":"Mysterious Sphere","floor":38,"gold_loss":0},{"damage_healed":0,"gold_gain":0,"player_choice":"Fight","damage_taken":0,"max_hp_gain":0,"max_hp_loss":0,"event_name":"MindBloom","floor":42,"gold_loss":0},{"damage_healed":0,"gold_gain":222,"player_choice":"Wore Mask","damage_taken":0,"max_hp_gain":0,"max_hp_loss":0,"event_name":"Tomb of Lord Red Mask","floor":47,"gold_loss":0}],"is_beta":false,"boss_relics":[{"not_picked":["SacredBark","ChampionBelt"],"picked":"Cursed Key"},{"not_picked":[]},{"not_picked":["jedi:catwich","Snake Skull"],"picked":"Fusion Hammer"},{"not_picked":[]}],"items_purged_floors":[21],"is_endless":false,"potions_floor_spawned":[2,7,12,18,33,35,40,44],"ascension_level":0}}