{"host":"hf83sijwe64ts2lm","time":1612645094,"event":{"mods":["2.2 Compatiblity","BaseMod","Better Altar","Better Match","Better Note","Better Sensory Stone","Better Skull","Better Third Choice","Colored Map","Colored Powertips","Highlight Path","Hubris","Infinite Spire","Minty Spire (QoL Compilation)","Quick Restart","Rare Cards Sparkle","Relic Stats","Reliquary","Replay The Spire","Shop Mod","Spicy Shops","Spire Arcade","StSLib","Thieving Mod"],"gold_per_floor":[115,134,134,144,161,161,171,171,171,171,182,210,210,223,223,318,318,331,351,70,80,98,125,125,88,88,88,88,118,118,134,134,134,134],"floor_reached":33,"language":"ENG","playtime":1107,"items_purged":["Overencumbered","Delirium"],"score":332,"play_id":"ff8afc02-46dd-4324-977e-15b27e084cd7","local_time":"20210206155814","is_ascension_mode":true,"campfire_choices":[{"floor":8.0,"key":"REST"},{"floor":15.0,"key":"REST"},{"floor":24.0,"key":"REST"},{"floor":32,"key":"REST"}],"circlet_count":0,"master_deck":["Strike_G","Strike_G","Strike_G","Strike_G","Strike_G","Defend_G","Defend_G","Defend_G","Defend_G","Defend_G","Survivor","Neutralize","Poisoned Stab","Footwork","Sucker Punch","Adrenaline","Dash","Backstab","Bane","Dash","Venomology","Writhe","Flying Knee","Hidden Blade","Cloak And Dagger","Hidden Blade","Outmaneuver+1","Accuracy+1","Hidden Blade","Noxious Fumes","infinitespire:Menacing"],"relics":["reliquary:Ember","ReplayTheSpireMod:Ring of Addiction","Chameleon Ring","Toy Ornithopter","Ring of Fangs","PreservedInsect","Replay:Towering Pillar of Hats","Replay:Ancient Bell","Bronze Scales","reliquary:QuartzCube","hubris:CuriousFeather","Bag of Marbles","reliquary:Sideboard","MutagenicStrength","hubris:Backtick","hubris:GlazedTorus","Vajra","Replay:Arrowhead","NlothsMask"],"acts_visited":["Exordium","TheCity"],"potions_floor_usage":[31,31,31,33],"damage_taken":[{"damage":2.0,"enemies":"Cultist","floor":1.0,"turns":4.0},{"damage":1.0,"enemies":"Jaw Worm","floor":2.0,"turns":3.0},{"damage":14.0,"enemies":"Small Slimes","floor":4.0,"turns":5.0},{"damage":15.0,"enemies":"Looter","floor":5.0,"turns":3.0},{"damage":6.0,"enemies":"Red Slaver","floor":7.0,"turns":4.0},{"damage":2.0,"enemies":"2 Fungi Beasts","floor":11.0,"turns":3.0},{"damage":32.0,"enemies":"Gremlin Nob","floor":12.0,"turns":5.0},{"damage":18.0,"enemies":"Gremlin Gang","floor":14.0,"turns":5.0},{"damage":25.0,"enemies":"Hexaghost","floor":16.0,"turns":11.0},{"damage":0.0,"enemies":"Chosen","floor":18.0,"turns":4.0},{"damage":14.0,"enemies":"3 Byrds","floor":19.0,"turns":6.0},{"damage":18.0,"enemies":"Centurion and Healer","floor":21.0,"turns":6.0},{"damage":17.0,"enemies":"3 Cultists","floor":22.0,"turns":6.0},{"damage":26.0,"enemies":"Book of Stabbing","floor":23.0,"turns":5.0},{"damage":18,"enemies":"Gremlin Leader","floor":29,"turns":4},{"damage":16,"enemies":"Snake Plant","floor":31,"turns":2},{"damage":72,"enemies":"Automaton","floor":33,"turns":11}],"seed_played":"-979589979084187429","potions_obtained":[{"floor":1.0,"key":"ColorlessPotion"},{"floor":3.0,"key":"Strength Potion"},{"floor":3.0,"key":"Fruit Juice"},{"floor":3.0,"key":"Energy Potion"},{"floor":6.0,"key":"CultistPotion"},{"floor":6.0,"key":"GamblersBrew"},{"floor":7.0,"key":"SkillPotion"},{"floor":19.0,"key":"Fire Potion"},{"floor":21.0,"key":"SpeedPotion"},{"floor":29,"key":"Adrenaline Potion"},{"floor":31,"key":"Fruit Juice"}],"is_trial":false,"path_per_floor":["M","M","?","M","M","R","M","R","T","$","M","E","T","M","R","B",null,"M","M","$","M","M","E","R","$","T","?","AVR","E","?","M","R","B"],"character_chosen":"THE_SILENT","items_purchased":["Cloak And Dagger","Hidden Blade","Noxious Fumes"],"campfire_rested":4,"item_purchase_floors":[20,20,25],"current_hp_per_floor":[68,67,75,61,56,56,55,75,75,75,71,39,39,26,47,22,73,71,57,57,44,37,26,47,47,47,47,47,29,29,35,57,0,0],"gold":134,"neow_bonus":"BOSS_RELIC","is_daily":false,"chose_seed":false,"campfire_upgraded":0,"win_rate":0.0,"timestamp":1612645094,"path_taken":["M","?","?","M","M","R","M","R","T","$","M","E","?","M","R","BOSS","M","M","$","M","M","E","R","$","T","?","AVR","E","?","?","R","BOSS"],"items_purchased_type":["Card","Card","Card"],"build_version":"2020-12-22","purchased_purges":2,"victory":false,"max_hp_per_floor":[70,70,75,75,75,75,75,75,75,75,73,73,73,73,73,73,73,71,71,71,71,71,71,71,71,71,69,69,69,69,74,74,74,74],"relic_stats":{"counters":[17,87],"Bronze Scales":[138],"PreservedInsect":85,"obtain_stats":[{"Replay:Towering Pillar of Hats":13,"reliquary:Sideboard":26,"ReplayTheSpireMod:Ring of Addiction":3,"Vajra":28,"PreservedInsect":12,"Replay:Ancient Bell":17,"reliquary:QuartzCube":17,"Replay:Arrowhead":29,"Chameleon Ring":3,"Ring of Fangs":3,"hubris:Backtick":28,"Bronze Scales":17,"MutagenicStrength":27,"hubris:CuriousFeather":17,"reliquary:Ember":0,"Bag of Marbles":23,"Toy Ornithopter":3,"Ring of the Snake":0,"hubris:GlazedTorus":28,"NlothsMask":30},{"Replay:Towering Pillar of Hats":7,"reliquary:Sideboard":14,"ReplayTheSpireMod:Ring of Addiction":2,"Vajra":14,"PreservedInsect":7,"Replay:Ancient Bell":9,"reliquary:QuartzCube":9,"Replay:Arrowhead":15,"Chameleon Ring":2,"Ring of Fangs":2,"hubris:Backtick":14,"Bronze Scales":9,"MutagenicStrength":14,"hubris:CuriousFeather":9,"reliquary:Ember":0,"Bag of Marbles":14,"Toy Ornithopter":2,"Ring of the Snake":0,"hubris:GlazedTorus":14,"NlothsMask":15},{"Replay:Towering Pillar of Hats":27,"reliquary:Sideboard":70,"ReplayTheSpireMod:Ring of Addiction":7,"Vajra":70,"PreservedInsect":27,"Replay:Ancient Bell":43,"reliquary:QuartzCube":43,"Replay:Arrowhead":74,"Chameleon Ring":7,"Ring of Fangs":7,"hubris:Backtick":70,"Bronze Scales":43,"MutagenicStrength":70,"hubris:CuriousFeather":43,"reliquary:Ember":0,"Bag of Marbles":70,"Toy Ornithopter":7,"Ring of the Snake":0,"hubris:GlazedTorus":70,"NlothsMask":74}],"Toy Ornithopter":73},"card_choices":[{"not_picked":["Sucker Punch","Blade Dance"],"picked":"Poisoned Stab","floor":1.0},{"not_picked":["Heel Hook","Backflip"],"picked":"Footwork","floor":2.0},{"not_picked":["Prepared","PiercingWail"],"picked":"Sucker Punch","floor":4.0},{"not_picked":["Deflect","Cloak And Dagger"],"picked":"Adrenaline","floor":5.0},{"not_picked":["Expertise","PiercingWail"],"picked":"Dash","floor":7.0},{"not_picked":["Heel Hook","Sucker Punch"],"picked":"Backstab","floor":11.0},{"not_picked":["Well Laid Plans","Acrobatics"],"picked":"Bane","floor":12.0},{"not_picked":["Flechettes","Underhanded Strike"],"picked":"Dash","floor":14.0},{"not_picked":["Adrenaline","Phantasmal Killer"],"picked":"Venomology","floor":16.0},{"not_picked":["hubris:Despair","Languid"],"picked":"Writhe","floor":17.0},{"not_picked":["Spreading Infection","hubris:Gluttony"],"picked":"Overencumbered","floor":17.0},{"not_picked":["hubris:Wrath","Pain"],"picked":"Delirium","floor":17.0},{"not_picked":["Storm of Steel","Finisher"],"picked":"Flying Knee","floor":18.0},{"not_picked":["Slice","PiercingWail+1"],"picked":"Hidden Blade","floor":19.0},{"not_picked":["Flying Knee","Flechettes"],"picked":"Outmaneuver+1","floor":21.0},{"not_picked":["ReplayTheSpireMod:Shiv Toss","Noxious Fumes"],"picked":"Accuracy+1","floor":22.0},{"not_picked":["Draining Mist","Concentrate+1"],"picked":"Hidden Blade","floor":23.0},{"not_picked":["Backflip","Acrobatics"],"picked":"Malaise","floor":29},{"not_picked":["Quick Slash+1","Outmaneuver"],"picked":"Crippling Poison","floor":31}],"player_experience":145807,"relics_obtained":[{"floor":3.0,"key":"ReplayTheSpireMod:Ring of Addiction"},{"floor":3.0,"key":"Chameleon Ring"},{"floor":3.0,"key":"Toy Ornithopter"},{"floor":3.0,"key":"Ring of Fangs"},{"floor":12.0,"key":"PreservedInsect"},{"floor":13.0,"key":"Replay:Towering Pillar of Hats"},{"floor":23.0,"key":"Bag of Marbles"},{"floor":26.0,"key":"reliquary:Sideboard"},{"floor":29,"key":"Replay:Arrowhead"}],"event_choices":[{"damage_healed":0.0,"max_hp_gain":0.0,"max_hp_loss":0.0,"gold_gain":0.0,"event_name":"Drug Dealer","player_choice":"Inject Mutagens","floor":27.0,"gold_loss":0.0,"damage_taken":0.0,"relics_obtained":["MutagenicStrength"]},{"damage_healed":0,"gold_gain":0,"player_choice":"Trade","damage_taken":0,"relics_obtained":["NlothsMask"],"max_hp_gain":0,"max_hp_loss":0,"event_name":"FaceTrader","floor":30,"gold_loss":0}],"is_beta":false,"boss_relics":[{"not_picked":["Abe\u0027s Treasure","ReplayTheSpireMod:DimensionalGlitch"],"picked":"Replay:Ancient Bell"},{"not_picked":["reliquary:ExpiredCoupon","reliquary:SilkGlove"],"picked":"Bronze Scales"},{"not_picked":["The Courier","hubris:PeanutButter"],"picked":"reliquary:QuartzCube"},{"not_picked":["hubris:Zylophone","Dead Branch"],"picked":"hubris:CuriousFeather"}],"items_purged_floors":[20,20],"is_endless":false,"potions_floor_spawned":[1,4,7,19,21,29,31],"killed_by":"Automaton","ascension_level":3}}