{"host":"m3qxensetu6036ua","time":1612624400,"event":{"mods":["2.2 Compatiblity","AchievementEnabler","BaseMod","Better Altar","Better Match","Better Sensory Stone","Better Skull","Better Third Choice","Better Vampires","Block Reminder","Colored Powertips","Displayed Cursed Tome","Evolution","Good Game Mod","GungeonMod","Hubris","Jedi Mod","Minty Spire (QoL Compilation)","Rare Cards Sparkle","Remove Card Discount Mod","Replay The Spire","Spicy Shops","StSLib","The Cursed"],"gold_per_floor":[117,134,147,165,184,184,196,226,226,226,238,91,108,108,108,204,204,224,224,236,14,26,54,54,54,54],"floor_reached":25,"language":"ENG","playtime":1626,"items_purged":[],"score":263,"play_id":"525aaafa-a7e3-4449-ba89-00113a52b50e","local_time":"20210206161320","is_ascension_mode":true,"campfire_choices":[{"data":"True Grit","floor":6,"key":"SMITH"},{"data":"Havoc","floor":10,"key":"SMITH"},{"data":"True Grit","floor":15,"key":"SMITH"},{"floor":24,"key":"REST"}],"circlet_count":0,"master_deck":["ReplayTheSpireMod:Strike From Hell","ReplayTheSpireMod:Strike From Hell","ReplayTheSpireMod:Strike From Hell","ReplayTheSpireMod:Strike From Hell","ReplayTheSpireMod:Strike From Hell","True Grit+1","True Grit+1","Defend_R","Defend_R","Bash","Uppercut","Trip","Flame Barrier","Havoc+1","Exhume","True Grit+1","Carnage","Impervious","Shrug It Off","Disarm","Feel No Pain"],"relics":["Burning Blood","EVO:Axolotl","REME:ComplimentaryCards","hubris:Potato","hubris:FunFungus","Anchor","hubris:RunicObelisk","hubris:ChampionShield","jedi:arcanewood"],"acts_visited":["Exordium","TheCity"],"potions_floor_usage":[4,8,16,16],"damage_taken":[{"damage":0,"enemies":"Cultist","floor":1,"turns":3},{"damage":2,"enemies":"Jaw Worm","floor":2,"turns":5},{"damage":3,"enemies":"Small Slimes","floor":3,"turns":4},{"damage":0,"enemies":"Looter","floor":4,"turns":2},{"damage":10,"enemies":"2 Fungi Beasts","floor":5,"turns":3},{"damage":4,"enemies":"Red Slaver","floor":7,"turns":2},{"damage":12,"enemies":"Gremlin Nob","floor":8,"turns":4},{"damage":2,"enemies":"Looter","floor":11,"turns":3},{"damage":12,"enemies":"Exordium Wildlife","floor":13,"turns":4},{"damage":2,"enemies":"The Guardian","floor":16,"turns":9},{"damage":0,"enemies":"Shell Parasite","floor":18,"turns":3},{"damage":19,"enemies":"Spheric Guardian","floor":20,"turns":4},{"damage":11,"enemies":"Snecko","floor":22,"turns":5},{"damage":23,"enemies":"Slavers","floor":23,"turns":9},{"damage":11,"enemies":"Gremlin Leader","floor":25,"turns":7}],"seed_played":"9180468834815679427","potions_obtained":[{"floor":2,"key":"Energy Potion"},{"floor":4,"key":"EssenceOfSteel"},{"floor":7,"key":"GamblersBrew"},{"floor":8,"key":"Block Potion"},{"floor":11,"key":"Block Potion"},{"floor":23,"key":"jedi:wingpotion"}],"is_trial":false,"path_per_floor":["M","M","M","M","M","R","M","E","T","R","M","$","M","?","R","B",null,"M","?","M","$","M","E","R","E"],"character_chosen":"IRONCLAD","items_purchased":["Anchor","Feel No Pain"],"campfire_rested":1,"item_purchase_floors":[12,21],"current_hp_per_floor":[80,80,80,80,76,76,78,72,72,72,76,76,71,71,71,75,80,80,80,67,67,64,48,72,62,62],"gold":54,"neow_bonus":"RANDOM_COLORLESS","is_daily":false,"chose_seed":false,"campfire_upgraded":3,"win_rate":0.0,"timestamp":1612624400,"path_taken":["M","M","?","M","M","R","M","E","T","R","M","$","M","?","R","BOSS","M","?","M","$","M","E","R","E"],"items_purchased_type":["Relic","Card"],"build_version":"2020-12-22","purchased_purges":0,"victory":false,"max_hp_per_floor":[80,80,80,80,80,80,80,80,80,80,80,80,80,80,80,80,80,80,80,80,80,80,80,80,80,80],"card_choices":[{"not_picked":["PanicButton","Replay:Parry"],"picked":"Trip","floor":0},{"not_picked":["Thunderclap","Perfected Strike","hubris:CleavingFinish"],"picked":"SKIP","floor":1},{"not_picked":["Anger","Armaments","Havoc"],"picked":"SKIP","floor":2},{"not_picked":["Anger","Armaments","Havoc"],"picked":"SKIP","floor":2},{"not_picked":["Cleave","Body Slam"],"picked":"Flame Barrier","floor":3},{"not_picked":["jedi:fear","Iron Wave"],"picked":"Havoc","floor":4},{"not_picked":["Perfected Strike","Flame Barrier","Iron Wave"],"picked":"SKIP","floor":5},{"not_picked":["Perfected Strike","Body Slam"],"picked":"Exhume","floor":7},{"not_picked":["Iron Wave","Flex"],"picked":"True Grit","floor":8},{"not_picked":["Replay:Undeath\u0027s Touch","Heavy Blade"],"picked":"Carnage","floor":11},{"not_picked":["Thunderclap","jedi:fear","Perfected Strike"],"picked":"SKIP","floor":13},{"not_picked":["Replay:Many Hands","jedi:harder"],"picked":"Impervious","floor":16},{"not_picked":["Pummel","Battle Trance"],"picked":"Shrug It Off","floor":18},{"not_picked":["jedi:controlledanger","Uppercut+1"],"picked":"Disarm","floor":20},{"not_picked":["Twin Strike","Flex","Rage"],"picked":"SKIP","floor":22},{"not_picked":["Clash","Warcry","Flame Barrier"],"picked":"SKIP","floor":23}],"player_experience":233596,"relics_obtained":[{"floor":8,"key":"hubris:Potato"},{"floor":9,"key":"hubris:FunFungus"},{"floor":23,"key":"jedi:arcanewood"}],"event_choices":[{"damage_healed":0,"gold_gain":0,"player_choice":"Gave Potion","damage_taken":0,"relics_obtained":["hubris:ChampionShield"],"max_hp_gain":0,"max_hp_loss":0,"event_name":"WeMeetAgain","floor":19,"gold_loss":0}],"is_beta":false,"boss_relics":[{"not_picked":["Sozu","Coffee Dripper"],"picked":"hubris:RunicObelisk"}],"items_purged_floors":[],"is_endless":false,"potions_floor_spawned":[2,4,7,8,11,13,23],"killed_by":"Gremlin Leader","ascension_level":1}}