{"host":"edan538w829056nc","time":1612651263,"event":{"mods":["AchievementEnabler","BaseMod","Custom Start","Highlight Path","Infinite Spire","Minty Spire (QoL Compilation)","Remilia??????","StSLib"],"gold_per_floor":[110,110,122,47,67,102,102,124,124,124,135,163,163,240,240,339,339,359,359,359,379,379,393,393],"floor_reached":23,"language":"ENG","playtime":863,"items_purged":["Strike_P"],"score":239,"play_id":"caf169cd-0c92-49ce-84fc-92bc0c25b9aa","local_time":"20210206234103","is_ascension_mode":true,"campfire_choices":[{"data":"SashWhip","floor":7,"key":"SMITH"},{"data":"Eruption","floor":10,"key":"SMITH"},{"floor":15,"key":"REST"}],"circlet_count":0,"master_deck":["Strike_P","Strike_P","Strike_P","Defend_P","Defend_P","Defend_P","Defend_P","Eruption+1","Vigilance","Wallop","Halt","SashWhip+1","Perseverance","Crescendo","SandsOfTime","Devotion","Wallop","DeusExMachina"],"relics":["PureWater","NeowsBlessing","infinitespire:Midas Blood","infinitespire:BottledMercury","Strawberry","Snecko Eye","SsserpentHead"],"acts_visited":["Exordium","TheCity"],"potions_floor_usage":[12,16,16],"damage_taken":[{"damage":0,"enemies":"Jaw Worm","floor":1,"turns":1},{"damage":0,"enemies":"Cultist","floor":3,"turns":1},{"damage":0,"enemies":"2 Louse","floor":5,"turns":1},{"damage":24,"enemies":"Lagavulin","floor":6,"turns":9},{"damage":1,"enemies":"Exordium Wildlife","floor":8,"turns":4},{"damage":0,"enemies":"Blue Slaver","floor":11,"turns":2},{"damage":16,"enemies":"Gremlin Nob","floor":12,"turns":3},{"damage":26,"enemies":"Slime Boss","floor":16,"turns":6},{"damage":16,"enemies":"Shell Parasite","floor":18,"turns":4},{"damage":0,"enemies":"Spheric Guardian","floor":21,"turns":1},{"damage":70,"enemies":"Slavers","floor":23,"turns":3}],"seed_played":"3070329067105724449","potions_obtained":[{"floor":1,"key":"BlessingOfTheForge"},{"floor":6,"key":"PowerPotion"},{"floor":12,"key":"FearPotion"}],"is_trial":false,"path_per_floor":["M","?","M","$","M","E","R","M","T","R","M","E","?","?","R","B",null,"M","?","?","M","?","E"],"character_chosen":"WATCHER","items_purchased":[],"campfire_rested":1,"item_purchase_floors":[],"current_hp_per_floor":[72,72,72,72,72,48,48,47,47,47,47,38,43,32,57,31,84,68,68,68,68,68,0,0],"gold":393,"neow_bonus":"THREE_ENEMY_KILL","is_daily":false,"chose_seed":false,"campfire_upgraded":2,"win_rate":0.0,"timestamp":1612651263,"path_taken":["M","?","?","$","M","E","R","M","T","R","M","E","?","?","R","BOSS","M","?","?","?","?","E"],"items_purchased_type":[],"build_version":"2020-12-22","purchased_purges":1,"victory":false,"max_hp_per_floor":[72,72,72,72,72,72,72,72,72,72,72,79,84,84,84,84,84,84,84,84,84,84,84,84],"card_choices":[{"not_picked":["Evaluate","DeceiveReality"],"picked":"Wallop","floor":1},{"not_picked":["JustLucky","Evaluate"],"picked":"Halt","floor":3},{"not_picked":["Evaluate","JustLucky"],"picked":"SashWhip","floor":5},{"not_picked":["Consecrate","WaveOfTheHand"],"picked":"Perseverance","floor":6},{"not_picked":["SashWhip","Conclude"],"picked":"Crescendo","floor":8},{"not_picked":["LikeWater","CrushJoints"],"picked":"SandsOfTime","floor":11},{"not_picked":["LikeWater","Meditate","FlyingSleeves"],"picked":"SKIP","floor":12},{"not_picked":["Judgement","DevaForm"],"picked":"Devotion","floor":16},{"not_picked":["Conclude","BowlingBash","CutThroughFate"],"picked":"SKIP","floor":18},{"not_picked":["FlyingSleeves+1","LikeWater","Consecrate"],"picked":"SKIP","floor":21},{"not_picked":["FlyingSleeves+1","LikeWater","Consecrate"],"picked":"SKIP","floor":21}],"player_experience":474001,"relics_obtained":[{"floor":6,"key":"infinitespire:Midas Blood"},{"floor":9,"key":"infinitespire:BottledMercury"},{"floor":12,"key":"Strawberry"}],"event_choices":[{"damage_healed":0,"gold_gain":0,"player_choice":"Bought 0 Potions","damage_taken":0,"max_hp_gain":0,"max_hp_loss":0,"event_name":"The Woman in Blue","floor":2,"gold_loss":0},{"damage_healed":0,"gold_gain":0,"player_choice":"Donut","damage_taken":0,"max_hp_gain":5,"max_hp_loss":0,"event_name":"Big Fish","floor":13,"gold_loss":0},{"damage_healed":0,"gold_gain":75,"player_choice":"Gather Gold","damage_taken":11,"max_hp_gain":0,"max_hp_loss":0,"event_name":"World of Goop","floor":14,"gold_loss":0},{"damage_healed":0,"gold_gain":0,"player_choice":"Read","damage_taken":0,"max_hp_gain":0,"max_hp_loss":0,"event_name":"The Library","floor":19,"gold_loss":0,"cards_obtained":["Wallop"]},{"damage_healed":0,"gold_gain":0,"player_choice":"1 cards matched","damage_taken":0,"max_hp_gain":0,"max_hp_loss":0,"event_name":"Match and Keep!","floor":20,"gold_loss":0,"cards_obtained":["DeusExMachina"]},{"damage_healed":0,"gold_gain":0,"player_choice":"Trade","damage_taken":0,"relics_obtained":["SsserpentHead"],"max_hp_gain":0,"max_hp_loss":0,"event_name":"FaceTrader","floor":22,"gold_loss":0}],"is_beta":false,"boss_relics":[{"not_picked":["Coffee Dripper","SacredBark"],"picked":"Snecko Eye"}],"items_purged_floors":[4],"is_endless":false,"potions_floor_spawned":[1,6,12],"killed_by":"Slavers","ascension_level":4}}