{"host":"fmb9x04chdot191d","time":1612589831,"event":{"mods":["2.2 Compatiblity","AchievementEnabler","BaseMod","BetterRewards","Colored Map","Downfall","Hermit","Highlight Path","Marisa（霧雨　魔理沙）","Minty Spire (QoL Compilation)","Permanent Neow","Quick Restart","StSLib","The Servant 0.9.4"],"gold_per_floor":[115,126,51,65,79,79,110,128,173,204,222,222,222,242,242,342,342,342],"floor_reached":17,"language":"ENG","playtime":963,"items_purged":["Strike_G"],"score":213,"play_id":"2445c512-2c1f-4667-97bc-6425a0c93f3f","local_time":"20210206183711","is_ascension_mode":true,"campfire_choices":[{"data":"Finisher","floor":6.0,"key":"SMITH"},{"floor":12.0,"key":"REST"},{"data":"Backstab","floor":15.0,"key":"SMITH"}],"circlet_count":0,"master_deck":["Strike_G","Strike_G","Strike_G","Strike_G","Defend_G","Defend_G","Defend_G","Defend_G","Survivor","Neutralize+1","Finisher+1","Cloak And Dagger","Backstab+1","Expertise","A Thousand Cuts","Bullet Time"],"relics":["Ring of the Snake","Blood Vial","Pantograph","Black Star"],"acts_visited":["Exordium","TheCity"],"potions_floor_usage":[],"damage_taken":[{"damage":1.0,"enemies":"Small Slimes","floor":1.0,"turns":4.0},{"damage":3.0,"enemies":"2 Louse","floor":2.0,"turns":3.0},{"damage":0.0,"enemies":"Cultist","floor":4.0,"turns":4.0},{"damage":0.0,"enemies":"2 Fungi Beasts","floor":5.0,"turns":3.0},{"damage":13.0,"enemies":"Gremlin Nob","floor":7.0,"turns":3.0},{"damage":0.0,"enemies":"Looter","floor":8.0,"turns":2.0},{"damage":9.0,"enemies":"Lagavulin","floor":10.0,"turns":8.0},{"damage":9.0,"enemies":"Exordium Thugs","floor":11.0,"turns":4.0},{"damage":0.0,"enemies":"Gremlin Gang","floor":14.0,"turns":3.0},{"damage":5,"enemies":"The Guardian","floor":16,"turns":12}],"seed_played":"4241500479715090838","potions_obtained":[{"floor":4.0,"key":"champ:CounterPotion"},{"floor":7.0,"key":"BlessingOfTheForge"},{"floor":8.0,"key":"Fire Potion"},{"floor":14.0,"key":"Dexterity Potion"},{"floor":16,"key":"Slimebound:ThreeZeroPotion"}],"is_trial":false,"path_per_floor":["M","M","$","M","M","R","E","M","T","E","M","R","?","M","R","B",null],"character_chosen":"THE_SILENT","items_purchased":[],"campfire_rested":1,"item_purchase_floors":[],"current_hp_per_floor":[69,66,66,66,66,66,53,55,55,48,41,62,55,57,57,65,70,70],"gold":342,"neow_bonus":"UPGRADE_CARD","is_daily":false,"chose_seed":false,"campfire_upgraded":2,"win_rate":0.0,"timestamp":1612589831,"path_taken":["M","M","$","M","M","R","E","M","T","E","M","R","?","M","R","BOSS"],"items_purchased_type":[],"build_version":"2020-12-22","purchased_purges":1,"victory":false,"max_hp_per_floor":[70,70,70,70,70,70,70,70,70,70,70,70,70,70,70,70,70,70],"card_choices":[{"not_picked":["Dodge and Roll","Underhanded Strike","PiercingWail"],"picked":"SKIP","floor":1.0},{"not_picked":["Deflect","Acrobatics"],"picked":"Finisher","floor":2.0},{"not_picked":["Riddle With Holes","Outmaneuver"],"picked":"Cloak And Dagger","floor":4.0},{"not_picked":["Noxious Fumes","Eviscerate","Poisoned Stab"],"picked":"SKIP","floor":5.0},{"not_picked":["Backflip","Reflex","Crippling Poison"],"picked":"SKIP","floor":7.0},{"not_picked":["Eviscerate","Underhanded Strike"],"picked":"Backstab","floor":8.0},{"not_picked":["PiercingWail","Deflect"],"picked":"Expertise","floor":10.0},{"not_picked":["Outmaneuver","Heel Hook"],"picked":"A Thousand Cuts","floor":11.0},{"not_picked":["Prepared","Reflex","Crippling Poison"],"picked":"SKIP","floor":14.0},{"not_picked":["Burst","Malaise"],"picked":"Bullet Time","floor":16}],"player_experience":86391,"relics_obtained":[{"floor":7.0,"key":"Blood Vial"},{"floor":10.0,"key":"Pantograph"}],"event_choices":[{"cards_removed":["Defend_G"],"damage_healed":0.0,"max_hp_gain":0.0,"max_hp_loss":0.0,"gold_gain":0.0,"event_name":"Golden Wing","player_choice":"Card Removal","floor":13.0,"gold_loss":0.0,"damage_taken":7.0}],"is_beta":false,"boss_relics":[{"not_picked":["bronze:MakeshiftBattery","Philosopher\u0027s Stone"],"picked":"Black Star"}],"items_purged_floors":[3],"is_endless":false,"potions_floor_spawned":[4,7,8,14,16],"ascension_level":2}}