{"host":"dcj2yvrgcvh5dl2s","time":1612613343,"event":{"mods":["BaseMod","Bestiary","Better Note","Block Reminder","Colored Powertips","Curses Come First","DeckTracker","Minty Spire (QoL Compilation)","Quick Restart","Rare Cards Sparkle","Relic Stats","StSLib"],"gold_per_floor":[109,109,34,47,66,66,66,93,93,123,123,48,48,198,198,276,276,286,131,131,46,46,46,80,80,80],"floor_reached":25,"language":"ENG","playtime":543,"items_purged":["Strike_R","Doubt"],"score":446,"play_id":"569ff43b-6583-45d9-86cf-adafcf4433ff","local_time":"20210206220903","is_ascension_mode":true,"campfire_choices":[{"data":"Flex","floor":6,"key":"SMITH"},{"floor":11,"key":"REST"},{"floor":13,"key":"REST"},{"data":"Heavy Blade","floor":15,"key":"SMITH"},{"floor":23,"key":"REST"}],"circlet_count":0,"master_deck":["AscendersBane","Strike_R","Strike_R+1","Strike_R+1","Defend_R","Defend_R","Defend_R","Defend_R","Bash","Fire Breathing","Sword Boomerang","Flex+1","Feel No Pain","Heavy Blade+1","Offering","Pummel","Shrug It Off","Metallicize"],"relics":["Burning Blood","NeowsBlessing","StrikeDummy","Sundial","Pantograph","Sozu","Oddly Smooth Stone","Letter Opener"],"acts_visited":["Exordium","TheCity"],"potions_floor_usage":[10,10,16],"damage_taken":[{"damage":0,"enemies":"2 Louse","floor":1,"turns":1},{"damage":0,"enemies":"Jaw Worm","floor":4,"turns":1},{"damage":0,"enemies":"Small Slimes","floor":5,"turns":1},{"damage":39,"enemies":"Gremlin Nob","floor":8,"turns":4},{"damage":9,"enemies":"3 Sentries","floor":10,"turns":4},{"damage":27,"enemies":"Slime Boss","floor":16,"turns":6},{"damage":30,"enemies":"Spheric Guardian","floor":18,"turns":4},{"damage":62,"enemies":"Slavers","floor":24,"turns":5},{"damage":12,"enemies":"Shell Parasite","floor":25,"turns":1}],"seed_played":"-8519741766469042513","potions_obtained":[{"floor":4,"key":"Energy Potion"},{"floor":5,"key":"Explosive Potion"},{"floor":10,"key":"SkillPotion"}],"is_trial":false,"path_per_floor":["M","?","?","M","M","R","$","E","T","E","R","$","R","?","R","B",null,"M","$","?","?","$","R","E","M"],"character_chosen":"IRONCLAD","items_purchased":["Shrug It Off"],"campfire_rested":3,"item_purchase_floors":[19],"current_hp_per_floor":[74,51,51,57,63,63,63,30,30,27,49,49,71,71,71,54,70,46,46,46,46,46,68,12,0,0],"gold":80,"neow_bonus":"THREE_ENEMY_KILL","is_daily":false,"chose_seed":false,"campfire_upgraded":2,"win_rate":0.0,"timestamp":1612613343,"path_taken":["M","?","?","M","M","R","$","E","T","E","R","?","R","?","R","BOSS","M","$","?","?","$","R","E","M"],"items_purchased_type":["Card"],"build_version":"2020-12-22","purchased_purges":2,"victory":false,"max_hp_per_floor":[75,75,75,75,75,75,75,75,75,75,75,75,75,75,75,75,75,75,75,75,75,75,75,75,75,75],"relic_stats":{"Sozu":1,"counters":[9,27],"Sundial":[2],"Pantograph":4,"Letter Opener":[0],"obtain_stats":[{"Sozu":17,"NeowsBlessing":0,"Sundial":9,"Pantograph":10,"Oddly Smooth Stone":21,"Letter Opener":24,"StrikeDummy":8,"Burning Blood":0},{"Sozu":6,"NeowsBlessing":0,"Sundial":4,"Pantograph":5,"Oddly Smooth Stone":7,"Letter Opener":8,"StrikeDummy":4,"Burning Blood":0},{"Sozu":17,"NeowsBlessing":0,"Sundial":7,"Pantograph":11,"Oddly Smooth Stone":21,"Letter Opener":26,"StrikeDummy":7,"Burning Blood":0}],"Burning Blood":48},"card_choices":[{"not_picked":["Warcry","Flame Barrier"],"picked":"Fire Breathing","floor":1},{"not_picked":["Dropkick","Headbutt"],"picked":"Sword Boomerang","floor":4},{"not_picked":["Cleave","Infernal Blade"],"picked":"Flex","floor":5},{"not_picked":["Spot Weakness","True Grit"],"picked":"Feel No Pain","floor":8},{"not_picked":["Double Tap","Armaments"],"picked":"Heavy Blade","floor":10},{"not_picked":["Immolate","Corruption"],"picked":"Offering","floor":16},{"not_picked":["Bloodletting","Wild Strike+1"],"picked":"Pummel","floor":18},{"not_picked":["Sentinel","Carnage"],"picked":"Metallicize","floor":24}],"player_experience":2328022,"relics_obtained":[{"floor":8,"key":"StrikeDummy"},{"floor":9,"key":"Sundial"},{"floor":10,"key":"Pantograph"},{"floor":24,"key":"Letter Opener"}],"event_choices":[{"damage_healed":0,"gold_gain":0,"player_choice":"Entered Light","damage_taken":23,"max_hp_gain":0,"max_hp_loss":0,"event_name":"Shining Light","floor":2,"gold_loss":0,"cards_upgraded":["Strike_R","Strike_R"]},{"cards_removed":["Strike_R"],"damage_healed":0,"gold_gain":0,"player_choice":"Card Removal","damage_taken":0,"max_hp_gain":0,"max_hp_loss":0,"event_name":"The Cleric","floor":3,"gold_loss":75},{"damage_healed":0,"gold_gain":150,"player_choice":"AGREE","damage_taken":0,"max_hp_gain":0,"max_hp_loss":0,"event_name":"Liars Game","floor":14,"gold_loss":0,"cards_obtained":["Doubt"]},{"damage_healed":0,"gold_gain":0,"player_choice":"Ignored","damage_taken":0,"max_hp_gain":0,"max_hp_loss":0,"event_name":"Vampires","floor":20,"gold_loss":0},{"damage_healed":0,"gold_gain":0,"player_choice":"Obtained Relic","damage_taken":0,"relics_obtained":["Oddly Smooth Stone"],"max_hp_gain":0,"max_hp_loss":0,"event_name":"Addict","floor":21,"gold_loss":85}],"is_beta":false,"boss_relics":[{"not_picked":["SlaversCollar","Ectoplasm"],"picked":"Sozu"}],"items_purged_floors":[12,19],"is_endless":false,"potions_floor_spawned":[4,5,10,24],"killed_by":"Shell Parasite","ascension_level":20}}