{"host":"xp5rvh2jwe2ejyfm","time":1612644910,"event":{"mods":["2.2 Compatiblity","Aspiration","BaseMod","Better Altar","Better Match","Better Note","Better Sensory Stone","Better Skull","BetterRewards","Colored Powertips","Conspire","Downfall","GifTheSpireLib","Gremlin Mod","GungeonMod","Hermit","Hubris","Jorbs\u0027s Wanderer Trilogy","Minty Spire (QoL Compilation)","Potionbrewer","Quick Restart","Replay The Spire","Robot Space Explorer","Shade Mod","Somnambulant","StSLib","The Bug Knight","The Clintock","The Construct","The Cursed","The Disciple","The Forsaken","The Hierophant","The Necromancer","The Runesmith","The Servant 0.9.4","The Valiant","The Witch","TheFirefly","thorton"],"gold_per_floor":[114,126,139,158,175,210,230,230,257,257,222,222,237,254,254,353,353,372,382,398,409,409,409],"floor_reached":22,"language":"ENG","playtime":969,"items_purged":[],"score":194,"play_id":"006c283a-3953-44d6-b26a-f91b80ea8183","local_time":"20210206155510","is_ascension_mode":false,"campfire_choices":[{"floor":8,"key":"REST"},{"floor":12,"key":"RECALL"},{"data":"Shade:AnimateDead","floor":15,"key":"SMITH"}],"circlet_count":0,"master_deck":["Shade:Strike_Shade","Shade:Strike_Shade","Shade:Strike_Shade","Shade:Strike_Shade","Shade:Defend_Shade","Shade:Defend_Shade","Shade:Defend_Shade","Shade:AnimateDead+1","Shade:CarefulCut","Shade:CoffinDance","Shade:FreshBones","Shade:StitchTogether","Shade:GraveStillness","Shade:CommandSoldier","Shade:FreshBones","Shade:WallOfFlesh","Shade:AblativeArmor","conspire:Banana","Shade:RavenousHorde","Shade:Trample","Shade:LastGasp","Shade:ClawBack","Shade:FreshBones","Shade:AuraOfUnlife","Shade:GraveStillness"],"relics":["Shade:YorickSkull","potionbrewer:DrinkingBird","Blood Vial","aspiration:SecretTechniqueScroll"],"acts_visited":["Exordium","TheCity"],"potions_floor_usage":[6,6,14,16,16,19,21,21,21],"damage_taken":[{"damage":0,"enemies":"Jaw Worm","floor":1,"turns":3},{"damage":0,"enemies":"2 Louse","floor":2,"turns":2},{"damage":0,"enemies":"Cultist","floor":3,"turns":3},{"damage":0,"enemies":"2 Fungi Beasts","floor":4,"turns":3},{"damage":31,"enemies":"Exordium Thugs","floor":5,"turns":5},{"damage":8,"enemies":"3 Sentries","floor":6,"turns":5},{"damage":0,"enemies":"Looter","floor":7,"turns":3},{"damage":3,"enemies":"Red Slaver","floor":13,"turns":5},{"damage":17,"enemies":"Exordium Thugs","floor":14,"turns":5},{"damage":9,"enemies":"The Guardian","floor":16,"turns":13},{"damage":7,"enemies":"Chosen","floor":18,"turns":5},{"damage":27,"enemies":"3 Byrds","floor":19,"turns":6},{"damage":22,"enemies":"Shelled Parasite and Fungi","floor":20,"turns":7},{"damage":5,"enemies":"Snake Plant","floor":21,"turns":5},{"damage":4,"enemies":"Centurion and Healer","floor":22,"turns":2}],"seed_played":"4682256568676795163","potions_obtained":[{"floor":1,"key":"AttackPotion"},{"floor":2,"key":"BlessingOfTheForge"},{"floor":6,"key":"Adrenaline Potion"},{"floor":13,"key":"Dexterity Potion"},{"floor":21,"key":"sneckomod:MuddlingPotion"}],"is_trial":false,"path_per_floor":["M","M","M","M","M","E","M","R","T","?","?","R","M","M","R","B",null,"M","M","M","M","M"],"character_chosen":"SHADE","items_purchased":[],"campfire_rested":1,"item_purchase_floors":[],"current_hp_per_floor":[65,65,65,65,34,26,26,45,45,45,61,61,61,47,47,41,68,69,43,24,22,21,21],"gold":409,"neow_bonus":"TRANSFORM_CARD","is_daily":false,"chose_seed":false,"campfire_upgraded":1,"win_rate":0.0,"timestamp":1612644910,"path_taken":["M","M","M","M","M","E","M","R","T","?","?","R","M","M","R","BOSS","M","M","M","M","M"],"items_purchased_type":[],"build_version":"2020-12-22","purchased_purges":0,"victory":false,"max_hp_per_floor":[65,65,65,65,65,65,65,65,65,65,65,65,66,67,67,68,68,69,70,71,72,73,73],"card_choices":[{"not_picked":["Shade:BoneShards","Shade:ClawBack"],"picked":"Shade:FreshBones","floor":1},{"not_picked":["Shade:ClawBack","Shade:SpontaneousRitual"],"picked":"Shade:StitchTogether","floor":2},{"not_picked":["Shade:FleshOffering","Shade:DangerousRitual"],"picked":"Shade:GraveStillness","floor":3},{"not_picked":["Shade:Patience","Shade:GraveStillness"],"picked":"Shade:CommandSoldier","floor":4},{"not_picked":["Shade:SpectralStrikes","Shade:Brains"],"picked":"Shade:FreshBones","floor":5},{"not_picked":["Shade:ClawBack","Shade:FleshOffering"],"picked":"Shade:WallOfFlesh","floor":6},{"not_picked":["Shade:FleshOffering","Shade:Frenzy"],"picked":"Shade:AblativeArmor","floor":7},{"not_picked":["ReplayTheSpireMod:Uncanny Aura","Sadistic Nature"],"picked":"conspire:Banana","floor":10},{"not_picked":["Shade:Asphyxiate","Shade:Carnophage"],"picked":"Shade:RavenousHorde","floor":13},{"not_picked":["Shade:BoneShards","Shade:CloudOfShrapnel"],"picked":"Shade:Trample","floor":14},{"not_picked":["Shade:OneIsEnough","Shade:Tombstone"],"picked":"Shade:LastGasp","floor":16},{"not_picked":["Shade:FuneraryArmor","Shade:FeralStrike"],"picked":"Shade:ClawBack","floor":18},{"not_picked":["Shade:Frenzy","Shade:Consume"],"picked":"Shade:FreshBones","floor":19},{"not_picked":["Shade:BoneShards","Shade:ScuttlingHand"],"picked":"Shade:AuraOfUnlife","floor":20},{"not_picked":["Shade:ExtraLimbs","Shade:AncientSpear"],"picked":"Shade:GraveStillness","floor":21}],"player_experience":447828,"relics_obtained":[{"floor":6,"key":"potionbrewer:DrinkingBird"},{"floor":9,"key":"Blood Vial"}],"event_choices":[{"damage_healed":0,"gold_gain":1,"player_choice":"1","damage_taken":0,"max_hp_gain":0,"max_hp_loss":0,"event_name":"betterStone:BetterStone","floor":10,"gold_loss":0},{"damage_healed":16,"gold_gain":0,"player_choice":"Healed","damage_taken":0,"max_hp_gain":0,"max_hp_loss":0,"event_name":"The Cleric","floor":11,"gold_loss":35}],"is_beta":false,"boss_relics":[{"not_picked":["theForsaken:PaleLantern","hubris:BlackHole"],"picked":"aspiration:SecretTechniqueScroll"}],"items_purged_floors":[],"is_endless":false,"potions_floor_spawned":[1,2,6,13,14,19,21],"killed_by":"Centurion and Healer","ascension_level":0}}