{"host":"8kweeulvvasqx820","time":1612570334,"event":{"mods":["Aspiration","BaseMod","Better Altar","Better Match","Better Note","Better Sensory Stone","Better Skull","Better Third Choice","BetterRewards","Colored Map","Conspire","Displayed Cursed Tome","Downfall","Hubris","Infinite Spire","Jorbs\u0027s Wanderer Trilogy","Minty Spire (QoL Compilation)","Relic Stats","Replay The Spire","Spicy Shops","StSLib","SuperFastMode","Swap Starting Deck Mod","The Construct","The Marked","The Servant 0.9.4","everything is the same but u backflip on backflip","slay the spire mod where everything is the same but ironclad has a cowboy hat"],"gold_per_floor":[99,99,99,274,37,37,62,62,95,95,208,169,184,198,159,260,260,160,174,192,192,204,204,278,7,35,50,82,43,43,153,166,166,166,166],"floor_reached":33,"language":"ENG","playtime":2928,"items_purged":[],"score":405,"play_id":"e688d0af-4959-4c20-8dc5-fffd2d16350d","local_time":"20210205191214","is_ascension_mode":true,"campfire_choices":[{"floor":1,"key":"DIG"},{"data":"Slimebound:LevelUp","floor":6,"key":"SMITH"},{"floor":18,"key":"DIG"}],"circlet_count":0,"master_deck":["Slimebound:Strike_Slimebound","Slimebound:Strike_Slimebound","Slimebound:Strike_Slimebound","Slimebound:Defend_Slimebound","Slimebound:Defend_Slimebound","Slimebound:Defend_Slimebound","Slimebound:Defend_Slimebound","Slimebound:Split","Slimebound:CorrosiveSpit","Slimebound:ServeAndProtect","Slimebound:SplitLeeching","Doubt","Slimebound:SplitMire","Slimebound:LevelUp+1","Replay:Hysterical Blindness","Slimebound:LeechingTouch","Slimebound:LivingWall","Slimebound:HauntingLick","Slimebound:SamplingLick","Slimebound:Prepare","Slimebound:SlimeSlap","Slimebound:Dissolve","Slimebound:Schlurp","Slimebound:SplitLeeching","Ghostly","Ghostly","Ghostly","Ghostly","Ghostly","Slimebound:SplitLeeching","Slimebound:Repurpose","Slimebound:SlimeTap","Slimebound:SplitLeeching+1","Slimebound:LevelUp+1","Slimebound:SplitLeeching+1"],"relics":["Slimebound:AbsorbEndCombat","downfall:HeartsMalice","Anchor","Incense Burner","Centennial Puzzle","Potion Belt","ReplayTheSpireMod:Ring of Challenge","ReplayTheSpireMod:Ring of Exchange","Sundial","hubris:Icosahedron","hubris:TerracottaHorce","downfall:HeartBlessingGreen","infinitespire:Lucky Rock","aspiration:SeaSaltIceCream","PreservedInsect","hubris:TinFlute","Golden Egg","Bag of Preparation","Enchiridion"],"acts_visited":["Exordium","TheCity"],"potions_floor_usage":[13,15,16,25,25,28,32,33],"damage_taken":[{"damage":0,"enemies":"Cultist","floor":2,"turns":1},{"damage":0,"enemies":"2 Louse","floor":3,"turns":1},{"damage":0,"enemies":"downfall:FleeingMerchant","floor":5,"turns":1},{"damage":35,"enemies":"3 Sentries","floor":9,"turns":15},{"damage":6,"enemies":"Jaw Worm","floor":11,"turns":3},{"damage":9,"enemies":"Gremlin Gang","floor":12,"turns":5},{"damage":10,"enemies":"3 Louse","floor":13,"turns":3},{"damage":2,"enemies":"Blue Slaver","floor":14,"turns":2},{"damage":0,"enemies":"Gremlin Gang","floor":15,"turns":5},{"damage":18,"enemies":"SI_SHIV_ARCHETYPE","floor":16,"turns":12},{"damage":0,"enemies":"Chosen","floor":19,"turns":6},{"damage":0,"enemies":"3 Byrds","floor":20,"turns":6},{"damage":22,"enemies":"Centurion and Healer","floor":22,"turns":7},{"damage":0,"enemies":"downfall:FleeingMerchant","floor":25,"turns":4},{"damage":0,"enemies":"Gremlin Leader","floor":26,"turns":9},{"damage":1,"enemies":"Snake Plant","floor":27,"turns":6},{"damage":3,"enemies":"Slavers","floor":28,"turns":7},{"damage":6,"enemies":"Cultist and Chosen","floor":29,"turns":10},{"damage":0,"enemies":"Sentry and Sphere","floor":31,"turns":6},{"damage":0,"enemies":"Snake Plant","floor":32,"turns":4},{"damage":26,"enemies":"IC_MUSHROOM_ARCHETYPE","floor":33,"turns":7}],"seed_played":"-7849173302588994493","potions_obtained":[{"floor":9,"key":"hexamod:SoulburnPotion"},{"floor":11,"key":"sneckomod:MuddlingPotion"},{"floor":13,"key":"Reflective Coating"},{"floor":14,"key":"Adrenaline Potion"},{"floor":16,"key":"Fire Potion"},{"floor":20,"key":"DistilledChaos"},{"floor":26,"key":"Strength Potion"},{"floor":27,"key":"FearPotion"},{"floor":29,"key":"bronze:BurnAndBuffPotion"},{"floor":31,"key":"Toxic Potion"}],"is_trial":false,"path_per_floor":["R_BF","M","M","?","$","R","T","?","E","?","M","M","M","M","M","B",null,"R_BF","M","M","?","M","?","T","$","E","M","E","M","?","M","M","B"],"character_chosen":"SLIMEBOUND","items_purchased":["Incense Burner","Slimebound:LevelUp","Centennial Puzzle","hubris:TinFlute"],"campfire_rested":0,"item_purchase_floors":[5,5,5,25],"current_hp_per_floor":[65,65,65,65,65,65,65,65,38,38,36,33,27,31,39,29,56,56,64,65,65,47,32,32,32,32,31,32,30,14,18,20,0,0,0],"gold":166,"neow_bonus":"THREE_ENEMY_KILL","is_daily":false,"chose_seed":false,"campfire_upgraded":1,"win_rate":0.0,"timestamp":1612570334,"path_taken":["R_BF","M","M","?","$","R","T","?","E","?","M","M","M","M","M","BOSS","R_BF","M","M","?","?","?","T","$","E","M","E","M","?","M","M","BOSS"],"items_purchased_type":["Relic","Card","Relic","Relic"],"build_version":"2020-12-22","purchased_purges":0,"victory":false,"max_hp_per_floor":[65,65,65,65,65,65,65,65,65,65,65,65,65,65,65,65,65,65,65,65,65,65,32,32,32,32,32,32,32,32,32,32,32,32,32],"relic_stats":{"Centennial Puzzle":[30],"counters":[21,116],"Sundial":[12],"PreservedInsect":186,"Bag of Preparation":[8],"obtain_stats":[{"Potion Belt":7,"ReplayTheSpireMod:Ring of Exchange":8,"Golden Egg":26,"Enchiridion":30,"downfall:HeartsMalice":0,"downfall:HeartBlessingGreen":18,"PreservedInsect":24,"Incense Burner":5,"Bag of Preparation":28,"infinitespire:Lucky Rock":18,"aspiration:SeaSaltIceCream":24,"hubris:TerracottaHorce":17,"Anchor":1,"Centennial Puzzle":5,"hubris:Icosahedron":10,"Sundial":9,"Slimebound:AbsorbEndCombat":0,"ReplayTheSpireMod:Ring of Challenge":8,"hubris:TinFlute":25},{"Potion Belt":3,"ReplayTheSpireMod:Ring of Exchange":3,"Golden Egg":15,"Enchiridion":18,"downfall:HeartsMalice":0,"downfall:HeartBlessingGreen":10,"PreservedInsect":13,"Incense Burner":3,"Bag of Preparation":17,"infinitespire:Lucky Rock":10,"aspiration:SeaSaltIceCream":13,"hubris:TerracottaHorce":10,"Anchor":0,"Centennial Puzzle":3,"hubris:Icosahedron":4,"Sundial":4,"Slimebound:AbsorbEndCombat":0,"ReplayTheSpireMod:Ring of Challenge":3,"hubris:TinFlute":14},{"Potion Belt":0,"ReplayTheSpireMod:Ring of Exchange":0,"Golden Egg":76,"Enchiridion":99,"downfall:HeartsMalice":0,"downfall:HeartBlessingGreen":45,"PreservedInsect":63,"Incense Burner":0,"Bag of Preparation":89,"infinitespire:Lucky Rock":45,"aspiration:SeaSaltIceCream":63,"hubris:TerracottaHorce":45,"Anchor":0,"Centennial Puzzle":0,"hubris:Icosahedron":15,"Sundial":15,"Slimebound:AbsorbEndCombat":0,"ReplayTheSpireMod:Ring of Challenge":0,"hubris:TinFlute":67}]},"card_choices":[{"not_picked":["Slimebound:HauntingLick","Slimebound:BestDefense"],"picked":"Slimebound:ServeAndProtect","floor":2},{"not_picked":["Slimebound:SplitMire","Slimebound:HauntingLick"],"picked":"Slimebound:SplitLeeching","floor":3},{"not_picked":["Slimebound:SplitBruiser","Slimebound:Dissolve"],"picked":"Slimebound:SplitMire","floor":5},{"not_picked":["Slimebound:ItLooksTasty","Slimebound:TongueLash"],"picked":"Slimebound:LeechingTouch","floor":9},{"not_picked":["Slimebound:RollThrough","Slimebound:WasteNot"],"picked":"Slimebound:LivingWall","floor":11},{"not_picked":["Slimebound:Dissolve","Slimebound:SlimeSpikes","Slimebound:ComboTackle"],"picked":"SKIP","floor":12},{"not_picked":["Slimebound:GoopTackle","Slimebound:FormOfPuddle"],"picked":"Slimebound:HauntingLick","floor":13},{"not_picked":["Slimebound:RollThrough","Slimebound:Overexert"],"picked":"Slimebound:SamplingLick","floor":14},{"not_picked":["Slimebound:HauntingLick","Slimebound:FinishingTackle"],"picked":"Slimebound:Prepare","floor":15},{"not_picked":["Slimebound:OozeBath","Slimebound:CheckThePlaybook"],"picked":"Slimebound:SlimeSlap","floor":16},{"not_picked":["Slimebound:Chomp","Slimebound:Schlurp","Slimebound:ViciousTackle"],"picked":"SKIP","floor":19},{"not_picked":["Slimebound:MegaLick","Slimebound:LeechingTouch"],"picked":"Slimebound:Dissolve","floor":20},{"not_picked":["Slimebound:GoopSpray+1","Slimebound:SplitAcid"],"picked":"Slimebound:SplitLeeching","floor":22},{"not_picked":["Slimebound:Schlurp","Slimebound:Prepare"],"picked":"Slimebound:SplitLeeching","floor":25},{"not_picked":["Slimebound:RejuvenatingLick+1","Slimebound:Schlurp"],"picked":"Slimebound:Repurpose","floor":26},{"not_picked":["Slimebound:RejuvenatingLick","Slimebound:SplitLeeching"],"picked":"Slimebound:SlimeTap","floor":27},{"not_picked":["Slimebound:LeechingTouch","Slimebound:ServeAndProtect"],"picked":"Slimebound:SplitLeeching+1","floor":28},{"not_picked":["Slimebound:SplitAcid+1","Slimebound:OneTwoCombo"],"picked":"Slimebound:LevelUp+1","floor":29},{"not_picked":["Slimebound:Repurpose","Slimebound:MegaLick"],"picked":"Slimebound:SplitLeeching+1","floor":31},{"not_picked":["Slimebound:LeechingTouch+1","Slimebound:LeechEnergy","Slimebound:HauntingLick"],"picked":"SKIP","floor":32}],"player_experience":159474,"relics_obtained":[{"floor":1,"key":"Anchor"},{"floor":7,"key":"Potion Belt"},{"floor":8,"key":"ReplayTheSpireMod:Ring of Challenge"},{"floor":8,"key":"ReplayTheSpireMod:Ring of Exchange"},{"floor":9,"key":"Sundial"},{"floor":18,"key":"infinitespire:Lucky Rock"},{"floor":24,"key":"aspiration:SeaSaltIceCream"},{"floor":26,"key":"Golden Egg"},{"floor":28,"key":"Bag of Preparation"},{"floor":30,"key":"Enchiridion"}],"event_choices":[{"damage_healed":0,"gold_gain":0,"player_choice":"Became a Ghost","damage_taken":0,"max_hp_gain":0,"max_hp_loss":33,"event_name":"Ghosts","floor":23,"gold_loss":0,"cards_obtained":["Ghostly","Ghostly","Ghostly","Ghostly","Ghostly"]}],"is_beta":false,"boss_relics":[{"not_picked":["Velvet Choker","Philosopher\u0027s Stone"],"picked":"hubris:TerracottaHorce"}],"items_purged_floors":[],"is_endless":false,"potions_floor_spawned":[9,11,13,14,16,20,26,27,29,31],"killed_by":"IC_MUSHROOM_ARCHETYPE","ascension_level":1}}