{"host":"5icjlaq41ghjcr7h","time":1612592511,"event":{"mods":["AchievementEnabler","BaseMod","Colored Map","Minty Spire (QoL Compilation)","SuperFastMode","everything is the same but u backflip on backflip"],"gold_per_floor":[363,363,386,405,405,445,445,486,559,559,578,619,619,654,654,782,782,801,387,302,302,401,420,464,464,464,464,498,498,498],"floor_reached":29,"language":"KOR","playtime":841,"items_purged":["Defend_R"],"score":316,"play_id":"31ceac5b-8f3e-41c1-9d15-e72423de83ee","local_time":"20210206152151","is_ascension_mode":true,"campfire_choices":[{"data":"Pommel Strike","floor":7.0,"key":"SMITH"},{"floor":10.0,"key":"REST"},{"floor":15,"key":"REST"},{"data":"Perfected Strike","floor":25,"key":"SMITH"},{"floor":27,"key":"REST"}],"circlet_count":0,"master_deck":["Strike_R","Strike_R","Strike_R","Strike_R","Strike_R","Defend_R","Defend_R","Defend_R","Bash","Pommel Strike","Pommel Strike+1","Fiend Fire","Perfected Strike+1","Berserk","Immolate","Fire Breathing","Feel No Pain","Ghostly Armor","Rampage+1"],"relics":["Burning Blood","Golden Idol","Torii","Happy Flower","Pear","MealTicket","Ornamental Fan","Runic Cube","Molten Egg 2","Boot","Bag of Preparation","Anchor","Gremlin Horn"],"acts_visited":["Exordium","TheCity"],"potions_floor_usage":[14,24,28],"damage_taken":[{"damage":4.0,"enemies":"2 Louse","floor":1.0,"turns":4.0},{"damage":14.0,"enemies":"Jaw Worm","floor":3.0,"turns":4.0},{"damage":5.0,"enemies":"Small Slimes","floor":4.0,"turns":4.0},{"damage":20.0,"enemies":"Gremlin Nob","floor":6.0,"turns":4.0},{"damage":35.0,"enemies":"Lagavulin","floor":8.0,"turns":6.0},{"damage":12.0,"enemies":"Exordium Wildlife","floor":11.0,"turns":3.0},{"damage":14.0,"enemies":"Gremlin Nob","floor":12.0,"turns":3.0},{"damage":36,"enemies":"3 Sentries","floor":14,"turns":6},{"damage":14,"enemies":"Slime Boss","floor":16,"turns":7},{"damage":7,"enemies":"Chosen","floor":18,"turns":4},{"damage":40,"enemies":"2 Thieves","floor":23,"turns":3},{"damage":37,"enemies":"Book of Stabbing","floor":24,"turns":3},{"damage":50,"enemies":"Gremlin Leader","floor":28,"turns":4},{"damage":10,"enemies":"Snecko","floor":29,"turns":2}],"seed_played":"3473783841246470105","potions_obtained":[{"floor":3.0,"key":"Weak Potion"},{"floor":8.0,"key":"SteroidPotion"},{"floor":12.0,"key":"Weak Potion"},{"floor":23,"key":"DuplicationPotion"},{"floor":24,"key":"FearPotion"}],"is_trial":false,"path_per_floor":["M","?","M","M","?","E","R","E","T","R","M","E","?","E","R","B",null,"M","$","?","?","?","M","E","R","T","R","E","M"],"character_chosen":"IRONCLAD","items_purchased":["Molten Egg 2","Feel No Pain"],"campfire_rested":3,"item_purchase_floors":[19,19],"current_hp_per_floor":[58,38,30,31,57,43,43,14,24,51,45,37,37,7,34,26,90,89,90,90,90,90,56,25,25,25,52,8,0,0],"gold":498,"neow_bonus":"TWO_FIFTY_GOLD","is_daily":false,"chose_seed":false,"campfire_upgraded":2,"win_rate":0.0,"timestamp":1612592511,"path_taken":["M","?","M","M","?","E","R","E","T","R","M","E","?","E","R","BOSS","M","$","?","?","?","M","E","R","T","R","E","M"],"items_purchased_type":["Relic","Card"],"build_version":"2020-12-22","purchased_purges":1,"victory":false,"max_hp_per_floor":[80,80,80,80,80,80,80,80,90,90,90,90,90,90,90,90,90,90,90,90,90,90,90,90,90,90,90,90,90,90],"card_choices":[{"not_picked":["Havoc","Blood for Blood","Iron Wave"],"picked":"SKIP","floor":1.0},{"not_picked":["Disarm","Flame Barrier"],"picked":"Pommel Strike","floor":3.0},{"not_picked":["Anger","Iron Wave"],"picked":"Pommel Strike","floor":4.0},{"not_picked":["Rampage","Wild Strike","True Grit"],"picked":"SKIP","floor":6.0},{"not_picked":["Dual Wield","Rampage"],"picked":"Fiend Fire","floor":8.0},{"not_picked":["Ghostly Armor","Headbutt","Pommel Strike"],"picked":"SKIP","floor":11.0},{"not_picked":["Body Slam","Warcry"],"picked":"Perfected Strike","floor":12.0},{"not_picked":["Warcry","Power Through"],"picked":"Berserk","floor":14},{"not_picked":["Bludgeon","Juggernaut"],"picked":"Immolate","floor":16},{"not_picked":["Iron Wave+1","Flex"],"picked":"Fire Breathing","floor":18},{"not_picked":["Armaments","Anger+1","Clothesline+1"],"picked":"SKIP","floor":23},{"not_picked":["Havoc+1","Immolate+1"],"picked":"Ghostly Armor","floor":24},{"not_picked":["Warcry","Thunderclap+1"],"picked":"Rampage+1","floor":28}],"player_experience":153377,"relics_obtained":[{"floor":6.0,"key":"Torii"},{"floor":8.0,"key":"Happy Flower"},{"floor":9.0,"key":"Pear"},{"floor":12.0,"key":"MealTicket"},{"floor":14,"key":"Ornamental Fan"},{"floor":24,"key":"Bag of Preparation"},{"floor":26,"key":"Anchor"},{"floor":28,"key":"Gremlin Horn"}],"event_choices":[{"damage_healed":0.0,"max_hp_gain":0.0,"max_hp_loss":0.0,"gold_gain":0.0,"event_name":"Golden Idol","player_choice":"Take Damage","floor":2.0,"gold_loss":0.0,"damage_taken":20.0,"relics_obtained":["Golden Idol"]},{"damage_healed":26.0,"max_hp_gain":0.0,"max_hp_loss":0.0,"gold_gain":0.0,"event_name":"Big Fish","player_choice":"Banana","floor":5.0,"gold_loss":0.0,"damage_taken":0.0},{"damage_healed":0,"gold_gain":0,"player_choice":"Fled","damage_taken":0,"max_hp_gain":0,"max_hp_loss":0,"event_name":"Scrap Ooze","floor":13,"gold_loss":0},{"damage_healed":0,"gold_gain":0,"player_choice":"Obtained Relic","damage_taken":0,"relics_obtained":["Boot"],"max_hp_gain":0,"max_hp_loss":0,"event_name":"Addict","floor":20,"gold_loss":85},{"damage_healed":0,"gold_gain":0,"player_choice":"Ignored","damage_taken":0,"max_hp_gain":0,"max_hp_loss":0,"event_name":"Vampires","floor":21,"gold_loss":0},{"damage_healed":0,"gold_gain":99,"player_choice":"Stole From Cult","damage_taken":0,"max_hp_gain":0,"max_hp_loss":0,"event_name":"Nest","floor":22,"gold_loss":0}],"is_beta":false,"boss_relics":[{"not_picked":["Astrolabe","Tiny House"],"picked":"Runic Cube"}],"items_purged_floors":[19],"is_endless":false,"potions_floor_spawned":[3,8,12,23,24],"killed_by":"Snecko","ascension_level":2}}