{"host":"mj8akmyfd5lo602f","time":1612632258,"event":{"mods":["2.2 Compatiblity","Act Like it!","BaseMod","Bestiary","BshForSts","Colored Map","Colored Powertips","Downfall","Highlight Path","Minty Spire (QoL Compilation)","Permanent Neow","Relic Stats","StSLib"],"gold_per_floor":[99,111,130,141,141,171,171,38,55,55,80,80,108,108,127,224,224,24,37,37,57,57,76,76,61,73,73,84,84,110,365,384,489,539,539,556,568,582,429,477,477,477,377,408,434,458,470,501,526,538,550,595,41,41,41,41,41,41],"floor_reached":56,"language":"ENG","playtime":4744,"items_purged":["Slimebound:Tackle"],"score":846,"play_id":"ba850a13-046d-43a4-9352-de86e6d7b4f9","local_time":"20210206172418","is_ascension_mode":false,"campfire_choices":[{"floor":1.0,"key":"RECALL"},{"data":"Slimebound:GoopSpray","floor":10.0,"key":"SMITH"},{"data":"Slimebound:LivingWall","floor":12.0,"key":"SMITH"},{"data":"Slimebound:AcidTongue","floor":18.0,"key":"SMITH"},{"data":"Slimebound:OozeBath","floor":29.0,"key":"SMITH"},{"data":"Slimebound:CorrosiveSpit","floor":35,"key":"SMITH"},{"data":"Slimebound:Prepare","floor":43,"key":"SMITH"},{"data":"Slimebound:Prepare","floor":47,"key":"SMITH"},{"floor":54,"key":"REST"}],"circlet_count":0,"master_deck":["Slimebound:Strike_Slimebound+1","Slimebound:Strike_Slimebound+1","Slimebound:Strike_Slimebound","Slimebound:Defend_Slimebound","Slimebound:Defend_Slimebound","Slimebound:Defend_Slimebound","Slimebound:Defend_Slimebound+1","Slimebound:Split+1","Slimebound:CorrosiveSpit+1","Slimebound:GoopSpray+1","Slimebound:LivingWall+1","Slimebound:AcidTongue+1","Slimebound:ItLooksTasty+1","Slimebound:GrowthPunch+1","Slimebound:RallyTheTroops+1","Slimebound:Prepare+1","Slimebound:Prepare+1","Slimebound:SlimeBarrage+1","Slimebound:Nibble+1","Slimebound:PressTheAttack+1","Slimebound:OozeBath+1","Slimebound:SlimeBarrage+1","Slimebound:Prepare+1","Slimebound:RallyTheTroops+1","Slimebound:SamplingLick+1","Slimebound:SlimeSpikes+1","Slimebound:GrowthPunch+1","Slimebound:Recollect+1","Slimebound:SlimeSpikes","Slimebound:SpikyOuterGoop","expansioncontent:LastStand"],"relics":["Slimebound:AbsorbEndCombat","Molten Egg 2","PreservedInsect","Letter Opener","Oddly Smooth Stone","Incense Burner","sneckomod:SneckoTalon","downfall:HeartBlessingRed","downfall:HeartBlessingGreen","Slimebound:PotencyRelic","Orichalcum","Tiny House","Slimebound:AggressiveSlimeRelic","downfall:HeartBlessingBlue","MawBank","Bottled Flame","ClockworkSouvenir","Whetstone"],"acts_visited":["Exordium","TheCity","TheBeyond","TheEnding"],"potions_floor_usage":[45,50,52,56,56],"damage_taken":[{"damage":0.0,"enemies":"Cultist","floor":2.0,"turns":3.0},{"damage":0.0,"enemies":"Small Slimes","floor":3.0,"turns":3.0},{"damage":0.0,"enemies":"Jaw Worm","floor":4.0,"turns":4.0},{"damage":21.0,"enemies":"3 Sentries","floor":6.0,"turns":10.0},{"damage":5.0,"enemies":"downfall:FleeingMerchant","floor":8.0,"turns":4.0},{"damage":3.0,"enemies":"2 Fungi Beasts","floor":9.0,"turns":4.0},{"damage":12.0,"enemies":"Gremlin Nob","floor":11.0,"turns":4.0},{"damage":0.0,"enemies":"3 Sentries","floor":13.0,"turns":4.0},{"damage":5.0,"enemies":"Lots of Slimes","floor":15.0,"turns":3.0},{"damage":3.0,"enemies":"SI_SHIV_ARCHETYPE","floor":16.0,"turns":13.0},{"damage":0.0,"enemies":"Shell Parasite","floor":19.0,"turns":4.0},{"damage":0.0,"enemies":"Chosen","floor":20.0,"turns":1.0},{"damage":0.0,"enemies":"Centurion and Healer","floor":21.0,"turns":6.0},{"damage":1.0,"enemies":"Shelled Parasite and Fungi","floor":23.0,"turns":4.0},{"damage":3.0,"enemies":"downfall:FleeingMerchant","floor":25.0,"turns":4.0},{"damage":0.0,"enemies":"Snake Plant","floor":26.0,"turns":2.0},{"damage":15.0,"enemies":"Snecko","floor":28.0,"turns":4.0},{"damage":0.0,"enemies":"Slavers","floor":30.0,"turns":4.0},{"damage":11.0,"enemies":"downfall:FleeingMerchant","floor":31.0,"turns":4.0},{"damage":20.0,"enemies":"Shelled Parasite and Fungi","floor":32.0,"turns":4.0},{"damage":0.0,"enemies":"IC_MUSHROOM_ARCHETYPE","floor":33.0,"turns":5.0},{"damage":9,"enemies":"3 Shapes","floor":36,"turns":4},{"damage":0,"enemies":"Orb Walker","floor":37,"turns":2},{"damage":14,"enemies":"4 Shapes","floor":38,"turns":3},{"damage":18,"enemies":"2 Orb Walkers","floor":40,"turns":4},{"damage":29,"enemies":"Giant Head","floor":44,"turns":7},{"damage":5,"enemies":"Spire Growth","floor":45,"turns":3},{"damage":3,"enemies":"Jaw Worm Horde","floor":46,"turns":4},{"damage":18,"enemies":"Transient","floor":48,"turns":5},{"damage":0,"enemies":"3 Darklings","floor":49,"turns":3},{"damage":25,"enemies":"WA_ARCHETYPE_DIVINITY","floor":50,"turns":11},{"damage":103,"enemies":"downfall:CharBossMerchant","floor":52,"turns":11},{"damage":50,"enemies":"downfall:NeowBoss","floor":55,"turns":25},{"damage":20,"enemies":"downfall:NeowBossFinal","floor":56,"turns":5}],"seed_played":"-6873143715171358312","potions_obtained":[{"floor":2.0,"key":"Swift Potion"},{"floor":6.0,"key":"SpeedPotion"},{"floor":11.0,"key":"Block Potion"},{"floor":15.0,"key":"SkillPotion"},{"floor":28.0,"key":"Strength Potion"},{"floor":30.0,"key":"Slimebound:SlimedPotion"},{"floor":32.0,"key":"Energy Potion"},{"floor":33.0,"key":"Regen Potion"},{"floor":34,"key":"FairyPotion"},{"floor":49,"key":"Energy Potion"}],"is_trial":false,"path_per_floor":["R","M","M","M","?","E","T","$","M","R","E","R","E","?","M","B",null,"R","M","M","M","?","M","T","$","M","?","M","R","E","$","M","B",null,"R","M","M","M","$","?","T","?","R","E","M","M","R","M","M","B",null,"E","$","R","B","B"],"character_chosen":"SLIMEBOUND","items_purchased":["Slimebound:RallyTheTroops+1","Slimebound:Prepare","Slimebound:AggressiveSlimeRelic","Slimebound:SpikyOuterGoop","expansioncontent:LastStand","ClockworkSouvenir","Whetstone","Energy Potion","ColorlessPotion"],"campfire_rested":1,"item_purchase_floors":[8,8,39,53,53,53,53,53,53],"current_hp_per_floor":[65,65,65,65,47,30,30,33,38,38,32,32,36,36,33,38,65,65,65,65,65,65,65,65,62,65,65,52,52,58,55,43,51,70,70,64,70,62,62,50,50,50,60,39,49,52,52,42,48,31,80,24,24,48,6,0,0,0],"gold":41,"neow_bonus":"UPGRADE_CARD","is_daily":false,"chose_seed":false,"campfire_upgraded":7,"win_rate":0.0,"timestamp":1612632258,"path_taken":["R","M","M","?","?","E","T","$","M","R","E","R","E","?","M","BOSS","R","M","M","M","?","M","T","$","?","?","M","R","E","$","M","BOSS","R","M","M","?","$","?","T","?","R","E","?","M","R","M","M","BOSS","E","$","R","BOSS","BOSS"],"items_purchased_type":["Card","Card","Relic","Card","Card","Relic","Relic","Potion","Potion"],"build_version":"2020-12-22","purchased_purges":1,"victory":false,"max_hp_per_floor":[65,65,65,65,65,65,65,65,65,65,65,65,65,65,65,65,65,65,65,65,65,65,65,65,65,65,65,65,65,65,65,65,65,70,70,70,70,70,70,70,70,70,80,80,80,80,80,80,80,80,80,80,80,80,80,80,80,80],"relic_stats":{"counters":[34,177],"PreservedInsect":417,"Letter Opener":[261],"Whetstone":["Slimebound:Strike_Slimebound","Slimebound:Strike_Slimebound"],"Orichalcum":[18],"MawBank":108,"obtain_stats":[{"Slimebound:AggressiveSlimeRelic":39,"Tiny House":34,"downfall:HeartBlessingRed":18,"Oddly Smooth Stone":11,"downfall:HeartBlessingGreen":18,"PreservedInsect":6,"Incense Burner":13,"Letter Opener":7,"Whetstone":53,"Orichalcum":30,"sneckomod:SneckoTalon":17,"MawBank":44,"Slimebound:PotencyRelic":24,"ClockworkSouvenir":53,"Bottled Flame":52,"downfall:BrokenWingStatue":14,"downfall:HeartBlessingBlue":43,"Molten Egg 2":5,"Slimebound:AbsorbEndCombat":0},{"Slimebound:AggressiveSlimeRelic":24,"Tiny House":21,"downfall:HeartBlessingRed":10,"Oddly Smooth Stone":7,"downfall:HeartBlessingGreen":10,"PreservedInsect":4,"Incense Burner":8,"Letter Opener":4,"Whetstone":32,"Orichalcum":18,"sneckomod:SneckoTalon":10,"MawBank":26,"Slimebound:PotencyRelic":14,"ClockworkSouvenir":32,"Bottled Flame":32,"downfall:BrokenWingStatue":8,"downfall:HeartBlessingBlue":25,"Molten Egg 2":3,"Slimebound:AbsorbEndCombat":0},{"Slimebound:AggressiveSlimeRelic":100,"Tiny House":91,"downfall:HeartBlessingRed":51,"Oddly Smooth Stone":32,"downfall:HeartBlessingGreen":51,"PreservedInsect":20,"Incense Burner":36,"Letter Opener":20,"Whetstone":147,"Orichalcum":79,"sneckomod:SneckoTalon":51,"MawBank":111,"Slimebound:PotencyRelic":66,"ClockworkSouvenir":147,"Bottled Flame":147,"downfall:BrokenWingStatue":36,"downfall:HeartBlessingBlue":104,"Molten Egg 2":10,"Slimebound:AbsorbEndCombat":0}]},"card_choices":[{"not_picked":["Slimebound:MegaLick","Slimebound:FinishingTackle"],"picked":"Slimebound:GoopSpray","floor":2.0},{"not_picked":["Slimebound:HauntingLick","Slimebound:SlimeSpikes"],"picked":"Slimebound:LivingWall","floor":3.0},{"not_picked":["Slimebound:GoopTackle","Slimebound:SpikyOuterGoop"],"picked":"Slimebound:AcidTongue","floor":4.0},{"not_picked":["Slimebound:SamplingLick","Slimebound:SplitAcid"],"picked":"Slimebound:ItLooksTasty+1","floor":6.0},{"not_picked":["Slimebound:FlameTackle+1","Slimebound:ItLooksTasty+1"],"picked":"Slimebound:GrowthPunch+1","floor":8.0},{"not_picked":["Slimebound:SplitMire","Slimebound:Chomp+1","Slimebound:SamplingLick"],"picked":"SKIP","floor":9.0},{"not_picked":["Slimebound:RallyTheTroops+1","Slimebound:FirmFortitude"],"picked":"Slimebound:Prepare","floor":11.0},{"not_picked":["Slimebound:SlimeSpikes","Slimebound:Grow","Slimebound:ComboTackle+1"],"picked":"SKIP","floor":13.0},{"not_picked":["Slimebound:SplitAcid","Slimebound:SamplingLick","Slimebound:ItLooksTasty+1"],"picked":"SKIP","floor":15.0},{"not_picked":["Slimebound:SlimeSpikes+1","Slimebound:Repurpose","Slimebound:Schlurp+1"],"picked":"SKIP","floor":19.0},{"not_picked":["Slimebound:SplitMire","Slimebound:SplitLeeching"],"picked":"Slimebound:SlimeBarrage+1","floor":20.0},{"not_picked":["Slimebound:SplitMire+1","Slimebound:SplitLeeching+1","Slimebound:HauntingLick"],"picked":"SKIP","floor":21.0},{"not_picked":["Slimebound:Replication+1","Slimebound:LeechEnergy+1"],"picked":"Slimebound:Nibble+1","floor":23.0},{"not_picked":["Slimebound:SplitAcid+1","Slimebound:SplitBruiser"],"picked":"Slimebound:PressTheAttack+1","floor":25.0},{"not_picked":["Slimebound:TongueLash+1","Slimebound:SplitLeeching+1","Slimebound:GoopSpray"],"picked":"SKIP","floor":26.0},{"not_picked":["Slimebound:Schlurp","Slimebound:ItLooksTasty+1"],"picked":"Slimebound:OozeBath","floor":28.0},{"not_picked":["Slimebound:ComboTackle+1","Slimebound:HungryTackle+1"],"picked":"Slimebound:SlimeBarrage+1","floor":30.0},{"not_picked":["Slimebound:Gluttony","Slimebound:SplitAcid"],"picked":"Slimebound:Prepare+1","floor":31.0},{"not_picked":["Slimebound:RollThrough+1","Slimebound:TongueLash+1","Slimebound:HungryTackle+1"],"picked":"SKIP","floor":32.0},{"not_picked":["Slimebound:MassRepurpose","Slimebound:Recycling"],"picked":"Slimebound:RallyTheTroops+1","floor":33.0},{"not_picked":["Slimebound:Prepare","Slimebound:Grow"],"picked":"Slimebound:SamplingLick+1","floor":34},{"not_picked":["Slimebound:Prepare+1","Slimebound:LeechEnergy+1"],"picked":"Slimebound:SlimeSpikes","floor":36},{"not_picked":["Slimebound:SplitLeeching+1","Slimebound:Overexert","Slimebound:ComboTackle+1"],"picked":"SKIP","floor":37},{"not_picked":["Slimebound:Chomp+1","Slimebound:GoopTackle+1","Slimebound:LeechingTouch+1"],"picked":"SKIP","floor":38},{"not_picked":["Slimebound:LeechEnergy+1","Slimebound:SplitBruiser"],"picked":"Slimebound:GrowthPunch+1","floor":44},{"not_picked":["Slimebound:Overexert","Slimebound:HungryTackle+1","Slimebound:PressTheAttack+1"],"picked":"SKIP","floor":45},{"not_picked":["Slimebound:HauntingLick","Slimebound:SplitBruiser+1","Slimebound:Equalize+1"],"picked":"SKIP","floor":46},{"not_picked":["Slimebound:ProtectTheBoss+1","Slimebound:ItLooksTasty+1"],"picked":"Slimebound:Recollect+1","floor":48},{"not_picked":["Slimebound:PressTheAttack+1","Slimebound:PrepareCrush"],"picked":"Slimebound:SlimeSpikes","floor":49},{"not_picked":["Slimebound:SlimeTap+1","Slimebound:ComboTackle+1","Slimebound:AcidTongue+1"],"picked":"SKIP","floor":52}],"player_experience":471418,"relics_obtained":[{"floor":6.0,"key":"PreservedInsect"},{"floor":7.0,"key":"Letter Opener"},{"floor":11.0,"key":"Oddly Smooth Stone"},{"floor":13.0,"key":"Incense Burner"},{"floor":24.0,"key":"Slimebound:PotencyRelic"},{"floor":30.0,"key":"Orichalcum"},{"floor":44,"key":"MawBank"},{"floor":52,"key":"Bottled Flame"}],"event_choices":[{"damage_healed":0.0,"max_hp_gain":0.0,"max_hp_loss":0.0,"gold_gain":0.0,"event_name":"Scrap Ooze","player_choice":"Success","floor":5.0,"gold_loss":0.0,"damage_taken":18.0,"relics_obtained":["Molten Egg 2"]},{"damage_healed":0,"gold_gain":0,"player_choice":"Fight","damage_taken":0,"max_hp_gain":0,"max_hp_loss":0,"event_name":"Mysterious Sphere","floor":40,"gold_loss":0}],"is_beta":false,"boss_relics":[{"not_picked":["Slimebound:TarBlob","Coffee Dripper"],"picked":"sneckomod:SneckoTalon"},{"not_picked":["Slimebound:AbsorbEndCombatUpgraded","SacredBark"],"picked":"Tiny House"}],"items_purged_floors":[31],"is_endless":false,"potions_floor_spawned":[2,6,9,11,15,23,28,30,32,33,37,44,45,49],"killed_by":"downfall:NeowBossFinal","ascension_level":0}}