{"host":"lly094a91h6n5nv5","time":1612651812,"event":{"mods":["AchievementEnabler","BaseMod","Block Reminder","Colored Map","Minty Spire (QoL Compilation)"],"gold_per_floor":[110,128,144,144,144,144,155,155,155,167,167,178,178,212,212,309,309,323,341,46,56,71,96,110,110,110,121,155,155,155,183,183,281,281,301,301,315,333,346,346,371,371,371,390,405,420,170,205,205,205],"floor_reached":51,"language":"ENG","playtime":3356,"items_purged":["Strike_G","Strike_G"],"score":1229,"play_id":"77297104-077b-46a4-97ad-68b257ab1157","local_time":"20210206165012","is_ascension_mode":true,"campfire_choices":[{"data":"Deadly Poison","floor":6,"key":"SMITH"},{"data":"Deadly Poison","floor":8,"key":"SMITH"},{"data":"Neutralize","floor":11,"key":"SMITH"},{"data":"Escape Plan","floor":13,"key":"SMITH"},{"data":"Backflip","floor":15,"key":"SMITH"},{"data":"Footwork","floor":25,"key":"SMITH"},{"data":"Noxious Fumes","floor":32,"key":"SMITH"},{"data":"Survivor","floor":40,"key":"SMITH"},{"floor":42,"key":"REST"},{"data":"Defend_G","floor":49,"key":"SMITH"}],"circlet_count":0,"master_deck":["Strike_G","Strike_G","Defend_G","Defend_G","Defend_G","Defend_G","Defend_G+1","Survivor+1","Neutralize+1","Escape Plan+1","Backflip+1","Deadly Poison+1","Deadly Poison+1","Deadly Poison+1","Escape Plan+1","Deadly Poison+1","Backflip+1","Doppelganger+1","PiercingWail+1","Leg Sweep+1","Noxious Fumes+1","Footwork+1","Catalyst+1","Calculated Gamble+1","Backflip+1","Malaise+1","Deadly Poison+1","Dodge and Roll+1","Leg Sweep+1","PiercingWail+1"],"relics":["Ring of the Snake","Gambling Chip","Toxic Egg 2","Shuriken","Anchor","SlaversCollar","Art of War","StrikeDummy","Bottled Lightning","Regal Pillow","Ancient Tea Set","Philosopher\u0027s Stone","Pen Nib","White Beast Statue","Chemical X","Pantograph"],"acts_visited":["Exordium","TheCity","TheBeyond"],"potions_floor_usage":[23,23,30,33,41,41,50,50,50,50,50,50],"damage_taken":[{"damage":0,"enemies":"2 Louse","floor":1,"turns":3},{"damage":7,"enemies":"Jaw Worm","floor":2,"turns":6},{"damage":1,"enemies":"Cultist","floor":3,"turns":5},{"damage":0,"enemies":"Red Slaver","floor":7,"turns":4},{"damage":1,"enemies":"Exordium Wildlife","floor":10,"turns":4},{"damage":4,"enemies":"2 Fungi Beasts","floor":12,"turns":3},{"damage":14,"enemies":"3 Sentries","floor":14,"turns":8},{"damage":2,"enemies":"The Guardian","floor":16,"turns":7},{"damage":0,"enemies":"3 Byrds","floor":18,"turns":4},{"damage":0,"enemies":"Chosen","floor":19,"turns":4},{"damage":0,"enemies":"Snake Plant","floor":21,"turns":3},{"damage":2,"enemies":"Chosen and Byrds","floor":22,"turns":6},{"damage":0,"enemies":"Gremlin Leader","floor":23,"turns":5},{"damage":0,"enemies":"3 Cultists","floor":24,"turns":7},{"damage":0,"enemies":"Centurion and Healer","floor":27,"turns":7},{"damage":1,"enemies":"Slavers","floor":28,"turns":6},{"damage":0,"enemies":"Book of Stabbing","floor":31,"turns":4},{"damage":6,"enemies":"Champ","floor":33,"turns":7},{"damage":8,"enemies":"Orb Walker","floor":35,"turns":4},{"damage":4,"enemies":"3 Shapes","floor":37,"turns":5},{"damage":9,"enemies":"Spire Growth","floor":38,"turns":4},{"damage":2,"enemies":"Sphere and 2 Shapes","floor":39,"turns":6},{"damage":3,"enemies":"Reptomancer","floor":41,"turns":3},{"damage":0,"enemies":"Writhing Mass","floor":44,"turns":4},{"damage":0,"enemies":"Spire Growth","floor":45,"turns":5},{"damage":0,"enemies":"Sphere and 2 Shapes","floor":46,"turns":5},{"damage":0,"enemies":"Giant Head","floor":48,"turns":5},{"damage":0,"enemies":"Donu and Deca","floor":50,"turns":9}],"seed_played":"-2405482083552591041","potions_obtained":[{"floor":10,"key":"GhostInAJar"},{"floor":12,"key":"ColorlessPotion"},{"floor":14,"key":"Energy Potion"},{"floor":16,"key":"PowerPotion"},{"floor":24,"key":"Fire Potion"},{"floor":27,"key":"Fruit Juice"},{"floor":30,"key":"DistilledChaos"},{"floor":30,"key":"DistilledChaos"},{"floor":35,"key":"ColorlessPotion"},{"floor":37,"key":"EntropicBrew"},{"floor":41,"key":"ColorlessPotion"},{"floor":44,"key":"AttackPotion"},{"floor":46,"key":"GhostInAJar"}],"is_trial":false,"path_per_floor":["M","M","M","?","T","R","M","R","T","M","R","M","R","E","R","B",null,"M","M","$","M","M","E","M","R","T","M","E","?","?","E","R","B",null,"M","?","M","M","M","R","E","R","T","M","M","M","$","E","R","B",null],"character_chosen":"THE_SILENT","items_purchased":["Art of War","Noxious Fumes","Chemical X"],"campfire_rested":1,"item_purchase_floors":[20,20,47],"current_hp_per_floor":[63,56,55,48,48,48,48,48,48,47,47,43,43,29,29,27,59,59,59,59,59,57,57,57,57,57,57,56,56,61,61,61,55,70,62,62,58,49,47,47,44,75,75,75,75,75,75,75,75,75],"gold":205,"neow_bonus":"THREE_CARDS","is_daily":false,"chose_seed":false,"campfire_upgraded":9,"win_rate":0.0,"timestamp":1612651812,"path_taken":["M","M","M","?","?","R","M","R","T","M","R","M","R","E","R","BOSS","M","M","$","M","M","E","M","R","T","M","E","?","?","E","R","BOSS","M","?","?","M","M","R","E","R","T","M","M","M","$","E","R","BOSS"],"items_purchased_type":["Relic","Card","Relic"],"build_version":"2020-12-22","purchased_purges":2,"victory":true,"max_hp_per_floor":[70,70,70,70,70,70,70,70,70,70,70,70,70,70,70,70,70,70,70,70,70,70,70,70,70,70,70,70,70,75,75,75,75,75,75,75,75,75,75,75,75,75,75,75,75,75,75,75,75,75],"card_choices":[{"not_picked":["Slice","Reflex"],"picked":"Escape Plan","floor":0},{"not_picked":["Dagger Throw","Dodge and Roll"],"picked":"Backflip","floor":1},{"not_picked":["Deflect","Skewer"],"picked":"Deadly Poison","floor":2},{"not_picked":["Eviscerate","Underhanded Strike"],"picked":"Deadly Poison","floor":3},{"not_picked":["Underhanded Strike","Bane"],"picked":"Deadly Poison+1","floor":7},{"not_picked":["Venomology+1","Dodge and Roll+1"],"picked":"Escape Plan+1","floor":10},{"not_picked":["Heel Hook","Underhanded Strike"],"picked":"Deadly Poison+1","floor":12},{"not_picked":["Accuracy","Bane"],"picked":"Backflip+1","floor":14},{"not_picked":["After Image","A Thousand Cuts"],"picked":"Doppelganger+1","floor":16},{"not_picked":["Acrobatics+1","Dash"],"picked":"PiercingWail+1","floor":18},{"not_picked":["Deflect+1","All Out Attack"],"picked":"Leg Sweep+1","floor":19},{"not_picked":["Underhanded Strike","Dagger Spray"],"picked":"Footwork","floor":21},{"not_picked":["Outmaneuver+1","Caltrops","Blade Dance+1"],"picked":"SKIP","floor":22},{"not_picked":["Expertise+1","Cloak And Dagger+1","Prepared+1"],"picked":"SKIP","floor":23},{"not_picked":["Heel Hook","Blade Dance+1","Outmaneuver+1"],"picked":"SKIP","floor":24},{"not_picked":["Blur+1","Finisher+1"],"picked":"Catalyst+1","floor":27},{"not_picked":["Quick Slash","Grand Finale"],"picked":"Calculated Gamble+1","floor":28},{"not_picked":["Deflect+1","Dagger Throw"],"picked":"Backflip+1","floor":31},{"not_picked":["A Thousand Cuts","Phantasmal Killer+1"],"picked":"Malaise+1","floor":33},{"not_picked":["Endless Agony","Blade Dance+1","Reflex+1"],"picked":"SKIP","floor":35},{"not_picked":["Blade Dance+1","Slice+1","Eviscerate"],"picked":"SKIP","floor":37},{"not_picked":["Phantasmal Killer+1","Cloak And Dagger+1","Outmaneuver+1"],"picked":"SKIP","floor":38},{"not_picked":["Underhanded Strike","Tactician+1"],"picked":"Deadly Poison+1","floor":39},{"not_picked":["Finisher+1","Infinite Blades+1"],"picked":"Dodge and Roll+1","floor":41},{"not_picked":["Acrobatics+1","Outmaneuver+1","PiercingWail+1"],"picked":"SKIP","floor":44},{"not_picked":["Acrobatics+1","Outmaneuver+1","PiercingWail+1"],"picked":"SKIP","floor":44},{"not_picked":["Acrobatics+1","Prepared+1"],"picked":"Leg Sweep+1","floor":45},{"not_picked":["Slice+1","Backflip+1","Quick Slash"],"picked":"SKIP","floor":46},{"not_picked":["Infinite Blades","Deflect+1"],"picked":"PiercingWail+1","floor":48}],"player_experience":170624,"relics_obtained":[{"floor":5,"key":"Toxic Egg 2"},{"floor":9,"key":"Shuriken"},{"floor":14,"key":"Anchor"},{"floor":23,"key":"StrikeDummy"},{"floor":26,"key":"Bottled Lightning"},{"floor":28,"key":"Regal Pillow"},{"floor":31,"key":"Ancient Tea Set"},{"floor":41,"key":"Pen Nib"},{"floor":43,"key":"White Beast Statue"},{"floor":48,"key":"Pantograph"}],"event_choices":[{"damage_healed":0,"gold_gain":0,"player_choice":"Success","damage_taken":7,"relics_obtained":["Gambling Chip"],"max_hp_gain":0,"max_hp_loss":0,"event_name":"Scrap Ooze","floor":4,"gold_loss":0},{"damage_healed":0,"gold_gain":0,"player_choice":"Ignored","damage_taken":0,"max_hp_gain":0,"max_hp_loss":0,"event_name":"The Mausoleum","floor":29,"gold_loss":0},{"damage_healed":0,"gold_gain":0,"player_choice":"Got Potions","damage_taken":0,"max_hp_gain":0,"max_hp_loss":0,"event_name":"Lab","floor":30,"gold_loss":0},{"cards_removed":["Strike_G"],"damage_healed":0,"gold_gain":0,"player_choice":"Offered Basic","damage_taken":0,"max_hp_gain":0,"max_hp_loss":0,"event_name":"Bonfire Elementals","floor":36,"gold_loss":0}],"is_beta":false,"boss_relics":[{"not_picked":["Black Star","HoveringKite"],"picked":"SlaversCollar"},{"not_picked":["Runic Dome","Sozu"],"picked":"Philosopher\u0027s Stone"}],"items_purged_floors":[20,47],"is_endless":false,"potions_floor_spawned":[10,12,14,16,19,24,27,31,35,37,41,44,45,46,48],"ascension_level":7}}