{"host":"d73an99q9oevilk5","time":1612576986,"event":{"mods":["2.2 Compatiblity","AchievementEnabler","Act Like it!","Aspiration","BaseMod","Beaked The Cultist","Better Third Choice","BetterRewards","Colored Map","Colored Powertips","Conspire","Downfall","GifTheSpireLib","Halation","Hubris","Infinite Spire","Marisa????????","Mimic Mod","Minty Spire (QoL Compilation)","Quick Restart","Relic Sorter","Reliquary","Replay The Spire","Shop Mod","Spikes Relics","StSLib","Stuff the Spire","The Cursed","The Necromancer","The Saiyan","Waifu the Spire","egg","slay the spire mod where everything is the same but ironclad has a cowboy hat"],"gold_per_floor":[99,119,129,139,139,139,139,174,192,217,117,129,69,83,103,203,203,203,222,222,234,234,117,195,211,243,263,314,341,353,353,367,466,466,466,478,494,508,524,535,561,561,577,577,577,577,577,577,596,596],"floor_reached":51,"language":"ENG","playtime":1632,"items_purged":[],"score":805,"play_id":"4f5ad796-57fd-4fdf-8843-0e29f9b6b066","local_time":"20210205190306","is_ascension_mode":false,"campfire_choices":[{"data":"ReplayTheSpireMod:Restless Dread","floor":1.0,"key":"PURGE"},{"data":"Neutralize","floor":6.0,"key":"SMITH"},{"floor":11,"key":"REST"},{"data":"infinitespire:Neurotoxin","floor":11,"key":"SMITH"},{"data":"Footwork","floor":35,"key":"SMITH"},{"data":"Blade Dance","floor":42,"key":"SMITH"},{"data":"conspire:PoisonWeapons","floor":45,"key":"SMITH"}],"circlet_count":0,"master_deck":["Strike_G","Strike_G","Strike_G","Strike_G+1","Strike_G","Defend_G","Defend_G","Defend_G","Defend_G","Defend_G","Survivor","Neutralize+1","Sucker Punch","PiercingWail","Sucker Punch","infinitespire:Neurotoxin+1","StuffTheSpire:Injection+1","Cloak And Dagger","Blur","Hidden Blade","Blade Dance+1","infinitespire:Neurotoxin","conspire:PoisonWeapons+1","infinitespire:Neurotoxin","ReplayTheSpireMod:Tripwire","Blade Dance","StuffTheSpire:Harmony+1","Dodge and Roll","Malaise","ReplayTheSpireMod:Splinters","StuffTheSpire:Sprint","Footwork+1","Backstab+1","StuffTheSpire:Sprint+1","Deadly Poison","Replay:Bag of Tricks","Sucker Punch+1","hubris:SlightOfHand+1","Blade Dance","Prepared+1","StuffTheSpire:MirrorStance","Infinite Blades"],"relics":["Ring of the Snake","Basket Of Snakes","Onion Ring","Replay:Rubber Ducky","infinitespire:Magic Flask","downfall:HeartBlessingGreen","ChewingGum","infinitespire:WardingShard","StuffTheSpire:Gunfinga","aspiration:VileToxins","Nloth\u0027s Gift","Painkiller Herb","hubris:AncientText","Darkstone Periapt"],"acts_visited":["TheCity","TheBeyond"],"potions_floor_usage":[10,10,16,16,26,26,29,36,49,50],"damage_taken":[{"damage":0.0,"enemies":"Jaw Worm","floor":2.0,"turns":3.0},{"damage":2.0,"enemies":"Cultist","floor":3.0,"turns":5.0},{"damage":0.0,"enemies":"2 Louse","floor":4.0,"turns":3.0},{"damage":28.0,"enemies":"Lagavulin","floor":8.0,"turns":7.0},{"damage":1,"enemies":"Blue Slaver","floor":9,"turns":6},{"damage":9,"enemies":"Gremlin Nob","floor":10,"turns":3},{"damage":2,"enemies":"2 Fungi Beasts","floor":12,"turns":2},{"damage":0,"enemies":"downfall:FleeingMerchant","floor":13,"turns":4},{"damage":0,"enemies":"3 Louse","floor":14,"turns":2},{"damage":0,"enemies":"Exordium Wildlife","floor":15,"turns":3},{"damage":0,"enemies":"WA_ARCHETYPE_RETAIN","floor":16,"turns":4},{"damage":3,"enemies":"Spheric Guardian","floor":19,"turns":5},{"damage":0,"enemies":"3 Byrds","floor":21,"turns":5},{"damage":0,"enemies":"Centurion and Healer","floor":25,"turns":4},{"damage":25,"enemies":"Slavers","floor":26,"turns":5},{"damage":12,"enemies":"Shelled Parasite and Fungi","floor":27,"turns":4},{"damage":15,"enemies":"Gremlin Leader","floor":29,"turns":5},{"damage":3,"enemies":"Sentry and Sphere","floor":30,"turns":3},{"damage":0,"enemies":"Chosen and Byrds","floor":32,"turns":4},{"damage":21,"enemies":"SI_MIRROR_ARCHETYPE","floor":33,"turns":7},{"damage":8,"enemies":"3 Darklings","floor":36,"turns":4},{"damage":0,"enemies":"3 Shapes","floor":37,"turns":3},{"damage":8,"enemies":"3 Darklings","floor":38,"turns":2},{"damage":0,"enemies":"Writhing Mass","floor":39,"turns":3},{"damage":0,"enemies":"Jaw Worm Horde","floor":40,"turns":3},{"damage":0,"enemies":"4 Shapes","floor":43,"turns":2},{"damage":17,"enemies":"Writhing Mass","floor":49,"turns":4},{"damage":24,"enemies":"IC_BLOCK_ARCHETYPE","floor":50,"turns":4}],"seed_played":"-5401729844417398945","potions_obtained":[{"floor":3.0,"key":"ColorlessPotion"},{"floor":5.0,"key":"LiquidBronze"},{"floor":5.0,"key":"AttackPotion"},{"floor":8.0,"key":"Slimebound:ThreeZeroPotion"},{"floor":9,"key":"Cursed Concoction"},{"floor":14,"key":"ColorlessPotion"},{"floor":18,"key":"Regen Potion"},{"floor":18,"key":"PowerPotion"},{"floor":25,"key":"AttackPotion"},{"floor":27,"key":"FearPotion"},{"floor":28,"key":"DuplicationPotion"},{"floor":30,"key":"FearPotion"},{"floor":32,"key":"LiquidMemories"},{"floor":38,"key":"Adrenaline Potion"}],"is_trial":false,"path_per_floor":["R_BF","M","M","M","?","R","T","E","M","E","R","M","$","M","M","B",null,"R_BF","M","?","M","?","?","T","M","E","M","?","E","M","?","M","B",null,"T","?","?","?","?","?","T","T","?","?","T","?","?","AVR","?","B",null],"character_chosen":"THE_SILENT","items_purchased":["Blade Dance"],"campfire_rested":1,"item_purchase_floors":[13],"current_hp_per_floor":[70,70,68,68,68,68,68,40,39,30,51,49,49,49,49,49,70,70,67,67,67,67,67,67,70,51,49,49,69,70,70,70,59,70,70,70,70,67,70,70,70,70,70,70,70,70,70,70,67,59],"gold":596,"neow_bonus":"ONE_RARE_RELIC","is_daily":false,"chose_seed":false,"campfire_upgraded":5,"win_rate":0.0,"timestamp":1612576986,"path_taken":["R_BF","M","M","M","?","R","T","E","M","E","R","M","?","M","M","BOSS","R_BF","M","?","M","?","?","T","?","E","M","?","E","M","?","M","BOSS","T","?","?","?","?","?","T","T","?","?","T","?","?","AVR","?","BOSS"],"items_purchased_type":["Card"],"build_version":"2020-12-22","purchased_purges":0,"victory":true,"max_hp_per_floor":[70,70,70,70,70,70,70,70,70,70,70,70,70,70,70,70,70,70,70,70,70,70,70,70,70,70,70,70,70,70,70,70,70,70,70,70,70,70,70,70,70,70,70,70,70,70,70,70,70,70],"card_choices":[{"not_picked":["Deflect","Underhanded Strike"],"picked":"Sucker Punch","floor":2.0},{"not_picked":["Outmaneuver","Pace"],"picked":"PiercingWail","floor":3.0},{"not_picked":["Bane","Deflect"],"picked":"Sucker Punch","floor":4.0},{"not_picked":["Deflect","Flechettes"],"picked":"infinitespire:Neurotoxin","floor":8.0},{"not_picked":["StuffTheSpire:BumpUp","Flying Knee"],"picked":"StuffTheSpire:Injection","floor":9},{"not_picked":["Well Laid Plans","Blade Dance"],"picked":"Cloak And Dagger","floor":10},{"not_picked":["Prepared","Catalyst"],"picked":"Blur","floor":12},{"not_picked":["StuffTheSpire:Python","Dodge and Roll"],"picked":"Hidden Blade","floor":13},{"not_picked":["ReplayTheSpireMod:The Works","PiercingWail"],"picked":"infinitespire:Neurotoxin","floor":14},{"not_picked":["Expertise","Dodge and Roll"],"picked":"conspire:PoisonWeapons","floor":15},{"not_picked":["A Thousand Cuts","After Image"],"picked":"infinitespire:Neurotoxin","floor":16},{"not_picked":["Eviscerate","StuffTheSpire:Python"],"picked":"ReplayTheSpireMod:Tripwire","floor":19},{"not_picked":["Dagger Throw","Poisoned Stab"],"picked":"Blade Dance","floor":21},{"not_picked":["Quick Slash","StuffTheSpire:ClusterCrunch"],"picked":"Dodge and Roll","floor":25},{"not_picked":["Backflip","Slice"],"picked":"Malaise","floor":26},{"not_picked":["Reflex","StuffTheSpire:BumpUp+1","Underhanded Strike"],"picked":"SKIP","floor":27},{"not_picked":["StuffTheSpire:ClusterCrunch","ReplayTheSpireMod:The Works"],"picked":"StuffTheSpire:Sprint","floor":28},{"not_picked":["Slice","StuffTheSpire:Injection"],"picked":"Footwork","floor":28},{"not_picked":["Sucker Punch","Cloak And Dagger+1"],"picked":"Backstab+1","floor":29},{"not_picked":["Underhanded Strike","hubris:Counter"],"picked":"StuffTheSpire:Sprint+1","floor":30},{"not_picked":["Underhanded Strike","Eviscerate"],"picked":"Deadly Poison","floor":32},{"not_picked":["Glass Knife","Tools of the Trade"],"picked":"Replay:Bag of Tricks","floor":33},{"not_picked":["Backflip","Glass Knife"],"picked":"Sucker Punch+1","floor":36},{"not_picked":["Dodge and Roll+1","Backflip+1"],"picked":"hubris:SlightOfHand+1","floor":37},{"not_picked":["Masterful Stab","Unload"],"picked":"Blade Dance","floor":38},{"not_picked":["PiercingWail","StuffTheSpire:Injection+1"],"picked":"Prepared+1","floor":39},{"not_picked":["Dagger Throw+1","Sucker Punch","hubris:SlightOfHand+1"],"picked":"SKIP","floor":40},{"not_picked":["hubris:SlightOfHand","StuffTheSpire:Repulse"],"picked":"StuffTheSpire:MirrorStance","floor":43},{"not_picked":["Quick Slash+1","StuffTheSpire:Fury"],"picked":"Infinite Blades","floor":49}],"player_experience":1844108,"relics_obtained":[{"floor":7.0,"key":"Onion Ring"},{"floor":8.0,"key":"Replay:Rubber Ducky"},{"floor":10,"key":"infinitespire:Magic Flask"},{"floor":24,"key":"infinitespire:WardingShard"},{"floor":26,"key":"StuffTheSpire:Gunfinga"},{"floor":28,"key":"Whetstone"},{"floor":29,"key":"aspiration:VileToxins"},{"floor":41,"key":"hubris:AncientText"}],"event_choices":[{"damage_healed":0.0,"max_hp_gain":0.0,"max_hp_loss":0.0,"gold_gain":0.0,"event_name":"Lab","player_choice":"Got Potions","floor":5.0,"gold_loss":0.0,"damage_taken":0.0}],"is_beta":false,"boss_relics":[{"not_picked":["Snecko Eye","halation:Risk"],"picked":"ChewingGum"},{"not_picked":["Pandora\u0027s Box","CosmicIsotope"],"picked":"Painkiller Herb"}],"items_purged_floors":[],"is_endless":false,"potions_floor_spawned":[3,8,9,14,25,27,30,32,38,39,40,43],"ascension_level":0}}