{"host":"xm0tf1maiknh0fp9","time":1612626429,"event":{"mods":["BaseMod","Colored Map","Colored Powertips","Googly Eyes","Minty Spire (QoL Compilation)","Replay The Spire","StSLib"],"gold_per_floor":[116,116,116,41,41,41,55,55,55,71,88,119,133,153,153,257,257,269,269,368,368,386,386,403,431,457,382,399,399,42,54,54,159,209,223,223,223,71,71,71,100,100,146,146,146,157,157,157],"floor_reached":47,"language":"ENG","playtime":1215,"items_purged":["Strike_P","Strike_P"],"score":710,"play_id":"c7a7a0ce-f5e2-4af1-946c-3c30e0158643","local_time":"20210206104709","is_ascension_mode":true,"campfire_choices":[{"data":"Alpha","floor":6.0,"key":"SMITH"},{"floor":15.0,"key":"REST"},{"data":"PathToVictory","floor":23.0,"key":"SMITH"},{"floor":29.0,"key":"REST"},{"floor":32.0,"key":"REST"},{"data":"Vigilance","floor":40,"key":"SMITH"},{"floor":42,"key":"REST"}],"circlet_count":0,"master_deck":["Strike_P","Defend_P+1","Defend_P+1","Defend_P","Defend_P+1","Vigilance+1","Alpha+1","PathToVictory+1","DevaForm+1","PathToVictory+1"],"relics":["PureWater","WarpedTongs","Onion Ring","Replay:Purple Gloves","Sozu","Prayer Wheel","Juzu Bracelet","Meat on the Bone","Tiny House","War Paint","Bag of Marbles","Anchor"],"acts_visited":["Exordium","TheCity","TheBeyond"],"potions_floor_usage":[],"damage_taken":[{"damage":4.0,"enemies":"Small Slimes","floor":1.0,"turns":4.0},{"damage":13.0,"enemies":"2 Louse","floor":7.0,"turns":3.0},{"damage":2.0,"enemies":"Cultist","floor":10.0,"turns":3.0},{"damage":5.0,"enemies":"Looter","floor":11.0,"turns":3.0},{"damage":3.0,"enemies":"Lagavulin","floor":12.0,"turns":4.0},{"damage":16.0,"enemies":"3 Louse","floor":13.0,"turns":4.0},{"damage":19.0,"enemies":"Large Slime","floor":14.0,"turns":4.0},{"damage":5.0,"enemies":"Slime Boss","floor":16.0,"turns":4.0},{"damage":20.0,"enemies":"3 Byrds","floor":18.0,"turns":3.0},{"damage":13.0,"enemies":"Spheric Guardian","floor":22.0,"turns":4.0},{"damage":8.0,"enemies":"3 Cultists","floor":24.0,"turns":4.0},{"damage":10.0,"enemies":"Slavers","floor":25.0,"turns":3.0},{"damage":9.0,"enemies":"Snecko","floor":28.0,"turns":4.0},{"damage":5.0,"enemies":"Chosen and Byrds","floor":31.0,"turns":4.0},{"damage":23.0,"enemies":"Champ","floor":33.0,"turns":7.0},{"damage":16.0,"enemies":"3 Shapes","floor":35.0,"turns":3.0},{"damage":47,"enemies":"Giant Head","floor":41,"turns":7},{"damage":13,"enemies":"3 Darklings","floor":46,"turns":4},{"damage":41,"enemies":"Reptomancer","floor":47,"turns":2}],"seed_played":"-3890092465341870188","potions_obtained":[{"floor":1.0,"key":"Energy Potion"},{"floor":7.0,"key":"PowerPotion"},{"floor":11.0,"key":"PowerPotion"},{"floor":16.0,"key":"SpeedPotion"}],"is_trial":false,"path_per_floor":["M","?","?","$","?","R","M","$","T","M","M","E","M","M","R","B",null,"M","?","?","?","M","R","M","E","T","?","M","R","$","M","R","B",null,"M","?","?","$","?","R","E","R","T","?","?","M","E"],"character_chosen":"WATCHER","items_purchased":["Meat on the Bone","War Paint"],"campfire_rested":4,"item_purchase_floors":[30,38],"current_hp_per_floor":[61,61,61,61,61,61,48,48,48,46,41,38,22,3,24,19,59,39,39,39,63,50,50,42,32,32,32,23,44,44,39,60,37,68,52,52,52,52,52,52,17,40,40,40,40,39,0,0],"gold":157,"neow_bonus":"ONE_RANDOM_RARE_CARD","is_daily":false,"chose_seed":false,"campfire_upgraded":3,"win_rate":0.0,"timestamp":1612626429,"path_taken":["M","?","?","$","?","R","M","$","T","M","M","E","M","?","R","BOSS","M","?","?","?","M","R","M","E","T","?","M","R","$","M","R","BOSS","M","?","?","$","?","R","E","R","T","?","?","M","E"],"items_purchased_type":["Relic","Relic"],"build_version":"2020-12-22","purchased_purges":2,"victory":false,"max_hp_per_floor":[72,72,72,72,72,72,72,72,72,72,72,72,72,72,72,72,72,72,72,72,72,72,72,72,72,72,72,72,72,72,72,72,72,77,77,77,77,77,77,77,77,77,77,73,73,73,73,73],"card_choices":[{"not_picked":["Replay:Cycle","ClearTheMind"],"picked":"PathToVictory","floor":1.0},{"not_picked":["ForeignInfluence","EmptyFist","InnerPeace"],"picked":"SKIP","floor":7.0},{"not_picked":["Consecrate","InnerPeace","Replay:Hum"],"picked":"SKIP","floor":10.0},{"not_picked":["JustLucky","Judgement","Replay:ManipulateFuture"],"picked":"SKIP","floor":11.0},{"not_picked":["BowlingBash","WindmillStrike","CrushJoints"],"picked":"SKIP","floor":12.0},{"not_picked":["WreathOfFlame","CrushJoints","ClearTheMind"],"picked":"SKIP","floor":13.0},{"not_picked":["Consecrate","Swivel","LikeWater"],"picked":"SKIP","floor":14.0},{"not_picked":["Crescendo","CutThroughFate","WheelKick"],"picked":"SKIP","floor":18.0},{"not_picked":["Wallop","EmptyMind","CrushJoints+1"],"picked":"SKIP","floor":22.0},{"not_picked":["FlurryOfBlows","ReachHeaven","Replay:Cycle"],"picked":"SKIP","floor":24.0},{"not_picked":["Replay:ManipulateFuture","InnerPeace+1","ThirdEye"],"picked":"SKIP","floor":25.0},{"not_picked":["BowlingBash","FlurryOfBlows","FlyingSleeves"],"picked":"SKIP","floor":28.0},{"not_picked":["Study","BowlingBash","JustLucky"],"picked":"SKIP","floor":28.0},{"not_picked":["CarveReality","Devotion"],"picked":"PathToVictory+1","floor":31.0},{"not_picked":["ThirdEye","Replay:AtTheReady+1","Replay:Hum"],"picked":"SKIP","floor":31.0},{"not_picked":["WheelKick+1","CutThroughFate+1","Alpha"],"picked":"SKIP","floor":35.0},{"not_picked":["LikeWater","MentalFortress+1","SandsOfTime"],"picked":"SKIP","floor":35.0},{"not_picked":["Replay:Anticipation","EmptyMind+1","EmptyFist+1"],"picked":"SKIP","floor":41},{"not_picked":["Crescendo","Replay:Vibes","ClearTheMind+1"],"picked":"SKIP","floor":46},{"not_picked":["Evaluate","ClearTheMind","EmptyBody"],"picked":"SKIP","floor":46}],"player_experience":175217,"relics_obtained":[{"floor":9.0,"key":"Onion Ring"},{"floor":12.0,"key":"Replay:Purple Gloves"},{"floor":25.0,"key":"Prayer Wheel"},{"floor":26.0,"key":"Juzu Bracelet"},{"floor":41,"key":"Bag of Marbles"},{"floor":43,"key":"Anchor"}],"event_choices":[{"damage_healed":0.0,"max_hp_gain":0.0,"max_hp_loss":0.0,"gold_gain":0.0,"event_name":"Accursed Blacksmith","player_choice":"Rummage","floor":5.0,"gold_loss":0.0,"damage_taken":0.0,"relics_obtained":["WarpedTongs"],"cards_obtained":["Pain"]},{"cards_removed":["Pain"],"damage_healed":0.0,"max_hp_gain":0.0,"max_hp_loss":0.0,"gold_gain":0.0,"event_name":"Back to Basics","player_choice":"Elegance","floor":19.0,"gold_loss":0.0,"damage_taken":0.0},{"damage_healed":0.0,"max_hp_gain":0.0,"max_hp_loss":0.0,"gold_gain":99.0,"event_name":"Nest","player_choice":"Stole From Cult","floor":20.0,"gold_loss":0.0,"damage_taken":0.0},{"damage_healed":24.0,"max_hp_gain":0.0,"max_hp_loss":0.0,"gold_gain":0.0,"event_name":"The Library","player_choice":"Heal","floor":21.0,"gold_loss":0.0,"damage_taken":0.0},{"cards_removed":["Strike_P"],"damage_healed":0.0,"max_hp_gain":0.0,"max_hp_loss":0.0,"gold_gain":0.0,"event_name":"Beggar","player_choice":"Gave Gold","floor":27.0,"gold_loss":75.0,"damage_taken":0.0},{"damage_healed":0.0,"max_hp_gain":0.0,"max_hp_loss":0.0,"gold_gain":0.0,"event_name":"SensoryStone","player_choice":"Memory 1","floor":36.0,"gold_loss":0.0,"damage_taken":0.0},{"damage_healed":0.0,"max_hp_gain":0.0,"max_hp_loss":0.0,"gold_gain":0.0,"event_name":"Mysterious Sphere","player_choice":"Ignored","floor":37.0,"gold_loss":0.0,"damage_taken":0.0},{"damage_healed":0,"gold_gain":0,"player_choice":"Max HP","damage_taken":0,"max_hp_gain":0,"max_hp_loss":4,"event_name":"Winding Halls","floor":44,"gold_loss":0},{"damage_healed":0,"gold_gain":0,"player_choice":"Got Potions","damage_taken":0,"max_hp_gain":0,"max_hp_loss":0,"event_name":"Lab","floor":45,"gold_loss":0}],"is_beta":false,"boss_relics":[{"not_picked":["Coffee Dripper","Snecko Eye"],"picked":"Sozu"},{"not_picked":["Replay:Drink Me","Replay:Grab Bag"],"picked":"Tiny House"}],"items_purged_floors":[4,30],"is_endless":false,"potions_floor_spawned":[1,7,11,12,16,22,24,28,33,46],"killed_by":"Reptomancer","ascension_level":6}}