{"host":"m7jrdcbl89w2s34c","time":1612630472,"event":{"mods":["AchievementEnabler","BaseMod","Bestiary","Block Reminder","Colored Map","Colored Powertips","Minty Spire (QoL Compilation)","Permanent Neow","Relic Stats","StSLib"],"gold_per_floor":[115,115,127,143,143,143,176,176,203,232,232,243,254,10,10,112,112,124,124,44,64,93,123,143,143,198,214,239,239,13,48,48,147,147,166,216,61,78,93,124,124,158,158,192,192,192,192,242,242,242],"floor_reached":51,"language":"ENG","playtime":3285,"items_purged":["Writhe"],"score":1449,"play_id":"2ffe4165-52c7-4670-9408-53d642003668","local_time":"20210206175432","is_ascension_mode":true,"campfire_choices":[{"data":"Dualcast","floor":6.0,"key":"SMITH"},{"data":"Machine Learning","floor":8.0,"key":"SMITH"},{"data":"Sunder","floor":15.0,"key":"SMITH"},{"floor":29.0,"key":"REST"},{"floor":32.0,"key":"REST"},{"floor":41.0,"key":"DIG"},{"floor":46.0,"key":"DIG"},{"floor":49.0,"key":"DIG"}],"circlet_count":0,"master_deck":["AscendersBane","Strike_B","Strike_B","Strike_B","Strike_B","Defend_B","Defend_B","Defend_B","Zap+1","Dualcast+1","Ball Lightning","Cold Snap","Leap","Machine Learning+1","Defragment+1","Sunder+1","FTL","Defragment+1","Coolheaded","Hologram","Biased Cognition","Go for the Eyes+1","Cold Snap","Self Repair","Loop","Go for the Eyes+1","Compile Driver+1","Chill","Conserve Battery+1","Consume","CurseOfTheBell","Conserve Battery+1","Streamline+1","Sweeping Beam+1","Compile Driver+1","Coolheaded+1","Steam+1","Capacitor+1","Hologram+1"],"relics":["Cracked Core","NeowsBlessing","Anchor","Pen Nib","Question Card","DollysMirror","Fusion Hammer","Red Mask","Potion Belt","PreservedInsect","Juzu Bracelet","Symbiotic Virus","Frozen Eye","InkBottle","Calling Bell","Toy Ornithopter","Cables","Calipers","FossilizedHelix","DataDisk","Shovel","Darkstone Periapt","Du-Vu Doll","Dead Branch","HornCleat","Centennial Puzzle","Ancient Tea Set","Prayer Wheel","Art of War"],"acts_visited":["Exordium","TheCity","TheBeyond"],"potions_floor_usage":[50],"damage_taken":[{"damage":0.0,"enemies":"Jaw Worm","floor":1.0,"turns":1.0},{"damage":0.0,"enemies":"Cultist","floor":3.0,"turns":1.0},{"damage":0.0,"enemies":"Small Slimes","floor":4.0,"turns":1.0},{"damage":5.0,"enemies":"3 Sentries","floor":7.0,"turns":7.0},{"damage":31.0,"enemies":"Gremlin Nob","floor":10.0,"turns":4.0},{"damage":0.0,"enemies":"3 Louse","floor":12.0,"turns":3.0},{"damage":0.0,"enemies":"Large Slime","floor":13.0,"turns":4.0},{"damage":3.0,"enemies":"The Guardian","floor":16.0,"turns":8.0},{"damage":6.0,"enemies":"Spheric Guardian","floor":18.0,"turns":3.0},{"damage":0.0,"enemies":"Shell Parasite","floor":21.0,"turns":5.0},{"damage":7.0,"enemies":"Masked Bandits","floor":22.0,"turns":4.0},{"damage":9.0,"enemies":"Book of Stabbing","floor":23.0,"turns":5.0},{"damage":19.0,"enemies":"Snecko","floor":24.0,"turns":5.0},{"damage":0.0,"enemies":"Centurion and Healer","floor":27.0,"turns":6.0},{"damage":0.0,"enemies":"Slavers","floor":28.0,"turns":3.0},{"damage":23.0,"enemies":"Gremlin Leader","floor":31.0,"turns":5.0},{"damage":5.0,"enemies":"Champ","floor":33.0,"turns":11.0},{"damage":4.0,"enemies":"Orb Walker","floor":35.0,"turns":3.0},{"damage":0.0,"enemies":"Mind Bloom Boss Battle","floor":36.0,"turns":10.0},{"damage":0.0,"enemies":"3 Shapes","floor":38.0,"turns":5.0},{"damage":0.0,"enemies":"3 Darklings","floor":39.0,"turns":4.0},{"damage":0.0,"enemies":"Nemesis","floor":40.0,"turns":5.0},{"damage":0.0,"enemies":"Giant Head","floor":42.0,"turns":9.0},{"damage":0.0,"enemies":"Nemesis","floor":44.0,"turns":7.0},{"damage":0.0,"enemies":"2 Orb Walkers","floor":48.0,"turns":4.0},{"damage":0,"enemies":"Donu and Deca","floor":50,"turns":25}],"seed_played":"-5951381767399582166","potions_obtained":[{"floor":3.0,"key":"Regen Potion"},{"floor":4.0,"key":"EssenceOfSteel"},{"floor":16.0,"key":"Energy Potion"},{"floor":21.0,"key":"Weak Potion"},{"floor":24.0,"key":"SteroidPotion"},{"floor":27.0,"key":"Fire Potion"},{"floor":31.0,"key":"FocusPotion"},{"floor":40.0,"key":"SteroidPotion"},{"floor":42.0,"key":"CultistPotion"}],"is_trial":false,"path_per_floor":["M","?","M","M","?","R","E","R","T","E","?","M","M","$","R","B",null,"M","?","$","M","?","E","M","?","T","M","E","R","$","E","R","B",null,"M","?","$","M","M","E","R","E","T","E","T","R","?","?","R","B",null],"character_chosen":"DEFECT","items_purchased":["DollysMirror","Coolheaded","Hologram","Self Repair","Frozen Eye","DataDisk"],"campfire_rested":2,"item_purchase_floors":[14,14,14,20,30,37],"current_hp_per_floor":[68,68,68,68,61,61,56,56,56,25,25,25,25,25,25,34,65,59,59,59,66,66,64,52,52,52,59,66,75,75,59,75,75,75,71,75,75,75,75,75,75,75,75,75,75,75,75,75,75,75],"gold":242,"neow_bonus":"THREE_ENEMY_KILL","is_daily":false,"chose_seed":false,"campfire_upgraded":3,"win_rate":0.0,"timestamp":1612630472,"path_taken":["M","?","?","?","?","R","E","R","T","E","?","M","M","$","R","BOSS","M","?","$","M","?","E","M","?","T","M","E","R","$","E","R","BOSS","M","?","$","M","M","E","R","E","T","E","?","R","?","?","R","BOSS"],"items_purchased_type":["Relic","Card","Card","Card","Relic","Relic"],"build_version":"2020-12-22","purchased_purges":1,"victory":true,"max_hp_per_floor":[75,75,75,75,75,75,75,75,75,75,75,75,75,75,75,75,75,75,75,75,75,75,75,75,75,75,75,75,75,75,75,75,75,75,75,75,75,75,75,75,75,75,75,75,75,75,75,75,75,75],"relic_stats":{"Darkstone Periapt":0,"counters":[26,148],"Dead Branch":[23],"Pen Nib":[25],"PreservedInsect":318,"Juzu Bracelet":0,"Question Card":21,"Cables":[65,16,38,11,0],"Centennial Puzzle":[0],"Shovel":3,"Prayer Wheel":0,"Art of War":[12],"obtain_stats":[{"Darkstone Periapt":41,"Calipers":34,"Juzu Bracelet":26,"Ancient Tea Set":46,"Frozen Eye":30,"Centennial Puzzle":45,"Shovel":40,"HornCleat":44,"DollysMirror":14,"Prayer Wheel":48,"Fusion Hammer":17,"Red Mask":22,"Cracked Core":0,"InkBottle":31,"Potion Belt":23,"NeowsBlessing":0,"Dead Branch":43,"Pen Nib":9,"PreservedInsect":25,"Question Card":10,"Cables":34,"Calling Bell":34,"Du-Vu Doll":42,"Anchor":7,"DataDisk":37,"Art of War":49,"Symbiotic Virus":28,"Toy Ornithopter":34,"FossilizedHelix":36},{"Darkstone Periapt":22,"Calipers":17,"Juzu Bracelet":13,"Ancient Tea Set":24,"Frozen Eye":15,"Centennial Puzzle":24,"Shovel":22,"HornCleat":24,"DollysMirror":7,"Prayer Wheel":25,"Fusion Hammer":8,"Red Mask":11,"Cracked Core":0,"InkBottle":16,"Potion Belt":12,"NeowsBlessing":0,"Dead Branch":23,"Pen Nib":4,"PreservedInsect":13,"Question Card":5,"Cables":17,"Calling Bell":17,"Du-Vu Doll":23,"Anchor":4,"DataDisk":19,"Art of War":25,"Symbiotic Virus":15,"Toy Ornithopter":17,"FossilizedHelix":19},{"Darkstone Periapt":103,"Calipers":76,"Juzu Bracelet":51,"Ancient Tea Set":119,"Frozen Eye":60,"Centennial Puzzle":119,"Shovel":103,"HornCleat":119,"DollysMirror":21,"Prayer Wheel":123,"Fusion Hammer":29,"Red Mask":41,"Cracked Core":0,"InkBottle":65,"Potion Belt":46,"NeowsBlessing":0,"Dead Branch":112,"Pen Nib":10,"PreservedInsect":51,"Question Card":14,"Cables":76,"Calling Bell":76,"Du-Vu Doll":112,"Anchor":10,"DataDisk":89,"Art of War":123,"Symbiotic Virus":60,"Toy Ornithopter":76,"FossilizedHelix":89}],"InkBottle":[31],"Toy Ornithopter":0},"card_choices":[{"not_picked":["Redo","Recycle"],"picked":"Ball Lightning","floor":1.0},{"not_picked":["Ball Lightning","Leap"],"picked":"Cold Snap","floor":3.0},{"not_picked":["Rebound","Stack"],"picked":"Leap","floor":4.0},{"not_picked":["Leap","BootSequence"],"picked":"Machine Learning","floor":7.0},{"not_picked":["Conserve Battery","Steam"],"picked":"Defragment","floor":10.0},{"not_picked":["Conserve Battery","Hello World","White Noise"],"picked":"Sunder","floor":12.0},{"not_picked":["Sweeping Beam","Double Energy","Barrage"],"picked":"FTL","floor":13.0},{"not_picked":["Electrodynamics","Thunder Strike","Fission"],"picked":"Biased Cognition","floor":16.0},{"not_picked":["Glacier","Compile Driver","Leap"],"picked":"Go for the Eyes+1","floor":18.0},{"not_picked":["Melter","Cold Snap","Leap"],"picked":"Loop","floor":21.0},{"not_picked":["Auto Shields","BootSequence","Turbo"],"picked":"Go for the Eyes+1","floor":22.0},{"not_picked":["Machine Learning","Blizzard","Multi-Cast"],"picked":"Ball Lightning","floor":23.0},{"not_picked":["Lockon","BootSequence+1","Steam+1"],"picked":"Compile Driver+1","floor":24.0},{"not_picked":["Hello World+1","Turbo","Compile Driver"],"picked":"Chill","floor":27.0},{"not_picked":["Melter","Sunder+1","Self Repair"],"picked":"Conserve Battery+1","floor":28.0},{"not_picked":["Genetic Algorithm","Chill","Sweeping Beam"],"picked":"Consume","floor":31.0},{"not_picked":["Compile Driver","Go for the Eyes+1","Hologram"],"picked":"Conserve Battery+1","floor":35.0},{"not_picked":["Compile Driver","Cold Snap+1","Go for the Eyes"],"picked":"Streamline+1","floor":36.0},{"not_picked":["Turbo","Static Discharge","Undo"],"picked":"Sweeping Beam+1","floor":38.0},{"not_picked":["Thunder Strike","Hello World","Cold Snap"],"picked":"Compile Driver+1","floor":39.0},{"not_picked":["Force Field+1","Ball Lightning+1","Rebound+1"],"picked":"Coolheaded+1","floor":40.0},{"not_picked":["Cold Snap","Storm","Reprogram+1"],"picked":"Steam+1","floor":42.0},{"not_picked":["Redo+1","Sunder","Leap+1"],"picked":"Capacitor+1","floor":44.0},{"not_picked":["Coolheaded","Hyperbeam","Leap"],"picked":"Hologram+1","floor":48.0}],"player_experience":231798,"relics_obtained":[{"floor":7.0,"key":"Anchor"},{"floor":9.0,"key":"Pen Nib"},{"floor":10.0,"key":"Question Card"},{"floor":22.0,"key":"Red Mask"},{"floor":23.0,"key":"Potion Belt"},{"floor":26.0,"key":"Juzu Bracelet"},{"floor":28.0,"key":"Symbiotic Virus"},{"floor":31.0,"key":"InkBottle"},{"floor":34.0,"key":"Toy Ornithopter"},{"floor":34.0,"key":"Cables"},{"floor":34.0,"key":"Calipers"},{"floor":36.0,"key":"FossilizedHelix"},{"floor":40.0,"key":"Shovel"},{"floor":41.0,"key":"Darkstone Periapt"},{"floor":42.0,"key":"Du-Vu Doll"},{"floor":43.0,"key":"Dead Branch"},{"floor":44.0,"key":"HornCleat"},{"floor":45.0,"key":"Centennial Puzzle"},{"floor":46.0,"key":"Ancient Tea Set"},{"floor":48.0,"key":"Prayer Wheel"},{"floor":49.0,"key":"Art of War"}],"event_choices":[{"damage_healed":0.0,"max_hp_gain":0.0,"max_hp_loss":0.0,"gold_gain":0.0,"event_name":"Accursed Blacksmith","player_choice":"Forge","floor":2.0,"gold_loss":0.0,"damage_taken":0.0,"cards_upgraded":["Zap"]},{"cards_removed":["Defend_B"],"damage_healed":0.0,"max_hp_gain":0.0,"max_hp_loss":0.0,"gold_gain":0.0,"event_name":"Golden Wing","player_choice":"Card Removal","floor":5.0,"gold_loss":0.0,"damage_taken":7.0},{"damage_healed":0.0,"max_hp_gain":0.0,"max_hp_loss":0.0,"gold_gain":0.0,"event_name":"Living Wall","player_choice":"Grow","floor":11.0,"gold_loss":0.0,"damage_taken":0.0,"cards_upgraded":["Defragment"]},{"damage_healed":0.0,"max_hp_gain":0.0,"max_hp_loss":0.0,"gold_gain":0.0,"event_name":"The Library","player_choice":"Read","floor":19.0,"gold_loss":0.0,"damage_taken":0.0,"cards_obtained":["Cold Snap"]},{"damage_healed":0.0,"max_hp_gain":0.0,"max_hp_loss":0.0,"gold_gain":0.0,"event_name":"Masked Bandits","player_choice":"Fought Bandits","floor":22.0,"gold_loss":0.0,"damage_taken":0.0},{"damage_healed":0.0,"max_hp_gain":0.0,"max_hp_loss":0.0,"gold_gain":0.0,"event_name":"The Mausoleum","player_choice":"Opened","floor":25.0,"gold_loss":0.0,"damage_taken":0.0,"relics_obtained":["PreservedInsect"],"cards_obtained":["Writhe"]},{"damage_healed":0.0,"max_hp_gain":0.0,"max_hp_loss":0.0,"gold_gain":0.0,"event_name":"MindBloom","player_choice":"Fight","floor":36.0,"gold_loss":0.0,"damage_taken":0.0},{"cards_removed":["Ball Lightning"],"damage_healed":0.0,"max_hp_gain":0.0,"max_hp_loss":0.0,"gold_gain":0.0,"event_name":"Falling","player_choice":"Removed Attack","floor":47.0,"gold_loss":0.0,"damage_taken":0.0},{"damage_healed":0.0,"max_hp_gain":0.0,"max_hp_loss":0.0,"gold_gain":0.0,"event_name":"Mysterious Sphere","player_choice":"Fight","floor":48.0,"gold_loss":0.0,"damage_taken":0.0}],"is_beta":false,"boss_relics":[{"not_picked":["Tiny House","Nuclear Battery"],"picked":"Fusion Hammer"},{"not_picked":["FrozenCore","Sozu"],"picked":"Calling Bell"}],"items_purged_floors":[30],"is_endless":false,"potions_floor_spawned":[3,4,16,21,24,27,31,40,42],"ascension_level":10}}