{"host":"2wp95sdfrgw3k439","time":1612588334,"event":{"mods":["BaseMod","Better Altar","Better Skull","Better Third Choice","Curses Come First","Minty Spire (QoL Compilation)","Permanent Neow","StSLib"],"gold_per_floor":[99,99,99,99,99,99,99,99,99,99,99,69,69,69,69,69,69,69,4,4,4,4,4,4,4,4,4,4,4,4,4,4,4,4],"floor_reached":33,"language":"ENG","playtime":1536,"items_purged":[],"score":450,"play_id":"0612d914-29d4-4b40-a886-cca9a03ca2fc","local_time":"20210205221214","is_ascension_mode":true,"campfire_choices":[{"floor":7.0,"key":"REST"},{"floor":10.0,"key":"REST"},{"data":"Choke","floor":13.0,"key":"SMITH"},{"data":"Skewer","floor":15.0,"key":"SMITH"},{"floor":25,"key":"REST"},{"floor":27,"key":"REST"},{"floor":32,"key":"REST"}],"circlet_count":0,"master_deck":["Strike_G","Strike_G","Strike_G","Strike_G","Strike_G","Defend_G","Defend_G","Defend_G","Defend_G","Defend_G","Survivor","Neutralize","Skewer+1","Blur","Escape Plan","Well Laid Plans","Noxious Fumes","Dagger Spray","Choke+1","Leg Sweep","Terror","Infinite Blades","A Thousand Cuts","After Image","CurseOfTheBell","All Out Attack","Infinite Blades","Footwork","Heel Hook+1","Blade Dance+1","Sucker Punch+1","Dagger Throw+1","Blade Dance+1","Noxious Fumes+1","Adrenaline+1"],"relics":["Ectoplasm","Prayer Wheel","Tough Bandages","TungstenRod","Calling Bell","Orichalcum","Gremlin Horn","Tingsha","Paper Crane","Toxic Egg 2","Omamori","Unceasing Top"],"acts_visited":["Exordium","TheCity"],"potions_floor_usage":[21,23,23,23,23,29,30,33],"damage_taken":[{"damage":0.0,"enemies":"Cultist","floor":1.0,"turns":4.0},{"damage":9.0,"enemies":"Jaw Worm","floor":2.0,"turns":2.0},{"damage":0.0,"enemies":"Small Slimes","floor":4.0,"turns":3.0},{"damage":33.0,"enemies":"Gremlin Nob","floor":6.0,"turns":5.0},{"damage":7.0,"enemies":"Blue Slaver","floor":8.0,"turns":4.0},{"damage":15.0,"enemies":"Gremlin Gang","floor":11.0,"turns":5.0},{"damage":0.0,"enemies":"Looter","floor":12.0,"turns":3.0},{"damage":1.0,"enemies":"Blue Slaver","floor":14.0,"turns":4.0},{"damage":26.0,"enemies":"The Guardian","floor":16.0,"turns":10.0},{"damage":12,"enemies":"Spheric Guardian","floor":18,"turns":4},{"damage":3,"enemies":"Shell Parasite","floor":20,"turns":6},{"damage":0,"enemies":"Sentry and Sphere","floor":21,"turns":4},{"damage":4,"enemies":"Snake Plant","floor":22,"turns":5},{"damage":12,"enemies":"Book of Stabbing","floor":23,"turns":7},{"damage":5,"enemies":"Chosen and Byrds","floor":24,"turns":7},{"damage":10,"enemies":"Cultist and Chosen","floor":29,"turns":6},{"damage":0,"enemies":"Snake Plant","floor":30,"turns":1},{"damage":33,"enemies":"Slavers","floor":31,"turns":5},{"damage":50,"enemies":"Champ","floor":33,"turns":8}],"seed_played":"6306588546707218909","potions_obtained":[{"floor":2.0,"key":"AttackPotion"},{"floor":12.0,"key":"GamblersBrew"},{"floor":14.0,"key":"FearPotion"},{"floor":16.0,"key":"Explosive Potion"},{"floor":20,"key":"LiquidMemories"},{"floor":22,"key":"EntropicBrew"},{"floor":24,"key":"Poison Potion"},{"floor":31,"key":"PowerPotion"}],"is_trial":false,"path_per_floor":["M","M","?","M","?","E","R","M","T","R","M","M","R","M","R","B",null,"M","?","M","M","M","E","M","R","T","R","?","M","M","E","R","B"],"character_chosen":"THE_SILENT","items_purchased":[],"campfire_rested":5,"item_purchase_floors":[],"current_hp_per_floor":[63,54,42,42,65,32,53,46,46,67,52,52,52,51,51,25,59,47,47,44,44,40,28,23,44,44,65,65,55,55,22,43,0,0],"gold":4,"neow_bonus":"BOSS_RELIC","is_daily":false,"chose_seed":false,"campfire_upgraded":2,"win_rate":0.0,"timestamp":1612588334,"path_taken":["M","M","?","M","?","E","R","M","T","R","M","M","R","M","R","BOSS","M","?","?","M","M","E","M","R","T","R","?","M","M","E","R","BOSS"],"items_purchased_type":[],"build_version":"2020-12-22","purchased_purges":0,"victory":false,"max_hp_per_floor":[70,70,70,70,70,70,70,70,70,70,70,70,70,70,70,70,70,70,70,70,70,70,70,70,70,70,70,70,70,70,70,70,70,70],"card_choices":[{"not_picked":["Underhanded Strike","Bane"],"picked":"Skewer","floor":1.0},{"not_picked":["Outmaneuver","Slice"],"picked":"Blur","floor":2.0},{"not_picked":["PiercingWail","Heel Hook"],"picked":"Escape Plan","floor":4.0},{"not_picked":["Catalyst","Deflect"],"picked":"Well Laid Plans","floor":4.0},{"not_picked":["Distraction","Slice"],"picked":"Noxious Fumes","floor":6.0},{"not_picked":["Poisoned Stab","PiercingWail"],"picked":"Dagger Spray","floor":8.0},{"not_picked":["Backflip","Outmaneuver","Concentrate"],"picked":"SKIP","floor":8.0},{"not_picked":["Prepared","Predator"],"picked":"Choke","floor":11.0},{"not_picked":["Poisoned Stab","Bane","Acrobatics"],"picked":"SKIP","floor":11.0},{"not_picked":["Expertise","Well Laid Plans"],"picked":"Leg Sweep","floor":12.0},{"not_picked":["Sucker Punch","Quick Slash"],"picked":"Terror","floor":12.0},{"not_picked":["Endless Agony","Skewer"],"picked":"Infinite Blades","floor":14.0},{"not_picked":["Quick Slash","Escape Plan"],"picked":"A Thousand Cuts","floor":14.0},{"not_picked":["Envenom","Adrenaline"],"picked":"After Image","floor":16.0},{"not_picked":["Finisher","Outmaneuver"],"picked":"All Out Attack","floor":18},{"not_picked":["Blade Dance","Concentrate","Underhanded Strike"],"picked":"SKIP","floor":18},{"not_picked":["Quick Slash","Bane"],"picked":"Infinite Blades","floor":20},{"not_picked":["Predator","Riddle With Holes"],"picked":"Footwork","floor":20},{"not_picked":["Unload","Blade Dance"],"picked":"Heel Hook+1","floor":21},{"not_picked":["Backflip","Quick Slash","Poisoned Stab"],"picked":"SKIP","floor":21},{"not_picked":["Deadly Poison","Slice","Bane"],"picked":"SKIP","floor":22},{"not_picked":["Blade Dance","Flechettes","Dagger Spray+1"],"picked":"SKIP","floor":22},{"not_picked":["Quick Slash","PiercingWail+1"],"picked":"Blade Dance+1","floor":23},{"not_picked":["Deflect+1","PiercingWail+1"],"picked":"Sucker Punch+1","floor":24},{"not_picked":["Underhanded Strike","Setup+1"],"picked":"Dagger Throw+1","floor":24},{"not_picked":["Predator","Finisher+1"],"picked":"Blade Dance+1","floor":29},{"not_picked":["Riddle With Holes","Slice","Underhanded Strike"],"picked":"SKIP","floor":29},{"not_picked":["Acrobatics+1","Dodge and Roll+1"],"picked":"Noxious Fumes+1","floor":30},{"not_picked":["Noxious Fumes","Infinite Blades","Dash"],"picked":"SKIP","floor":30},{"not_picked":["Acrobatics+1","Underhanded Strike"],"picked":"Adrenaline+1","floor":31}],"player_experience":559083,"relics_obtained":[{"floor":6.0,"key":"Tough Bandages"},{"floor":9.0,"key":"TungstenRod"},{"floor":17,"key":"Orichalcum"},{"floor":17,"key":"Gremlin Horn"},{"floor":17,"key":"Tingsha"},{"floor":23,"key":"Toxic Egg 2"},{"floor":26,"key":"Omamori"},{"floor":31,"key":"Unceasing Top"}],"event_choices":[{"damage_healed":0.0,"max_hp_gain":0.0,"max_hp_loss":0.0,"gold_gain":0.0,"event_name":"betterThird:BetterScrap","player_choice":"Relic ","floor":3.0,"gold_loss":0.0,"damage_taken":12.0,"cards_obtained":["Aggregate"]},{"damage_healed":23.0,"max_hp_gain":0.0,"max_hp_loss":0.0,"gold_gain":0.0,"event_name":"Big Fish","player_choice":"Banana","floor":5.0,"gold_loss":0.0,"damage_taken":0.0},{"damage_healed":0,"gold_gain":0,"player_choice":"Paid Gold","damage_taken":0,"relics_obtained":["Paper Crane"],"max_hp_gain":0,"max_hp_loss":0,"event_name":"WeMeetAgain","floor":19,"gold_loss":65},{"damage_healed":0,"gold_gain":0,"player_choice":"Ignored","damage_taken":0,"max_hp_gain":0,"max_hp_loss":0,"event_name":"N\u0027loth","floor":28,"gold_loss":0}],"is_beta":false,"boss_relics":[{"not_picked":["SlaversCollar","Runic Pyramid"],"picked":"Calling Bell"}],"items_purged_floors":[],"is_endless":false,"potions_floor_spawned":[2,12,14,16,20,22,24,31],"killed_by":"Champ","ascension_level":9}}