{"host":"rxpu8tqu58sn7qk5","time":1612655356,"event":{"mods":["BaseMod","Colored Map","Colored Powertips","Downfall","Hubris","Minty Spire (QoL Compilation)","Replay The Spire","StSLib"],"gold_per_floor":[99,99,549,549,549,209,209,209,209,209,209],"floor_reached":9,"language":"ENG","playtime":392,"items_purged":["Amnesia"],"score":45,"play_id":"63c98c60-e203-4859-ada9-472f4a335c8a","local_time":"20210206184916","is_ascension_mode":false,"campfire_choices":[{"floor":1,"key":"RECALL"}],"circlet_count":0,"master_deck":["Guardian:Strike_Guardian","Guardian:Strike_Guardian","Guardian:Strike_Guardian","Guardian:Strike_Guardian","Guardian:Defend_Guardian","Guardian:Defend_Guardian","Guardian:Defend_Guardian","Guardian:Defend_Guardian","Guardian:CurlUp","Guardian:TwinSlam","Guardian:Gem_Lightblue","downfall:Icky","downfall:Icky","downfall:Icky","Guardian:Gem_Fragmented","Guardian:Gem_Green","Guardian:Gem_Purple","expansioncontent:QuickStudy","Guardian:Gem_Red"],"relics":["Guardian:ModeShifter","downfall:HeartsMalice","Ring of Fury","Ring of Misfortune"],"acts_visited":["Exordium"],"potions_floor_usage":[],"damage_taken":[{"damage":0,"enemies":"Jaw Worm","floor":2,"turns":1},{"damage":0,"enemies":"downfall:FleeingMerchant","floor":6,"turns":1},{"damage":0,"enemies":"Small Slimes","floor":8,"turns":1},{"damage":61,"enemies":"Gremlin Nob","floor":9,"turns":6}],"seed_played":"-7616219100096360597","potions_obtained":[],"is_trial":false,"path_per_floor":["R","M","?","?","?","$","T","M","E"],"character_chosen":"GUARDIAN","items_purchased":["Guardian:Gem_Purple","expansioncontent:QuickStudy"],"campfire_rested":0,"item_purchase_floors":[6,6],"current_hp_per_floor":[80,80,80,80,80,80,80,80,19,19,19],"gold":209,"neow_bonus":"THREE_ENEMY_KILL","is_daily":false,"chose_seed":false,"campfire_upgraded":0,"win_rate":0.0,"timestamp":1612655356,"path_taken":["R","M","?","?","?","?","T","?","E"],"items_purchased_type":["Card","Card"],"build_version":"2020-12-22","purchased_purges":1,"victory":false,"max_hp_per_floor":[80,80,80,80,80,80,80,80,80,80,80],"card_choices":[{"not_picked":["Guardian:ShieldCharger","Guardian:TemporalStrike"],"picked":"Guardian:Gem_Lightblue","floor":2},{"not_picked":["Guardian:VentSteam","Guardian:WalkerClaw"],"picked":"Guardian:Gem_Green","floor":6},{"not_picked":["Guardian:SentryBeam","Guardian:FuturePlans"],"picked":"Guardian:Gem_Red","floor":8}],"player_experience":123277,"relics_obtained":[{"floor":4,"key":"Ring of Fury"},{"floor":4,"key":"Ring of Misfortune"}],"event_choices":[],"is_beta":false,"boss_relics":[],"items_purged_floors":[6],"is_endless":false,"potions_floor_spawned":[],"killed_by":"Gremlin Nob","ascension_level":0}}