{"host":"gl5rgsfncjl28cj1","time":1612584052,"event":{"mods":["BaseMod","Colored Map","Highlight Path","Minty Spire (QoL Compilation)","Permanent Neow","StSLib"],"gold_per_floor":[109,72,88,99,119,119,44,44,70,105,105,134,134,145,145,145,145],"floor_reached":16,"language":"KOR","playtime":332,"items_purged":["Strike_G"],"score":220,"play_id":"867fe155-cdcf-4c7f-88e6-6fcd3fa29579","local_time":"20210206130052","is_ascension_mode":true,"campfire_choices":[{"data":"Dash","floor":6,"key":"SMITH"},{"floor":11,"key":"REST"},{"data":"Deadly Poison","floor":13,"key":"SMITH"},{"data":"Crippling Poison","floor":15,"key":"SMITH"}],"circlet_count":0,"master_deck":["AscendersBane","Strike_G","Strike_G","Strike_G","Strike_G","Defend_G","Defend_G+1","Defend_G","Defend_G","Defend_G","Survivor","Neutralize","Predator","Dash+1","Blade Dance+1","Crippling Poison+1","Clumsy","Deadly Poison+1","Footwork"],"relics":["Cursed Key","Snake Skull","War Paint","White Beast Statue","Gremlin Horn"],"acts_visited":["Exordium"],"potions_floor_usage":[14,16],"damage_taken":[{"damage":1,"enemies":"Cultist","floor":1,"turns":4},{"damage":3,"enemies":"Small Slimes","floor":3,"turns":3},{"damage":0,"enemies":"2 Louse","floor":4,"turns":2},{"damage":11,"enemies":"Exordium Wildlife","floor":5,"turns":4},{"damage":17,"enemies":"Lagavulin","floor":10,"turns":5},{"damage":8,"enemies":"Gremlin Nob","floor":12,"turns":3},{"damage":6,"enemies":"Large Slime","floor":14,"turns":5},{"damage":36,"enemies":"The Guardian","floor":16,"turns":2}],"seed_played":"-6856048955620867640","potions_obtained":[{"floor":1,"key":"Dexterity Potion"},{"floor":4,"key":"Poison Potion"},{"floor":12,"key":"BlessingOfTheForge"},{"floor":14,"key":"SpeedPotion"}],"is_trial":false,"path_per_floor":["M","$","M","M","M","R","$","?","T","E","R","E","R","M","R","B"],"character_chosen":"THE_SILENT","items_purchased":["Dash"],"campfire_rested":1,"item_purchase_floors":[2],"current_hp_per_floor":[58,58,55,55,44,44,44,44,44,27,46,38,38,32,32,0,0],"gold":145,"neow_bonus":"BOSS_RELIC","is_daily":false,"chose_seed":false,"campfire_upgraded":3,"win_rate":0.0,"timestamp":1612584052,"path_taken":["M","?","M","M","M","R","$","?","T","E","R","E","R","M","R","BOSS"],"items_purchased_type":["Card"],"build_version":"2020-12-22","purchased_purges":1,"victory":false,"max_hp_per_floor":[66,66,66,66,66,66,66,66,66,66,66,66,66,66,66,66,66],"card_choices":[{"not_picked":["PiercingWail","Accuracy"],"picked":"Predator","floor":1},{"not_picked":["Caltrops","Deflect"],"picked":"Blade Dance","floor":3},{"not_picked":["Riddle With Holes","Noxious Fumes"],"picked":"Crippling Poison","floor":4},{"not_picked":["Flying Knee","Underhanded Strike","Dash"],"picked":"SKIP","floor":5},{"not_picked":["Storm of Steel","Flying Knee"],"picked":"Deadly Poison","floor":10},{"not_picked":["Outmaneuver","Concentrate","Flying Knee"],"picked":"SKIP","floor":12},{"not_picked":["Blur","Caltrops"],"picked":"Footwork","floor":14}],"player_experience":1019825,"relics_obtained":[{"floor":9,"key":"War Paint"},{"floor":10,"key":"White Beast Statue"},{"floor":12,"key":"Gremlin Horn"}],"event_choices":[{"damage_healed":0,"gold_gain":0,"player_choice":"Gave Potion","damage_taken":0,"relics_obtained":["Snake Skull"],"max_hp_gain":0,"max_hp_loss":0,"event_name":"WeMeetAgain","floor":8,"gold_loss":0}],"is_beta":false,"boss_relics":[],"items_purged_floors":[7],"is_endless":false,"potions_floor_spawned":[1,4,5,12,14],"killed_by":"The Guardian","ascension_level":20}}