{"host":"utqe55yv0jihe4d6","time":1612587208,"event":{"mods":["2.2 Compatiblity","AchievementEnabler","BaseMod","Block Reminder","Colored Map","Colored Powertips","Minty Spire (QoL Compilation)","Quick Restart","Rare Cards Sparkle","Relic Stats","SuperFastMode"],"gold_per_floor":[113,128,43,57,57,57,85,235,288,563,32,45,45,77,77,149,149,168,68,78,78,90,90,90],"floor_reached":23,"language":"ENG","playtime":899,"items_purged":["Regret","Strike_G"],"score":398,"play_id":"8b9411fb-dd4d-429a-be50-3f7313276720","local_time":"20210205235328","is_ascension_mode":true,"campfire_choices":[{"data":"Neutralize","floor":6.0,"key":"SMITH"},{"data":"Apotheosis","floor":15,"key":"SMITH"}],"circlet_count":0,"master_deck":["AscendersBane","Strike_G","Strike_G","Strike_G","Defend_G","Defend_G","Defend_G","Defend_G","Defend_G","Survivor","Neutralize+1","Dagger Spray","Bane","Noxious Fumes","Caltrops","Doubt","Apotheosis+1","Footwork","Night Terror","Infinite Blades","Adrenaline","Cloak And Dagger","Predator","Catalyst"],"relics":["Ring of the Snake","MealTicket","PreservedInsect","Art of War","Tough Bandages","Philosopher\u0027s Stone"],"acts_visited":["Exordium","TheCity"],"potions_floor_usage":[12,22,23],"damage_taken":[{"damage":2.0,"enemies":"2 Louse","floor":1.0,"turns":3.0},{"damage":1.0,"enemies":"Small Slimes","floor":2.0,"turns":5.0},{"damage":1.0,"enemies":"Cultist","floor":4.0,"turns":3.0},{"damage":21.0,"enemies":"Gremlin Nob","floor":7.0,"turns":4.0},{"damage":10,"enemies":"Lots of Slimes","floor":12,"turns":4},{"damage":20,"enemies":"3 Sentries","floor":14,"turns":7},{"damage":40,"enemies":"Hexaghost","floor":16,"turns":10},{"damage":0,"enemies":"Chosen","floor":18,"turns":4},{"damage":2,"enemies":"Shell Parasite","floor":20,"turns":5},{"damage":35,"enemies":"Snake Plant","floor":22,"turns":5},{"damage":44,"enemies":"Book of Stabbing","floor":23,"turns":4}],"seed_played":"-6457752375175953905","potions_obtained":[{"floor":1.0,"key":"Dexterity Potion"},{"floor":4.0,"key":"DistilledChaos"},{"floor":12,"key":"Fire Potion"},{"floor":16,"key":"Regen Potion"}],"is_trial":false,"path_per_floor":["M","M","$","M","?","R","E","?","T","?","$","M","$","E","R","B",null,"M","$","M","?","M","E"],"character_chosen":"THE_SILENT","items_purchased":["DistilledChaos","Apotheosis","Footwork","Night Terror","SkillPotion"],"campfire_rested":0,"item_purchase_floors":[3,11,11,11,11],"current_hp_per_floor":[57,56,66,65,65,65,44,44,44,44,59,49,64,44,44,4,51,51,66,64,64,40,0,0],"gold":90,"neow_bonus":"RANDOM_COMMON_RELIC","is_daily":false,"chose_seed":false,"campfire_upgraded":2,"win_rate":0.0,"timestamp":1612587208,"path_taken":["M","M","$","M","?","R","E","?","T","?","$","?","?","E","R","BOSS","M","$","M","?","M","E"],"items_purchased_type":["Potion","Card","Card","Card","Potion"],"build_version":"2020-12-22","purchased_purges":2,"victory":false,"max_hp_per_floor":[66,66,66,66,66,66,66,66,66,66,66,66,66,66,66,66,66,66,66,66,66,66,66,66],"relic_stats":{"Tough Bandages":[12],"counters":[11,54],"MealTicket":55,"PreservedInsect":75,"Art of War":[5],"obtain_stats":[{"Tough Bandages":14,"MealTicket":0,"Philosopher\u0027s Stone":17,"PreservedInsect":7,"Art of War":9,"Ring of the Snake":0},{"Tough Bandages":6,"MealTicket":0,"Philosopher\u0027s Stone":7,"PreservedInsect":4,"Art of War":4,"Ring of the Snake":0},{"Tough Bandages":26,"MealTicket":0,"Philosopher\u0027s Stone":36,"PreservedInsect":15,"Art of War":15,"Ring of the Snake":0}],"Ring of the Snake":[22]},"card_choices":[{"not_picked":["Terror","Concentrate"],"picked":"Dagger Spray","floor":1.0},{"not_picked":["Dagger Spray","Deflect"],"picked":"Bane","floor":2.0},{"not_picked":["Deadly Poison","Bane"],"picked":"Noxious Fumes","floor":4.0},{"not_picked":["PiercingWail","Quick Slash"],"picked":"Caltrops","floor":7.0},{"not_picked":["Finisher","Poisoned Stab","Bane"],"picked":"SKIP","floor":12},{"not_picked":["Terror","Dodge and Roll"],"picked":"Infinite Blades","floor":14},{"not_picked":["A Thousand Cuts","After Image"],"picked":"Adrenaline","floor":16},{"not_picked":["Sucker Punch","Outmaneuver"],"picked":"Cloak And Dagger","floor":18},{"not_picked":["PiercingWail","Calculated Gamble"],"picked":"Predator","floor":20},{"not_picked":["Poisoned Stab","Outmaneuver"],"picked":"Catalyst","floor":22}],"player_experience":3026718,"relics_obtained":[{"floor":7.0,"key":"PreservedInsect"},{"floor":9,"key":"Art of War"},{"floor":14,"key":"Tough Bandages"}],"event_choices":[{"damage_healed":0.0,"max_hp_gain":0.0,"max_hp_loss":0.0,"gold_gain":0.0,"event_name":"The Cleric","player_choice":"Leave","floor":5.0,"gold_loss":0.0,"damage_taken":0.0},{"damage_healed":0,"gold_gain":150,"player_choice":"AGREE","damage_taken":0,"max_hp_gain":0,"max_hp_loss":0,"event_name":"Liars Game","floor":8,"gold_loss":0,"cards_obtained":["Doubt"]},{"damage_healed":0,"gold_gain":275,"player_choice":"Desecrate","damage_taken":0,"max_hp_gain":0,"max_hp_loss":0,"event_name":"Golden Shrine","floor":10,"gold_loss":0,"cards_obtained":["Regret"]},{"cards_removed":["Strike_G"],"damage_healed":0,"gold_gain":0,"player_choice":"Elegance","damage_taken":0,"max_hp_gain":0,"max_hp_loss":0,"event_name":"Back to Basics","floor":21,"gold_loss":0}],"is_beta":false,"boss_relics":[{"not_picked":["Calling Bell","Snecko Eye"],"picked":"Philosopher\u0027s Stone"}],"items_purged_floors":[11,19],"is_endless":false,"potions_floor_spawned":[1,4,12,16,18],"killed_by":"Book of Stabbing","ascension_level":20}}