{"host":"Kdaddybrian","time":1612581001,"event":{"mods":["AchievementEnabler","BaseMod","Bestiary","Colored Powertips","Minty Spire (QoL Compilation)","Potion Indicator Mod","Quick Restart","Rare Cards Sparkle","Relic Stats","StSLib","Uncapped"],"gold_per_floor":[112,125,125,143,162,200,235,235,287,287,311,64,139,153,153,281,281,304,7,27,27,27,27,27,46,46,46,77,97,122,135,135,230,230,240,240,44,64,64,64,64,80,80,97,97,128,128,160,160,160,160],"floor_reached":50,"language":"ENG","playtime":2693,"items_purged":["Clumsy"],"score":840,"play_id":"26462376-db39-4cbc-b766-c2666245d074","local_time":"20210205221001","is_ascension_mode":true,"campfire_choices":[{"floor":8,"key":"REST"},{"floor":10,"key":"REST"},{"data":"BattleHymn","floor":15,"key":"SMITH"},{"floor":23,"key":"REST"},{"data":"Blasphemy","floor":27,"key":"SMITH"},{"floor":32,"key":"REST"},{"data":"Omniscience","floor":40,"key":"SMITH"},{"floor":45,"key":"RECALL"},{"data":"Vault","floor":47,"key":"SMITH"},{"data":"Eruption","floor":49,"key":"SMITH"}],"circlet_count":0,"master_deck":["Defend_P","Defend_P","Defend_P","Defend_P","Eruption+1","Vigilance","Wallop","CutThroughFate","BattleHymn+1","Halt","FlurryOfBlows+1","EmptyFist+1","ThirdEye","SashWhip+1","Vault+1","Blasphemy+1","Conclude+1","Prostrate+1","Bite+1","Bite+1","Bite+1","Bite+1","Bite+1","Tantrum+1","LikeWater","Tantrum+1","FlyingSleeves+1","Omniscience+1","Prostrate+1","ClearTheMind+1","Wallop+1","EmptyFist+1","Doubt","Protect","Protect+1","Sanctity+1"],"relics":["Cursed Key","Bloody Idol","Molten Egg 2","Odd Mushroom","Smiling Mask","ClockworkSouvenir","Runic Pyramid","FossilizedHelix","Letter Opener","Regal Pillow","Oddly Smooth Stone","VioletLotus","Lantern","GoldenEye","Blue Candle","TungstenRod"],"acts_visited":["Exordium","TheCity","TheBeyond"],"potions_floor_usage":[6,16,20,28,29,44,50],"damage_taken":[{"damage":0,"enemies":"Small Slimes","floor":1,"turns":3},{"damage":0,"enemies":"2 Louse","floor":2,"turns":4},{"damage":0,"enemies":"Jaw Worm","floor":4,"turns":3},{"damage":8,"enemies":"Lots of Slimes","floor":5,"turns":6},{"damage":35,"enemies":"Lagavulin","floor":6,"turns":5},{"damage":13,"enemies":"The Mushroom Lair","floor":7,"turns":4},{"damage":0,"enemies":"2 Fungi Beasts","floor":11,"turns":3},{"damage":0,"enemies":"Large Slime","floor":14,"turns":3},{"damage":41,"enemies":"The Guardian","floor":16,"turns":10},{"damage":9,"enemies":"Shell Parasite","floor":18,"turns":4},{"damage":34,"enemies":"3 Byrds","floor":20,"turns":4},{"damage":0,"enemies":"Snecko","floor":25,"turns":4},{"damage":22,"enemies":"Book of Stabbing","floor":28,"turns":4},{"damage":0,"enemies":"Centurion and Healer","floor":29,"turns":3},{"damage":32,"enemies":"Shelled Parasite and Fungi","floor":31,"turns":3},{"damage":25,"enemies":"Collector","floor":33,"turns":7},{"damage":12,"enemies":"3 Shapes","floor":35,"turns":5},{"damage":0,"enemies":"Orb Walker","floor":38,"turns":3},{"damage":24,"enemies":"3 Darklings","floor":42,"turns":4},{"damage":3,"enemies":"Writhing Mass","floor":44,"turns":4},{"damage":0,"enemies":"Giant Head","floor":46,"turns":6},{"damage":15,"enemies":"Nemesis","floor":48,"turns":6},{"damage":77,"enemies":"Awakened One","floor":50,"turns":5}],"seed_played":"-1956027581890625116","potions_obtained":[{"floor":2,"key":"SteroidPotion"},{"floor":4,"key":"ColorlessPotion"},{"floor":7,"key":"Fruit Juice"},{"floor":11,"key":"Swift Potion"},{"floor":18,"key":"Swift Potion"},{"floor":20,"key":"LiquidMemories"},{"floor":29,"key":"Strength Potion"},{"floor":33,"key":"SpeedPotion"},{"floor":44,"key":"ColorlessPotion"}],"is_trial":false,"path_per_floor":["M","M","?","M","M","E","?","R","T","R","M","$","?","M","R","B",null,"M","$","M","?","$","R","?","M","T","R","E","M","T","M","R","B",null,"M","?","$","M","$","R","?","M","T","M","R","E","R","E","R","B"],"character_chosen":"WATCHER","items_purchased":["ClockworkSouvenir","SashWhip+1","FossilizedHelix","Lantern","ClearTheMind"],"campfire_rested":4,"item_purchase_floors":[12,12,19,37,37],"current_hp_per_floor":[65,65,65,65,57,22,9,29,29,49,49,49,43,43,43,2,51,42,42,13,13,13,34,34,50,50,50,42,50,50,29,50,39,47,46,46,46,47,47,47,47,34,34,47,47,47,47,43,43,0,0],"gold":160,"neow_bonus":"BOSS_RELIC","is_daily":false,"chose_seed":false,"campfire_upgraded":5,"win_rate":0.0,"timestamp":1612581001,"path_taken":["M","M","?","M","M","E","?","R","T","R","M","$","?","M","R","BOSS","M","?","M","?","$","R","?","M","T","R","E","M","?","M","R","BOSS","M","?","$","M","?","R","?","M","T","?","R","E","R","E","R","BOSS"],"items_purchased_type":["Relic","Card","Relic","Relic","Card"],"build_version":"2020-12-18","purchased_purges":1,"victory":false,"max_hp_per_floor":[72,72,67,67,67,67,67,67,67,67,67,67,67,67,67,67,67,67,67,72,72,72,72,50,50,50,50,50,50,50,50,50,50,50,50,47,47,47,47,47,47,47,47,47,47,47,47,47,47,47,47],"relic_stats":{"Regal Pillow":6,"counters":[23,103],"Bloody Idol":43,"Blue Candle":[1],"VioletLotus":[3],"Letter Opener":[18],"Cursed Key":4,"Smiling Mask":25,"GoldenEye":[6],"obtain_stats":[{"Regal Pillow":28,"Lantern":37,"Golden Idol":3,"Blue Candle":46,"Oddly Smooth Stone":30,"Letter Opener":26,"Odd Mushroom":7,"Cursed Key":0,"Smiling Mask":9,"GoldenEye":43,"ClockworkSouvenir":12,"Bloody Idol":21,"Molten Egg 2":6,"VioletLotus":34,"PureWater":0,"FossilizedHelix":19,"TungstenRod":48,"Runic Pyramid":17},{"Regal Pillow":13,"Lantern":17,"Golden Idol":2,"Blue Candle":21,"Oddly Smooth Stone":14,"Letter Opener":12,"Odd Mushroom":6,"Cursed Key":0,"Smiling Mask":6,"GoldenEye":19,"ClockworkSouvenir":7,"Bloody Idol":11,"Molten Egg 2":5,"VioletLotus":16,"PureWater":0,"FossilizedHelix":10,"TungstenRod":22,"Runic Pyramid":9},{"Regal Pillow":57,"Lantern":75,"Golden Idol":7,"Blue Candle":92,"Oddly Smooth Stone":60,"Letter Opener":53,"Odd Mushroom":25,"Cursed Key":0,"Smiling Mask":25,"GoldenEye":82,"ClockworkSouvenir":28,"Bloody Idol":49,"Molten Egg 2":21,"VioletLotus":70,"PureWater":0,"FossilizedHelix":45,"TungstenRod":98,"Runic Pyramid":41}],"TungstenRod":6},"card_choices":[{"not_picked":["Consecrate","SignatureMove"],"picked":"Wallop","floor":1},{"not_picked":["Wireheading","PathToVictory"],"picked":"CutThroughFate","floor":2},{"not_picked":["WheelKick","Nirvana"],"picked":"BattleHymn","floor":4},{"not_picked":["Study","SandsOfTime"],"picked":"Halt","floor":5},{"not_picked":["Collect","SandsOfTime+1"],"picked":"FlurryOfBlows+1","floor":6},{"not_picked":["EmptyBody","PathToVictory"],"picked":"EmptyFist+1","floor":7},{"not_picked":["InnerPeace","Evaluate"],"picked":"ThirdEye","floor":11},{"not_picked":["Pray","Vengeance"],"picked":"Vault","floor":14},{"not_picked":["Vault","Scrawl"],"picked":"Blasphemy","floor":16},{"not_picked":["Evaluate","Protect"],"picked":"Conclude+1","floor":18},{"not_picked":["ReachHeaven+1","PathToVictory"],"picked":"Prostrate+1","floor":20},{"not_picked":["FlurryOfBlows+1","LikeWater"],"picked":"Tantrum+1","floor":25},{"not_picked":["ThirdEye","CrushJoints+1"],"picked":"LikeWater","floor":28},{"not_picked":["SignatureMove+1","SashWhip+1"],"picked":"Tantrum+1","floor":29},{"not_picked":["Adaptation","DeceiveReality"],"picked":"FlyingSleeves+1","floor":31},{"not_picked":["LessonLearned+1","Blasphemy"],"picked":"Omniscience","floor":33},{"not_picked":["SashWhip+1","Study"],"picked":"Prostrate+1","floor":35},{"not_picked":["Collect+1","WheelKick+1"],"picked":"Wallop+1","floor":38},{"not_picked":["Halt+1","Evaluate"],"picked":"EmptyFist+1","floor":42},{"not_picked":["EmptyFist+1","CutThroughFate+1"],"picked":"Protect","floor":44},{"not_picked":["Blasphemy","Evaluate"],"picked":"Protect+1","floor":46},{"not_picked":["JustLucky+1","WheelKick+1"],"picked":"Sanctity+1","floor":48}],"player_experience":3020894,"relics_obtained":[{"floor":6,"key":"Molten Egg 2"},{"floor":7,"key":"Odd Mushroom"},{"floor":9,"key":"Smiling Mask"},{"floor":26,"key":"Letter Opener"},{"floor":28,"key":"Regal Pillow"},{"floor":30,"key":"Oddly Smooth Stone"},{"floor":43,"key":"GoldenEye"},{"floor":46,"key":"Blue Candle"},{"floor":48,"key":"TungstenRod"}],"event_choices":[{"damage_healed":0,"gold_gain":0,"player_choice":"Lose Max HP","damage_taken":0,"relics_obtained":["Golden Idol"],"max_hp_gain":0,"max_hp_loss":5,"event_name":"Golden Idol","floor":3,"gold_loss":0},{"damage_healed":0,"gold_gain":0,"player_choice":"Fought Mushrooms","damage_taken":0,"max_hp_gain":0,"max_hp_loss":0,"event_name":"Mushrooms","floor":7,"gold_loss":0},{"damage_healed":0,"gold_gain":75,"player_choice":"Touch","damage_taken":6,"max_hp_gain":0,"max_hp_loss":0,"event_name":"FaceTrader","floor":13,"gold_loss":0},{"damage_healed":0,"gold_gain":0,"player_choice":"Gave Idol","damage_taken":0,"relics_obtained":["Bloody Idol"],"max_hp_gain":0,"max_hp_loss":0,"event_name":"Forgotten Altar","floor":21,"relics_lost":["Golden Idol"],"gold_loss":0},{"damage_healed":0,"gold_gain":0,"player_choice":"Became a vampire","damage_taken":0,"max_hp_gain":0,"max_hp_loss":22,"event_name":"Vampires","floor":24,"gold_loss":0,"cards_obtained":["Bite","Bite","Bite","Bite","Bite"]},{"cards_removed":["Shame","Parasite"],"damage_healed":0,"gold_gain":0,"player_choice":"Removed Curses","damage_taken":0,"max_hp_gain":0,"max_hp_loss":0,"event_name":"Fountain of Cleansing","floor":36,"gold_loss":0},{"damage_healed":0,"gold_gain":0,"player_choice":"Upgraded","damage_taken":0,"max_hp_gain":0,"max_hp_loss":0,"event_name":"Upgrade Shrine","floor":41,"gold_loss":0,"cards_upgraded":["ClearTheMind"]}],"is_beta":true,"boss_relics":[{"not_picked":["Black Star","Runic Dome"],"picked":"Runic Pyramid"},{"not_picked":["Velvet Choker","Astrolabe"],"picked":"VioletLotus"}],"items_purged_floors":[12],"is_endless":false,"potions_floor_spawned":[2,4,7,11,18,20,29,33,38,42,44],"killed_by":"Awakened One","ascension_level":9}}