{"host":"3qkmyeoym75lj4wn","time":1612639512,"event":{"mods":["2.2 Compatiblity","BaseMod","Block Reminder","Colored Powertips","Highlight Path","Minty Spire (QoL Compilation)","Permanent Neow","Potion Indicator Mod","Rare Cards Sparkle","Relic Stats","StSLib","Unceasing Turn Reminder"],"gold_per_floor":[119,130,6,16,16,16,42,42,68,84,84,99,99,126,126,200,200,215,215,140,12,30,30,30,30,30,45,79,79,79,93,93,168,168,184,200,225,39,0,0,12,12,12,12,12],"floor_reached":44,"language":"ENG","playtime":1389,"items_purged":["Strike_B"],"score":868,"play_id":"f14c354a-e3ad-4ff4-be45-7707dff6c50c","local_time":"20210206192512","is_ascension_mode":true,"campfire_choices":[{"data":"Zap","floor":6,"key":"SMITH"},{"floor":8,"key":"REST"},{"data":"Loop","floor":13,"key":"SMITH"},{"floor":15,"key":"REST"},{"floor":23,"key":"REST"},{"data":"Go for the Eyes","floor":25,"key":"SMITH"},{"floor":30,"key":"REST"},{"data":"Coolheaded","floor":32,"key":"SMITH"},{"floor":40,"key":"REST"}],"circlet_count":0,"master_deck":["AscendersBane","Strike_B","Strike_B","Strike_B","Defend_B","Defend_B","Defend_B","Defend_B","Zap+1","Dualcast","Rainbow","Go for the Eyes+1","Cold Snap","Coolheaded+1","Bandage Up","Ball Lightning","Loop+1","Leap","Electrodynamics","Reboot","Ball Lightning","Glacier","Amplify"],"relics":["Cracked Core","Orichalcum","Pen Nib","WarpedTongs","The Courier","Black Star","ClockworkSouvenir","Anchor","Omamori","Cursed Key","FossilizedHelix","PreservedInsect","Red Mask","StrikeDummy"],"acts_visited":["Exordium","TheCity","TheBeyond"],"potions_floor_usage":[28,33],"damage_taken":[{"damage":5,"enemies":"Jaw Worm","floor":1,"turns":5},{"damage":3,"enemies":"Small Slimes","floor":2,"turns":4},{"damage":0,"enemies":"Cultist","floor":4,"turns":4},{"damage":39,"enemies":"Gremlin Nob","floor":7,"turns":4},{"damage":5,"enemies":"Looter","floor":10,"turns":2},{"damage":4,"enemies":"3 Louse","floor":12,"turns":3},{"damage":27,"enemies":"Lagavulin","floor":14,"turns":5},{"damage":6,"enemies":"Slime Boss","floor":16,"turns":7},{"damage":10,"enemies":"Spheric Guardian","floor":18,"turns":4},{"damage":28,"enemies":"Shell Parasite","floor":22,"turns":4},{"damage":16,"enemies":"Snake Plant","floor":27,"turns":4},{"damage":25,"enemies":"Slavers","floor":28,"turns":4},{"damage":0,"enemies":"Chosen and Byrds","floor":31,"turns":3},{"damage":38,"enemies":"Collector","floor":33,"turns":11},{"damage":2,"enemies":"Orb Walker","floor":35,"turns":4},{"damage":39,"enemies":"3 Darklings","floor":36,"turns":3},{"damage":0,"enemies":"Mind Bloom Boss Battle","floor":37,"turns":5},{"damage":22,"enemies":"Sphere and 2 Shapes","floor":41,"turns":5},{"damage":56,"enemies":"Giant Head","floor":44,"turns":6}],"seed_played":"-5057203010797372846","potions_obtained":[{"floor":2,"key":"LiquidBronze"},{"floor":10,"key":"SpeedPotion"},{"floor":16,"key":"CultistPotion"},{"floor":28,"key":"SteroidPotion"},{"floor":36,"key":"SpeedPotion"},{"floor":42,"key":"LiquidBronze"}],"is_trial":false,"path_per_floor":["M","M","$","M","?","R","E","R","T","M","?","M","R","E","R","B",null,"M","?","?","$","M","R","$","R","T","M","E","?","R","M","R","B",null,"M","M","?","$","?","R","M","?","T","E"],"character_chosen":"DEFECT","items_purchased":["Coolheaded","Bandage Up","ClockworkSouvenir","PreservedInsect"],"campfire_rested":5,"item_purchase_floors":[3,3,21,38],"current_hp_per_floor":[59,56,56,60,60,60,25,46,46,41,41,41,41,18,39,37,63,59,59,59,59,37,58,58,58,58,46,25,25,46,50,50,16,57,59,24,28,28,28,49,31,31,31,0,0],"gold":12,"neow_bonus":"ONE_RANDOM_RARE_CARD","is_daily":false,"chose_seed":false,"campfire_upgraded":4,"win_rate":0.0,"timestamp":1612639512,"path_taken":["M","M","$","M","?","R","E","R","T","M","?","?","R","E","R","BOSS","M","?","?","$","M","R","?","R","T","M","E","?","R","M","R","BOSS","M","M","?","$","?","R","M","?","T","E"],"items_purchased_type":["Card","Card","Relic","Relic"],"build_version":"2020-12-22","purchased_purges":1,"victory":false,"max_hp_per_floor":[71,71,71,71,71,71,71,71,71,71,71,71,71,71,71,71,71,71,71,71,71,71,71,71,71,71,71,71,71,71,71,71,71,71,71,71,71,71,71,71,71,71,71,71,71],"relic_stats":{"counters":[19,87],"Pen Nib":[9],"PreservedInsect":130,"Black Star":1,"Orichalcum":[120],"Cursed Key":1,"obtain_stats":[{"Pen Nib":9,"The Courier":14,"PreservedInsect":38,"Omamori":28,"Orichalcum":7,"Cursed Key":34,"WarpedTongs":11,"ClockworkSouvenir":21,"Anchor":28,"Black Star":17,"Red Mask":39,"Cracked Core":0,"StrikeDummy":43,"FossilizedHelix":37},{"Pen Nib":4,"The Courier":7,"PreservedInsect":17,"Omamori":12,"Orichalcum":4,"Cursed Key":14,"WarpedTongs":5,"ClockworkSouvenir":9,"Anchor":12,"Black Star":8,"Red Mask":17,"Cracked Core":0,"StrikeDummy":18,"FossilizedHelix":17},{"Pen Nib":17,"The Courier":27,"PreservedInsect":76,"Omamori":50,"Orichalcum":17,"Cursed Key":64,"WarpedTongs":19,"ClockworkSouvenir":38,"Anchor":50,"Black Star":34,"Red Mask":76,"Cracked Core":0,"StrikeDummy":81,"FossilizedHelix":76}],"WarpedTongs":[67]},"card_choices":[{"not_picked":["Coolheaded","Doom and Gloom"],"picked":"Go for the Eyes","floor":1},{"not_picked":["Stack","Streamline"],"picked":"Cold Snap","floor":2},{"not_picked":["Steam","Glacier"],"picked":"Ball Lightning","floor":4},{"not_picked":["Double Energy","Barrage","Streamline"],"picked":"SKIP","floor":7},{"not_picked":["Storm","Tempest"],"picked":"Loop","floor":10},{"not_picked":["Compile Driver","Undo"],"picked":"Leap","floor":12},{"not_picked":["Self Repair","Redo"],"picked":"Electrodynamics","floor":14},{"not_picked":["Electrodynamics","Thunder Strike"],"picked":"Reboot","floor":16},{"not_picked":["Conserve Battery","Genetic Algorithm"],"picked":"Ball Lightning","floor":18},{"not_picked":["Leap","Double Energy","Lockon"],"picked":"SKIP","floor":22},{"not_picked":["Rebound","Consume","Undo"],"picked":"SKIP","floor":27},{"not_picked":["Streamline","Redo","Rebound"],"picked":"SKIP","floor":28},{"not_picked":["Turbo","Multi-Cast"],"picked":"Glacier","floor":31},{"not_picked":["Electrodynamics","Rainbow"],"picked":"Amplify","floor":33},{"not_picked":["Hologram+1","Streamline+1","Gash+1"],"picked":"SKIP","floor":35},{"not_picked":["Rebound","Go for the Eyes","Beam Cell"],"picked":"SKIP","floor":36},{"not_picked":["Streamline","Barrage","Leap"],"picked":"SKIP","floor":41}],"player_experience":1732668,"relics_obtained":[{"floor":7,"key":"Orichalcum"},{"floor":9,"key":"Pen Nib"},{"floor":14,"key":"The Courier"},{"floor":28,"key":"Anchor"},{"floor":28,"key":"Omamori"},{"floor":37,"key":"FossilizedHelix"},{"floor":43,"key":"StrikeDummy"}],"event_choices":[{"damage_healed":0,"gold_gain":0,"player_choice":"Ignored","damage_taken":0,"max_hp_gain":0,"max_hp_loss":0,"event_name":"Shining Light","floor":5,"gold_loss":0},{"damage_healed":0,"gold_gain":0,"player_choice":"Rummage","damage_taken":0,"relics_obtained":["WarpedTongs"],"max_hp_gain":0,"max_hp_loss":0,"event_name":"Accursed Blacksmith","floor":11,"gold_loss":0,"cards_obtained":["Pain"]},{"damage_healed":0,"gold_gain":0,"player_choice":"Ignored","damage_taken":0,"max_hp_gain":0,"max_hp_loss":0,"event_name":"Vampires","floor":19,"gold_loss":0},{"cards_removed":["Pain"],"damage_healed":0,"gold_gain":0,"player_choice":"Gave Gold","damage_taken":0,"max_hp_gain":0,"max_hp_loss":0,"event_name":"Beggar","floor":20,"gold_loss":75},{"damage_healed":0,"gold_gain":0,"player_choice":"Smashed Altar","damage_taken":0,"max_hp_gain":0,"max_hp_loss":0,"event_name":"Forgotten Altar","floor":29,"gold_loss":0,"cards_obtained":["Decay"]},{"damage_healed":0,"gold_gain":0,"player_choice":"Fight","damage_taken":0,"max_hp_gain":0,"max_hp_loss":0,"event_name":"MindBloom","floor":37,"gold_loss":0},{"damage_healed":0,"gold_gain":0,"player_choice":"Paid","damage_taken":0,"relics_obtained":["Red Mask"],"max_hp_gain":0,"max_hp_loss":0,"event_name":"Tomb of Lord Red Mask","floor":39,"gold_loss":39},{"damage_healed":0,"gold_gain":0,"player_choice":"Got Potions","damage_taken":0,"max_hp_gain":0,"max_hp_loss":0,"event_name":"Lab","floor":42,"gold_loss":0}],"is_beta":false,"boss_relics":[{"not_picked":["Sozu","Runic Pyramid"],"picked":"Black Star"},{"not_picked":["Velvet Choker","Pandora\u0027s Box"],"picked":"Cursed Key"}],"items_purged_floors":[38],"is_endless":false,"potions_floor_spawned":[2,10,16,18,28,36,41],"killed_by":"Giant Head","ascension_level":20}}