{"host":"hszimsrtxxc2k25w","time":1612594718,"event":{"mods":["AchievementEnabler","BaseMod","Colored Map","DeckTracker","Minty Spire (QoL Compilation)","Rare Cards Sparkle","SuperFastMode"],"gold_per_floor":[19,36,56,56,76,76,105,124,176,176,186,247,258,278,278,355,355,368,368,368,368,293,293,293],"floor_reached":23,"language":"KOR","playtime":498,"items_purged":["Outmaneuver"],"score":486,"play_id":"5fd7cae9-a078-4554-b0c0-e9d3b1b306fc","local_time":"20210206155838","is_ascension_mode":true,"campfire_choices":[{"data":"Poisoned Stab","floor":6,"key":"SMITH"},{"floor":10,"key":"REST"},{"data":"Cloak And Dagger","floor":15,"key":"SMITH"}],"circlet_count":0,"master_deck":["AscendersBane","Survivor","Neutralize","Poisoned Stab+1","Backstab+1","Cloak And Dagger+1","Well Laid Plans","Dash","Eviscerate","Grand Finale","Doppelganger"],"relics":["Ring of the Snake","Ice Cream","StrikeDummy","Whetstone","Pandora\u0027s Box"],"acts_visited":["Exordium","TheCity"],"potions_floor_usage":[7,7,16],"damage_taken":[{"damage":7,"enemies":"Cultist","floor":1,"turns":5},{"damage":0,"enemies":"2 Louse","floor":2,"turns":3},{"damage":1,"enemies":"Small Slimes","floor":3,"turns":3},{"damage":1,"enemies":"2 Fungi Beasts","floor":5,"turns":3},{"damage":44,"enemies":"Lagavulin","floor":7,"turns":7},{"damage":0,"enemies":"3 Louse","floor":8,"turns":3},{"damage":1,"enemies":"Looter","floor":11,"turns":3},{"damage":3,"enemies":"Blue Slaver","floor":13,"turns":2},{"damage":7,"enemies":"Large Slime","floor":14,"turns":4},{"damage":0,"enemies":"Slime Boss","floor":16,"turns":4},{"damage":6,"enemies":"Chosen","floor":18,"turns":3},{"damage":30,"enemies":"Slavers","floor":23,"turns":4}],"seed_played":"-2294654879214808184","potions_obtained":[{"floor":4,"key":"EntropicBrew"},{"floor":4,"key":"ColorlessPotion"},{"floor":5,"key":"CunningPotion"},{"floor":16,"key":"DuplicationPotion"}],"is_trial":false,"path_per_floor":["M","M","M","?","M","R","E","M","T","R","M","?","M","M","R","B",null,"M","?","?","?","$","E"],"character_chosen":"THE_SILENT","items_purchased":[],"campfire_rested":1,"item_purchase_floors":[],"current_hp_per_floor":[52,52,51,51,50,50,6,6,6,25,24,24,21,14,14,14,53,47,47,47,47,47,17,17],"gold":293,"neow_bonus":"ONE_RARE_RELIC","is_daily":false,"chose_seed":false,"campfire_upgraded":2,"win_rate":0.0,"timestamp":1612594718,"path_taken":["M","M","M","?","M","R","E","M","T","R","?","?","M","M","R","BOSS","M","?","?","?","$","E"],"items_purchased_type":[],"build_version":"2020-12-22","purchased_purges":1,"victory":false,"max_hp_per_floor":[66,66,66,66,66,66,66,66,66,66,66,66,66,66,66,66,66,66,66,66,66,66,66,66],"card_choices":[{"not_picked":["Backflip","All Out Attack"],"picked":"Poisoned Stab","floor":1},{"not_picked":["Leg Sweep","Dagger Throw"],"picked":"Backstab","floor":2},{"not_picked":["Blade Dance","Finisher"],"picked":"Cloak And Dagger","floor":3},{"not_picked":["Quick Slash","Malaise"],"picked":"Well Laid Plans","floor":5},{"not_picked":["Flying Knee","Prepared"],"picked":"Dash","floor":7},{"not_picked":["Sucker Punch","Noxious Fumes"],"picked":"Eviscerate","floor":8},{"not_picked":["Underhanded Strike","Quick Slash"],"picked":"Blade Dance","floor":11},{"not_picked":["Flying Knee","Cloak And Dagger"],"picked":"Grand Finale","floor":13},{"not_picked":["Poisoned Stab","Slice"],"picked":"Accuracy","floor":14},{"not_picked":["Backstab","Setup","Underhanded Strike"],"picked":"SKIP","floor":18}],"player_experience":669443,"relics_obtained":[{"floor":7,"key":"StrikeDummy"},{"floor":9,"key":"Whetstone"}],"event_choices":[{"damage_healed":0,"gold_gain":0,"player_choice":"Got Potions","damage_taken":0,"max_hp_gain":0,"max_hp_loss":0,"event_name":"Lab","floor":4,"gold_loss":0},{"damage_healed":0,"gold_gain":61,"player_choice":"Gained Gold","damage_taken":0,"max_hp_gain":0,"max_hp_loss":0,"event_name":"Golden Wing","floor":12,"gold_loss":0},{"damage_healed":0,"gold_gain":0,"cards_transformed":["Blade Dance","Accuracy"],"player_choice":"Became Test Subject","damage_taken":0,"max_hp_gain":0,"max_hp_loss":0,"event_name":"Drug Dealer","floor":19,"gold_loss":0,"cards_obtained":["Doppelganger","Outmaneuver"]},{"damage_healed":0,"gold_gain":0,"player_choice":"Ignored","damage_taken":0,"max_hp_gain":0,"max_hp_loss":0,"event_name":"Ghosts","floor":20,"gold_loss":0},{"damage_healed":0,"gold_gain":0,"player_choice":"Ignored","damage_taken":0,"max_hp_gain":0,"max_hp_loss":0,"event_name":"Vampires","floor":21,"gold_loss":0}],"is_beta":false,"boss_relics":[{"not_picked":["Runic Dome","Snecko Eye"],"picked":"Pandora\u0027s Box"}],"items_purged_floors":[22],"is_endless":false,"potions_floor_spawned":[5,7,8,16,18],"killed_by":"Slavers","ascension_level":20}}