{"host":"f5gffvlv6a66yqkd","time":1612622126,"event":{"mods":["2.2 Compatiblity","BaseMod","Colored Map","Custom Start","DeckTracker","Keyboard Shortcuts","Minty Spire (QoL Compilation)","Permanent Neow","Quick Restart","Relic Stats","StSLib","SuperFastMode"],"gold_per_floor":[119,194,194,218,238,238,274,274,328,352,352,365,379,433,433,526,526,547,565,565,565,565],"floor_reached":21,"language":"KOR","playtime":1199,"items_purged":[],"score":408,"play_id":"c07b10bf-36e7-4c54-9397-4394aa48e0b6","local_time":"20210206233526","is_ascension_mode":true,"campfire_choices":[{"data":"Zap","floor":6,"key":"SMITH"},{"data":"Defragment","floor":8,"key":"SMITH"},{"data":"Dualcast","floor":11,"key":"SMITH"},{"floor":15,"key":"REST"}],"circlet_count":0,"master_deck":["AscendersBane","Strike_B","Strike_B","Strike_B","Strike_B","Defend_B","Defend_B","Defend_B","Defend_B","Zap+1","Dualcast+1","Genetic Algorithm","Hologram","Defragment+1","Compile Driver","FTL","Biased Cognition+1","Buffer","Cold Snap","Consume"],"relics":["Cracked Core","NeowsBlessing","Golden Idol","Potion Belt","Gambling Chip","Nunchaku","Snecko Eye"],"acts_visited":["Exordium","TheCity"],"potions_floor_usage":[13,16,16,16,16,16],"damage_taken":[{"damage":0,"enemies":"2 Louse","floor":1,"turns":1},{"damage":0,"enemies":"Jaw Worm","floor":5,"turns":1},{"damage":0,"enemies":"Lagavulin","floor":7,"turns":1},{"damage":0,"enemies":"Cultist","floor":10,"turns":3},{"damage":26,"enemies":"Exordium Wildlife","floor":12,"turns":5},{"damage":0,"enemies":"Blue Slaver","floor":13,"turns":2},{"damage":18,"enemies":"The Guardian","floor":16,"turns":12},{"damage":13,"enemies":"Spheric Guardian","floor":18,"turns":4},{"damage":35,"enemies":"Chosen","floor":19,"turns":7},{"damage":6,"enemies":"Centurion and Healer","floor":21,"turns":5}],"seed_played":"-9149630273822070306","potions_obtained":[{"floor":1,"key":"SteroidPotion"},{"floor":5,"key":"EntropicBrew"},{"floor":12,"key":"Block Potion"},{"floor":18,"key":"LiquidBronze"}],"is_trial":false,"path_per_floor":["M","?","?","T","M","R","E","R","T","M","R","M","M","T","R","B",null,"M","M","?","M"],"character_chosen":"DEFECT","items_purchased":[],"campfire_rested":1,"item_purchase_floors":[],"current_hp_per_floor":[64,53,29,29,29,29,29,29,29,29,29,3,3,3,24,6,55,42,7,7,1,1],"gold":565,"neow_bonus":"THREE_ENEMY_KILL","is_daily":false,"chose_seed":false,"campfire_upgraded":3,"win_rate":0.0,"timestamp":1612622126,"path_taken":["M","?","?","?","?","R","E","R","T","M","R","?","M","?","R","BOSS","M","M","?","M"],"items_purchased_type":[],"build_version":"2020-12-22","purchased_purges":0,"victory":false,"max_hp_per_floor":[71,71,71,71,71,71,71,71,71,71,71,71,71,71,71,71,71,71,71,71,71,71],"relic_stats":{"Nunchaku":[5],"counters":[10,41],"Golden Idol":49,"Gambling Chip":[24],"Snecko Eye":[22,39,27,37],"obtain_stats":[{"Potion Belt":4,"Nunchaku":9,"NeowsBlessing":0,"Golden Idol":3,"Gambling Chip":7,"Snecko Eye":17,"Cracked Core":0},{"Potion Belt":1,"Nunchaku":3,"NeowsBlessing":0,"Golden Idol":1,"Gambling Chip":3,"Snecko Eye":7,"Cracked Core":0},{"Potion Belt":1,"Nunchaku":3,"NeowsBlessing":0,"Golden Idol":1,"Gambling Chip":3,"Snecko Eye":25,"Cracked Core":0}]},"card_choices":[{"not_picked":["Stack","Barrage"],"picked":"Genetic Algorithm","floor":1},{"not_picked":["Stack","Steam Power"],"picked":"Hologram","floor":5},{"not_picked":["Streamline","Steam"],"picked":"Defragment","floor":7},{"not_picked":["Stack","Turbo"],"picked":"Compile Driver","floor":10},{"not_picked":["Heatsinks","Blizzard"],"picked":"FTL","floor":12},{"not_picked":["Go for the Eyes","Skim"],"picked":"Biased Cognition","floor":13},{"not_picked":["Creative AI","Biased Cognition"],"picked":"Buffer","floor":16},{"not_picked":["Redo","Turbo+1"],"picked":"Cold Snap","floor":18},{"not_picked":["Leap","Ball Lightning"],"picked":"Consume","floor":19}],"player_experience":1677655,"relics_obtained":[{"floor":4,"key":"Potion Belt"},{"floor":7,"key":"Gambling Chip"},{"floor":9,"key":"Nunchaku"}],"event_choices":[{"damage_healed":0,"gold_gain":75,"player_choice":"Gather Gold","damage_taken":11,"max_hp_gain":0,"max_hp_loss":0,"event_name":"World of Goop","floor":2,"gold_loss":0},{"damage_healed":0,"gold_gain":0,"player_choice":"Take Damage","damage_taken":24,"relics_obtained":["Golden Idol"],"max_hp_gain":0,"max_hp_loss":0,"event_name":"Golden Idol","floor":3,"gold_loss":0},{"damage_healed":0,"gold_gain":0,"player_choice":"Upgraded","damage_taken":0,"max_hp_gain":0,"max_hp_loss":0,"event_name":"Upgrade Shrine","floor":20,"gold_loss":0,"cards_upgraded":["Biased Cognition"]}],"is_beta":false,"boss_relics":[{"not_picked":["Ectoplasm","Fusion Hammer"],"picked":"Snecko Eye"}],"items_purged_floors":[],"is_endless":false,"potions_floor_spawned":[1,5,12,18],"killed_by":"Centurion and Healer","ascension_level":20}}