{"host":"hgp4s9chziw0zf0g","time":1612607097,"event":{"mods":["BaseMod","BetterRewards","Defuse TimeMaze Blight","Downfall","GifTheSpireLib","Hubris","Infinite Spire","Mimic Mod","Minty Spire (QoL Compilation)","Remove Card Discount Mod","Replay The Spire","StSLib","Stuff the Spire","Synergy Search","The Jungle"],"gold_per_floor":[116,116,116,116,4,4,14,14,46,46,46,64,64,99,99,203,203,215,215,55,55,68,97,97,97,132,144,144,144],"floor_reached":28,"language":"ENG","playtime":2096,"items_purged":["Strike_G","Strike_G","Strike_G","Strike_G+1","Strike_G","Defend_G","Defend_G","Defend_G","Defend_G"],"score":232,"play_id":"cf012d13-67e0-4539-b18f-02dcfdbe218c","local_time":"20210206042457","is_ascension_mode":false,"campfire_choices":[{"data":"StuffTheSpire:Injection","floor":6,"key":"SMITH"},{"data":"Hidden Blade","floor":8,"key":"SMITH"},{"floor":10,"key":"REST"},{"data":"hubris:Sniper","floor":15,"key":"SMITH"},{"floor":25,"key":"REST"}],"circlet_count":0,"master_deck":["Survivor","ReplayTheSpireMod:Necrosis+1","hubris:Sniper+1","StuffTheSpire:Injection+1","Backflip","Hidden Blade+1","Deadly Poison","Cloak And Dagger","Night Terror","Night Terror","CurseOfTheBell","ReplayTheSpireMod:Shiv Toss","StuffTheSpire:Shiver","ReplayTheSpireMod:Private Reserves","Deadly Poison+1","Poisoned Stab","Hidden Blade"],"relics":["infinitespire:DarkRift","infinitespire:Cubic Diamond","ReplayTheSpireMod:Lightbulb","StuffTheSpire:OldFever","Potion Belt","Calling Bell","Orichalcum","Pantograph","hubris:FunFungus","Juzu Bracelet","The Specimen","hubris:Towel","Ornamental Fan","StuffTheSpire:ForceGauntlet"],"acts_visited":["Exordium","Exordium"],"potions_floor_usage":[22,22],"damage_taken":[{"damage":0,"enemies":"Small Slimes","floor":1,"turns":4},{"damage":0,"enemies":"Jaw Worm","floor":7,"turns":2},{"damage":0,"enemies":"2 Louse","floor":9,"turns":6},{"damage":0,"enemies":"2 Louse","floor":12,"turns":2},{"damage":6,"enemies":"Gremlin Nob","floor":14,"turns":3},{"damage":21,"enemies":"Hexaghost","floor":16,"turns":10},{"damage":7,"enemies":"theJungle:MUSHROOMGANG","floor":18,"turns":5},{"damage":19,"enemies":"theJungle:Flameango_and_Byrd","floor":22,"turns":5},{"damage":42,"enemies":"theJungle:MamaSnecko","floor":23,"turns":5},{"damage":11,"enemies":"theJungle:2_Flameangoes","floor":26,"turns":6},{"damage":13,"enemies":"theJungle:2_Flameangoes","floor":27,"turns":6},{"damage":12,"enemies":"theJungle:Snecko_Cultist_And_Trap","floor":28,"turns":2}],"seed_played":"6055432719753725328","potions_obtained":[{"floor":14,"key":"Elixir"},{"floor":18,"key":"SteroidPotion"},{"floor":23,"key":"champ:CounterPotion"}],"is_trial":false,"path_per_floor":["M","?","?","?","$","R","M","R","MIM","R","T","M","?","E","R","B",null,"M","?","$","T","M","E","?","R","MIM","M","M"],"character_chosen":"THE_SILENT","items_purchased":["StuffTheSpire:Injection","Backflip","StuffTheSpire:Shiver","ReplayTheSpireMod:Private Reserves"],"campfire_rested":2,"item_purchase_floors":[5,5,20,20],"current_hp_per_floor":[70,70,70,56,56,56,56,56,56,70,70,70,63,57,57,36,70,63,63,63,63,46,6,6,27,21,10,0,0],"gold":144,"neow_bonus":"ONE_RANDOM_RARE_CARD","is_daily":false,"chose_seed":false,"campfire_upgraded":3,"win_rate":0.0,"timestamp":1612607097,"path_taken":["M","?","?","?","?","R","?","R","MIM","R","?","M","?","E","R","BOSS","M","?","?","?","M","E","?","R","MIM","M","M"],"items_purchased_type":["Card","Card","Card","Card"],"build_version":"2020-12-22","purchased_purges":9,"victory":false,"max_hp_per_floor":[70,70,70,70,70,70,70,70,70,70,70,70,70,70,70,70,70,70,70,70,70,70,70,70,70,70,70,70,70],"card_choices":[{"not_picked":["ReplayTheSpireMod:Tripwire","StuffTheSpire:Injection"],"picked":"hubris:Sniper","floor":1},{"not_picked":["Reflex","Quick Slash"],"picked":"Hidden Blade","floor":7},{"not_picked":["Backflip","Cloak And Dagger"],"picked":"Deadly Poison","floor":9},{"not_picked":["Choke","Backflip"],"picked":"Cloak And Dagger","floor":12},{"not_picked":["hubris:SlightOfHand","Burst"],"picked":"Night Terror","floor":14},{"not_picked":["Phantasmal Killer","Bullet Time"],"picked":"Night Terror","floor":16},{"not_picked":["StuffTheSpire:Fury+1","Deadly Poison+1"],"picked":"ReplayTheSpireMod:Shiv Toss","floor":18},{"not_picked":["Flying Knee","hubris:SlightOfHand+1"],"picked":"Deadly Poison+1","floor":22},{"not_picked":["Doppelganger","ReplayTheSpireMod:Exploit Weakness"],"picked":"Poisoned Stab","floor":23},{"not_picked":["StuffTheSpire:BumpUp","StuffTheSpire:ClusterCrunch"],"picked":"Hidden Blade","floor":26},{"not_picked":["Bouncing Flask","Dagger Spray","Footwork+1"],"picked":"SKIP","floor":27}],"player_experience":484296,"relics_obtained":[{"floor":9,"key":"ReplayTheSpireMod:Lightbulb"},{"floor":11,"key":"StuffTheSpire:OldFever"},{"floor":14,"key":"Potion Belt"},{"floor":17,"key":"Orichalcum"},{"floor":17,"key":"Pantograph"},{"floor":17,"key":"hubris:FunFungus"},{"floor":21,"key":"Juzu Bracelet"},{"floor":23,"key":"The Specimen"},{"floor":26,"key":"Ornamental Fan"},{"floor":26,"key":"StuffTheSpire:ForceGauntlet"}],"event_choices":[{"damage_healed":0,"gold_gain":0,"player_choice":"Entered Light","damage_taken":14,"max_hp_gain":0,"max_hp_loss":0,"event_name":"Shining Light","floor":4,"gold_loss":0,"cards_upgraded":["ReplayTheSpireMod:Necrosis","Strike_G"]},{"cards_removed":["Neutralize"],"damage_healed":0,"gold_gain":0,"player_choice":"Card Removal","damage_taken":7,"max_hp_gain":0,"max_hp_loss":0,"event_name":"Golden Wing","floor":13,"gold_loss":0},{"cards_removed":["Replay:Bag of Tricks"],"damage_healed":0,"gold_gain":0,"player_choice":"Purged","damage_taken":0,"max_hp_gain":0,"max_hp_loss":0,"event_name":"Purifier","floor":19,"gold_loss":0}],"is_beta":false,"boss_relics":[{"not_picked":["Ectoplasm","Velvet Choker"],"picked":"Calling Bell"}],"items_purged_floors":[5,5,5,5,5,5,5,5,5],"is_endless":false,"potions_floor_spawned":[14,18,23],"killed_by":"theJungle:Snecko_Cultist_And_Trap","ascension_level":0}}