{"host":"ml2ro5l6hu6y0pll","time":1612576968,"event":{"mods":["AchievementEnabler","BaseMod","Colored Map","Colored Powertips","Custom Start","Downfall","Googly Eyes","Minty Spire (QoL Compilation)","Quick Restart","Rare Cards Sparkle","Relic Stats","StSLib","everything is the same but u backflip on backflip"],"gold_per_floor":[111,55,69,79,98,98,132,152,178,178,208,208,208,235,235,310,310,330,162,162,177,177,204,204,237,263,263,278,294,329,348,348,425,425,437,448,473,473,492,521,531,566,645,645,696,711,726,726,726,726,726,726,726,564,595,595],"floor_reached":57,"language":"ENG","playtime":2005,"items_purged":[],"score":3184,"play_id":"3b5b7f12-980f-488b-898a-da6d49b3f2cf","local_time":"20210206020248","is_ascension_mode":true,"campfire_choices":[{"data":"Blade Dance","floor":6,"key":"SMITH"},{"data":"Terror","floor":10,"key":"SMITH"},{"data":"Wraith Form v2","floor":13,"key":"SMITH"},{"data":"Blade Dance","floor":15,"key":"SMITH"},{"data":"Finisher","floor":27,"key":"SMITH"},{"data":"Dash","floor":32,"key":"SMITH"},{"floor":49,"key":"RECALL"},{"data":"After Image","floor":53,"key":"SMITH"}],"circlet_count":0,"master_deck":["Quick Slash+1","Masterful Stab","Endless Agony","Neutralize","Slice+1","Finisher+1","Dash+1","Backflip","Backflip","Dodge and Roll","Dodge and Roll","Blade Dance+1","Blade Dance+1","Terror+1","After Image+1","Backflip","Leg Sweep","Wraith Form v2+1","Phantasmal Killer+1","Outmaneuver+1","Accuracy+1","Blur+1","Blade Dance+1"],"relics":["Ring of the Snake","Kunai","Lantern","Gremlin Horn","Smiling Mask","Whetstone","Blood Vial","PreservedInsect","SlaversCollar","Sling","Enchiridion","Frozen Egg 2","Omamori","Bag of Marbles","Happy Flower","WristBlade","FossilizedHelix","Ninja Scroll","Sundial","Lizard Tail","Strawberry","Bird Faced Urn"],"acts_visited":["Exordium","TheCity","TheBeyond","TheEnding"],"potions_floor_usage":[56,56,56],"damage_taken":[{"damage":0,"enemies":"Cultist","floor":1,"turns":1},{"damage":0,"enemies":"Small Slimes","floor":3,"turns":2},{"damage":0,"enemies":"2 Louse","floor":4,"turns":1},{"damage":0,"enemies":"Looter","floor":5,"turns":2},{"damage":0,"enemies":"Gremlin Nob","floor":7,"turns":1},{"damage":0,"enemies":"Red Slaver","floor":8,"turns":3},{"damage":0,"enemies":"Lagavulin","floor":11,"turns":4},{"damage":4,"enemies":"3 Sentries","floor":14,"turns":4},{"damage":17,"enemies":"Hexaghost","floor":16,"turns":9},{"damage":1,"enemies":"Chosen","floor":18,"turns":5},{"damage":0,"enemies":"3 Byrds","floor":21,"turns":4},{"damage":0,"enemies":"Gremlin Leader","floor":23,"turns":1},{"damage":0,"enemies":"Slavers","floor":25,"turns":2},{"damage":0,"enemies":"Cultist and Chosen","floor":28,"turns":2},{"damage":4,"enemies":"Shelled Parasite and Fungi","floor":29,"turns":2},{"damage":0,"enemies":"Gremlin Leader","floor":30,"turns":1},{"damage":0,"enemies":"3 Cultists","floor":31,"turns":2},{"damage":4,"enemies":"Champ","floor":33,"turns":6},{"damage":0,"enemies":"3 Shapes","floor":35,"turns":3},{"damage":0,"enemies":"3 Darklings","floor":36,"turns":2},{"damage":0,"enemies":"Mind Bloom Boss Battle","floor":37,"turns":1},{"damage":0,"enemies":"Spire Growth","floor":39,"turns":1},{"damage":0,"enemies":"Giant Head","floor":40,"turns":3},{"damage":0,"enemies":"Maw","floor":41,"turns":5},{"damage":0,"enemies":"Reptomancer","floor":42,"turns":2},{"damage":1,"enemies":"2 Orb Walkers","floor":45,"turns":3},{"damage":0,"enemies":"Sphere and 2 Shapes","floor":46,"turns":1},{"damage":0,"enemies":"Jaw Worm Horde","floor":47,"turns":2},{"damage":24,"enemies":"Time Eater","floor":50,"turns":4},{"damage":22,"enemies":"Donu and Deca","floor":51,"turns":7},{"damage":0,"enemies":"Shield and Spear","floor":55,"turns":3},{"damage":62,"enemies":"The Heart","floor":56,"turns":7}],"seed_played":"3104611413096434937","potions_obtained":[{"floor":3,"key":"SteroidPotion"},{"floor":7,"key":"Energy Potion"},{"floor":18,"key":"EntropicBrew"}],"is_trial":true,"path_per_floor":["M","$","M","M","M","R","E","M","T","R","E","?","R","E","R","B",null,"M","$","?","M","?","E","?","E","T","R","M","M","E","M","R","B",null,"M","M","?","?","M","E","M","E","T","?","?","M","M","?","R","B","B",null,"R","$","E","B",null],"character_chosen":"THE_SILENT","items_purchased":["Deflect","Sling","Strawberry"],"campfire_rested":0,"item_purchase_floors":[2,19,54],"current_hp_per_floor":[59,59,59,59,59,59,59,59,59,59,59,64,64,62,62,47,65,66,66,45,47,47,49,49,51,51,51,53,51,53,55,55,53,67,69,71,71,71,71,71,71,71,71,67,66,67,67,67,67,43,23,56,56,63,65,11],"gold":595,"neow_bonus":"","is_daily":false,"chose_seed":false,"campfire_upgraded":7,"win_rate":0.0,"timestamp":1612576968,"path_taken":["M","$","M","M","M","R","E","M","T","R","E","?","R","E","R","BOSS","M","$","?","M","?","E","?","E","T","R","M","?","E","M","R","BOSS","M","M","?","?","M","E","M","E","T","?","?","?","M","?","R","BOSS","BOSS","R","$","E","BOSS"],"items_purchased_type":["Card","Relic","Relic"],"build_version":"2020-12-22","purchased_purges":0,"victory":true,"max_hp_per_floor":[66,66,66,66,66,66,66,66,66,66,66,71,71,71,71,71,71,71,71,71,71,71,71,71,71,71,71,71,71,71,71,71,71,71,71,71,71,71,71,71,71,71,71,67,67,67,67,67,67,67,67,67,67,74,74,74],"relic_stats":{"Gremlin Horn":[31,31],"Happy Flower":[17],"counters":[32,96],"PreservedInsect":418,"Whetstone":["Slice","Quick Slash"],"Smiling Mask":0,"Blood Vial":33,"Lizard Tail":0,"Sundial":[2],"Bird Faced Urn":[6],"Kunai":[130],"obtain_stats":[{"Lantern":0,"Gremlin Horn":0,"Happy Flower":30,"Enchiridion":20,"PreservedInsect":14,"Omamori":25,"Whetstone":9,"Frozen Egg 2":23,"Smiling Mask":7,"Sling":19,"Blood Vial":11,"SlaversCollar":17,"Lizard Tail":45,"WristBlade":34,"Ninja Scroll":40,"Sundial":42,"Strawberry":54,"Bird Faced Urn":55,"Bag of Marbles":26,"Kunai":0,"FossilizedHelix":37,"Ring of the Snake":0},{"Lantern":0,"Gremlin Horn":0,"Happy Flower":16,"Enchiridion":10,"PreservedInsect":8,"Omamori":13,"Whetstone":6,"Frozen Egg 2":12,"Smiling Mask":5,"Sling":10,"Blood Vial":7,"SlaversCollar":9,"Lizard Tail":26,"WristBlade":18,"Ninja Scroll":23,"Sundial":25,"Strawberry":30,"Bird Faced Urn":31,"Bag of Marbles":13,"Kunai":0,"FossilizedHelix":21,"Ring of the Snake":0},{"Lantern":0,"Gremlin Horn":0,"Happy Flower":44,"Enchiridion":32,"PreservedInsect":18,"Omamori":39,"Whetstone":10,"Frozen Egg 2":37,"Smiling Mask":7,"Sling":32,"Blood Vial":14,"SlaversCollar":27,"Lizard Tail":72,"WristBlade":52,"Ninja Scroll":62,"Sundial":69,"Strawberry":86,"Bird Faced Urn":89,"Bag of Marbles":39,"Kunai":0,"FossilizedHelix":58,"Ring of the Snake":0}],"Ring of the Snake":[51]},"card_choices":[{"not_picked":["Poisoned Stab","Distraction"],"picked":"Backflip","floor":1},{"not_picked":["Sucker Punch","Quick Slash","Endless Agony"],"picked":"SKIP","floor":3},{"not_picked":["Terror","Dash","Sucker Punch"],"picked":"SKIP","floor":4},{"not_picked":["Bouncing Flask","Choke"],"picked":"Leg Sweep","floor":5},{"not_picked":["Dagger Spray","A Thousand Cuts","Backflip"],"picked":"SKIP","floor":7},{"not_picked":["Poisoned Stab","Infinite Blades","Riddle With Holes"],"picked":"SKIP","floor":8},{"not_picked":["Dagger Throw","Poisoned Stab"],"picked":"Wraith Form v2","floor":11},{"not_picked":["Infinite Blades","Doppelganger","Bane"],"picked":"SKIP","floor":14},{"not_picked":["Bullet Time","Venomology"],"picked":"Phantasmal Killer","floor":16},{"not_picked":["Calculated Gamble","Leg Sweep","Prepared"],"picked":"SKIP","floor":18},{"not_picked":["Poisoned Stab","Crippling Poison","Deadly Poison+1"],"picked":"SKIP","floor":21},{"not_picked":["Dagger Throw","Acrobatics","Cloak And Dagger"],"picked":"SKIP","floor":23},{"not_picked":["Dash","Crippling Poison+1","PiercingWail+1"],"picked":"SKIP","floor":25},{"not_picked":["Infinite Blades+1","Flechettes","Bane"],"picked":"SKIP","floor":28},{"not_picked":["Sucker Punch","Cloak And Dagger","Acrobatics"],"picked":"SKIP","floor":29},{"not_picked":["Catalyst","Outmaneuver","Deadly Poison"],"picked":"SKIP","floor":30},{"not_picked":["Dagger Throw","Blade Dance"],"picked":"Outmaneuver+1","floor":31},{"not_picked":["Blur","Quick Slash+1"],"picked":"Accuracy+1","floor":35},{"not_picked":["Deadly Poison+1","Eviscerate","Quick Slash"],"picked":"SKIP","floor":36},{"not_picked":["PiercingWail","Outmaneuver+1"],"picked":"Blur+1","floor":39},{"not_picked":["Concentrate+1","Flechettes","Infinite Blades+1"],"picked":"SKIP","floor":40},{"not_picked":["Skewer","Poisoned Stab+1","Flying Knee"],"picked":"SKIP","floor":41},{"not_picked":["Acrobatics","Envenom+1","Flying Knee"],"picked":"SKIP","floor":42},{"not_picked":["Dagger Spray","Leg Sweep+1","Concentrate"],"picked":"SKIP","floor":46},{"not_picked":["Dagger Spray+1","Dodge and Roll"],"picked":"Blade Dance+1","floor":47},{"not_picked":["Dagger Throw","Setup+1","Tactician"],"picked":"SKIP","floor":55}],"player_experience":984309,"relics_obtained":[{"floor":7,"key":"Smiling Mask"},{"floor":9,"key":"Whetstone"},{"floor":11,"key":"Blood Vial"},{"floor":14,"key":"PreservedInsect"},{"floor":20,"key":"Enchiridion"},{"floor":23,"key":"Frozen Egg 2"},{"floor":25,"key":"Omamori"},{"floor":26,"key":"Bag of Marbles"},{"floor":30,"key":"Happy Flower"},{"floor":37,"key":"FossilizedHelix"},{"floor":40,"key":"Ninja Scroll"},{"floor":42,"key":"Sundial"},{"floor":45,"key":"Lizard Tail"},{"floor":55,"key":"Bird Faced Urn"}],"event_choices":[{"damage_healed":0,"gold_gain":0,"player_choice":"Donut","damage_taken":0,"max_hp_gain":5,"max_hp_loss":0,"event_name":"Big Fish","floor":12,"gold_loss":0},{"damage_healed":0,"gold_gain":0,"player_choice":"Obtained Book","damage_taken":21,"max_hp_gain":0,"max_hp_loss":0,"event_name":"Cursed Tome","floor":20,"gold_loss":0},{"damage_healed":0,"gold_gain":0,"player_choice":"Ignored","damage_taken":0,"max_hp_gain":0,"max_hp_loss":0,"event_name":"The Mausoleum","floor":22,"gold_loss":0},{"damage_healed":0,"gold_gain":0,"player_choice":"Upgraded","damage_taken":0,"max_hp_gain":0,"max_hp_loss":0,"event_name":"Upgrade Shrine","floor":24,"gold_loss":0,"cards_upgraded":["Phantasmal Killer"]},{"damage_healed":0,"gold_gain":0,"player_choice":"Fight","damage_taken":0,"max_hp_gain":0,"max_hp_loss":0,"event_name":"MindBloom","floor":37,"gold_loss":0},{"cards_removed":["Deflect"],"damage_healed":0,"gold_gain":0,"player_choice":"Removed Skill","damage_taken":0,"max_hp_gain":0,"max_hp_loss":0,"event_name":"Falling","floor":38,"gold_loss":0},{"damage_healed":0,"gold_gain":0,"player_choice":"Max HP","damage_taken":0,"max_hp_gain":0,"max_hp_loss":4,"event_name":"Winding Halls","floor":44,"gold_loss":0},{"damage_healed":0,"gold_gain":0,"player_choice":"Fight","damage_taken":0,"max_hp_gain":0,"max_hp_loss":0,"event_name":"Mysterious Sphere","floor":45,"gold_loss":0},{"damage_healed":0,"gold_gain":0,"player_choice":"Memory 1","damage_taken":0,"max_hp_gain":0,"max_hp_loss":0,"event_name":"SensoryStone","floor":48,"gold_loss":0}],"is_beta":false,"boss_relics":[{"not_picked":["Tiny House","Runic Dome"],"picked":"SlaversCollar"},{"not_picked":["Empty Cage","Astrolabe"],"picked":"WristBlade"}],"items_purged_floors":[],"is_endless":false,"potions_floor_spawned":[3,7,8,11,16,18,25,28,33,36,37,40,41,45,46,55],"ascension_level":20}}