{"host":"5f8yr5jxnqok2jdo","time":1612603984,"event":{"mods":["AchievementEnabler","BaseMod","Better Altar","Better Match","Better Note","Better Skull","Better Third Choice","Block Reminder","Colored Map","Colored Powertips","DeckTracker","Displayed Cursed Tome","Filter the Spire","Googly Eyes","Highlight Path","Key Reminder","Minty Spire (QoL Compilation)","Quick Restart","Rare Cards Sparkle","Relic Sorter","Relic Stats","ShortenTheSpire","Spire Arcade","Spire Birthday Party","StSLib","Steal the Spire","SuperFastMode","Uncapped","Unceasing Turn Reminder","everything is the same but u backflip on backflip","slay the spire mod where everything is the same but ironclad has a cowboy hat"],"gold_per_floor":[209,209,228,228,3,3,15,48,73,104,104,174,200,212,212,212,212],"floor_reached":16,"language":"ENG","playtime":335,"items_purged":["Strike_R"],"score":189,"play_id":"fda39cf0-1c4b-4bfa-bfce-4384e30a0115","local_time":"20210206103304","is_ascension_mode":true,"campfire_choices":[{"data":"Body Slam","floor":6,"key":"SMITH"},{"data":"Bash","floor":15,"key":"SMITH"}],"circlet_count":0,"master_deck":["AscendersBane","Strike_R+1","Strike_R","Strike_R","Strike_R+1","Defend_R","Defend_R","Defend_R","Defend_R","Bash+1","Body Slam+1","Immolate","Shrug It Off"],"relics":["Burning Blood","Nunchaku","Lantern","Juzu Bracelet","Odd Mushroom"],"acts_visited":["Exordium"],"potions_floor_usage":[16,16],"damage_taken":[{"damage":7,"enemies":"2 Louse","floor":1,"turns":4},{"damage":1,"enemies":"Cultist","floor":3,"turns":3},{"damage":7,"enemies":"Jaw Worm","floor":7,"turns":2},{"damage":34,"enemies":"Lagavulin","floor":8,"turns":6},{"damage":16,"enemies":"Gremlin Nob","floor":10,"turns":3},{"damage":1,"enemies":"The Mushroom Lair","floor":13,"turns":2},{"damage":1,"enemies":"Exordium Thugs","floor":14,"turns":3},{"damage":21,"enemies":"Hexaghost","floor":16,"turns":9}],"seed_played":"-1902951843322143214","potions_obtained":[{"floor":1,"key":"HeartOfIron"},{"floor":2,"key":"BlessingOfTheForge"},{"floor":2,"key":"PowerPotion"}],"is_trial":false,"path_per_floor":["M","?","M","?","$","R","M","E","T","E","?","?","?","M","R","B"],"character_chosen":"IRONCLAD","items_purchased":["Immolate"],"campfire_rested":0,"item_purchase_floors":[5],"current_hp_per_floor":[67,67,72,49,49,49,48,20,20,10,10,10,15,20,20,0,0],"gold":212,"neow_bonus":"HUNDRED_GOLD","is_daily":false,"chose_seed":false,"campfire_upgraded":2,"win_rate":0.0,"timestamp":1612603984,"path_taken":["M","?","?","?","?","R","?","E","T","E","?","?","?","M","R","BOSS"],"items_purchased_type":["Card"],"build_version":"2020-12-22","purchased_purges":1,"victory":false,"max_hp_per_floor":[75,75,75,75,75,75,75,75,75,75,75,75,75,75,75,75,75],"relic_stats":{"Nunchaku":[3],"counters":[8,32],"Juzu Bracelet":0,"obtain_stats":[{"Nunchaku":8,"Lantern":9,"Juzu Bracelet":10,"Odd Mushroom":13,"Burning Blood":0},{"Nunchaku":4,"Lantern":4,"Juzu Bracelet":5,"Odd Mushroom":6,"Burning Blood":0},{"Nunchaku":15,"Lantern":15,"Juzu Bracelet":18,"Odd Mushroom":20,"Burning Blood":0}],"Burning Blood":42},"card_choices":[{"not_picked":["Entrench","Intimidate","Rage"],"picked":"SKIP","floor":1},{"not_picked":["Power Through","Clothesline"],"picked":"Body Slam","floor":3},{"not_picked":["Perfected Strike","Clash","Heavy Blade"],"picked":"SKIP","floor":7},{"not_picked":["Perfected Strike","Infernal Blade","Cleave"],"picked":"SKIP","floor":8},{"not_picked":["Perfected Strike","Infernal Blade","Cleave"],"picked":"SKIP","floor":8},{"not_picked":["Reckless Charge","Heavy Blade","Offering"],"picked":"SKIP","floor":10},{"not_picked":["Clash","Armaments","Shrug It Off"],"picked":"SKIP","floor":14},{"not_picked":["Clash","Armaments"],"picked":"Shrug It Off","floor":14}],"player_experience":363549,"relics_obtained":[{"floor":8,"key":"Nunchaku"},{"floor":9,"key":"Lantern"},{"floor":10,"key":"Juzu Bracelet"},{"floor":13,"key":"Odd Mushroom"}],"event_choices":[{"damage_healed":0,"gold_gain":0,"player_choice":"Got Potions","damage_taken":0,"max_hp_gain":0,"max_hp_loss":0,"event_name":"Lab","floor":2,"gold_loss":0},{"damage_healed":72,"gold_gain":0,"player_choice":"Upgrade","damage_taken":23,"max_hp_gain":0,"max_hp_loss":75,"event_name":"betterThird:BetterShining","floor":4,"gold_loss":0,"cards_upgraded":["Strike_R","Strike_R"]},{"damage_healed":0,"gold_gain":0,"player_choice":"Ignored","damage_taken":104,"max_hp_gain":0,"max_hp_loss":0,"event_name":"betterThird:BetterSerpent","floor":11,"gold_loss":0},{"damage_healed":0,"gold_gain":70,"player_choice":"Gained Gold","damage_taken":0,"max_hp_gain":0,"max_hp_loss":0,"event_name":"Golden Wing","floor":12,"gold_loss":0},{"damage_healed":0,"gold_gain":0,"player_choice":"Fought Mushrooms","damage_taken":0,"max_hp_gain":0,"max_hp_loss":0,"event_name":"Mushrooms","floor":13,"gold_loss":0}],"is_beta":false,"boss_relics":[],"items_purged_floors":[5],"is_endless":false,"potions_floor_spawned":[1,8,14],"killed_by":"Hexaghost","ascension_level":15}}