{"host":"vyjryxuuuxkt43k4","time":1612589334,"event":{"mods":["AchievementEnabler","BaseMod","Colored Map","DeckTracker","Highlight Path","Keyboard Shortcuts","Minty Spire (QoL Compilation)","Permanent Neow","Quick Restart","Relic Stats","StSLib","SuperFastMode","everything is the same but u backflip on backflip"],"gold_per_floor":[112,129,148,148,161,161,189,208,208,47,72,147,49,49,49,123,123,134,3,16,16,29,29,42,42,42,42,142,142,142,142,142,216,216,227,227,227,282,282,282,282,282,361,391,406,138,138,152,152,152,152],"floor_reached":50,"language":"KOR","playtime":3307,"items_purged":["Strike_B","Strike_B"],"score":914,"play_id":"be3d1658-b7cc-42d9-a2eb-0d38888edbcb","local_time":"20210206142854","is_ascension_mode":true,"campfire_choices":[{"data":"Sunder","floor":6.0,"key":"SMITH"},{"data":"Skim","floor":15.0,"key":"SMITH"},{"data":"Defragment","floor":23.0,"key":"SMITH"},{"data":"Echo Form","floor":25.0,"key":"SMITH"},{"data":"Turbo","floor":27.0,"key":"SMITH"},{"floor":30.0,"key":"REST"},{"data":"Dualcast","floor":32.0,"key":"SMITH"},{"floor":40.0,"key":"REST"},{"data":"Madness","floor":42.0,"key":"SMITH"},{"data":"Meteor Strike","floor":47.0,"key":"SMITH"},{"data":"Defragment","floor":49.0,"key":"SMITH"}],"circlet_count":0,"master_deck":["AscendersBane","Defend_B","Defend_B","Defend_B","Defend_B","Zap","Dualcast+1","Coolheaded","Sunder+1","Skim+1","Meteor Strike+1","Multi-Cast","Conserve Battery","Defragment+1","Echo Form+1","Turbo+1","Conserve Battery+1","Chaos+1","Stack","Self Repair","Seek","Genetic Algorithm","Madness+1","Madness","Go for the Eyes+1","Defragment+1","Tempest+1","Creative AI"],"relics":["Cracked Core","NeowsBlessing","Pocketwatch","CaptainsWheel","Bag of Preparation","Pantograph","Runic Pyramid","Ornamental Fan","Thread and Needle","Symbiotic Virus","SlaversCollar","Dead Branch","Gremlin Horn","Toxic Egg 2","Boot"],"acts_visited":["Exordium","TheCity","TheBeyond"],"potions_floor_usage":[50],"damage_taken":[{"damage":0.0,"enemies":"Cultist","floor":1.0,"turns":1.0},{"damage":0.0,"enemies":"Small Slimes","floor":2.0,"turns":1.0},{"damage":0.0,"enemies":"Jaw Worm","floor":3.0,"turns":1.0},{"damage":15.0,"enemies":"Blue Slaver","floor":5.0,"turns":4.0},{"damage":7.0,"enemies":"3 Sentries","floor":7.0,"turns":9.0},{"damage":6.0,"enemies":"Looter","floor":8.0,"turns":4.0},{"damage":14.0,"enemies":"Gremlin Nob","floor":11.0,"turns":4.0},{"damage":35.0,"enemies":"Hexaghost","floor":16.0,"turns":11.0},{"damage":2.0,"enemies":"Spheric Guardian","floor":18.0,"turns":4.0},{"damage":10.0,"enemies":"2 Thieves","floor":20.0,"turns":3.0},{"damage":9.0,"enemies":"Shelled Parasite and Fungi","floor":22.0,"turns":6.0},{"damage":14.0,"enemies":"Centurion and Healer","floor":24.0,"turns":8.0},{"damage":6.0,"enemies":"Colosseum Slavers","floor":28.0,"turns":4.0},{"damage":11.0,"enemies":"Colosseum Nobs","floor":28.0,"turns":5.0},{"damage":0.0,"enemies":"Book of Stabbing","floor":29.0,"turns":1.0},{"damage":28.0,"enemies":"Automaton","floor":33.0,"turns":9.0},{"damage":0.0,"enemies":"Orb Walker","floor":35.0,"turns":4.0},{"damage":65.0,"enemies":"2 Orb Walkers","floor":38.0,"turns":6.0},{"damage":10.0,"enemies":"Giant Head","floor":44.0,"turns":8.0},{"damage":0.0,"enemies":"3 Darklings","floor":45.0,"turns":4.0},{"damage":17.0,"enemies":"Transient","floor":48.0,"turns":5.0},{"damage":54,"enemies":"Time Eater","floor":50,"turns":8}],"seed_played":"-5862986656487954794","potions_obtained":[{"floor":2.0,"key":"Block Potion"},{"floor":8.0,"key":"PowerPotion"},{"floor":11.0,"key":"SteroidPotion"},{"floor":16.0,"key":"Block Potion"},{"floor":22.0,"key":"SpeedPotion"},{"floor":28.0,"key":"SmokeBomb"},{"floor":33.0,"key":"PowerPotion"},{"floor":38.0,"key":"Dexterity Potion"},{"floor":44.0,"key":"Dexterity Potion"}],"is_trial":false,"path_per_floor":["M","M","M","?","M","R","E","M","T","$","E","?","$","?","R","B",null,"M","$","M","?","M","R","M","R","T","R","?","E","R","?","R","B",null,"M","?","?","?","T","R","?","R","T","E","M","$","R","M","R","B"],"character_chosen":"DEFECT","items_purchased":["Bag of Preparation","Defragment","PowerPotion","Swift Potion","Defragment","Tempest+1"],"campfire_rested":2,"item_purchase_floors":[10,13,13,19,46,46],"current_hp_per_floor":[64,64,64,69,54,54,47,41,41,41,27,16,16,16,16,6,59,57,57,47,47,38,38,24,24,24,24,7,7,29,29,29,33,65,76,76,76,25,25,47,33,33,33,30,37,37,37,27,27,0,0],"gold":152,"neow_bonus":"THREE_ENEMY_KILL","is_daily":false,"chose_seed":false,"campfire_upgraded":9,"win_rate":0.0,"timestamp":1612589334,"path_taken":["M","?","?","?","M","R","E","M","T","?","E","?","$","?","R","BOSS","M","$","M","?","M","R","M","R","T","R","?","E","R","?","R","BOSS","M","?","?","?","?","R","?","R","T","E","?","?","R","M","R","BOSS"],"items_purchased_type":["Relic","Card","Potion","Potion","Card","Card"],"build_version":"2020-12-22","purchased_purges":2,"victory":false,"max_hp_per_floor":[71,71,71,76,76,76,76,76,76,76,76,76,76,76,76,76,76,76,76,76,76,76,76,76,76,76,76,76,76,76,76,76,76,76,76,76,76,76,76,76,76,76,76,76,76,76,76,76,76,76,76],"relic_stats":{"Gremlin Horn":[2,2],"counters":[22,110],"Ornamental Fan":[36],"Pantograph":75,"Dead Branch":[36],"Bag of Preparation":[32],"Boot":[9],"obtain_stats":[{"NeowsBlessing":0,"Gremlin Horn":39,"Dead Branch":38,"Thread and Needle":28,"Bag of Preparation":10,"Boot":44,"SlaversCollar":34,"CaptainsWheel":9,"Ornamental Fan":26,"Pantograph":11,"Toxic Egg 2":43,"Cracked Core":0,"Symbiotic Virus":28,"Pocketwatch":7,"Runic Pyramid":17},{"NeowsBlessing":0,"Gremlin Horn":18,"Dead Branch":18,"Thread and Needle":14,"Bag of Preparation":6,"Boot":19,"SlaversCollar":16,"CaptainsWheel":6,"Ornamental Fan":12,"Pantograph":7,"Toxic Egg 2":18,"Cracked Core":0,"Symbiotic Virus":14,"Pocketwatch":5,"Runic Pyramid":8},{"NeowsBlessing":0,"Gremlin Horn":85,"Dead Branch":85,"Thread and Needle":65,"Bag of Preparation":20,"Boot":93,"SlaversCollar":75,"CaptainsWheel":20,"Ornamental Fan":56,"Pantograph":24,"Toxic Egg 2":85,"Cracked Core":0,"Symbiotic Virus":65,"Pocketwatch":16,"Runic Pyramid":35}],"Pocketwatch":[44]},"card_choices":[{"not_picked":["Rebound","Stack"],"picked":"Coolheaded","floor":1.0},{"not_picked":["Genetic Algorithm","Sweeping Beam"],"picked":"Sunder","floor":2.0},{"not_picked":["Sweeping Beam","Fusion"],"picked":"Skim","floor":3.0},{"not_picked":["Streamline","Rebound"],"picked":"Meteor Strike","floor":5.0},{"not_picked":["Consume","Cold Snap"],"picked":"Multi-Cast","floor":7.0},{"not_picked":["Leap","Sunder","Reprogram"],"picked":"SKIP","floor":8.0},{"not_picked":["Scrape","Gash"],"picked":"Conserve Battery","floor":11.0},{"not_picked":["Hyperbeam","All For One"],"picked":"Echo Form","floor":16.0},{"not_picked":["Compile Driver+1","Scrape"],"picked":"Turbo","floor":18.0},{"not_picked":["Gash","Streamline"],"picked":"Conserve Battery+1","floor":20.0},{"not_picked":["Glacier","Sweeping Beam"],"picked":"Chaos+1","floor":22.0},{"not_picked":["Conserve Battery","Ball Lightning"],"picked":"Stack","floor":24.0},{"not_picked":["Stack","Steam"],"picked":"Self Repair","floor":28.0},{"not_picked":["Biased Cognition","Core Surge"],"picked":"Seek","floor":33.0},{"not_picked":["Leap","Barrage","Darkness"],"picked":"SKIP","floor":35.0},{"not_picked":["Blizzard+1","Conserve Battery"],"picked":"Genetic Algorithm","floor":38.0},{"not_picked":["Beam Cell","Conserve Battery+1"],"picked":"Go for the Eyes+1","floor":44.0},{"not_picked":["Rebound","Conserve Battery+1","Stack+1"],"picked":"SKIP","floor":45.0},{"not_picked":["Steam Power+1","Rebound"],"picked":"Creative AI","floor":48.0}],"player_experience":783656,"relics_obtained":[{"floor":7.0,"key":"Pocketwatch"},{"floor":9.0,"key":"CaptainsWheel"},{"floor":11.0,"key":"Pantograph"},{"floor":26.0,"key":"Ornamental Fan"},{"floor":28.0,"key":"Thread and Needle"},{"floor":28.0,"key":"Symbiotic Virus"},{"floor":38.0,"key":"Dead Branch"},{"floor":39.0,"key":"Gremlin Horn"},{"floor":43.0,"key":"Toxic Egg 2"},{"floor":44.0,"key":"Boot"}],"event_choices":[{"damage_healed":0.0,"max_hp_gain":5.0,"max_hp_loss":0.0,"gold_gain":0.0,"event_name":"Big Fish","player_choice":"Donut","floor":4.0,"gold_loss":0.0,"damage_taken":0.0},{"damage_healed":0.0,"max_hp_gain":0.0,"max_hp_loss":0.0,"gold_gain":75.0,"event_name":"World of Goop","player_choice":"Gather Gold","floor":12.0,"gold_loss":0.0,"damage_taken":11.0},{"damage_healed":0.0,"max_hp_gain":0.0,"max_hp_loss":0.0,"gold_gain":0.0,"event_name":"Liars Game","player_choice":"Ignored","floor":14.0,"gold_loss":0.0,"damage_taken":0.0},{"damage_healed":0.0,"max_hp_gain":0.0,"max_hp_loss":0.0,"gold_gain":0.0,"event_name":"Colosseum","player_choice":"Fight","floor":28.0,"gold_loss":0.0,"damage_taken":0.0},{"damage_healed":0.0,"max_hp_gain":0.0,"max_hp_loss":0.0,"gold_gain":0.0,"event_name":"Colosseum","player_choice":"Fought Nobs","floor":28.0,"gold_loss":0.0,"damage_taken":0.0},{"cards_removed":["Strike_B"],"damage_healed":0.0,"max_hp_gain":0.0,"max_hp_loss":0.0,"gold_gain":0.0,"event_name":"Purifier","player_choice":"Purged","floor":31.0,"gold_loss":0.0,"damage_taken":0.0},{"damage_healed":0.0,"max_hp_gain":0.0,"max_hp_loss":0.0,"gold_gain":0.0,"event_name":"Tomb of Lord Red Mask","player_choice":"Ignored","floor":36.0,"gold_loss":0.0,"damage_taken":0.0},{"cards_removed":["Strike_B"],"damage_healed":0.0,"max_hp_gain":0.0,"max_hp_loss":0.0,"gold_gain":0.0,"event_name":"Falling","player_choice":"Removed Attack","floor":37.0,"gold_loss":0.0,"damage_taken":0.0},{"damage_healed":0.0,"max_hp_gain":0.0,"max_hp_loss":0.0,"gold_gain":0.0,"event_name":"Mysterious Sphere","player_choice":"Fight","floor":38.0,"gold_loss":0.0,"damage_taken":0.0},{"damage_healed":0.0,"max_hp_gain":0.0,"max_hp_loss":0.0,"gold_gain":0.0,"event_name":"Winding Halls","player_choice":"Embrace Madness","floor":41.0,"gold_loss":0.0,"damage_taken":14.0,"cards_obtained":["Madness","Madness"]}],"is_beta":false,"boss_relics":[{"not_picked":["Inserter","Ectoplasm"],"picked":"Runic Pyramid"},{"not_picked":["Runic Dome","Velvet Choker"],"picked":"SlaversCollar"}],"items_purged_floors":[19,46],"is_endless":false,"potions_floor_spawned":[2,8,11,16,22,28,28,33,38,44],"killed_by":"Time Eater","ascension_level":16}}