{"host":"87fdiiwflhrwsj8a","time":1612639933,"event":{"mods":["Aspiration","BaseMod","Better Match","Better Third Choice","BetterRewards","Colored Map","Conspire","GifTheSpireLib","Infinite Spire","Minty Spire (QoL Compilation)","Quick Restart","Relic Sorter","Replay The Spire","StSLib","Stuff the Spire","The Marked","The Servant 0.9.4"],"gold_per_floor":[117,10,29,29,29,29,63,63,63,63,63,97,97,130,130,227,227,244,255,255,267,267,302,302,302,325,360,379,410,117,149,149,254,254,266,266,266,282,300,300,333,333,387,237,266,283,308,326,326,326,326,326,28,57,57],"floor_reached":56,"language":"ENG","playtime":3828,"items_purged":["Strike_S"],"score":1887,"play_id":"8946dcde-3c9b-4b78-81a4-b56f034118ff","local_time":"20210206143213","is_ascension_mode":true,"campfire_choices":[{"data":"Dilation","floor":6.0,"key":"SMITH"},{"data":"Dilation","floor":8.0,"key":"SMITH"},{"floor":11.0,"key":"RECALL"},{"data":"Contraction","floor":15.0,"key":"SMITH"},{"data":"Solidify","floor":24.0,"key":"SMITH"},{"data":"Collapse","floor":32,"key":"SMITH"},{"data":"Initiator","floor":49,"key":"SMITH"},{"data":"Barrier","floor":52,"key":"SMITH"}],"circlet_count":0,"master_deck":["Strike_S","Strike_S","Strike_S","Defend_S","Defend_S","Defend_S","KidneyShot","Exchange","Dilation+1","Dilation+1","Potential","Dilation","Contraction+1","Solidify+1","Collapse+1","Replay:Fractal Strike","TheWorld+1","Rearm+1","Insight+1","Potential+1","Hightail+1","Barrier+1","InstantArmor","Initiator+1","Rearm","GearUp+1","Comet","Defy+1","Barrier+1","Advance+1","Advance"],"relics":["Uniform","StuffTheSpire:NeowsTribute","NeowsBlessing","ReplayTheSpireMod:CursedCoin","PreservedInsect","aspiration:Lifesprig","infinitespire:PuzzleCube","Gremlin Food","infinitespire:Satchel","Painkiller Herb","Question Card","aspiration:ArtOfWarUpgrade","Pondfish Scales","Eternal Feather","StoneCalendar","infinitespire:Beetle Shell","Replay:Bottled Eggs","Simple Rune","Lantern","aspiration:TrustyKnives","aspiration:AnachronicSnailShell","Snack Pack"],"acts_visited":["Exordium","TheCity","TheBeyond","TheEnding"],"potions_floor_usage":[55,55],"damage_taken":[{"damage":0.0,"enemies":"Small Slimes","floor":1.0,"turns":1.0},{"damage":0.0,"enemies":"2 Louse","floor":3.0,"turns":1.0},{"damage":0.0,"enemies":"Gremlin Nob","floor":7.0,"turns":1.0},{"damage":19.0,"enemies":"3 Sentries","floor":12.0,"turns":12.0},{"damage":4.0,"enemies":"Gremlin Nob","floor":14.0,"turns":4.0},{"damage":36.0,"enemies":"Fading Forest","floor":16.0,"turns":11.0},{"damage":10.0,"enemies":"Shell Parasite","floor":18.0,"turns":10.0},{"damage":23.0,"enemies":"2 Thieves","floor":19.0,"turns":5.0},{"damage":0.0,"enemies":"Centurion and Healer","floor":21.0,"turns":7.0},{"damage":2.0,"enemies":"conspire:Head Lice","floor":23.0,"turns":7.0},{"damage":2,"enemies":"Replay:Snechameleon","floor":27,"turns":5},{"damage":0,"enemies":"3 Cultists","floor":28,"turns":2},{"damage":0,"enemies":"conspire:SneckoGhost","floor":29,"turns":3},{"damage":0,"enemies":"Gremlin Leader","floor":31,"turns":6},{"damage":0,"enemies":"Champ","floor":33,"turns":9},{"damage":0,"enemies":"3 Darklings","floor":35,"turns":2},{"damage":0,"enemies":"3 Shapes","floor":38,"turns":2},{"damage":0,"enemies":"3 Darklings","floor":39,"turns":2},{"damage":0,"enemies":"Giant Head","floor":41,"turns":5},{"damage":0,"enemies":"R_Hoarder","floor":45,"turns":3},{"damage":0,"enemies":"Spire Growth","floor":46,"turns":3},{"damage":0,"enemies":"Reptomancer","floor":47,"turns":5},{"damage":0,"enemies":"Writhing Mass","floor":48,"turns":4},{"damage":0,"enemies":"Time Eater","floor":50,"turns":11},{"damage":0,"enemies":"Shield and Spear","floor":54,"turns":6},{"damage":0,"enemies":"The Heart","floor":55,"turns":11}],"seed_played":"967796846756606283","potions_obtained":[{"floor":7.0,"key":"LiquidBronze"},{"floor":14.0,"key":"Weak Potion"},{"floor":23.0,"key":"SpeedPotion"},{"floor":27,"key":"Reflective Coating"},{"floor":29,"key":"Regen Potion"},{"floor":46,"key":"LifebloodPotion"}],"is_trial":false,"path_per_floor":["M","$","M","?","?","R","E","R","T","?","R","E","?","E","R","B",null,"?","?","AVR","?","?","E","T","?","T","E","?","E","T","E","T","B",null,"?","T","?","?","?","T","E","T","T","T","E","?","E","?","T","B",null,"T","T","E","B",null],"character_chosen":"THE_SERVANT","items_purchased":["ReplayTheSpireMod:CursedCoin","PreservedInsect","Dilation","StoneCalendar","Lantern","StuffTheSpire:NeowsTribute"],"campfire_rested":0,"item_purchase_floors":[2,2,2,30,44,53],"current_hp_per_floor":[65,65,65,65,65,65,65,65,65,65,65,46,46,42,42,14,65,55,32,32,32,32,30,30,30,30,28,28,28,28,28,40,40,65,65,65,65,65,65,65,65,65,65,65,65,65,65,65,65,65,65,65,65,65,65],"gold":57,"neow_bonus":"THREE_ENEMY_KILL","is_daily":false,"chose_seed":false,"campfire_upgraded":7,"win_rate":0.0,"timestamp":1612639933,"path_taken":["M","$","M","?","?","R","E","R","T","?","R","E","?","E","R","BOSS","?","?","AVR","?","?","E","T","?","T","E","?","E","T","E","T","BOSS","?","T","?","?","?","T","E","T","T","T","E","?","E","?","T","BOSS","T","T","E","BOSS"],"items_purchased_type":["Relic","Relic","Card","Relic","Relic","Relic"],"build_version":"2020-12-22","purchased_purges":1,"victory":true,"max_hp_per_floor":[65,65,65,65,65,65,65,65,65,65,65,65,65,65,65,65,65,65,65,65,65,65,65,65,65,65,65,65,65,65,65,65,65,65,65,65,65,65,65,65,65,65,65,65,65,65,65,65,65,65,65,65,65,65,65],"card_choices":[{"not_picked":["Revamp","MoonPhase","Desolation"],"picked":"SKIP","floor":1.0},{"not_picked":["Alleviate","Defy","Sabotage"],"picked":"SKIP","floor":3.0},{"not_picked":["FanOfKnives","Unruled"],"picked":"Potential","floor":7.0},{"not_picked":["Misdirection","Rearm"],"picked":"Dilation","floor":12.0},{"not_picked":["Replace","Ricochet"],"picked":"Contraction","floor":14.0},{"not_picked":["KillingDoll","Sunlight"],"picked":"Solidify","floor":16.0},{"not_picked":["InstantArmor+1","FastForward"],"picked":"Collapse","floor":18.0},{"not_picked":["Foresight+1","Starlight","Luminosity"],"picked":"SKIP","floor":19.0},{"not_picked":["InstantArmor","DancingSilver","TimeWarp"],"picked":"TheWorld","floor":21.0},{"not_picked":["Contraction","Revamp","Rewind"],"picked":"Rearm+1","floor":23.0},{"not_picked":["Gouge","Defy","Rearm"],"picked":"Potential+1","floor":27},{"not_picked":["Gouge+1","LightFlow","BottledTime"],"picked":"Hightail+1","floor":28},{"not_picked":["Sunlight","Rearm","BestPractice"],"picked":"Barrier","floor":29},{"not_picked":["Hightail","Ricochet","Alleviate"],"picked":"InstantArmor","floor":31},{"not_picked":["Sunlight","SoulSculpture","SilverMatrix"],"picked":"Initiator","floor":33},{"not_picked":["Sabotage+1","Spin+1","Shuttle","Starlight+1"],"picked":"SKIP","floor":35},{"not_picked":["Gouge+1","DoubleEdge","Unruled+1","Hightail"],"picked":"SKIP","floor":38},{"not_picked":["DoubleEdge+1","SurpressingFire+1","Read+1"],"picked":"Rearm","floor":39},{"not_picked":["Misdirection","ShatteredReality+1","ReturningBlade"],"picked":"GearUp+1","floor":41},{"not_picked":["Unruled","FanOfKnives+1","FastForward"],"picked":"Comet","floor":45},{"not_picked":["Revamp","MoonPhase+1","Orbit+1"],"picked":"Defy+1","floor":46},{"not_picked":["Sabotage","Initiator","FanOfKnives"],"picked":"Barrier+1","floor":47},{"not_picked":["Barrier","RealityMarble+1","Replace"],"picked":"Advance+1","floor":48},{"not_picked":["DoubleEdge","BestPractice","Hightail+1"],"picked":"Advance","floor":54}],"player_experience":2587337,"relics_obtained":[{"floor":7.0,"key":"aspiration:Lifesprig"},{"floor":9.0,"key":"infinitespire:PuzzleCube"},{"floor":12.0,"key":"Gremlin Food"},{"floor":14.0,"key":"infinitespire:Satchel"},{"floor":23.0,"key":"Art of War"},{"floor":27,"key":"Pondfish Scales"},{"floor":29,"key":"Eternal Feather"},{"floor":31,"key":"infinitespire:Beetle Shell"},{"floor":41,"key":"Replay:Bottled Eggs"},{"floor":43,"key":"Simple Rune"},{"floor":45,"key":"aspiration:TrustyKnives"},{"floor":47,"key":"aspiration:AnachronicSnailShell"},{"floor":54,"key":"Snack Pack"}],"event_choices":[{"cards_removed":["Defend_S"],"damage_healed":0.0,"max_hp_gain":0.0,"max_hp_loss":0.0,"gold_gain":0.0,"event_name":"Purifier","player_choice":"Purged","floor":13.0,"gold_loss":0.0,"damage_taken":0.0},{"damage_healed":0.0,"max_hp_gain":0.0,"max_hp_loss":0.0,"gold_gain":0.0,"event_name":"betterThird:BetterWriting","player_choice":"Insight","floor":25.0,"gold_loss":0.0,"damage_taken":1.0,"cards_obtained":["Insight"]},{"damage_healed":0,"gold_gain":0,"player_choice":"Leave","damage_taken":0,"max_hp_gain":0,"max_hp_loss":0,"event_name":"conspire:Investor","floor":37,"gold_loss":0}],"is_beta":false,"boss_relics":[{"not_picked":["Replay:Wanted Poster","Honey Jar"],"picked":"Painkiller Herb"},{"not_picked":["ChewingGum","Pandora\u0027s Box","StuffTheSpire:ModemDavis"]}],"items_purged_floors":[20],"is_endless":false,"potions_floor_spawned":[7,14,23,27,29,41,46],"ascension_level":3}}