{"host":"rtw1tnr74gozsrw1","time":1612574339,"event":{"mods":["BaseMod","Colored Map","Colored Powertips","Highlight Path","Minty Spire (QoL Compilation)","StSLib","The Jungle"],"gold_per_floor":[119,119,131,56,70,70,84,114,138,166,166,182,182,199,199,302,302,317,337,352,367,267,267,300,300,325,345,345,363,389,389,389,493,493,503,503,503],"floor_reached":36,"language":"ENG","playtime":1428,"items_purged":["Strike_B","Strike_B"],"score":529,"play_id":"d2b7eca5-db9d-4e50-af33-b2cbfded5657","local_time":"20210206021859","is_ascension_mode":true,"campfire_choices":[{"data":"Hologram","floor":6,"key":"SMITH"},{"floor":11,"key":"REST"},{"data":"Glacier","floor":13,"key":"SMITH"},{"data":"Streamline","floor":15,"key":"SMITH"},{"data":"Rainbow","floor":23,"key":"SMITH"},{"data":"Capacitor","floor":25,"key":"SMITH"},{"floor":28,"key":"REST"},{"floor":32,"key":"REST"}],"circlet_count":0,"master_deck":["Strike_B","Strike_B","Defend_B","Defend_B","Defend_B","Defend_B","Zap+1","Dualcast","Tempest","Streamline+1","Cold Snap","Hologram+1","Glacier+1","Cold Snap","Multi-Cast","White Noise","Reboot","Cold Snap+1","Ball Lightning+1","Rainbow+1","BootSequence","Capacitor+1","Conserve Battery+1","Ball Lightning+1","Fusion+1","Ball Lightning+1","Electrodynamics","Streamline+1"],"relics":["Cracked Core","DataDisk","Ancient Tea Set","Strawberry","Philosopher\u0027s Stone","Omamori","Dream Catcher","Symbiotic Virus","Sozu"],"acts_visited":["Exordium","TheCity","TheBeyond"],"potions_floor_usage":[7,16,24,30,33,33],"damage_taken":[{"damage":1,"enemies":"Cultist","floor":1,"turns":4},{"damage":2,"enemies":"Jaw Worm","floor":3,"turns":4},{"damage":1,"enemies":"2 Louse","floor":5,"turns":2},{"damage":2,"enemies":"Exordium Wildlife","floor":7,"turns":3},{"damage":30,"enemies":"Lagavulin","floor":8,"turns":8},{"damage":11,"enemies":"3 Sentries","floor":10,"turns":7},{"damage":10,"enemies":"Exordium Thugs","floor":12,"turns":6},{"damage":3,"enemies":"Looter","floor":14,"turns":2},{"damage":19,"enemies":"The Guardian","floor":16,"turns":11},{"damage":32,"enemies":"3 Byrds","floor":18,"turns":7},{"damage":0,"enemies":"Shell Parasite","floor":19,"turns":6},{"damage":11,"enemies":"Cultist and Chosen","floor":20,"turns":5},{"damage":0,"enemies":"Sentry and Sphere","floor":21,"turns":4},{"damage":0,"enemies":"Gremlin Leader","floor":24,"turns":4},{"damage":6,"enemies":"Centurion and Healer","floor":27,"turns":5},{"damage":0,"enemies":"Snecko","floor":29,"turns":5},{"damage":14,"enemies":"Book of Stabbing","floor":30,"turns":6},{"damage":59,"enemies":"Automaton","floor":33,"turns":9},{"damage":0,"enemies":"Orb Walker","floor":35,"turns":3},{"damage":0,"enemies":"Orb Walker","floor":36,"turns":1}],"seed_played":"-992635846464278538","potions_obtained":[{"floor":3,"key":"EssenceOfSteel"},{"floor":5,"key":"Explosive Potion"},{"floor":10,"key":"Swift Potion"},{"floor":16,"key":"Energy Potion"},{"floor":20,"key":"PotionOfCapacity"},{"floor":24,"key":"SpeedPotion"},{"floor":30,"key":"Fire Potion"}],"is_trial":false,"path_per_floor":["M","?","M","$","M","R","M","E","T","E","R","M","R","M","R","B",null,"M","M","M","M","$","R","E","R","T","M","R","M","E","?","R","B",null,"M","?"],"character_chosen":"DEFECT","items_purchased":[],"campfire_rested":3,"item_purchase_floors":[],"current_hp_per_floor":[74,74,72,72,71,71,69,39,39,35,59,49,49,46,46,27,82,50,50,39,39,39,39,39,39,39,33,57,57,43,43,67,8,82,82,82,82],"gold":503,"neow_bonus":"UPGRADE_CARD","is_daily":false,"chose_seed":false,"campfire_upgraded":5,"win_rate":0.0,"timestamp":1612574339,"path_taken":["M","?","M","$","M","R","M","E","T","E","R","M","R","M","R","BOSS","M","M","?","?","$","R","E","R","T","M","R","M","E","?","R","BOSS","M","?"],"items_purchased_type":[],"build_version":"2020-12-22","purchased_purges":2,"victory":false,"max_hp_per_floor":[75,75,75,75,75,75,75,75,75,82,82,82,82,82,82,82,82,82,82,82,82,82,82,82,82,82,82,82,82,82,82,82,82,82,82,82,82],"card_choices":[{"not_picked":["Stack","Go for the Eyes"],"picked":"Tempest","floor":1},{"not_picked":["Steam Power","Genetic Algorithm"],"picked":"Cold Snap","floor":3},{"not_picked":["Beam Cell","Sweeping Beam"],"picked":"Hologram","floor":5},{"not_picked":["Rebound","Conserve Battery"],"picked":"Glacier","floor":7},{"not_picked":["Sunder","Go for the Eyes"],"picked":"Cold Snap","floor":8},{"not_picked":["Rip and Tear","Reinforced Body"],"picked":"Multi-Cast","floor":10},{"not_picked":["Rebound","Force Field"],"picked":"White Noise","floor":12},{"not_picked":["Beam Cell","Stack","Melter"],"picked":"SKIP","floor":14},{"not_picked":["Amplify","All For One"],"picked":"Reboot","floor":16},{"not_picked":["Hologram+1","Stack"],"picked":"Cold Snap+1","floor":18},{"not_picked":["Barrage+1","Static Discharge+1"],"picked":"Ball Lightning+1","floor":19},{"not_picked":["Steam+1","Stack"],"picked":"Rainbow","floor":20},{"not_picked":["Steam+1","Stack"],"picked":"BootSequence","floor":21},{"not_picked":["Hologram","Steam Power"],"picked":"Capacitor","floor":24},{"not_picked":["Go for the Eyes","Rebound"],"picked":"Conserve Battery+1","floor":27},{"not_picked":["Leap+1","Coolheaded"],"picked":"Ball Lightning+1","floor":29},{"not_picked":["Sweeping Beam","Seek"],"picked":"Fusion+1","floor":30},{"not_picked":["Beam Cell","Storm"],"picked":"Ball Lightning+1","floor":32},{"not_picked":["Buffer","Amplify"],"picked":"Electrodynamics","floor":33},{"not_picked":["Compile Driver","Heatsinks"],"picked":"Streamline+1","floor":35}],"player_experience":115126,"relics_obtained":[{"floor":8,"key":"DataDisk"},{"floor":9,"key":"Ancient Tea Set"},{"floor":10,"key":"Strawberry"},{"floor":24,"key":"Omamori"},{"floor":26,"key":"Dream Catcher"},{"floor":30,"key":"Symbiotic Virus"}],"event_choices":[{"damage_healed":0,"gold_gain":0,"player_choice":"1 cards matched","damage_taken":0,"max_hp_gain":0,"max_hp_loss":0,"event_name":"Match and Keep!","floor":2,"gold_loss":0,"cards_obtained":["Streamline"]},{"damage_healed":0,"gold_gain":0,"player_choice":"Ignored","damage_taken":0,"max_hp_gain":0,"max_hp_loss":0,"event_name":"Vampires","floor":31,"gold_loss":0}],"is_beta":false,"boss_relics":[{"not_picked":["Runic Dome","Astrolabe"],"picked":"Philosopher\u0027s Stone"},{"not_picked":["Black Star","FrozenCore"],"picked":"Sozu"}],"items_purged_floors":[4,22],"is_endless":false,"potions_floor_spawned":[3,5,10,16,20,24,29,30,35],"killed_by":"Orb Walker","ascension_level":4}}