{"host":"utqe55yv0jihe4d6","time":1612579721,"event":{"mods":["2.2 Compatiblity","AchievementEnabler","BaseMod","Block Reminder","Colored Map","Colored Powertips","Minty Spire (QoL Compilation)","Quick Restart","Rare Cards Sparkle","Relic Stats","SuperFastMode"],"gold_per_floor":[114,189,199,199,217,217,243,243,291,291,309,59,59,59,59,133,133,153,165,165,181,181,181,181,181],"floor_reached":24,"language":"ENG","playtime":739,"items_purged":[],"score":388,"play_id":"331a9231-5ec5-4618-9660-c8c76b6391d1","local_time":"20210205214841","is_ascension_mode":true,"campfire_choices":[{"data":"Bouncing Flask","floor":6.0,"key":"SMITH"},{"floor":8.0,"key":"REST"},{"data":"Night Terror","floor":13.0,"key":"SMITH"},{"floor":15.0,"key":"REST"},{"floor":23,"key":"REST"}],"circlet_count":0,"master_deck":["AscendersBane","Strike_G","Strike_G","Strike_G","Strike_G","Strike_G","Defend_G","Defend_G","Defend_G","Defend_G","Defend_G","Survivor","Neutralize","Deadly Poison","Bouncing Flask+1","Tools of the Trade","Skewer+1","Crippling Poison","Night Terror+1","Footwork","Venomology","Crippling Poison"],"relics":["Ring of the Snake","Strawberry","Dream Catcher","Art of War","Centennial Puzzle","Runic Pyramid","Snake Skull"],"acts_visited":["Exordium","TheCity"],"potions_floor_usage":[18,24],"damage_taken":[{"damage":12.0,"enemies":"Jaw Worm","floor":1.0,"turns":8.0},{"damage":0.0,"enemies":"2 Louse","floor":3.0,"turns":4.0},{"damage":4.0,"enemies":"Cultist","floor":5.0,"turns":3.0},{"damage":17.0,"enemies":"Lagavulin","floor":7.0,"turns":5.0},{"damage":12.0,"enemies":"Exordium Wildlife","floor":11.0,"turns":4.0},{"damage":47.0,"enemies":"Slime Boss","floor":16.0,"turns":16.0},{"damage":6,"enemies":"3 Byrds","floor":18,"turns":4},{"damage":16,"enemies":"Spheric Guardian","floor":19,"turns":7},{"damage":29,"enemies":"Snake Plant","floor":21,"turns":8},{"damage":41,"enemies":"Slavers","floor":24,"turns":4}],"seed_played":"7991970723664847873","potions_obtained":[{"floor":7.0,"key":"LiquidBronze"},{"floor":16.0,"key":"BlessingOfTheForge"}],"is_trial":false,"path_per_floor":["M","?","M","?","M","R","E","R","T","?","M","$","R","T","R","B",null,"M","M","?","M","T","R","E"],"character_chosen":"THE_SILENT","items_purchased":["Night Terror","Footwork"],"campfire_rested":3,"item_purchase_floors":[12,12],"current_hp_per_floor":[53,42,42,38,34,34,17,40,40,40,28,28,28,28,51,4,60,54,38,38,9,9,32,0,0],"gold":181,"neow_bonus":"TEN_PERCENT_HP_BONUS","is_daily":false,"chose_seed":false,"campfire_upgraded":2,"win_rate":0.0,"timestamp":1612579721,"path_taken":["M","?","M","?","M","R","E","R","T","?","?","$","R","?","R","BOSS","M","M","?","M","?","R","E"],"items_purchased_type":["Card","Card"],"build_version":"2020-12-22","purchased_purges":0,"victory":false,"max_hp_per_floor":[72,72,72,79,79,79,79,79,79,79,79,79,79,79,79,79,79,79,79,79,79,79,79,79,79],"relic_stats":{"Dream Catcher":3,"Centennial Puzzle":[15],"counters":[10,63],"Snake Skull":[11],"Art of War":[13],"obtain_stats":[{"Dream Catcher":7,"Centennial Puzzle":14,"Strawberry":4,"Snake Skull":22,"Art of War":9,"Ring of the Snake":0,"Runic Pyramid":17},{"Dream Catcher":4,"Centennial Puzzle":5,"Strawberry":2,"Snake Skull":9,"Art of War":4,"Ring of the Snake":0,"Runic Pyramid":6},{"Dream Catcher":20,"Centennial Puzzle":24,"Strawberry":12,"Snake Skull":59,"Art of War":20,"Ring of the Snake":0,"Runic Pyramid":40}],"Ring of the Snake":[20]},"card_choices":[{"not_picked":["Underhanded Strike","Dodge and Roll"],"picked":"Deadly Poison","floor":1.0},{"not_picked":["Calculated Gamble","Outmaneuver"],"picked":"Bouncing Flask","floor":3.0},{"not_picked":["Acrobatics","Accuracy","Underhanded Strike"],"picked":"SKIP","floor":5.0},{"not_picked":["Cloak And Dagger","Calculated Gamble"],"picked":"Tools of the Trade","floor":7.0},{"not_picked":["Bane","Choke"],"picked":"Skewer","floor":8.0},{"not_picked":["Underhanded Strike","Dodge and Roll"],"picked":"Crippling Poison","floor":11.0},{"not_picked":["Die Die Die","A Thousand Cuts"],"picked":"Venomology","floor":16.0},{"not_picked":["Flying Knee","Deadly Poison+1","Setup"],"picked":"SKIP","floor":18},{"not_picked":["Deadly Poison","Reflex"],"picked":"Crippling Poison","floor":19},{"not_picked":["Choke","Expertise+1","Backstab"],"picked":"SKIP","floor":21}],"player_experience":3020166,"relics_obtained":[{"floor":7.0,"key":"Dream Catcher"},{"floor":9.0,"key":"Art of War"},{"floor":14.0,"key":"Centennial Puzzle"},{"floor":22,"key":"Snake Skull"}],"event_choices":[{"damage_healed":0.0,"max_hp_gain":0.0,"max_hp_loss":0.0,"gold_gain":75.0,"event_name":"World of Goop","player_choice":"Gather Gold","floor":2.0,"gold_loss":0.0,"damage_taken":11.0},{"damage_healed":0.0,"max_hp_gain":0.0,"max_hp_loss":0.0,"gold_gain":0.0,"event_name":"Scrap Ooze","player_choice":"Success","floor":4.0,"gold_loss":0.0,"damage_taken":11.0,"relics_obtained":["Strawberry"]},{"damage_healed":0.0,"max_hp_gain":0.0,"max_hp_loss":0.0,"gold_gain":0.0,"event_name":"Upgrade Shrine","player_choice":"Upgraded","floor":10.0,"gold_loss":0.0,"damage_taken":0.0,"cards_upgraded":["Skewer"]},{"damage_healed":0,"gold_gain":0,"player_choice":"Ignored","damage_taken":0,"max_hp_gain":0,"max_hp_loss":0,"event_name":"Vampires","floor":20,"gold_loss":0}],"is_beta":false,"boss_relics":[{"not_picked":["Velvet Choker","SlaversCollar"],"picked":"Runic Pyramid"}],"items_purged_floors":[],"is_endless":false,"potions_floor_spawned":[7,16,19],"killed_by":"Slavers","ascension_level":20}}