{"host":"lx933ja015x1ub68","time":1612619619,"event":{"mods":["BaseMod","Better Match","Better Third Choice","BetterRewards","Colored Map","Exacting","Minty Spire (QoL Compilation)","Shop Mod","StSLib"],"gold_per_floor":[110,139,173,190,207,221,221,181,181,2,2,16,36,62,62,157,157,174,188,214,15,30,30,45,75,100,100,116,130,130,130,130,130,130],"floor_reached":33,"language":"ENG","playtime":5003,"items_purged":[],"score":257,"play_id":"7b42d1b6-b275-4192-9431-805ceac4b8f2","local_time":"20210207005339","is_ascension_mode":false,"campfire_choices":[{"floor":11.0,"key":"REST"},{"floor":15.0,"key":"REST"},{"floor":23.0,"key":"REST"},{"data":"Iron Wave","floor":30,"key":"SMITH"},{"floor":32,"key":"REST"}],"circlet_count":0,"master_deck":["Strike_R","Strike_R","Strike_R","Strike_R","Strike_R","Defend_R","Defend_R","Defend_R+1","Defend_R+1","Bash","Sword Boomerang","Armaments+1","Carnage","Fire Breathing","Entrench","Iron Wave","Hemokinesis","Anger","Thunderclap","Cleave","Demon Form","Iron Wave+1","Ghostly Armor","Dropkick+1","Thunderclap","Seeing Red","Whirlwind","Doubt","Shame","Shrug It Off","Rampage","Writhe"],"relics":["Burning Blood","Pantograph","Bag of Marbles","War Paint","Cursed Key","Bag of Preparation","Nunchaku","Incense Burner","Frozen Egg 2"],"acts_visited":["Exordium","TheCity"],"potions_floor_usage":[25,33,33],"damage_taken":[{"damage":20.0,"enemies":"Cultist","floor":1.0,"turns":6.0},{"damage":3.0,"enemies":"Small Slimes","floor":2.0,"turns":5.0},{"damage":2.0,"enemies":"Jaw Worm","floor":3.0,"turns":4.0},{"damage":22.0,"enemies":"Exordium Thugs","floor":4.0,"turns":7.0},{"damage":38.0,"enemies":"Gremlin Gang","floor":5.0,"turns":8.0},{"damage":2.0,"enemies":"Looter","floor":6.0,"turns":4.0},{"damage":10.0,"enemies":"Exordium Wildlife","floor":12.0,"turns":4.0},{"damage":11.0,"enemies":"Red Slaver","floor":13.0,"turns":3.0},{"damage":28.0,"enemies":"3 Sentries","floor":14.0,"turns":6.0},{"damage":70.0,"enemies":"The Guardian","floor":16.0,"turns":13.0},{"damage":0.0,"enemies":"Chosen","floor":18.0,"turns":5.0},{"damage":22.0,"enemies":"Spheric Guardian","floor":19.0,"turns":4.0},{"damage":28.0,"enemies":"Cultist and Chosen","floor":20.0,"turns":7.0},{"damage":43.0,"enemies":"3 Cultists","floor":22.0,"turns":6.0},{"damage":10,"enemies":"Centurion and Healer","floor":24,"turns":5},{"damage":10,"enemies":"Cultist and Chosen","floor":25,"turns":6},{"damage":25,"enemies":"Chosen and Byrds","floor":28,"turns":6},{"damage":15,"enemies":"Snecko","floor":29,"turns":5},{"damage":94,"enemies":"Champ","floor":33,"turns":16}],"seed_played":"-9200078958291917879","potions_obtained":[{"floor":1.0,"key":"Fire Potion"},{"floor":5.0,"key":"BlessingOfTheForge"},{"floor":6.0,"key":"SmokeBomb"},{"floor":8.0,"key":"Fruit Juice"},{"floor":8.0,"key":"Strength Potion"},{"floor":8.0,"key":"LiquidMemories"},{"floor":18.0,"key":"HeartOfIron"},{"floor":20.0,"key":"Weak Potion"},{"floor":22.0,"key":"Swift Potion"},{"floor":28,"key":"Fire Potion"}],"is_trial":false,"path_per_floor":["M","M","M","M","M","M","?","?","T","$","R","M","M","E","R","B",null,"M","M","M","$","M","R","M","M","T","?","M","M","R","?","R","B"],"character_chosen":"IRONCLAD","items_purchased":["Bag of Marbles","Hemokinesis","BloodPotion","Bag of Preparation"],"campfire_rested":4,"item_purchase_floors":[10,10,21,21],"current_hp_per_floor":[66,69,73,57,25,29,29,34,34,34,59,55,50,28,53,14,85,85,69,47,64,27,52,48,44,44,44,25,16,16,16,41,0,0],"gold":130,"neow_bonus":"","is_daily":false,"chose_seed":false,"campfire_upgraded":1,"win_rate":0.0,"timestamp":1612619619,"path_taken":["M","M","?","M","M","M","?","?","T","$","R","M","?","E","R","BOSS","M","M","?","$","M","R","M","?","T","?","M","M","R","?","R","BOSS"],"items_purchased_type":["Relic","Card","Potion","Relic"],"build_version":"2020-12-22","purchased_purges":0,"victory":false,"max_hp_per_floor":[80,80,80,80,80,80,80,85,85,85,85,85,85,85,85,85,85,85,85,85,85,85,85,85,85,85,85,85,85,85,85,85,85,85],"card_choices":[{"not_picked":["Reckless Charge","Warcry"],"picked":"Sword Boomerang","floor":1.0},{"not_picked":["Sword Boomerang","Flex"],"picked":"Armaments","floor":2.0},{"not_picked":["Entrench","Anger"],"picked":"Carnage","floor":3.0},{"not_picked":["Shrug It Off","Twin Strike"],"picked":"Fire Breathing","floor":4.0},{"not_picked":["Pommel Strike","Twin Strike"],"picked":"Entrench","floor":5.0},{"not_picked":["Bloodletting","Body Slam"],"picked":"Iron Wave","floor":6.0},{"not_picked":["Searing Blow","Battle Trance"],"picked":"Anger","floor":12.0},{"not_picked":["Brutality","Clothesline"],"picked":"Thunderclap","floor":13.0},{"not_picked":["Fire Breathing","Thunderclap"],"picked":"Cleave","floor":14.0},{"not_picked":["Fiend Fire","Brutality"],"picked":"Demon Form","floor":16.0},{"not_picked":["Disarm","Perfected Strike"],"picked":"Iron Wave","floor":18.0},{"not_picked":["Twin Strike","Iron Wave"],"picked":"Ghostly Armor","floor":19.0},{"not_picked":["Warcry+1","Twin Strike"],"picked":"Dropkick+1","floor":20.0},{"not_picked":["Cleave","Perfected Strike"],"picked":"Thunderclap","floor":22.0},{"not_picked":["Cleave","Searing Blow"],"picked":"Seeing Red","floor":24},{"not_picked":["Clothesline","Battle Trance"],"picked":"Whirlwind","floor":25},{"not_picked":["Uppercut","Twin Strike"],"picked":"Shrug It Off","floor":28},{"not_picked":["Metallicize","Cleave"],"picked":"Rampage","floor":29}],"player_experience":0,"relics_obtained":[{"floor":9.0,"key":"Pantograph"},{"floor":14.0,"key":"War Paint"},{"floor":26,"key":"Nunchaku"}],"event_choices":[{"damage_healed":0.0,"max_hp_gain":0.0,"max_hp_loss":0.0,"gold_gain":0.0,"event_name":"Living Wall","player_choice":"Grow","floor":7.0,"gold_loss":0.0,"damage_taken":0.0,"cards_upgraded":["Defend_R"]},{"damage_healed":0.0,"max_hp_gain":0.0,"max_hp_loss":0.0,"gold_gain":0.0,"event_name":"The Woman in Blue","player_choice":"Bought 3 Potions","floor":8.0,"gold_loss":0.0,"damage_taken":0.0},{"damage_healed":0,"gold_gain":0,"player_choice":"Stole Relic","damage_taken":0,"relics_obtained":["Incense Burner"],"max_hp_gain":0,"max_hp_loss":0,"event_name":"Addict","floor":27,"gold_loss":0,"cards_obtained":["Shame"]},{"damage_healed":0,"gold_gain":0,"player_choice":"Opened","damage_taken":0,"relics_obtained":["Frozen Egg 2"],"max_hp_gain":0,"max_hp_loss":0,"event_name":"The Mausoleum","floor":31,"gold_loss":0,"cards_obtained":["Writhe"]}],"is_beta":false,"boss_relics":[{"not_picked":["Philosopher\u0027s Stone","Empty Cage"],"picked":"Cursed Key"}],"items_purged_floors":[],"is_endless":false,"potions_floor_spawned":[1,5,6,14,18,20,22,28],"killed_by":"Champ","ascension_level":0}}