{"host":"5h6e4l6hpn0p5lap","time":1612582327,"event":{"mods":["AchievementEnabler","BaseMod","Better Altar","Better Match","Better Sensory Stone","Better Skull","Better Third Choice","Colored Map","Filter the Spire","Minty Spire (QoL Compilation)","StSLib"],"gold_per_floor":[117,132,152,152,152,191,191,230,230,250,250,271,6,27,27,152,152,175,195,195,195,19,19,19,60,83,99,99,99,113,156,156,285,285,299,313,111,111,111],"floor_reached":38,"language":"ENG","playtime":1560,"items_purged":["Strike_P","Strike_P+1","Strike_P+1"],"score":524,"play_id":"23eebc62-ee91-43f3-955f-28cbfa5ded57","local_time":"20210205223207","is_ascension_mode":true,"campfire_choices":[{"floor":7.0,"key":"REST"},{"floor":11.0,"key":"REST"},{"data":"PathToVictory","floor":15.0,"key":"SMITH"},{"data":"CutThroughFate","floor":23,"key":"SMITH"},{"data":"LikeWater","floor":28,"key":"SMITH"},{"data":"PathToVictory","floor":32,"key":"SMITH"}],"circlet_count":0,"master_deck":["Defend_P","Defend_P+1","Defend_P+1","Eruption+1","Vigilance","LessonLearned","PathToVictory+1","Weave+1","PathToVictory+1","PathToVictory+1","Protect","LikeWater+1","EmptyBody+1","Weave","CutThroughFate+1","BowlingBash+1","JustLucky","Nirvana","EmptyBody+1","Wallop+1","WaveOfTheHand+1","Scrawl","CarveReality"],"relics":["HolyWater","Golden Idol","White Beast Statue","Pocketwatch","CloakClasp","PreservedInsect","StoneCalendar","Gremlin Horn","Oddly Smooth Stone","Bag of Marbles","Cursed Key"],"acts_visited":["Exordium","TheCity","TheBeyond"],"potions_floor_usage":[],"damage_taken":[{"damage":0.0,"enemies":"2 Louse","floor":1.0,"turns":2.0},{"damage":4.0,"enemies":"Small Slimes","floor":2.0,"turns":4.0},{"damage":1.0,"enemies":"Cultist","floor":3.0,"turns":3.0},{"damage":28.0,"enemies":"Gremlin Nob","floor":6.0,"turns":5.0},{"damage":41.0,"enemies":"Lagavulin","floor":8.0,"turns":4.0},{"damage":0.0,"enemies":"Red Slaver","floor":10.0,"turns":2.0},{"damage":0.0,"enemies":"Blue Slaver","floor":12.0,"turns":3.0},{"damage":0.0,"enemies":"Large Slime","floor":14.0,"turns":3.0},{"damage":3.0,"enemies":"The Guardian","floor":16.0,"turns":6.0},{"damage":0.0,"enemies":"Spheric Guardian","floor":18.0,"turns":1.0},{"damage":0.0,"enemies":"2 Thieves","floor":19.0,"turns":2.0},{"damage":6,"enemies":"Book of Stabbing","floor":25,"turns":4},{"damage":0,"enemies":"Cultist and Chosen","floor":27,"turns":5},{"damage":0,"enemies":"Snake Plant","floor":30,"turns":3},{"damage":0,"enemies":"Slavers","floor":31,"turns":4},{"damage":7,"enemies":"Champ","floor":33,"turns":11},{"damage":10,"enemies":"3 Darklings","floor":35,"turns":6},{"damage":0,"enemies":"3 Shapes","floor":36,"turns":4},{"damage":0,"enemies":"Writhing Mass","floor":38,"turns":3}],"seed_played":"-6426613817575346817","potions_obtained":[{"floor":6.0,"key":"PowerPotion"},{"floor":8.0,"key":"Ancient Potion"},{"floor":10.0,"key":"Block Potion"},{"floor":12.0,"key":"Fire Potion"},{"floor":14.0,"key":"SpeedPotion"},{"floor":16.0,"key":"PowerPotion"},{"floor":18.0,"key":"FairyPotion"},{"floor":19.0,"key":"SpeedPotion"},{"floor":25,"key":"SteroidPotion"},{"floor":27,"key":"Regen Potion"}],"is_trial":false,"path_per_floor":["M","M","M","?","?","E","R","E","T","M","R","M","$","M","R","B",null,"M","M","?","?","$","R","$","E","T","M","R","?","M","E","R","B",null,"M","M","$","M"],"character_chosen":"WATCHER","items_purchased":["PreservedInsect","Weave","Nirvana","CarveReality"],"campfire_rested":2,"item_purchase_floors":[13,13,22,37],"current_hp_per_floor":[72,68,67,67,67,39,59,18,18,18,38,38,38,38,38,35,67,67,67,67,67,67,67,67,61,61,61,61,61,61,61,61,54,67,57,57,57,57,57],"gold":111,"neow_bonus":"TRANSFORM_CARD","is_daily":false,"chose_seed":false,"campfire_upgraded":4,"win_rate":0.0,"timestamp":1612582327,"path_taken":["M","M","M","?","?","E","R","E","T","?","R","M","?","M","R","BOSS","M","M","?","?","$","R","$","E","T","M","R","?","M","E","R","BOSS","M","M","$","M"],"items_purchased_type":["Relic","Card","Card","Card"],"build_version":"2020-12-22","purchased_purges":3,"victory":false,"max_hp_per_floor":[72,72,72,67,67,67,67,67,67,67,67,67,67,67,67,67,67,67,67,67,67,67,67,67,67,67,67,67,67,67,67,67,67,67,67,67,67,67,67],"card_choices":[{"not_picked":["ClearTheMind","JustLucky"],"picked":"PathToVictory","floor":1.0},{"not_picked":["WreathOfFlame","Evaluate"],"picked":"Weave","floor":2.0},{"not_picked":["InnerPeace","ClearTheMind"],"picked":"PathToVictory","floor":3.0},{"not_picked":["CutThroughFate","Vengeance"],"picked":"PathToVictory","floor":6.0},{"not_picked":["Consecrate","FollowUp"],"picked":"Protect","floor":8.0},{"not_picked":["FlyingSleeves","Prostrate"],"picked":"LikeWater","floor":10.0},{"not_picked":["SandsOfTime","FearNoEvil"],"picked":"EmptyBody","floor":12.0},{"not_picked":["DeceiveReality","Prostrate"],"picked":"CutThroughFate","floor":14.0},{"not_picked":["Vault","ConjureBlade"],"picked":"Judgement","floor":16.0},{"not_picked":["MentalFortress","Swivel"],"picked":"BowlingBash+1","floor":18.0},{"not_picked":["EmptyFist","Crescendo"],"picked":"JustLucky","floor":19.0},{"not_picked":["WreathOfFlame","PathToVictory","Study"],"picked":"SKIP","floor":25},{"not_picked":["BowlingBash","FearNoEvil"],"picked":"EmptyBody","floor":27},{"not_picked":["ReachHeaven+1","Collect+1"],"picked":"Wallop+1","floor":30},{"not_picked":["Perseverance","WindmillStrike"],"picked":"WaveOfTheHand+1","floor":31},{"not_picked":["Devotion","Ragnarok"],"picked":"Scrawl","floor":33},{"not_picked":["FlurryOfBlows","Indignation+1","FlyingSleeves+1"],"picked":"SKIP","floor":35},{"not_picked":["Wallop+1","Pray","Prostrate"],"picked":"SKIP","floor":36}],"player_experience":1066073,"relics_obtained":[{"floor":6.0,"key":"White Beast Statue"},{"floor":8.0,"key":"Pocketwatch"},{"floor":9.0,"key":"CloakClasp"},{"floor":25,"key":"Gremlin Horn"},{"floor":26,"key":"Oddly Smooth Stone"},{"floor":31,"key":"Bag of Marbles"}],"event_choices":[{"damage_healed":0.0,"max_hp_gain":0.0,"max_hp_loss":5.0,"gold_gain":0.0,"event_name":"Golden Idol","player_choice":"Lose Max HP","floor":4.0,"gold_loss":0.0,"damage_taken":0.0,"relics_obtained":["Golden Idol"]},{"damage_healed":0.0,"max_hp_gain":0.0,"max_hp_loss":0.0,"gold_gain":0.0,"event_name":"NoteForYourself","player_choice":"Ignored","floor":5.0,"gold_loss":0.0,"damage_taken":0.0},{"damage_healed":0.0,"max_hp_gain":0.0,"max_hp_loss":0.0,"gold_gain":0.0,"event_name":"The Mausoleum","player_choice":"Opened","floor":20.0,"gold_loss":0.0,"damage_taken":0.0,"relics_obtained":["StoneCalendar"]},{"cards_removed":["Strike_P"],"damage_healed":0,"gold_gain":0,"player_choice":"Elegance","damage_taken":0,"max_hp_gain":0,"max_hp_loss":0,"event_name":"betterThird:BetterWriting","floor":21,"gold_loss":0},{"cards_removed":["Judgement"],"damage_healed":0,"gold_gain":0,"player_choice":"Purged","damage_taken":0,"max_hp_gain":0,"max_hp_loss":0,"event_name":"Purifier","floor":29,"gold_loss":0}],"is_beta":false,"boss_relics":[{"not_picked":["Philosopher\u0027s Stone","Coffee Dripper"],"picked":"HolyWater"},{"not_picked":["Velvet Choker","Runic Dome"],"picked":"Cursed Key"}],"items_purged_floors":[13,22,37],"is_endless":false,"potions_floor_spawned":[6,8,10,12,14,16,18,19,25,27,30,31,33,35,36],"killed_by":"Writhing Mass","ascension_level":1}}