{"host":"6r762osam2bvfm66","time":1612569686,"event":{"mods":["BaseMod","Colored Map","Minty Spire (QoL Compilation)"],"gold_per_floor":[16,28,45,60,70,104,104,104,104,116,126,126,158,172,172,172,172],"floor_reached":16,"language":"ENG","playtime":714,"items_purged":[],"score":151,"play_id":"90a2801a-1370-4826-a409-5044b1c3a88d","local_time":"20210205180126","is_ascension_mode":true,"campfire_choices":[{"data":"Searing Blow","floor":8,"key":"SMITH"},{"data":"Searing Blow+1","floor":12,"key":"SMITH"},{"data":"Searing Blow+2","floor":15,"key":"SMITH"}],"circlet_count":0,"master_deck":["Strike_R","Strike_R","Strike_R","Strike_R","Strike_R","Defend_R+1","Defend_R+1","Defend_R","Defend_R","Bash","Searing Blow+3","Infernal Blade","Rupture","Headbutt","Carnage","Headbutt"],"relics":["Burning Blood","FossilizedHelix","Toy Ornithopter","Pantograph","War Paint"],"acts_visited":["Exordium"],"potions_floor_usage":[6,13],"damage_taken":[{"damage":0,"enemies":"2 Louse","floor":1,"turns":2},{"damage":0,"enemies":"Cultist","floor":2,"turns":4},{"damage":2,"enemies":"Jaw Worm","floor":3,"turns":4},{"damage":0,"enemies":"3 Louse","floor":4,"turns":2},{"damage":6,"enemies":"Looter","floor":5,"turns":3},{"damage":15,"enemies":"Gremlin Nob","floor":6,"turns":4},{"damage":0,"enemies":"Exordium Thugs","floor":10,"turns":4},{"damage":3,"enemies":"Blue Slaver","floor":11,"turns":3},{"damage":20,"enemies":"3 Sentries","floor":13,"turns":7},{"damage":7,"enemies":"3 Louse","floor":14,"turns":3},{"damage":81,"enemies":"Hexaghost","floor":16,"turns":9}],"seed_played":"2027619199688520272","potions_obtained":[{"floor":2,"key":"Energy Potion"},{"floor":3,"key":"Strength Potion"},{"floor":5,"key":"Dexterity Potion"},{"floor":6,"key":"ColorlessPotion"},{"floor":14,"key":"Regen Potion"}],"is_trial":false,"path_per_floor":["M","M","M","M","M","E","?","R","T","M","M","R","E","M","R","B"],"character_chosen":"IRONCLAD","items_purchased":[],"campfire_rested":0,"item_purchase_floors":[],"current_hp_per_floor":[78,80,80,80,80,71,71,71,71,77,80,80,66,65,65,0,0],"gold":172,"neow_bonus":"ONE_RARE_RELIC","is_daily":false,"chose_seed":false,"campfire_upgraded":3,"win_rate":0.0,"timestamp":1612569686,"path_taken":["M","M","M","M","M","E","?","R","T","M","M","R","E","M","R","BOSS"],"items_purchased_type":[],"build_version":"2020-12-22","purchased_purges":0,"victory":false,"max_hp_per_floor":[80,80,80,80,80,80,80,80,80,80,80,80,80,80,80,80,80],"card_choices":[{"not_picked":["Warcry","Body Slam"],"picked":"Searing Blow","floor":1},{"not_picked":["Entrench","Clash","Metallicize"],"picked":"SKIP","floor":2},{"not_picked":["Dark Embrace","Wild Strike"],"picked":"Infernal Blade","floor":3},{"not_picked":["Second Wind","Combust"],"picked":"Rupture","floor":4},{"not_picked":["Armaments","Seeing Red"],"picked":"Headbutt","floor":5},{"not_picked":["Body Slam","Searing Blow","Iron Wave"],"picked":"SKIP","floor":6},{"not_picked":["Pommel Strike","Rupture"],"picked":"Carnage","floor":10},{"not_picked":["Fire Breathing","Wild Strike","Thunderclap"],"picked":"SKIP","floor":11},{"not_picked":["Metallicize","Clothesline","Cleave"],"picked":"SKIP","floor":13},{"not_picked":["Cleave","Clash"],"picked":"Headbutt","floor":14}],"player_experience":54749,"relics_obtained":[{"floor":6,"key":"Toy Ornithopter"},{"floor":9,"key":"Pantograph"},{"floor":13,"key":"War Paint"}],"event_choices":[{"damage_healed":0,"gold_gain":0,"player_choice":"Got Potions","damage_taken":0,"max_hp_gain":0,"max_hp_loss":0,"event_name":"Lab","floor":7,"gold_loss":0}],"is_beta":false,"boss_relics":[],"items_purged_floors":[],"is_endless":false,"potions_floor_spawned":[2,3,5,6,10,14],"killed_by":"Hexaghost","ascension_level":6}}