{"host":"udzsrhbqdxqtlypj","time":1612640398,"event":{"mods":["BaseMod","Minty Spire (QoL Compilation)","Relic Stats"],"gold_per_floor":[119,129,147,166,166,194,194,221,247,23,54,54,65,80,80,178,178,196,196,42,56,56,56,83,83,106,135,146,146,146,176,176,272,272,288,305,62,79,99,99,99,99],"floor_reached":41,"language":"ENG","playtime":5374,"items_purged":["Strike_B","Bite"],"score":807,"play_id":"790d0e81-ff7f-47dc-8abe-721e7c5dca98","local_time":"20210206133958","is_ascension_mode":true,"campfire_choices":[{"data":"Sunder","floor":12,"key":"SMITH"},{"data":"Sweeping Beam","floor":15,"key":"SMITH"},{"data":"Zap","floor":23,"key":"SMITH"},{"data":"Fission","floor":30,"key":"SMITH"},{"data":"Seek","floor":32,"key":"SMITH"},{"floor":40,"key":"REST"}],"circlet_count":0,"master_deck":["AscendersBane","Defend_B","Defend_B","Defend_B","Defend_B","Zap+1","Dualcast","Sweeping Beam+1","Go for the Eyes","Ball Lightning","Rebound","BootSequence","Sunder+1","Cold Snap","All For One","Skim","Fission+1","Conserve Battery+1","Hologram","Scrape+1","Beam Cell","Bite","Bite","Bite","Bite","Hologram","Seek+1","Fission","Reprogram+1","Deep Breath+1","Gash","Gash"],"relics":["FrozenCore","Centennial Puzzle","Pen Nib","Membership Card","Strawberry","Empty Cage","MutagenicStrength","Kunai","Nilry\u0027s Codex","Pantograph","Potion Belt","Ancient Tea Set","Nloth\u0027s Gift","Happy Flower","Toxic Egg 2"],"acts_visited":["Exordium","TheCity","TheBeyond"],"potions_floor_usage":[4,4,16,18,27,27,27,28,33,36,41],"damage_taken":[{"damage":4,"enemies":"Small Slimes","floor":1,"turns":3},{"damage":2,"enemies":"Jaw Worm","floor":2,"turns":4},{"damage":0,"enemies":"2 Louse","floor":3,"turns":2},{"damage":7,"enemies":"Exordium Wildlife","floor":4,"turns":3},{"damage":20,"enemies":"Lagavulin","floor":6,"turns":5},{"damage":20,"enemies":"3 Sentries","floor":8,"turns":9},{"damage":10,"enemies":"Lagavulin","floor":11,"turns":5},{"damage":0,"enemies":"Exordium Thugs","floor":13,"turns":3},{"damage":0,"enemies":"Looter","floor":14,"turns":2},{"damage":0,"enemies":"Slime Boss","floor":16,"turns":6},{"damage":4,"enemies":"3 Byrds","floor":18,"turns":4},{"damage":0,"enemies":"Shell Parasite","floor":21,"turns":4},{"damage":30,"enemies":"Book of Stabbing","floor":24,"turns":7},{"damage":6,"enemies":"Slavers","floor":27,"turns":4},{"damage":8,"enemies":"Centurion and Healer","floor":28,"turns":21},{"damage":1,"enemies":"Gremlin Leader","floor":31,"turns":7},{"damage":30,"enemies":"Automaton","floor":33,"turns":11},{"damage":0,"enemies":"Orb Walker","floor":35,"turns":3},{"damage":0,"enemies":"3 Darklings","floor":36,"turns":4},{"damage":38,"enemies":"Transient","floor":38,"turns":5},{"damage":7,"enemies":"Spire Growth","floor":39,"turns":4},{"damage":114,"enemies":"Nemesis","floor":41,"turns":9}],"seed_played":"-8713000988637067263","potions_obtained":[{"floor":0,"key":"Weak Potion"},{"floor":0,"key":"FearPotion"},{"floor":0,"key":"FairyPotion"},{"floor":2,"key":"Explosive Potion"},{"floor":3,"key":"DistilledChaos"},{"floor":4,"key":"ColorlessPotion"},{"floor":11,"key":"Swift Potion"},{"floor":13,"key":"AttackPotion"},{"floor":24,"key":"EntropicBrew"},{"floor":27,"key":"SpeedPotion"},{"floor":28,"key":"DuplicationPotion"},{"floor":35,"key":"AttackPotion"}],"is_trial":false,"path_per_floor":["M","M","M","M","?","E","?","E","T","$","E","R","M","M","R","B",null,"M","?","$","M","?","R","E","?","T","E","M","?","R","E","R","B",null,"M","M","$","M","M","R","E"],"character_chosen":"DEFECT","items_purchased":["Membership Card","Cold Snap","Fire Potion","Kunai","Hologram","Strength Potion","Toxic Egg 2","Deep Breath+1"],"campfire_rested":1,"item_purchase_floors":[10,10,10,20,20,37,37,37],"current_hp_per_floor":[64,62,62,55,48,28,53,33,33,33,30,30,30,30,30,30,69,65,65,65,65,49,49,19,19,19,19,49,49,49,57,57,31,51,57,57,57,22,23,40,0,0],"gold":99,"neow_bonus":"THREE_SMALL_POTIONS","is_daily":false,"chose_seed":false,"campfire_upgraded":5,"win_rate":0.0,"timestamp":1612640398,"path_taken":["M","M","M","M","?","E","?","E","T","$","E","R","M","M","R","BOSS","M","?","$","M","?","R","E","?","T","E","?","?","R","E","R","BOSS","M","M","$","M","M","R","E"],"items_purchased_type":["Relic","Card","Potion","Relic","Card","Potion","Relic","Card"],"build_version":"2020-12-22","purchased_purges":2,"victory":false,"max_hp_per_floor":[75,75,75,75,75,75,75,75,75,75,82,82,82,82,82,82,82,82,82,82,82,82,82,82,57,57,57,57,57,57,57,57,57,57,57,57,57,57,57,57,57,57],"relic_stats":{"Centennial Puzzle":[33],"Happy Flower":[12],"counters":[22,125],"Pantograph":0,"Pen Nib":[25],"Nloth\u0027s Gift":1,"Kunai":[45],"obtain_stats":[{"Potion Belt":26,"Happy Flower":31,"Nilry\u0027s Codex":22,"Oddly Smooth Stone":8,"Pen Nib":9,"Empty Cage":17,"Ancient Tea Set":27,"FrozenCore":34,"Centennial Puzzle":6,"Strawberry":11,"MutagenicStrength":19,"Pantograph":24,"Nloth\u0027s Gift":29,"Membership Card":10,"Kunai":20,"Toxic Egg 2":37,"Cracked Core":0},{"Potion Belt":13,"Happy Flower":16,"Nilry\u0027s Codex":12,"Oddly Smooth Stone":6,"Pen Nib":6,"Empty Cage":10,"Ancient Tea Set":14,"FrozenCore":17,"Centennial Puzzle":5,"Strawberry":7,"MutagenicStrength":11,"Pantograph":13,"Nloth\u0027s Gift":15,"Membership Card":6,"Kunai":11,"Toxic Egg 2":19,"Cracked Core":0},{"Potion Belt":57,"Happy Flower":89,"Nilry\u0027s Codex":50,"Oddly Smooth Stone":26,"Pen Nib":26,"Empty Cage":42,"Ancient Tea Set":61,"FrozenCore":100,"Centennial Puzzle":17,"Strawberry":31,"MutagenicStrength":46,"Pantograph":57,"Nloth\u0027s Gift":82,"Membership Card":26,"Kunai":46,"Toxic Egg 2":107,"Cracked Core":0}],"FrozenCore":[15]},"card_choices":[{"not_picked":["Conserve Battery","Rebound"],"picked":"Sweeping Beam","floor":1},{"not_picked":["Conserve Battery","Rebound"],"picked":"Go for the Eyes","floor":2},{"not_picked":["Leap","Darkness"],"picked":"Ball Lightning","floor":3},{"not_picked":["Ball Lightning","Stack"],"picked":"Rebound","floor":4},{"not_picked":["Aggregate","Double Energy"],"picked":"BootSequence","floor":6},{"not_picked":["Sweeping Beam","Conserve Battery"],"picked":"Sunder","floor":8},{"not_picked":["Coolheaded","Heatsinks"],"picked":"All For One","floor":11},{"not_picked":["Streamline","Coolheaded","Ball Lightning"],"picked":"SKIP","floor":13},{"not_picked":["Steam Power","Steam"],"picked":"Skim","floor":14},{"not_picked":["Hyperbeam","Seek"],"picked":"Fission","floor":16},{"not_picked":["Turbo","Undo"],"picked":"Conserve Battery+1","floor":18},{"not_picked":["Ball Lightning","Streamline"],"picked":"Scrape+1","floor":21},{"not_picked":["Storm","Leap"],"picked":"Beam Cell","floor":24},{"not_picked":["Hologram","Reprogram+1","Glacier"],"picked":"SKIP","floor":27},{"not_picked":["Barrage","Steam Power"],"picked":"Hologram","floor":28},{"not_picked":["Machine Learning","Double Energy"],"picked":"Seek","floor":31},{"not_picked":["Hyperbeam","Multi-Cast"],"picked":"Fission","floor":33},{"not_picked":["Stack","Sweeping Beam"],"picked":"Reprogram+1","floor":35},{"not_picked":["Stack+1","Amplify","Force Field+1"],"picked":"SKIP","floor":36},{"not_picked":["BootSequence+1","Scrape+1"],"picked":"Gash","floor":38},{"not_picked":["Cold Snap","Force Field+1"],"picked":"Gash","floor":39}],"player_experience":2815557,"relics_obtained":[{"floor":6,"key":"Centennial Puzzle"},{"floor":8,"key":"Oddly Smooth Stone"},{"floor":9,"key":"Pen Nib"},{"floor":11,"key":"Strawberry"},{"floor":22,"key":"Nilry\u0027s Codex"},{"floor":24,"key":"Pantograph"},{"floor":26,"key":"Potion Belt"},{"floor":27,"key":"Ancient Tea Set"},{"floor":31,"key":"Happy Flower"}],"event_choices":[{"cards_removed":["Strike_B"],"damage_healed":0,"gold_gain":0,"player_choice":"Card Removal","damage_taken":7,"max_hp_gain":0,"max_hp_loss":0,"event_name":"Golden Wing","floor":5,"gold_loss":0},{"damage_healed":25,"gold_gain":0,"player_choice":"Banana","damage_taken":0,"max_hp_gain":0,"max_hp_loss":0,"event_name":"Big Fish","floor":7,"gold_loss":0},{"damage_healed":0,"gold_gain":0,"player_choice":"Inject Mutagens","damage_taken":0,"relics_obtained":["MutagenicStrength"],"max_hp_gain":0,"max_hp_loss":0,"event_name":"Drug Dealer","floor":19,"gold_loss":0},{"damage_healed":0,"gold_gain":0,"player_choice":"Obtained Book","damage_taken":16,"max_hp_gain":0,"max_hp_loss":0,"event_name":"Cursed Tome","floor":22,"gold_loss":0},{"damage_healed":0,"gold_gain":0,"player_choice":"Became a vampire","damage_taken":0,"max_hp_gain":0,"max_hp_loss":25,"event_name":"Vampires","floor":25,"gold_loss":0,"cards_obtained":["Bite","Bite","Bite","Bite","Bite"]},{"damage_healed":0,"gold_gain":0,"player_choice":"Traded Relic","damage_taken":0,"relics_obtained":["Nloth\u0027s Gift"],"max_hp_gain":0,"max_hp_loss":0,"event_name":"N\u0027loth","floor":29,"relics_lost":["Oddly Smooth Stone"],"gold_loss":0}],"is_beta":false,"boss_relics":[{"not_picked":["Runic Dome","Pandora\u0027s Box"],"picked":"Empty Cage"},{"not_picked":["Velvet Choker","Cursed Key"],"picked":"FrozenCore"}],"items_purged_floors":[10,37],"is_endless":false,"potions_floor_spawned":[2,3,4,11,13,24,27,28,35],"killed_by":"Nemesis","ascension_level":10}}