{"host":"hcg2wesxzfo46upw","time":1612612346,"event":{"mods":["2.2 Compatiblity","AchievementEnabler","Act Like it!","Aspiration","BaseMod","Beaked The Cultist","Better Altar","Better Match","Better Note","Better Sensory Stone","Better Skull","Better Third Choice","ChefMod","Clockwork Mod","Conspire","Downfall","Elementarium","Gensokyo","GifTheSpireLib","Glutton Mod","Hubris","Infinite Spire","Jedi Mod","Mad Scientist","Minty Spire (QoL Compilation)","Pale of the Ancients","Reliquary","Replay The Spire","Robot Space Explorer","Shade Mod","Spicy Shops","Spikes Relics","StSLib","Stuff the Spire","The Blackbeard","The Bug Knight","The Construct","The Cursed","The Death Knight","The Disciple","The Edgeheg","The Jungle","The Marked","The Necromancer","The Runesmith","Wandering Minibosses"],"gold_per_floor":[112,76,95,105,132,163,163,180,225,225,239,239,252,25,25,25,25,0,0,0,0,0,0,0,0],"floor_reached":24,"language":"ENG","playtime":1298,"items_purged":[],"score":200,"play_id":"e5349cd9-9209-4c38-8716-69ddca43b5d3","local_time":"20210206125226","is_ascension_mode":false,"campfire_choices":[{"data":"theMarked:OneWithTheBlade","floor":7,"key":"SMITH"},{"data":"theMarked:SoldierOfQuellstein","floor":10,"key":"SMITH"},{"floor":15,"key":"REST"},{"floor":23,"key":"REST"}],"circlet_count":0,"master_deck":["theMarked:Strike","theMarked:Strike","theMarked:Strike","theMarked:Strike","theMarked:Strike","theMarked:Defend","theMarked:Defend","theMarked:Defend","theMarked:SoldierOfQuellstein+1","theMarked:RepellingDischarge","theMarked:PowerFlow","theMarked:OneWithTheBlade+1","theMarked:WardOff","theMarked:ComboAttacks","theMarked:ElectricStrings","theMarked:MuscleMemory","theMarked:Levitate","theMarked:SwordAndMagic","theMarked:ShockingTouch","theMarked:LightningStrikesTwice+1","theMarked:Overcharge","Bandage Up","theMarked:BindingBlade","theMarked:BanishingStrike","theMarked:Opportunist","theMarked:ChainLightning+1"],"relics":["theMarked:ArtifactOfAir","aspiration:Nostalgia","theEdgeheg:CSGunRelic","reliquary:SharkskinSheath","theMarked:DemonDagger","jedi:ominousloannote","Bottled Lightning","construct:WeddingRing","betterThird:NestCultRelic"],"acts_visited":["Exordium","TheCity"],"potions_floor_usage":[6,13,16,16,20],"damage_taken":[{"damage":1,"enemies":"Cultist","floor":1,"turns":4},{"damage":0,"enemies":"Small Slimes","floor":3,"turns":3},{"damage":0,"enemies":"2 Louse","floor":4,"turns":2},{"damage":21,"enemies":"Gremlin Gang","floor":5,"turns":9},{"damage":25,"enemies":"Gremlin Nob","floor":6,"turns":4},{"damage":0,"enemies":"3 Louse","floor":8,"turns":2},{"damage":2,"enemies":"Blue Slaver","floor":11,"turns":4},{"damage":13,"enemies":"Gremlin Gang","floor":13,"turns":4},{"damage":11,"enemies":"Hexaghost","floor":16,"turns":6},{"damage":21,"enemies":"2 Thieves","floor":18,"turns":4},{"damage":9,"enemies":"Chosen","floor":19,"turns":4},{"damage":50,"enemies":"Sentry and Sphere","floor":20,"turns":6},{"damage":29,"enemies":"Snake Plant","floor":24,"turns":3}],"seed_played":"182517187782586837","potions_obtained":[{"floor":1,"key":"Swift Potion"},{"floor":4,"key":"SteroidPotion"},{"floor":13,"key":"theMarked:ChargePotion"},{"floor":19,"key":"Venom Potion"}],"is_trial":false,"path_per_floor":["M","$","M","M","M","E","R","M","T","R","M","?","M","$","R","B",null,"M","M","M","?","?","R","M"],"character_chosen":"THE_DEFAULT","items_purchased":["theMarked:PowerFlow","jedi:ominousloannote","theMarked:LightningStrikesTwice+1","theMarked:Overcharge","SkillPotion","Energy Potion","Bottled Lightning","Bandage Up"],"campfire_rested":2,"item_purchase_floors":[2,14,14,14,14,14,14,14],"current_hp_per_floor":[69,69,69,69,48,23,23,23,23,23,21,21,8,8,29,22,70,53,48,2,2,2,23,0,0],"gold":0,"neow_bonus":"NOSTALGIA","is_daily":false,"chose_seed":false,"campfire_upgraded":2,"win_rate":0.0,"timestamp":1612612346,"path_taken":["M","?","M","M","M","E","R","M","T","R","M","?","M","$","R","BOSS","M","M","?","?","?","R","?"],"items_purchased_type":["Card","Relic","Card","Card","Potion","Potion","Relic","Card"],"build_version":"2020-12-22","purchased_purges":0,"victory":false,"max_hp_per_floor":[70,70,70,70,70,70,70,70,70,70,70,70,70,70,70,70,70,70,70,70,70,70,70,70,70],"card_choices":[{"not_picked":["theMarked:ContemptForTheProud","theMarked:ResourceFulStrike"],"picked":"theMarked:RepellingDischarge","floor":1},{"not_picked":["theMarked:TunnelVision","theMarked:SwordAndMagic"],"picked":"theMarked:OneWithTheBlade","floor":3},{"not_picked":["theMarked:WastefulAttack","theMarked:ResourceFulStrike"],"picked":"theMarked:WardOff","floor":4},{"not_picked":["theMarked:Frustration","theMarked:Aftermath"],"picked":"theMarked:ComboAttacks","floor":5},{"not_picked":["theMarked:WardOff","theMarked:ResourceFulStrike"],"picked":"theMarked:ElectricStrings","floor":6},{"not_picked":["theMarked:Parkour","theMarked:Parry"],"picked":"theMarked:MuscleMemory","floor":8},{"not_picked":["theMarked:BanishingStrike","theMarked:TwofoldDefense"],"picked":"theMarked:Levitate","floor":11},{"not_picked":["theMarked:WardOff","theMarked:SwordAndMagic"],"picked":"theMarked:ShockingTouch","floor":13},{"not_picked":["theMarked:UnarmedFury","theMarked:TakeOffHeels"],"picked":"theMarked:BindingBlade","floor":16},{"not_picked":["theMarked:HeightenedSenses","theMarked:ComboAttacks"],"picked":"theMarked:BanishingStrike","floor":18},{"not_picked":["theMarked:RepellingDischarge+1","theMarked:StartUp"],"picked":"theMarked:Opportunist","floor":19},{"not_picked":["theMarked:RepellingDischarge","theMarked:Frustration"],"picked":"theMarked:ChainLightning+1","floor":20}],"player_experience":275243,"relics_obtained":[{"floor":6,"key":"reliquary:SharkskinSheath"},{"floor":9,"key":"theMarked:DemonDagger"}],"event_choices":[{"damage_healed":0,"gold_gain":0,"cards_transformed":["theMarked:Defend"],"player_choice":"Transformed","damage_taken":0,"max_hp_gain":0,"max_hp_loss":0,"event_name":"Transmorgrifier","floor":12,"gold_loss":0,"cards_obtained":["theMarked:SwordAndMagic"]},{"cards_removed":["theMarked:Levitate"],"damage_healed":0,"gold_gain":0,"player_choice":"Give","damage_taken":0,"max_hp_gain":0,"max_hp_loss":0,"event_name":"betterNote:BetterNote","floor":21,"gold_loss":0,"cards_obtained":["Bash"]},{"damage_healed":0,"gold_gain":0,"player_choice":"Madness","damage_taken":0,"relics_obtained":["betterThird:NestCultRelic"],"max_hp_gain":0,"max_hp_loss":0,"event_name":"betterThird:BetterNest","floor":22,"gold_loss":0}],"is_beta":false,"boss_relics":[{"not_picked":["construct:ClawGrip","Runesmith:UraniumAnvil"],"picked":"construct:WeddingRing"}],"items_purged_floors":[],"is_endless":false,"potions_floor_spawned":[1,4,13,19],"killed_by":"Snake Plant","ascension_level":0}}