{"host":"e1pm3b7xpcm97e5w","time":1612643976,"event":{"mods":["BaseMod","Better Skull","Googly Eyes","Minty Spire (QoL Compilation)","Relic Stats","Shop Mod","Spicy Shops","StSLib"],"gold_per_floor":[111,111,35,47,47,47,74,74,74,24,51,74,114,141,153,264,276,303,55,72,92,112,112,137,137,183,183,183,22,22,47,47,147,147,160,171,21,21,21,21,34,68,93,93,108,139,159,176,176,176],"floor_reached":51,"language":"ENG","playtime":8272,"items_purged":["Strike_B"],"score":1203,"play_id":"c528d3e9-2886-4bb4-b018-6c2bfde17a96","local_time":"20210206153936","is_ascension_mode":true,"campfire_choices":[{"data":"Hologram","floor":6.0,"key":"SMITH"},{"data":"Zap","floor":8.0,"key":"SMITH"},{"floor":15.0,"key":"REST"},{"floor":23.0,"key":"REST"},{"data":"Defragment","floor":25.0,"key":"SMITH"},{"data":"Consume","floor":27.0,"key":"SMITH"},{"data":"Recycle","floor":30.0,"key":"SMITH"},{"floor":32.0,"key":"REST"},{"floor":40,"key":"REST"},{"floor":44,"key":"REST"},{"floor":49,"key":"REST"}],"circlet_count":0,"master_deck":["AscendersBane","Strike_B","Strike_B","Strike_B","Defend_B","Defend_B+1","Defend_B+1","Zap+1","Dualcast","Steam","Self Repair","Hologram+1","Streamline","Coolheaded","Coolheaded","Capacitor","Hello World","Biased Cognition+1","Cold Snap","Consume+1","Defragment+1","Ball Lightning","Genetic Algorithm+1","Static Discharge","Recycle+1","Echo Form","Defragment","Biased Cognition","Decay","Glacier","Loop","Machine Learning"],"relics":["Cracked Core","NeowsBlessing","StrikeDummy","Dream Catcher","Happy Flower","Strawberry","MawBank","TungstenRod","SlaversCollar","Mummified Hand","Singing Bowl","War Paint","Symbiotic Virus","Runic Pyramid","Blood Vial","Nunchaku","Regal Pillow","Potion Belt"],"acts_visited":["Exordium","TheCity","TheBeyond"],"potions_floor_usage":[41,45,48],"damage_taken":[{"damage":0.0,"enemies":"Small Slimes","floor":1.0,"turns":1.0},{"damage":0.0,"enemies":"2 Louse","floor":4.0,"turns":1.0},{"damage":0.0,"enemies":"Gremlin Nob","floor":7.0,"turns":1.0},{"damage":30.0,"enemies":"Lagavulin","floor":11.0,"turns":5.0},{"damage":13.0,"enemies":"3 Sentries","floor":13.0,"turns":6.0},{"damage":2.0,"enemies":"Jaw Worm","floor":14.0,"turns":3.0},{"damage":36.0,"enemies":"Hexaghost","floor":16.0,"turns":10.0},{"damage":13.0,"enemies":"Shell Parasite","floor":18.0,"turns":7.0},{"damage":21.0,"enemies":"Chosen","floor":20.0,"turns":5.0},{"damage":13.0,"enemies":"Shelled Parasite and Fungi","floor":21.0,"turns":8.0},{"damage":11.0,"enemies":"Snake Plant","floor":22.0,"turns":5.0},{"damage":9.0,"enemies":"Gremlin Leader","floor":24.0,"turns":8.0},{"damage":39.0,"enemies":"Book of Stabbing","floor":31.0,"turns":4.0},{"damage":51.0,"enemies":"Collector","floor":33.0,"turns":9.0},{"damage":23,"enemies":"3 Shapes","floor":35,"turns":3},{"damage":23,"enemies":"3 Darklings","floor":36,"turns":8},{"damage":36,"enemies":"Spire Growth","floor":41,"turns":4},{"damage":6,"enemies":"Nemesis","floor":42,"turns":9},{"damage":27,"enemies":"Jaw Worm Horde","floor":45,"turns":3},{"damage":31,"enemies":"Reptomancer","floor":46,"turns":5},{"damage":9,"enemies":"Maw","floor":47,"turns":7},{"damage":5,"enemies":"Transient","floor":48,"turns":5},{"damage":71,"enemies":"Time Eater","floor":50,"turns":16}],"seed_played":"4903783023198205956","potions_obtained":[{"floor":1.0,"key":"LiquidBronze"},{"floor":4.0,"key":"Energy Potion"},{"floor":13.0,"key":"FearPotion"},{"floor":14.0,"key":"DuplicationPotion"},{"floor":41,"key":"SteroidPotion"},{"floor":42,"key":"SkillPotion"},{"floor":46,"key":"AttackPotion"},{"floor":47,"key":"EssenceOfDarkness"}],"is_trial":false,"path_per_floor":["M","?","$","M","$","R","E","R","T","?","E","T","E","M","R","B",null,"M","$","M","M","M","R","E","R","T","R","?","$","R","E","R","B",null,"M","M","$","?","$","R","M","E","T","R","M","E","M","M","R","B",null],"character_chosen":"DEFECT","items_purchased":["Self Repair","Mummified Hand","Static Discharge","Recycle","Blood Vial"],"campfire_rested":6,"item_purchase_floors":[3,19,29,29,37],"current_hp_per_floor":[68,56,56,56,56,56,56,56,56,56,40,40,34,39,63,34,70,64,64,50,44,40,64,62,62,62,62,62,62,62,32,59,15,68,52,43,43,43,43,68,50,55,55,90,70,50,52,58,98,27],"gold":176,"neow_bonus":"THREE_ENEMY_KILL","is_daily":false,"chose_seed":false,"campfire_upgraded":5,"win_rate":0.0,"timestamp":1612643976,"path_taken":["M","?","$","M","$","R","E","R","T","?","E","?","E","M","R","BOSS","M","$","M","M","?","R","E","R","T","R","?","?","R","E","R","BOSS","M","M","$","?","?","R","M","E","T","R","?","E","M","M","R","BOSS"],"items_purchased_type":["Card","Relic","Card","Card","Relic"],"build_version":"2020-12-22","purchased_purges":1,"victory":true,"max_hp_per_floor":[75,75,75,75,75,75,75,75,75,75,82,82,82,82,82,82,82,82,82,82,82,82,82,82,82,82,82,82,82,82,84,86,86,86,86,86,86,86,86,86,88,90,90,90,90,92,94,96,98,98],"relic_stats":{"Blood Vial":10,"Dream Catcher":6,"Nunchaku":[6],"Regal Pillow":18,"Happy Flower":[43],"Singing Bowl":16,"counters":[23,133],"Mummified Hand":[128],"War Paint":["Defend_B","Defend_B"],"MawBank":84,"obtain_stats":[{"Potion Belt":46,"Regal Pillow":43,"NeowsBlessing":0,"Happy Flower":9,"Singing Bowl":24,"War Paint":26,"MawBank":12,"Blood Vial":37,"SlaversCollar":17,"Dream Catcher":7,"Nunchaku":42,"Mummified Hand":19,"Strawberry":11,"Cracked Core":0,"StrikeDummy":2,"Symbiotic Virus":31,"TungstenRod":13,"Runic Pyramid":34},{"Potion Belt":20,"Regal Pillow":18,"NeowsBlessing":0,"Happy Flower":3,"Singing Bowl":12,"War Paint":12,"MawBank":4,"Blood Vial":16,"SlaversCollar":7,"Dream Catcher":3,"Nunchaku":18,"Mummified Hand":8,"Strawberry":4,"Cracked Core":0,"StrikeDummy":1,"Symbiotic Virus":13,"TungstenRod":5,"Runic Pyramid":14},{"Potion Belt":105,"Regal Pillow":97,"NeowsBlessing":0,"Happy Flower":3,"Singing Bowl":60,"War Paint":60,"MawBank":8,"Blood Vial":84,"SlaversCollar":27,"Dream Catcher":3,"Nunchaku":97,"Mummified Hand":34,"Strawberry":8,"Cracked Core":0,"StrikeDummy":1,"Symbiotic Virus":64,"TungstenRod":14,"Runic Pyramid":73}],"TungstenRod":57},"card_choices":[{"not_picked":["Storm","Stack"],"picked":"Steam","floor":1.0},{"not_picked":["Melter","Static Discharge"],"picked":"Hologram","floor":4.0},{"not_picked":["Darkness","Blizzard"],"picked":"Streamline","floor":7.0},{"not_picked":["Ball Lightning","Hologram"],"picked":"Coolheaded","floor":11.0},{"not_picked":["Darkness","Sweeping Beam"],"picked":"Coolheaded","floor":13.0},{"not_picked":["Genetic Algorithm","Streamline"],"picked":"Capacitor","floor":14.0},{"not_picked":["Steam","Rip and Tear"],"picked":"Hello World","floor":15.0},{"not_picked":["Buffer","Seek"],"picked":"Biased Cognition","floor":16.0},{"not_picked":["Fusion","Aggregate"],"picked":"Cold Snap","floor":18.0},{"not_picked":["Coolheaded","Turbo"],"picked":"Consume","floor":20.0},{"not_picked":["Force Field","Go for the Eyes"],"picked":"Defragment","floor":21.0},{"not_picked":["BootSequence","Steam"],"picked":"Ball Lightning","floor":22.0},{"not_picked":["All For One","Reinforced Body"],"picked":"Genetic Algorithm+1","floor":24.0},{"not_picked":["Sweeping Beam","Recycle","Stack"],"picked":"Singing Bowl","floor":31.0},{"not_picked":["Reinforced Body","Lockon","Hello World"],"picked":"Singing Bowl","floor":32.0},{"not_picked":["Creative AI","Amplify"],"picked":"Echo Form","floor":33.0},{"not_picked":["Rebound","Cold Snap+1"],"picked":"Defragment","floor":35},{"not_picked":["Streamline+1","Conserve Battery"],"picked":"Biased Cognition","floor":36},{"not_picked":["Double Energy+1","Streamline+1"],"picked":"Glacier","floor":40},{"not_picked":["Consume","Compile Driver","Undo"],"picked":"Singing Bowl","floor":41},{"not_picked":["Sunder","Turbo","Cold Snap+1"],"picked":"Singing Bowl","floor":42},{"not_picked":["Leap+1","Beam Cell"],"picked":"Loop","floor":44},{"not_picked":["Beam Cell","Cold Snap"],"picked":"Machine Learning","floor":45},{"not_picked":["Hello World+1","Go for the Eyes","Double Energy+1"],"picked":"Singing Bowl","floor":46},{"not_picked":["Beam Cell","BootSequence+1","Ball Lightning"],"picked":"Singing Bowl","floor":47},{"not_picked":["Beam Cell","Meteor Strike","Rebound"],"picked":"Singing Bowl","floor":48},{"not_picked":["Sweeping Beam","Go for the Eyes+1","Lockon+1"],"picked":"Singing Bowl","floor":49}],"player_experience":706138,"relics_obtained":[{"floor":7.0,"key":"Dream Catcher"},{"floor":9.0,"key":"Happy Flower"},{"floor":11.0,"key":"Strawberry"},{"floor":12.0,"key":"MawBank"},{"floor":13.0,"key":"TungstenRod"},{"floor":24.0,"key":"Singing Bowl"},{"floor":26.0,"key":"War Paint"},{"floor":31.0,"key":"Symbiotic Virus"},{"floor":42,"key":"Nunchaku"},{"floor":43,"key":"Regal Pillow"},{"floor":46,"key":"Potion Belt"}],"event_choices":[{"damage_healed":0.0,"max_hp_gain":0.0,"max_hp_loss":0.0,"gold_gain":0.0,"event_name":"Scrap Ooze","player_choice":"Success","floor":2.0,"gold_loss":0.0,"damage_taken":12.0,"relics_obtained":["StrikeDummy"]},{"cards_removed":["Defend_B"],"damage_healed":0.0,"max_hp_gain":0.0,"max_hp_loss":0.0,"gold_gain":0.0,"event_name":"The Cleric","player_choice":"Card Removal","floor":10.0,"gold_loss":50.0,"damage_taken":0.0},{"damage_healed":0.0,"max_hp_gain":0.0,"max_hp_loss":0.0,"gold_gain":0.0,"event_name":"Upgrade Shrine","player_choice":"Upgraded","floor":28.0,"gold_loss":0.0,"damage_taken":0.0,"cards_upgraded":["Biased Cognition"]},{"damage_healed":0,"gold_gain":0,"player_choice":"Cursed","damage_taken":0,"max_hp_gain":0,"max_hp_loss":0,"event_name":"Wheel of Change","floor":38,"gold_loss":0,"cards_obtained":["Decay"]}],"is_beta":false,"boss_relics":[{"not_picked":["Calling Bell","Ectoplasm"],"picked":"SlaversCollar"},{"not_picked":["Snecko Eye","Philosopher\u0027s Stone"],"picked":"Runic Pyramid"}],"items_purged_floors":[37],"is_endless":false,"potions_floor_spawned":[1,4,13,14,18,31,41,42,46,47],"ascension_level":12}}