{"host":"23qk1co0p3p8qz56","time":1612592832,"event":{"mods":["100% Spire Juice","AchievementEnabler","Act Like it!","Arknights","BaseMod","Better Note","Better Third Choice","BetterRewards","CapriCore","Chen","Colored Map","Downfall","Friendly Minions","Gensokyo","Gold Saver","KinomotoSakuraMod(木之本?)","Koishi","Lobotomy","LobotomyExtend","Marisa（霧雨　魔理沙）","Minty Spire (QoL Compilation)","Prisma Mod","Reimu（博??梦）","Remilia（蕾米莉?）","StSLib","The Alterego","The Animator","The Immortal","The Senshi","Waifu the Spire","Yakumo Yukari mod","Yohane!","Yuyuko"],"gold_per_floor":[390,404,414,414,414,414,414,424,424,439,455,472,472,482,500,595,595,595,605,605,805,815,815,866,886,899,909,922,922,922,937,952,1050,1100,1100,1119,671,685,735,735,761,761,814,714,381,95,95,95,114,114],"floor_reached":51,"language":"ENG","playtime":7602,"items_purged":[],"score":643,"play_id":"6aff18b6-879b-4a3e-96a0-3e9b97e5ffc7","local_time":"20210205232712","is_ascension_mode":false,"campfire_choices":[{"data":"Guardian:CurlUp","floor":1,"key":"SMITH"},{"data":"Guardian:ArmoredProtocol","floor":6,"key":"SMITH"},{"data":"Guardian:Preprogram","floor":13,"key":"SMITH"},{"data":"Guardian:StasisStrike","floor":18,"key":"SMITH"},{"data":"Guardian:BodySlam","floor":23,"key":"SMITH"},{"data":"Guardian:ShieldCharger","floor":30,"key":"SMITH"},{"data":"Guardian:ConstructionForm","floor":35,"key":"SMITH"},{"data":"Guardian:ShieldSpikes","floor":42,"key":"SMITH"},{"data":"Guardian:TimeCapacitor","floor":44,"key":"SMITH"},{"floor":47,"key":"RECALL"}],"circlet_count":0,"master_deck":["Guardian:Defend_Guardian","Guardian:Defend_Guardian","Guardian:Defend_Guardian","Guardian:CurlUp+1","Guardian:TwinSlam","Guardian:ArmoredProtocol+1","Guardian:CurlUp+1","Guardian:Reroute","Guardian:Preprogram+1","Guardian:ChargeCore","Guardian:TemporalStrike","Guardian:StasisStrike+1","Guardian:TimeBomb","Guardian:BodySlam+1","Guardian:CrystalBeam+1","Guardian:TimeCapacitor+1","Guardian:Suspension","Guardian:ShieldCharger+1","Guardian:ShieldSpikes+1","Guardian:Reroute","Guardian:ConstructionForm+1","Guardian:DonusPower+1","Guardian:TemporalStrike","Guardian:FloatingOrbs+1","Guardian:Incinerate","Guardian:Recover","Guardian:AncientConstruct","Guardian:BodySlam"],"relics":["Guardian:ModeShifter","LetterFromLob","Sundial","Busted Crown","Centennial Puzzle","Tiny House","InkBottle","Strawberry","StoneCalendar","CatCart","downfall:HeartBlessingBlue"],"acts_visited":["Exordium","TheCity","TheBeyond"],"potions_floor_usage":[16,16,33,50,50,50],"damage_taken":[{"damage":9,"enemies":"2 Louse","floor":2,"turns":3},{"damage":5,"enemies":"Small Slimes","floor":3,"turns":4},{"damage":18,"enemies":"Cultist","floor":8,"turns":7},{"damage":2,"enemies":"Blue Slaver","floor":10,"turns":4},{"damage":1,"enemies":"Exordium Wildlife","floor":11,"turns":5},{"damage":0,"enemies":"Red Slaver","floor":12,"turns":5},{"damage":6,"enemies":"Exordium Wildlife","floor":14,"turns":3},{"damage":10,"enemies":"Exordium Thugs","floor":15,"turns":5},{"damage":2,"enemies":"SI_SHIV_ARCHETYPE","floor":16,"turns":23},{"damage":10,"enemies":"Chosen","floor":19,"turns":5},{"damage":4,"enemies":"Shell Parasite","floor":22,"turns":5},{"damage":3,"enemies":"3 Cultists","floor":25,"turns":5},{"damage":27,"enemies":"Chosen and Byrds","floor":26,"turns":6},{"damage":16,"enemies":"Snake Plant","floor":27,"turns":3},{"damage":5,"enemies":"3 Cultists","floor":28,"turns":5},{"damage":10,"enemies":"Cultist and Chosen","floor":31,"turns":5},{"damage":8,"enemies":"Centurion and Healer","floor":32,"turns":5},{"damage":24,"enemies":"DF_ARCHETYPE_CLAW","floor":33,"turns":9},{"damage":9,"enemies":"3 Shapes","floor":36,"turns":4},{"damage":0,"enemies":"downfall:FleeingMerchant","floor":37,"turns":4},{"damage":30,"enemies":"3 Darklings","floor":38,"turns":7},{"damage":9,"enemies":"3 Darklings","floor":39,"turns":7},{"damage":22,"enemies":"Orin","floor":43,"turns":10},{"damage":0,"enemies":"downfall:FleeingMerchant","floor":46,"turns":4},{"damage":28,"enemies":"Jaw Worm Horde","floor":49,"turns":5},{"damage":152,"enemies":"WA_ARCHETYPE_DIVINITY","floor":50,"turns":10}],"seed_played":"-5924664850612127633","potions_obtained":[{"floor":3,"key":"Dexterity Potion"},{"floor":11,"key":"Fire Potion"},{"floor":12,"key":"Dexterity Potion"},{"floor":22,"key":"FearPotion"},{"floor":25,"key":"DistilledChaos"},{"floor":36,"key":"Fire Potion"}],"is_trial":false,"path_per_floor":["R","M","M","?","?","R","T","M","M","M","M","M","R","M","M","B",null,"R","M","?","?","M","R","T","M","M","M","M","?","R","M","M","B",null,"R","M","$","M","?","?","T","R","?","R","?","$","R","?","M","B",null],"character_chosen":"GUARDIAN","items_purchased":["Guardian:Gem_Lightblue","InkBottle","Strawberry","Guardian:Gem_Blue","Guardian:Recover","Guardian:AncientConstruct","Guardian:BodySlam"],"campfire_rested":0,"item_purchase_floors":[37,37,37,46,46,46,46],"current_hp_per_floor":[88,79,74,88,88,88,88,70,70,68,67,67,67,61,51,49,88,88,78,70,70,66,66,66,63,36,20,15,88,88,78,70,46,93,93,84,91,61,52,52,52,52,30,40,124,124,124,124,96,28],"gold":114,"neow_bonus":"TEN_PERCENT_HP_BONUS","is_daily":false,"chose_seed":false,"campfire_upgraded":9,"win_rate":0.0,"timestamp":1612592832,"path_taken":["R","M","M","?","?","R","T","M","M","M","M","?","R","M","M","BOSS","R","M","?","?","M","R","T","M","M","M","?","?","R","M","M","BOSS","R","M","$","M","?","?","T","R","?","R","?","?","R","?","M","BOSS"],"items_purchased_type":["Card","Relic","Relic","Card","Card","Card","Card"],"build_version":"2020-12-22","purchased_purges":0,"victory":true,"max_hp_per_floor":[88,88,88,88,88,88,88,88,88,88,88,88,88,88,88,88,88,88,88,88,88,88,88,88,88,88,88,88,88,88,88,88,88,93,93,93,100,100,100,100,100,100,100,110,124,124,124,124,124,124],"card_choices":[{"not_picked":["Guardian:RollAttack","Guardian:Reroute","Guardian:WalkerClaw"],"picked":"SKIP","floor":2},{"not_picked":["Guardian:PrismaticBarrier","Guardian:Emergency"],"picked":"Guardian:ArmoredProtocol","floor":3},{"not_picked":["Guardian:BronzeArmor","Guardian:Preprogram"],"picked":"Guardian:Reroute","floor":8},{"not_picked":["Guardian:CrystalBeam","Guardian:RefractedBeam"],"picked":"Guardian:Preprogram","floor":10},{"not_picked":["Guardian:Reroute","Guardian:Planning"],"picked":"Guardian:GuardianWhirl","floor":11},{"not_picked":["Guardian:PiercingHide","Guardian:Gem_Blue"],"picked":"Guardian:Gem_Green","floor":12},{"not_picked":["Guardian:Planning","Guardian:Reroute"],"picked":"Guardian:ChargeCore","floor":14},{"not_picked":["Guardian:Gem_Yellow","Guardian:TimeBomb"],"picked":"Guardian:TemporalStrike","floor":15},{"not_picked":["Guardian:HyperBeam_Guardian","Guardian:BaubleBeam"],"picked":"Guardian:StasisStrike","floor":16},{"not_picked":[],"picked":"Guardian:TimeBomb","floor":19},{"not_picked":["Guardian:WalkerClaw"],"picked":"SKIP","floor":22},{"not_picked":[],"picked":"Guardian:TimeCapacitor","floor":25},{"not_picked":[],"picked":"Guardian:Suspension","floor":26},{"not_picked":[],"picked":"Guardian:ShieldCharger","floor":27},{"not_picked":[],"picked":"Guardian:Gem_Cyan","floor":28},{"not_picked":[],"picked":"Guardian:ShieldSpikes","floor":31},{"not_picked":[],"picked":"Guardian:Reroute","floor":32},{"not_picked":[],"picked":"Guardian:ConstructionForm","floor":33},{"not_picked":[],"picked":"Guardian:DonusPower+1","floor":34},{"not_picked":[],"picked":"Guardian:TemporalStrike","floor":36},{"not_picked":[],"picked":"Guardian:Gem_Cyan","floor":37},{"not_picked":["Guardian:Suspension"],"picked":"SKIP","floor":38},{"not_picked":[],"picked":"Guardian:Gem_Purple","floor":39},{"not_picked":[],"picked":"Guardian:FloatingOrbs+1","floor":43},{"not_picked":[],"picked":"Guardian:Incinerate","floor":46},{"not_picked":["Guardian:Suspension"],"picked":"SKIP","floor":49}],"player_experience":49779,"relics_obtained":[{"floor":2,"key":"LetterFromLob"},{"floor":7,"key":"Sundial"},{"floor":24,"key":"Centennial Puzzle"},{"floor":39,"key":"StoneCalendar"},{"floor":43,"key":"CatCart"}],"event_choices":[{"damage_healed":0,"gold_gain":200,"player_choice":"Gold","damage_taken":0,"max_hp_gain":0,"max_hp_loss":0,"event_name":"Wheel of Change","floor":21,"gold_loss":0},{"cards_removed":["Guardian:GuardianWhirl"],"damage_healed":73,"gold_gain":0,"player_choice":"Offered Uncommon","damage_taken":0,"max_hp_gain":0,"max_hp_loss":0,"event_name":"Bonfire Elementals","floor":29,"gold_loss":0},{"damage_healed":0,"gold_gain":0,"player_choice":"Ignored","damage_taken":0,"max_hp_gain":0,"max_hp_loss":0,"event_name":"Mysterious Sphere","floor":40,"gold_loss":0},{"damage_healed":0,"gold_gain":0,"player_choice":"Fight","damage_taken":0,"max_hp_gain":0,"max_hp_loss":0,"event_name":"OrinTheCat","floor":43,"gold_loss":0}],"is_beta":false,"boss_relics":[{"not_picked":["Black Star","Guardian:StasisSlotReductionRelic"],"picked":"Busted Crown"},{"not_picked":["SacredBark","Snecko Eye"],"picked":"Tiny House"}],"items_purged_floors":[],"is_endless":false,"potions_floor_spawned":[3,11,12,15,19,22,25,36,38,49],"ascension_level":0}}