{"host":"ia9e4s524g7bamk7","time":1612595885,"event":{"mods":["AchievementEnabler","BaseMod","Minty Spire (QoL Compilation)","Slay-I"],"gold_per_floor":[114,132,151,151,164,164,196,196,246,246,265,265,282,307,307,307,307],"floor_reached":16,"language":"ENG","playtime":1149,"items_purged":[],"score":186,"play_id":"857cc9c3-2b1a-4e28-8ba1-50ea647bd753","local_time":"20210206081805","is_ascension_mode":true,"campfire_choices":[{"data":"Bouncing Flask","floor":6,"key":"SMITH"},{"floor":8,"key":"REST"},{"data":"Terror","floor":10,"key":"SMITH"},{"floor":12,"key":"REST"},{"data":"Dodge and Roll","floor":15,"key":"SMITH"}],"circlet_count":0,"master_deck":["Strike_G","Strike_G","Strike_G","Strike_G","Strike_G","Defend_G","Defend_G","Defend_G","Defend_G","Defend_G","Survivor","Neutralize","Dagger Throw","Dash","Bouncing Flask+1","Underhanded Strike","Terror+1","Dagger Throw","Dodge and Roll+1","Underhanded Strike"],"relics":["SacredBark","Letter Opener","Potion Belt"],"acts_visited":["Exordium"],"potions_floor_usage":[14,16,16],"damage_taken":[{"damage":0,"enemies":"Cultist","floor":1,"turns":4},{"damage":0,"enemies":"Jaw Worm","floor":2,"turns":4},{"damage":2,"enemies":"2 Louse","floor":3,"turns":3},{"damage":6,"enemies":"2 Fungi Beasts","floor":5,"turns":4},{"damage":42,"enemies":"Gremlin Nob","floor":7,"turns":5},{"damage":6,"enemies":"Blue Slaver","floor":11,"turns":3},{"damage":0,"enemies":"Exordium Thugs","floor":13,"turns":3},{"damage":8,"enemies":"3 Sentries","floor":14,"turns":7},{"damage":49,"enemies":"Slime Boss","floor":16,"turns":11}],"seed_played":"-8911193426653709393","potions_obtained":[{"floor":3,"key":"BlessingOfTheForge"},{"floor":7,"key":"Swift Potion"},{"floor":11,"key":"AttackPotion"}],"is_trial":false,"path_per_floor":["M","M","M","?","M","R","E","R","T","R","M","R","M","E","R","B"],"character_chosen":"THE_SILENT","items_purchased":[],"campfire_rested":2,"item_purchase_floors":[],"current_hp_per_floor":[70,70,68,68,62,62,20,41,41,41,35,56,56,48,48,0,0],"gold":307,"neow_bonus":"BOSS_RELIC","is_daily":false,"chose_seed":false,"campfire_upgraded":3,"win_rate":0.0,"timestamp":1612595885,"path_taken":["M","M","?","?","M","R","E","R","T","R","M","R","M","E","R","BOSS"],"items_purchased_type":[],"build_version":"2020-12-22","purchased_purges":0,"victory":false,"max_hp_per_floor":[70,70,70,70,70,70,70,70,70,70,70,70,70,70,70,70,70],"card_choices":[{"not_picked":["Acrobatics","Predator"],"picked":"Dagger Throw","floor":1},{"not_picked":["Underhanded Strike","Flying Knee"],"picked":"Dash","floor":2},{"not_picked":["Choke","Slice"],"picked":"Bouncing Flask","floor":3},{"not_picked":["Outmaneuver","Flechettes"],"picked":"Underhanded Strike","floor":5},{"not_picked":["Deadly Poison","Night Terror"],"picked":"Terror","floor":7},{"not_picked":["Sucker Punch","PiercingWail"],"picked":"Dagger Throw","floor":11},{"not_picked":["Heel Hook","Underhanded Strike"],"picked":"Dodge and Roll","floor":13},{"not_picked":["Outmaneuver","Acrobatics"],"picked":"Underhanded Strike","floor":14}],"player_experience":264254,"relics_obtained":[{"floor":7,"key":"Letter Opener"},{"floor":14,"key":"Potion Belt"}],"event_choices":[{"damage_healed":0,"gold_gain":0,"player_choice":"Ignored","damage_taken":0,"max_hp_gain":0,"max_hp_loss":0,"event_name":"Liars Game","floor":4,"gold_loss":0}],"is_beta":false,"boss_relics":[],"items_purged_floors":[],"is_endless":false,"potions_floor_spawned":[3,7,11],"killed_by":"Slime Boss","ascension_level":3}}