{"host":"LaserWall","time":1612592884,"event":{"mods":["BaseMod","Minty Spire (QoL Compilation)","Relic Stats"],"gold_per_floor":[161,173,173,173,49,49,75,75,75,104,115,115,140,173,173,173,173],"floor_reached":16,"language":"ENG","playtime":966,"items_purged":["Strike_P"],"score":162,"play_id":"ba941053-52f9-4c1e-bfe4-7df293b16f58","local_time":"20210206012804","is_ascension_mode":true,"campfire_choices":[{"data":"Judgement","floor":6,"key":"SMITH"},{"data":"Eruption","floor":8,"key":"SMITH"},{"data":"Tantrum","floor":12,"key":"SMITH"},{"data":"CutThroughFate","floor":15,"key":"SMITH"}],"circlet_count":0,"master_deck":["Strike_P","Strike_P","Defend_P","Defend_P+1","Defend_P","Defend_P+1","Eruption+1","Vigilance+1","EmptyBody","Judgement+1","Tantrum+1","Sanctity","DeusExMachina","CutThroughFate+1","Wireheading"],"relics":["Tiny House","Oddly Smooth Stone","PreservedInsect","Anchor","Odd Mushroom","Sundial"],"acts_visited":["Exordium"],"potions_floor_usage":[7,16,16],"damage_taken":[{"damage":1,"enemies":"2 Louse","floor":1,"turns":3},{"damage":0,"enemies":"Small Slimes","floor":2,"turns":2},{"damage":11,"enemies":"Gremlin Nob","floor":7,"turns":3},{"damage":1,"enemies":"3 Sentries","floor":10,"turns":6},{"damage":0,"enemies":"Cultist","floor":11,"turns":2},{"damage":0,"enemies":"The Mushroom Lair","floor":13,"turns":2},{"damage":0,"enemies":"Lagavulin","floor":14,"turns":2},{"damage":47,"enemies":"Hexaghost","floor":16,"turns":14}],"seed_played":"9152221211768611256","potions_obtained":[{"floor":0,"key":"EssenceOfSteel"},{"floor":7,"key":"Block Potion"},{"floor":11,"key":"SteroidPotion"},{"floor":13,"key":"DistilledChaos"},{"floor":14,"key":"Strength Potion"}],"is_trial":false,"path_per_floor":["M","M","?","?","$","R","E","R","T","E","M","R","?","E","R","B"],"character_chosen":"WATCHER","items_purchased":["Strength Potion"],"campfire_rested":0,"item_purchase_floors":[5],"current_hp_per_floor":[76,76,61,54,54,54,43,43,43,42,42,42,42,42,42,0,0],"gold":173,"neow_bonus":"BOSS_RELIC","is_daily":false,"chose_seed":false,"campfire_upgraded":4,"win_rate":0.0,"timestamp":1612592884,"path_taken":["M","M","?","?","$","R","E","R","T","E","M","R","?","E","R","BOSS"],"items_purchased_type":["Potion"],"build_version":"2020-12-18","purchased_purges":1,"victory":false,"max_hp_per_floor":[77,77,77,77,77,77,77,77,77,77,77,77,77,77,77,77,77],"relic_stats":{"counters":[8,34],"Sundial":[4],"PreservedInsect":59,"obtain_stats":[{"Anchor":10,"Tiny House":0,"Sundial":14,"Oddly Smooth Stone":7,"PreservedInsect":9,"PureWater":0,"Odd Mushroom":13},{"Anchor":4,"Tiny House":0,"Sundial":7,"Oddly Smooth Stone":3,"PreservedInsect":3,"PureWater":0,"Odd Mushroom":6},{"Anchor":14,"Tiny House":0,"Sundial":20,"Oddly Smooth Stone":8,"PreservedInsect":8,"PureWater":0,"Odd Mushroom":18}]},"card_choices":[{"not_picked":["FlurryOfBlows","ClearTheMind"],"picked":"EmptyBody","floor":0},{"not_picked":["Halt","ClearTheMind"],"picked":"Judgement","floor":1},{"not_picked":["JustLucky","PathToVictory"],"picked":"Tantrum","floor":2},{"not_picked":["WaveOfTheHand","Protect"],"picked":"Sanctity","floor":7},{"not_picked":["Prostrate","Nirvana"],"picked":"DeusExMachina","floor":10},{"not_picked":["Halt","SignatureMove"],"picked":"CutThroughFate","floor":11},{"not_picked":["MasterReality","Weave"],"picked":"Wireheading","floor":14}],"player_experience":218306,"relics_obtained":[{"floor":7,"key":"Oddly Smooth Stone"},{"floor":9,"key":"PreservedInsect"},{"floor":10,"key":"Anchor"},{"floor":13,"key":"Odd Mushroom"},{"floor":14,"key":"Sundial"}],"event_choices":[{"damage_healed":0,"gold_gain":0,"player_choice":"Entered Light","damage_taken":15,"max_hp_gain":0,"max_hp_loss":0,"event_name":"Shining Light","floor":3,"gold_loss":0,"cards_upgraded":["Vigilance","Defend_P"]},{"cards_removed":["Strike_P"],"damage_healed":0,"gold_gain":0,"player_choice":"Card Removal","damage_taken":7,"max_hp_gain":0,"max_hp_loss":0,"event_name":"Golden Wing","floor":4,"gold_loss":0},{"damage_healed":0,"gold_gain":0,"player_choice":"Fought Mushrooms","damage_taken":0,"max_hp_gain":0,"max_hp_loss":0,"event_name":"Mushrooms","floor":13,"gold_loss":0}],"is_beta":true,"boss_relics":[],"items_purged_floors":[5],"is_endless":false,"potions_floor_spawned":[7,11,13,14],"killed_by":"Hexaghost","ascension_level":3}}