{"host":"ooa7gbxz3ilj1hm6","time":1612639563,"event":{"mods":["BaseMod","Colored Map","Downfall","Highlight Path","Minty Spire (QoL Compilation)","StSLib"],"gold_per_floor":[99,112,129,142,242,392,392,409,509,509,409,409,423,232,248,344,344,344,355,373,54,54,70,94,128,113,129,145,161,61,61,73,170,170,170,186,206,206,226,243,243,261,161,192,209,219,219,219,219,219],"floor_reached":48,"language":"ENG","playtime":2981,"items_purged":["downfall:Icky","Guardian:Orbwalk"],"score":553,"play_id":"0775ed7c-35ea-41a2-80cb-f07f3c5b1413","local_time":"20210206122603","is_ascension_mode":false,"campfire_choices":[{"floor":1,"key":"RECALL"},{"floor":11,"key":"REST"},{"data":"Guardian:TimeBomb","floor":18,"key":"SMITH"},{"floor":30,"key":"REST"},{"data":"Guardian:GemFinder","floor":35,"key":"SMITH"},{"floor":43,"key":"REST"}],"circlet_count":0,"master_deck":["Guardian:Strike_Guardian","Guardian:Defend_Guardian","Guardian:Defend_Guardian","Guardian:Defend_Guardian","Guardian:CurlUp","Guardian:TwinSlam","Guardian:BodySlam+1","Guardian:BronzeArmor","Guardian:Incinerate","Guardian:Repulse","Guardian:TimeBomb+1","Guardian:Reroute","Guardian:Planning","Guardian:Clone","Guardian:ChargeUp","Guardian:TemporalShield","Guardian:Incinerate","Guardian:RevengeProtocol","Guardian:BronzeOrb","Guardian:TimeBomb+1","Guardian:BronzeOrb","Guardian:TimeCapacitor+1","Guardian:ShieldCharger","RitualDagger+1","Guardian:GuardianWhirl+1","Guardian:GemFinder+1","Guardian:PrimingBeam","Guardian:TemporalStrike+1","Guardian:PrismaticBeam","Guardian:GuardianWhirl","Guardian:TimeCapacitor+1","Guardian:WalkerClaw+1","Guardian:SpikerProtocol+1","Guardian:Gem_Lightblue","Guardian:TemporalStrike+1","Guardian:Gem_Lightblue","Guardian:Gem_Green","Guardian:Gem_Red","Guardian:PiercingHide+1"],"relics":["Guardian:ModeShifter","Letter Opener","downfall:HeartBlessingRed","expansioncontent:StudyCardRelic","PreservedInsect","ClockworkSouvenir","Oddly Smooth Stone","Strawberry","downfall:HeartBlessingGreen","Guardian:StasisSlotReductionRelic","Pen Nib","downfall:HeartBlessingBlue","Centennial Puzzle"],"acts_visited":["Exordium","TheCity","TheBeyond"],"potions_floor_usage":[],"damage_taken":[{"damage":0,"enemies":"2 Louse","floor":2,"turns":4},{"damage":7,"enemies":"Small Slimes","floor":3,"turns":4},{"damage":0,"enemies":"Jaw Worm","floor":4,"turns":4},{"damage":42,"enemies":"downfall:Heads","floor":5,"turns":8},{"damage":16,"enemies":"Lots of Slimes","floor":8,"turns":3},{"damage":6,"enemies":"2 Fungi Beasts","floor":13,"turns":3},{"damage":0,"enemies":"downfall:FleeingMerchant","floor":14,"turns":4},{"damage":14,"enemies":"3 Louse","floor":15,"turns":3},{"damage":7,"enemies":"IC_STATUS_ARCHETYPE","floor":16,"turns":9},{"damage":0,"enemies":"Spheric Guardian","floor":19,"turns":3},{"damage":0,"enemies":"3 Byrds","floor":20,"turns":5},{"damage":5,"enemies":"downfall:FleeingMerchant","floor":21,"turns":4},{"damage":11,"enemies":"Snake Plant","floor":23,"turns":4},{"damage":14,"enemies":"Slavers","floor":25,"turns":3},{"damage":0,"enemies":"downfall:FleeingMerchant","floor":26,"turns":4},{"damage":1,"enemies":"Cultist and Chosen","floor":27,"turns":4},{"damage":12,"enemies":"Centurion and Healer","floor":28,"turns":4},{"damage":9,"enemies":"3 Cultists","floor":29,"turns":5},{"damage":11,"enemies":"Snecko","floor":32,"turns":3},{"damage":40,"enemies":"DF_ARCHETYPE_CLAW","floor":33,"turns":9},{"damage":1,"enemies":"Orb Walker","floor":36,"turns":3},{"damage":0,"enemies":"downfall:FleeingMerchant","floor":37,"turns":1},{"damage":17,"enemies":"3 Darklings","floor":39,"turns":4},{"damage":12,"enemies":"Spire Growth","floor":40,"turns":4},{"damage":20,"enemies":"Maw","floor":42,"turns":9},{"damage":28,"enemies":"Reptomancer","floor":44,"turns":5},{"damage":10,"enemies":"Transient","floor":45,"turns":5},{"damage":17,"enemies":"Jaw Worm Horde","floor":46,"turns":3},{"damage":45,"enemies":"Nemesis","floor":48,"turns":2}],"seed_played":"-4389304136956890168","potions_obtained":[{"floor":3,"key":"BlessingOfTheForge"},{"floor":5,"key":"Explosive Potion"},{"floor":15,"key":"ColorlessPotion"},{"floor":20,"key":"sneckomod:MuddlingPotion"},{"floor":25,"key":"LiquidBronze"},{"floor":31,"key":"CultistPotion"}],"is_trial":false,"path_per_floor":["R","M","M","M","?","?","T","M","?","?","R","?","M","$","M","B",null,"R","M","M","$","?","M","T","E","$","M","M","M","R","?","M","B",null,"R","M","$","?","M","M","T","M","R","E","M","M","?","E"],"character_chosen":"GUARDIAN","items_purchased":["Guardian:ChargeUp","Guardian:TemporalShield","PreservedInsect","ClockworkSouvenir","Guardian:PrismaticBeam","Pen Nib"],"campfire_rested":3,"item_purchase_floors":[14,14,21,21,37,37],"current_hp_per_floor":[80,80,73,73,31,31,31,15,15,15,39,39,33,33,19,12,80,80,80,80,75,75,64,64,57,57,56,44,35,61,61,50,10,87,87,86,86,86,69,57,57,37,76,48,38,21,21,0,0,0],"gold":219,"neow_bonus":"REMOVE_CARD","is_daily":false,"chose_seed":false,"campfire_upgraded":2,"win_rate":0.0,"timestamp":1612639563,"path_taken":["R","M","M","M","?","?","T","M","?","?","R","?","?","$","M","BOSS","R","M","M","$","?","?","T","E","$","M","M","M","R","?","M","BOSS","R","M","$","?","M","?","T","M","R","E","M","M","?","E"],"items_purchased_type":["Card","Card","Relic","Relic","Card","Relic"],"build_version":"2020-12-22","purchased_purges":2,"victory":false,"max_hp_per_floor":[80,80,80,80,80,80,80,80,80,80,80,80,80,80,80,80,80,80,80,80,80,80,80,80,87,87,87,87,87,87,87,87,87,87,87,87,87,87,87,87,87,87,97,97,97,97,97,97,97,97],"card_choices":[{"not_picked":["Guardian:TemporalShield","Guardian:CrystalBeam"],"picked":"Guardian:BodySlam","floor":2},{"not_picked":["Guardian:RefractedBeam","Guardian:VentSteam"],"picked":"Guardian:BronzeArmor","floor":3},{"not_picked":["Guardian:Preprogram","Guardian:FloatingOrbs"],"picked":"Guardian:Incinerate","floor":4},{"not_picked":["Guardian:Reroute","Guardian:ChargeCore"],"picked":"Guardian:TimeBomb","floor":5},{"not_picked":["Guardian:PrismaticBeam","Guardian:HyperBeam_Guardian"],"picked":"Guardian:Reroute","floor":8},{"not_picked":["Guardian:ShieldCharger","Guardian:Gem_Crimson"],"picked":"Guardian:Planning","floor":13},{"not_picked":["Guardian:SpikerProtocol","Guardian:TimeCapacitor"],"picked":"Guardian:Clone","floor":14},{"not_picked":["Guardian:Clone","Guardian:ShieldCharger"],"picked":"Guardian:Incinerate","floor":15},{"not_picked":["Guardian:HyperBeam_Guardian","Guardian:FastForward"],"picked":"Guardian:RevengeProtocol","floor":16},{"not_picked":["Guardian:Clone","Guardian:Preprogram"],"picked":"Guardian:Gem_Red","floor":19},{"not_picked":["Guardian:Suspension+1","Guardian:Recover"],"picked":"Guardian:BronzeOrb","floor":20},{"not_picked":["Guardian:ShieldCharger","Guardian:Gem_Cyan"],"picked":"Guardian:Gem_Red","floor":21},{"not_picked":["Guardian:Preprogram","Guardian:BronzeArmor"],"picked":"Guardian:BronzeOrb","floor":23},{"not_picked":["Guardian:CrystalBeam","Guardian:PrimingBeam","Guardian:Gem_Lightblue"],"picked":"SKIP","floor":25},{"not_picked":["Guardian:TimeBomb+1","Guardian:AncientConstruct"],"picked":"Guardian:TimeCapacitor+1","floor":26},{"not_picked":["Guardian:Gem_Cyan","Guardian:TemporalStrike"],"picked":"Guardian:Orbwalk","floor":27},{"not_picked":["Guardian:Reroute","Guardian:Gem_Cyan"],"picked":"Guardian:ShieldCharger","floor":28},{"not_picked":["Guardian:SphericShield","Guardian:DecasProtection","Guardian:Incinerate+1"],"picked":"SKIP","floor":29},{"not_picked":["Guardian:Gem_Cyan","Guardian:RefractedBeam"],"picked":"Guardian:GuardianWhirl+1","floor":32},{"not_picked":["Guardian:SphericShield","Guardian:Gem_Synthetic"],"picked":"Guardian:GemFinder","floor":33},{"not_picked":["Guardian:Gem_Cyan","Guardian:Gem_Red"],"picked":"Guardian:Gem_Green","floor":36},{"not_picked":["Guardian:VentSteam","Guardian:ShieldCharger+1"],"picked":"Guardian:PrimingBeam","floor":36},{"not_picked":["Guardian:Repulse","Guardian:Gem_Red"],"picked":"Guardian:TemporalStrike+1","floor":37},{"not_picked":["Guardian:Gem_Green","Guardian:Gem_Cyan"],"picked":"Guardian:Gem_Lightblue","floor":39},{"not_picked":["Guardian:TemporalShield+1","Guardian:SpikerProtocol+1"],"picked":"Guardian:TimeCapacitor+1","floor":39},{"not_picked":["Guardian:Gem_Red","Guardian:Gem_Lightblue"],"picked":"Guardian:Gem_Green","floor":40},{"not_picked":["Guardian:Clone","Guardian:Reroute"],"picked":"Guardian:WalkerClaw","floor":40},{"not_picked":["Guardian:Gem_Green","Guardian:Gem_Cyan"],"picked":"Guardian:Gem_Red","floor":42},{"not_picked":["Guardian:Gem_Green","Guardian:ExploitGems"],"picked":"Guardian:SpikerProtocol+1","floor":42},{"not_picked":["Guardian:Gem_Green","Guardian:Gem_Red"],"picked":"Guardian:Gem_Lightblue","floor":44},{"not_picked":["Guardian:SphericShield","Guardian:Gem_Green"],"picked":"Guardian:TemporalStrike+1","floor":44},{"not_picked":["Guardian:Gem_Cyan","Guardian:Gem_Green"],"picked":"Guardian:Gem_Lightblue","floor":45},{"not_picked":["Guardian:TimeCapacitor+1","Guardian:Gem_Cyan"],"picked":"Guardian:Gem_Green","floor":45},{"not_picked":["Guardian:Gem_Cyan","Guardian:Gem_Lightblue"],"picked":"Guardian:Gem_Red","floor":46},{"not_picked":["Guardian:FastForward","Guardian:Reroute+1"],"picked":"Guardian:PiercingHide+1","floor":46}],"player_experience":57743,"relics_obtained":[{"floor":7,"key":"Letter Opener"},{"floor":24,"key":"Oddly Smooth Stone"},{"floor":25,"key":"Strawberry"},{"floor":44,"key":"Centennial Puzzle"}],"event_choices":[],"is_beta":false,"boss_relics":[{"not_picked":["Busted Crown","Empty Cage"],"picked":"expansioncontent:StudyCardRelic"},{"not_picked":["Velvet Choker","Calling Bell"],"picked":"Guardian:StasisSlotReductionRelic"}],"items_purged_floors":[14,37],"is_endless":false,"potions_floor_spawned":[3,5,15,20,25,27,32,36,39,44],"killed_by":"Nemesis","ascension_level":0}}