{"host":"epc8efk9vrywpcsw","time":1612617080,"event":{"mods":["BaseMod","Minty Spire (QoL Compilation)","Relic Stats","StSLib"],"gold_per_floor":[119,139,139,139,38,72,72,88,88,104,120,136,57,89,89,89,89],"floor_reached":16,"language":"ENG","playtime":486,"items_purged":[],"score":274,"play_id":"0f5c090d-f4cd-4d5d-be89-a8ecaff3851a","local_time":"20210206141120","is_ascension_mode":true,"campfire_choices":[{"data":"Prepared","floor":7,"key":"SMITH"},{"floor":15,"key":"REST"}],"circlet_count":0,"master_deck":["AscendersBane","Strike_G","Strike_G","Strike_G","Strike_G","Strike_G","Defend_G+1","Defend_G","Defend_G","Defend_G","Defend_G","Survivor","Neutralize+1","Eviscerate","Dagger Spray+1","Footwork","Backflip","Prepared+1","Dagger Throw","Leg Sweep","Footwork+1"],"relics":["Ring of the Snake","NeowsBlessing","Frozen Egg 2","HornCleat","Ninja Scroll"],"acts_visited":["Exordium"],"potions_floor_usage":[6,16,16,16],"damage_taken":[{"damage":0,"enemies":"Cultist","floor":1,"turns":1},{"damage":0,"enemies":"Small Slimes","floor":2,"turns":1},{"damage":0,"enemies":"Gremlin Nob","floor":6,"turns":1},{"damage":0,"enemies":"2 Louse","floor":8,"turns":2},{"damage":4,"enemies":"Looter","floor":10,"turns":3},{"damage":9,"enemies":"Exordium Thugs","floor":11,"turns":3},{"damage":0,"enemies":"3 Louse","floor":12,"turns":3},{"damage":7,"enemies":"3 Sentries","floor":14,"turns":9},{"damage":32,"enemies":"Hexaghost","floor":16,"turns":15}],"seed_played":"-3230392026752048499","potions_obtained":[{"floor":1,"key":"EntropicBrew"},{"floor":6,"key":"Fruit Juice"},{"floor":10,"key":"FearPotion"}],"is_trial":false,"path_per_floor":["M","M","?","?","$","E","R","M","T","M","M","M","$","E","R","B"],"character_chosen":"THE_SILENT","items_purchased":["Footwork","Backflip","Footwork+1"],"campfire_rested":1,"item_purchase_floors":[5,5,13],"current_hp_per_floor":[59,59,39,39,39,44,44,44,44,40,31,31,31,24,45,13,13],"gold":89,"neow_bonus":"THREE_ENEMY_KILL","is_daily":false,"chose_seed":false,"campfire_upgraded":1,"win_rate":0.0,"timestamp":1612617080,"path_taken":["M","?","?","?","$","E","R","M","T","M","M","M","$","E","R","BOSS"],"items_purchased_type":["Card","Card","Card"],"build_version":"2020-12-22","purchased_purges":0,"victory":false,"max_hp_per_floor":[66,66,66,66,66,71,71,71,71,71,71,71,71,71,71,71,71],"relic_stats":{"counters":[9,38],"obtain_stats":[{"HornCleat":9,"NeowsBlessing":0,"Ninja Scroll":14,"Frozen Egg 2":6,"Ring of the Snake":0},{"HornCleat":4,"NeowsBlessing":0,"Ninja Scroll":8,"Frozen Egg 2":3,"Ring of the Snake":0},{"HornCleat":5,"NeowsBlessing":0,"Ninja Scroll":23,"Frozen Egg 2":3,"Ring of the Snake":0}],"Ring of the Snake":[18]},"card_choices":[{"not_picked":["Flying Knee","Blade Dance"],"picked":"Eviscerate","floor":1},{"not_picked":["Slice","Crippling Poison"],"picked":"Dagger Spray","floor":2},{"not_picked":["Sucker Punch","Deadly Poison"],"picked":"Prepared","floor":6},{"not_picked":["Deadly Poison","Expertise","Slice"],"picked":"SKIP","floor":8},{"not_picked":["Outmaneuver","Dodge and Roll"],"picked":"Dagger Throw","floor":10},{"not_picked":["Blade Dance","Outmaneuver"],"picked":"Leg Sweep","floor":11},{"not_picked":["Sucker Punch","Outmaneuver","Cloak And Dagger"],"picked":"SKIP","floor":12},{"not_picked":["Phantasmal Killer","Slice","Riddle With Holes"],"picked":"SKIP","floor":14}],"player_experience":492345,"relics_obtained":[{"floor":6,"key":"Frozen Egg 2"},{"floor":9,"key":"HornCleat"},{"floor":14,"key":"Ninja Scroll"}],"event_choices":[{"damage_healed":0,"gold_gain":0,"player_choice":"Entered Light","damage_taken":20,"max_hp_gain":0,"max_hp_loss":0,"event_name":"Shining Light","floor":3,"gold_loss":0,"cards_upgraded":["Defend_G","Neutralize"]},{"damage_healed":0,"gold_gain":0,"player_choice":"Grow","damage_taken":0,"max_hp_gain":0,"max_hp_loss":0,"event_name":"Living Wall","floor":4,"gold_loss":0,"cards_upgraded":["Dagger Spray"]}],"is_beta":false,"boss_relics":[],"items_purged_floors":[],"is_endless":false,"potions_floor_spawned":[1,6,10,14],"killed_by":"Hexaghost","ascension_level":20}}