{"host":"Tonhão","time":1612643639,"event":{"mods":["Aspiration","BaseMod","Better Third Choice","Conspire","Downfall","Friendly Minions","Halation","Hermit","Highlight Path","Hubris","Infinite Spire","Jedi Mod","Minty Spire (QoL Compilation)","Relic Sorter","Reliquary","Replay The Spire","Spicy Shops","StSLib","The Animator","The Construct","The Cursed","The Jester","The Senshi","The Servant 0.9.4"],"gold_per_floor":[113,113,113,113,113,113,137,79,79,100,113,113,138,151,151,272,272,285,285,285,306,306,306,326,326,350,424,440,404,404,404,404,404,404],"floor_reached":33,"language":"ENG","playtime":1187,"items_purged":["Looming Evil","animator:Curse_Nutcracker"],"score":249,"play_id":"34154930-e6ce-4d84-9cfa-7881b4f1aed4","local_time":"20210206173359","is_ascension_mode":true,"campfire_choices":[{"floor":6,"key":"RECALL"},{"floor":12,"key":"REST"},{"data":"Omniscience","floor":23,"key":"SMITH"},{"data":"Eruption","floor":25,"key":"SMITH"},{"floor":32,"key":"REST"}],"circlet_count":0,"master_deck":["Strike_P","Strike_P","Strike_P","Strike_P","Defend_P","Defend_P","Defend_P","Defend_P","Eruption+1","Vigilance","Apotheosis+1","Omniscience+1","infinitespire:Starlight"],"relics":["PureWater","hubris:Icosahedron","aspiration:DSix","ReplayTheSpireMod:Ring of Exchange","Ring of Searing","Golden Idol","Happy Flower","Toolbox","reliquary:HotPoker","reliquary:PrincelyHelmet","Juzu Bracelet"],"acts_visited":["Exordium","TheCity"],"potions_floor_usage":[14,14,16,16,16,21],"damage_taken":[{"damage":5,"enemies":"2 Louse","floor":1,"turns":3},{"damage":15,"enemies":"Small Slimes","floor":7,"turns":4},{"damage":5,"enemies":"conspire:RoseBush","floor":10,"turns":2},{"damage":6,"enemies":"conspire:2 RoseBushes","floor":11,"turns":3},{"damage":10,"enemies":"Large Slime","floor":13,"turns":3},{"damage":2,"enemies":"Red Slaver","floor":14,"turns":2},{"damage":10,"enemies":"Hexaghost","floor":16,"turns":7},{"damage":35,"enemies":"conspire:FuzzyDice","floor":18,"turns":5},{"damage":21,"enemies":"2 Thieves","floor":21,"turns":3},{"damage":15,"enemies":"Cultist and Chosen","floor":24,"turns":4},{"damage":33,"enemies":"3 Cultists","floor":28,"turns":6},{"damage":36,"enemies":"conspire:HollyBat","floor":29,"turns":5},{"damage":46,"enemies":"Champ","floor":33,"turns":8}],"seed_played":"7078482492580275582","potions_obtained":[{"floor":11,"key":"PowerPotion"},{"floor":13,"key":"FearPotion"},{"floor":15,"key":"Venom Potion"},{"floor":15,"key":"champ:CounterPotion"},{"floor":15,"key":"Ancient Potion"},{"floor":18,"key":"StancePotion"},{"floor":29,"key":"BlessingOfTheForge"}],"is_trial":false,"path_per_floor":["M","?","?","?","?","R","M","?","T","M","M","R","M","M","R","B",null,"M","?","$","M","?","R","M","R","T","T","M","M","T","?","R","B"],"character_chosen":"WATCHER","items_purchased":[],"campfire_rested":2,"item_purchase_floors":[],"current_hp_per_floor":[67,67,67,67,67,67,52,52,52,47,41,61,51,49,49,39,67,32,32,20,61,61,61,46,46,46,46,28,7,7,7,27,0,0],"gold":404,"neow_bonus":"DSIX","is_daily":false,"chose_seed":false,"campfire_upgraded":2,"win_rate":0.0,"timestamp":1612643639,"path_taken":["M","?","?","?","?","R","?","?","T","M","M","R","M","M","R","BOSS","M","?","?","M","?","R","M","R","T","?","M","?","?","?","R","BOSS"],"items_purchased_type":[],"build_version":"2020-11-17","purchased_purges":2,"victory":false,"max_hp_per_floor":[72,72,67,67,67,67,67,67,67,67,67,67,67,67,67,67,67,67,67,67,67,67,67,67,67,67,67,67,67,67,67,67,67,67],"card_choices":[{"not_picked":["BowlingBash","EmptyFist","ClearTheMind"],"picked":"SKIP","floor":1},{"not_picked":["Establishment","Wireheading","Protect"],"picked":"SKIP","floor":7},{"not_picked":["CarveReality","Pray","BowlingBash"],"picked":"SKIP","floor":10},{"not_picked":["Replay:Cycle","Perseverance","CutThroughFate"],"picked":"SKIP","floor":11},{"not_picked":["CrushJoints","WheelKick","Vengeance"],"picked":"SKIP","floor":13},{"not_picked":["Replay:LoomingThreat","CrushJoints","WaveOfTheHand"],"picked":"SKIP","floor":14},{"not_picked":["SpiritShield","Replay:AllIn"],"picked":"Omniscience","floor":16},{"not_picked":["Halt","WreathOfFlame+1","CrushJoints"],"picked":"SKIP","floor":18},{"not_picked":["infinitespire:FinalStrike","infinitespire:FutureSight"],"picked":"infinitespire:Starlight","floor":19},{"not_picked":["Worship","Conclude","Replay:BluntJabs"],"picked":"SKIP","floor":21},{"not_picked":["Meditate","Replay:Cycle","BowlingBash"],"picked":"SKIP","floor":24},{"not_picked":["ReachHeaven","CutThroughFate","Replay:AtTheReady"],"picked":"SKIP","floor":28},{"not_picked":["Protect","FearNoEvil","Halt"],"picked":"SKIP","floor":29}],"player_experience":146405,"relics_obtained":[{"floor":2,"key":"ReplayTheSpireMod:Ring of Exchange"},{"floor":2,"key":"Ring of Searing"},{"floor":26,"key":"reliquary:HotPoker"},{"floor":27,"key":"reliquary:PrincelyHelmet"},{"floor":31,"key":"Juzu Bracelet"}],"event_choices":[{"damage_healed":0,"gold_gain":0,"player_choice":"Lose Max HP","damage_taken":0,"relics_obtained":["Golden Idol"],"max_hp_gain":0,"max_hp_loss":5,"event_name":"Golden Idol","floor":3,"gold_loss":0},{"damage_healed":67,"gold_gain":0,"player_choice":"Embrace","damage_taken":0,"max_hp_gain":0,"max_hp_loss":67,"event_name":"betterThird:BetterShining","floor":4,"gold_loss":0},{"damage_healed":0,"gold_gain":0,"player_choice":"Paid Gold","damage_taken":0,"relics_obtained":["Happy Flower"],"max_hp_gain":0,"max_hp_loss":0,"event_name":"WeMeetAgain","floor":8,"gold_loss":58},{"damage_healed":0,"gold_gain":0,"player_choice":"Got Potions","damage_taken":0,"max_hp_gain":0,"max_hp_loss":0,"event_name":"Lab","floor":15,"gold_loss":0}],"is_beta":true,"boss_relics":[{"not_picked":["Medical Kit","conspire:SeveredTorchhead"],"picked":"Toolbox"}],"items_purged_floors":[20,20],"is_endless":false,"potions_floor_spawned":[11,13,18,29],"killed_by":"Champ","ascension_level":1}}