{"host":"j0jjxssq479ixm8e","time":1612638763,"event":{"mods":["BaseMod","Better Note","Block Reminder","Minty Spire (QoL Compilation)","Rare Cards Sparkle","Relic Filter Mod","Reliquary","Replay The Spire","StSLib"],"gold_per_floor":[113,127,127,144,160,160,160,160,230,230,230,65,76,76,76,179,179,194,214,214,214,214,248,248,264,343,361,379,379,379],"floor_reached":29,"language":"ENG","playtime":1467,"items_purged":[],"score":235,"play_id":"a4d3f6a9-bcfe-4768-a877-d4d8812f75d7","local_time":"20210206141243","is_ascension_mode":false,"campfire_choices":[{"floor":7.0,"key":"REST"},{"data":"Apotheosis","floor":10.0,"key":"SMITH"},{"floor":15.0,"key":"REST"},{"floor":24,"key":"REST"}],"circlet_count":0,"master_deck":["Strike_B","Strike_B","Strike_B","Defend_B","Defend_B","Defend_B+1","Zap","Apotheosis+1","Rip and Tear","Barrage","Sweeping Beam","Ball Lightning","Conserve Battery+1","White Noise","Self Repair","ReplayTheSpireMod:Faulty Equipment","Swift Strike","Rip and Tear","Compile Driver","Buffer","Sunder+1","Mirror Shield+1","Go for the Eyes","Crystallizer","Voices","Sunder","Seek","Go for the Eyes","Leap+1","Static Discharge"],"relics":["Cracked Core","ReplayTheSpireMod:Ring of Challenge","Solar Panel","War Paint","ReplayTheSpireMod:CursedCoin","Astrolabe","reliquary:Knoch","Quantum Egg"],"acts_visited":["Exordium","TheCity"],"potions_floor_usage":[25,29],"damage_taken":[{"damage":1.0,"enemies":"Cultist","floor":1.0,"turns":4.0},{"damage":0.0,"enemies":"Small Slimes","floor":2.0,"turns":3.0},{"damage":0.0,"enemies":"2 Louse","floor":4.0,"turns":2.0},{"damage":7.0,"enemies":"Looter","floor":5.0,"turns":3.0},{"damage":6.0,"enemies":"Large Slime","floor":13.0,"turns":5.0},{"damage":16.0,"enemies":"Slime Boss","floor":16.0,"turns":8.0},{"damage":15.0,"enemies":"Shell Parasite","floor":18.0,"turns":6.0},{"damage":24.0,"enemies":"2 Thieves","floor":19.0,"turns":4.0},{"damage":48,"enemies":"Gremlin Leader","floor":23,"turns":7},{"damage":15,"enemies":"Snake Plant","floor":25,"turns":3},{"damage":24,"enemies":"Centurion and Healer","floor":27,"turns":4},{"damage":6,"enemies":"Snecko","floor":28,"turns":4},{"damage":40,"enemies":"Shelled Parasite and Fungi","floor":29,"turns":2}],"seed_played":"2836775257385466375","potions_obtained":[{"floor":4.0,"key":"Energy Potion"},{"floor":5.0,"key":"SteroidPotion"},{"floor":23,"key":"Fire Potion"},{"floor":27,"key":"Elixir"}],"is_trial":false,"path_per_floor":["M","M","?","M","M","?","R","?","T","R","?","$","M","$","R","B",null,"M","M","?","?","?","E","R","M","T","M","M","M"],"character_chosen":"DEFECT","items_purchased":["White Noise","ReplayTheSpireMod:CursedCoin","Self Repair","Swift Strike","Rip and Tear"],"campfire_rested":3,"item_purchase_floors":[12,12,12,12,12],"current_hp_per_floor":[53,53,58,58,51,51,75,75,75,75,72,72,79,79,80,80,80,76,61,61,61,61,26,50,41,41,33,31,0,0],"gold":379,"neow_bonus":"RANDOM_COLORLESS_2","is_daily":false,"chose_seed":false,"campfire_upgraded":1,"win_rate":0.0,"timestamp":1612638763,"path_taken":["M","?","?","M","M","?","R","?","T","R","?","$","M","?","R","BOSS","M","M","?","?","?","E","R","M","T","M","M","M"],"items_purchased_type":["Card","Relic","Card","Card","Card"],"build_version":"2020-12-22","purchased_purges":0,"victory":false,"max_hp_per_floor":[75,75,80,80,80,80,80,80,80,80,80,80,80,80,80,80,80,80,80,80,80,80,80,80,80,80,80,80,80,80],"card_choices":[{"not_picked":["Midas Touch","ReplayTheSpireMod:Necrogeddon"],"picked":"Apotheosis","floor":0.0},{"not_picked":["Storm","Compile Driver"],"picked":"Rip and Tear","floor":1.0},{"not_picked":["Steam","Coolheaded"],"picked":"Barrage","floor":2.0},{"not_picked":["Redo","Rebound"],"picked":"Sweeping Beam","floor":4.0},{"not_picked":["Machine Learning","Beam Cell"],"picked":"Ball Lightning","floor":5.0},{"not_picked":["Coolheaded","Panic Button"],"picked":"Compile Driver","floor":13.0},{"not_picked":["Fission","Amplify"],"picked":"Buffer","floor":16.0},{"not_picked":["Cold Snap","Steam"],"picked":"Go for the Eyes","floor":18.0},{"not_picked":["Scrape","BasicCrystalCard"],"picked":"Crystallizer","floor":19.0},{"not_picked":["Steam","Double Energy+1"],"picked":"Seek","floor":23},{"not_picked":["FTL+1","Undo+1"],"picked":"Go for the Eyes","floor":25},{"not_picked":["Coolheaded","Time Bomb"],"picked":"Leap+1","floor":27},{"not_picked":["Blizzard","Redo"],"picked":"Static Discharge","floor":28}],"player_experience":246919,"relics_obtained":[{"floor":8.0,"key":"ReplayTheSpireMod:Ring of Challenge"},{"floor":9.0,"key":"Solar Panel"},{"floor":23,"key":"reliquary:Knoch"},{"floor":26,"key":"Quantum Egg"}],"event_choices":[{"damage_healed":0.0,"max_hp_gain":5.0,"max_hp_loss":0.0,"gold_gain":0.0,"event_name":"Big Fish","player_choice":"Donut","floor":3.0,"gold_loss":0.0,"damage_taken":0.0},{"damage_healed":0.0,"max_hp_gain":0.0,"max_hp_loss":0.0,"gold_gain":0.0,"cards_transformed":["Dualcast"],"event_name":"Living Wall","player_choice":"Change","floor":6.0,"gold_loss":0.0,"damage_taken":0.0,"cards_obtained":["Conserve Battery"]},{"damage_healed":0.0,"max_hp_gain":0.0,"max_hp_loss":0.0,"gold_gain":0.0,"event_name":"Scrap Ooze","player_choice":"Success","floor":11.0,"gold_loss":0.0,"damage_taken":3.0,"relics_obtained":["War Paint"]},{"damage_healed":0.0,"max_hp_gain":0.0,"max_hp_loss":0.0,"gold_gain":0.0,"cards_transformed":["Amnesia"],"event_name":"Transmorgrifier","player_choice":"Transformed","floor":20.0,"gold_loss":0.0,"damage_taken":0.0,"cards_obtained":["Voices"]},{"cards_removed":["Apotheosis"],"damage_healed":0.0,"max_hp_gain":0.0,"max_hp_loss":0.0,"gold_gain":0.0,"event_name":"betterNote:BetterNote","player_choice":"Take \u0026 Give","floor":21.0,"gold_loss":0.0,"damage_taken":0.0,"cards_obtained":["Sunder"]},{"damage_healed":0.0,"max_hp_gain":0.0,"max_hp_loss":0.0,"gold_gain":0.0,"event_name":"Vampires","player_choice":"Ignored","floor":22.0,"gold_loss":0.0,"damage_taken":0.0}],"is_beta":false,"boss_relics":[{"not_picked":["Replay:Ancient Bell","Tiny House"],"picked":"Astrolabe"}],"items_purged_floors":[],"is_endless":false,"potions_floor_spawned":[4,5,23,27],"killed_by":"Shelled Parasite and Fungi","ascension_level":0}}