{"host":"sav7uxregyirlf69","time":1612615934,"event":{"mods":["AchievementEnabler","BaseMod","Colored Map","DeckTracker","Keyboard Shortcuts","Minty Spire (QoL Compilation)","READ ME - Guardian Mod","StSLib","SuperFastMode"],"gold_per_floor":[115,127,145,158,158,158,190,265,292,292,292,320,331,345,345,345,345],"floor_reached":16,"language":"KOR","playtime":315,"items_purged":[],"score":249,"play_id":"a306287b-ad94-4b27-bb97-5386dc38dba3","local_time":"20210206215214","is_ascension_mode":true,"campfire_choices":[{"data":"Neutralize","floor":6,"key":"SMITH"},{"floor":11,"key":"REST"},{"data":"Reflex","floor":15,"key":"SMITH"}],"circlet_count":0,"master_deck":["AscendersBane","Strike_G","Strike_G","Strike_G","Strike_G","Strike_G","Defend_G","Defend_G","Defend_G","Defend_G","Defend_G","Survivor","Neutralize+1","Cloak And Dagger","Poisoned Stab","Reflex+1","Dagger Throw","Deadly Poison","PiercingWail","After Image","Prepared"],"relics":["Ring of the Snake","Pen Nib","Bag of Marbles","Regal Pillow","Strawberry"],"acts_visited":["Exordium"],"potions_floor_usage":[4,7,13,16],"damage_taken":[{"damage":0.0,"enemies":"Small Slimes","floor":1.0,"turns":5.0},{"damage":12,"enemies":"Jaw Worm","floor":2,"turns":8},{"damage":2,"enemies":"2 Louse","floor":3,"turns":3},{"damage":7,"enemies":"Exordium Wildlife","floor":4,"turns":5},{"damage":6,"enemies":"Gremlin Nob","floor":7,"turns":3},{"damage":21,"enemies":"3 Sentries","floor":12,"turns":9},{"damage":6,"enemies":"Gremlin Gang","floor":13,"turns":4},{"damage":2,"enemies":"3 Louse","floor":14,"turns":3},{"damage":29,"enemies":"Hexaghost","floor":16,"turns":11}],"seed_played":"8786487298500876797","potions_obtained":[{"floor":3,"key":"Fire Potion"},{"floor":4,"key":"AttackPotion"},{"floor":12,"key":"Swift Potion"},{"floor":14,"key":"SneckoOil"}],"is_trial":false,"path_per_floor":["M","M","M","M","?","R","E","?","T","?","R","E","M","M","R","B"],"character_chosen":"THE_SILENT","items_purchased":[],"campfire_rested":1,"item_purchase_floors":[],"current_hp_per_floor":[56,44,42,35,40,40,34,23,23,12,51,37,31,29,29,0,0],"gold":345,"neow_bonus":"TWENTY_PERCENT_HP_BONUS","is_daily":false,"chose_seed":false,"campfire_upgraded":2,"win_rate":0.0,"timestamp":1612615934,"path_taken":["M","M","M","M","?","R","E","?","T","?","R","E","M","M","R","BOSS"],"items_purchased_type":[],"build_version":"2020-12-22","purchased_purges":0,"victory":false,"max_hp_per_floor":[78,78,78,78,83,83,83,83,83,83,83,90,90,90,90,90,90],"card_choices":[{"not_picked":["Tactician","Slice"],"picked":"Cloak And Dagger","floor":1.0},{"not_picked":["Flechettes","Endless Agony"],"picked":"Poisoned Stab","floor":2},{"not_picked":["Prepared","Dodge and Roll"],"picked":"Reflex","floor":3},{"not_picked":["Deadly Poison","Outmaneuver"],"picked":"Dagger Throw","floor":4},{"not_picked":["Burst","Calculated Gamble"],"picked":"Deadly Poison","floor":7},{"not_picked":["Dagger Throw","Flechettes"],"picked":"PiercingWail","floor":12},{"not_picked":["Dodge and Roll","Deadly Poison"],"picked":"After Image","floor":13},{"not_picked":["Expertise","Skewer"],"picked":"Prepared","floor":14}],"player_experience":1509524,"relics_obtained":[{"floor":7,"key":"Pen Nib"},{"floor":9,"key":"Bag of Marbles"},{"floor":12,"key":"Strawberry"}],"event_choices":[{"damage_healed":0,"gold_gain":0,"player_choice":"Donut","damage_taken":0,"max_hp_gain":5,"max_hp_loss":0,"event_name":"Big Fish","floor":5,"gold_loss":0},{"damage_healed":0,"gold_gain":75,"player_choice":"Gather Gold","damage_taken":11,"max_hp_gain":0,"max_hp_loss":0,"event_name":"World of Goop","floor":8,"gold_loss":0},{"damage_healed":0,"gold_gain":0,"player_choice":"Success","damage_taken":11,"relics_obtained":["Regal Pillow"],"max_hp_gain":0,"max_hp_loss":0,"event_name":"Scrap Ooze","floor":10,"gold_loss":0}],"is_beta":false,"boss_relics":[],"items_purged_floors":[],"is_endless":false,"potions_floor_spawned":[3,4,12,14],"killed_by":"Hexaghost","ascension_level":20}}