{"host":"sc0o2qwpf9j16a4i","time":1612637631,"event":{"mods":["AchievementEnabler","BaseMod","BetterRewards","Block Reminder","Colored Map","Colored Powertips","Custom Start","Highlight Path","Minty Spire (QoL Compilation)","Relic Stats"],"gold_per_floor":[118,118,131,131,147,176,176,202,202,232,232,260,260,273,273,373,423,439,439,457,143,143,175,204,233,259,288,303,31,43,43,43,147,147,160,160,171,0,0,32,32,57,80,80,108,108,122,152,152,152],"floor_reached":51,"language":"ENG","playtime":2793,"items_purged":["Strike_G","Strike_G"],"score":1292,"play_id":"92ad2a28-1788-4b1b-bb48-b77e36fbb934","local_time":"20210206205351","daily_mods":["Heirloom","Time Dilation","Elite Swarm"],"is_ascension_mode":false,"campfire_choices":[{"floor":7.0,"key":"REST"},{"data":"Wraith Form v2","floor":11.0,"key":"SMITH"},{"data":"Bouncing Flask","floor":15.0,"key":"SMITH"},{"data":"Shame","floor":32.0,"key":"PURGE"},{"data":"Defend_G+1","floor":44.0,"key":"PURGE"},{"data":"Wraith Form v2","floor":49,"key":"SMITH"}],"circlet_count":0,"master_deck":["Defend_G+1","Defend_G+1","Defend_G+1","Survivor+1","Neutralize+1","Eviscerate+1","Acrobatics+1","Blur+1","Tools of the Trade+1","Wraith Form v2+1","Unload+1","Wraith Form v2+1","Bouncing Flask+1","Unload+1","PiercingWail+1","Tactician+1","Catalyst+1","Bullet Time+1","Skewer+1","Tools of the Trade+1","Night Terror+1","Envenom+1","Corpse Explosion+1","Prepared+1","Wraith Form v2+1","Reflex+1","Tools of the Trade+1","CurseOfTheBell","Tactician+1","Acrobatics+1","Tools of the Trade+1","Wraith Form v2+1","Prepared","Bullet Time"],"relics":["Ring of the Snake","Tough Bandages","Mango","WingedGreaves","FossilizedHelix","Peace Pipe","InkBottle","Paper Crane","Tiny House","White Beast Statue","StrikeDummy","Letter Opener","Centennial Puzzle","Smiling Mask","Ornamental Fan","ClockworkSouvenir","The Courier","Calling Bell","Anchor","Matryoshka","Ginger","Red Mask","Snake Skull","Mark of the Bloom","Happy Flower","Blood Vial","War Paint","Frozen Egg 2","PreservedInsect"],"acts_visited":["Exordium","TheCity","TheBeyond"],"potions_floor_usage":[],"damage_taken":[{"damage":0.0,"enemies":"Small Slimes","floor":1.0,"turns":4.0},{"damage":0.0,"enemies":"2 Louse","floor":3.0,"turns":2.0},{"damage":0.0,"enemies":"Jaw Worm","floor":5.0,"turns":7.0},{"damage":48.0,"enemies":"Gremlin Nob","floor":6.0,"turns":6.0},{"damage":1.0,"enemies":"3 Sentries","floor":8.0,"turns":9.0},{"damage":13.0,"enemies":"Lagavulin","floor":10.0,"turns":9.0},{"damage":0.0,"enemies":"3 Sentries","floor":12.0,"turns":9.0},{"damage":0.0,"enemies":"2 Fungi Beasts","floor":14.0,"turns":3.0},{"damage":10.0,"enemies":"The Guardian","floor":16.0,"turns":12.0},{"damage":0.0,"enemies":"Shell Parasite","floor":18.0,"turns":6.0},{"damage":10.0,"enemies":"Spheric Guardian","floor":20.0,"turns":5.0},{"damage":0.0,"enemies":"Book of Stabbing","floor":23.0,"turns":6.0},{"damage":7.0,"enemies":"Slavers","floor":24.0,"turns":8.0},{"damage":0.0,"enemies":"Gremlin Leader","floor":25.0,"turns":8.0},{"damage":0.0,"enemies":"Slavers","floor":27.0,"turns":8.0},{"damage":2.0,"enemies":"Centurion and Healer","floor":28.0,"turns":5.0},{"damage":0.0,"enemies":"Sentry and Sphere","floor":30.0,"turns":5.0},{"damage":0.0,"enemies":"Automaton","floor":33.0,"turns":10.0},{"damage":0.0,"enemies":"3 Shapes","floor":35.0,"turns":5.0},{"damage":0.0,"enemies":"Orb Walker","floor":37.0,"turns":3.0},{"damage":0.0,"enemies":"Reptomancer","floor":40.0,"turns":6.0},{"damage":0.0,"enemies":"Giant Head","floor":42.0,"turns":6.0},{"damage":0,"enemies":"Reptomancer","floor":45,"turns":5},{"damage":0,"enemies":"Maw","floor":47,"turns":6},{"damage":0,"enemies":"Nemesis","floor":48,"turns":5},{"damage":0,"enemies":"Donu and Deca","floor":50,"turns":5}],"seed_played":"7772836718368464510","potions_obtained":[{"floor":1.0,"key":"Explosive Potion"},{"floor":5.0,"key":"SneckoOil"},{"floor":10.0,"key":"Block Potion"},{"floor":17.0,"key":"ColorlessPotion"},{"floor":20.0,"key":"PowerPotion"},{"floor":23.0,"key":"AttackPotion"},{"floor":24.0,"key":"FairyPotion"},{"floor":25.0,"key":"FairyPotion"},{"floor":27.0,"key":"FearPotion"},{"floor":28.0,"key":"Swift Potion"},{"floor":33.0,"key":"FairyPotion"},{"floor":35.0,"key":"SneckoOil"},{"floor":40.0,"key":"Block Potion"}],"is_trial":true,"path_per_floor":["M","?","M","?","M","E","R","E","T","E","R","E","?","M","R","B",null,"M","?","M","$","?","E","E","E","T","E","M","$","M","?","R","B",null,"M","?","M","?","?","E","?","E","T","R","E","?","M","E","R","B",null],"character_chosen":"THE_SILENT","items_purchased":["White Beast Statue","ClockworkSouvenir","Wraith Form v2"],"campfire_rested":1,"item_purchase_floors":[21,29,29],"current_hp_per_floor":[70,70,70,70,70,36,61,60,60,47,47,47,47,47,47,37,89,89,72,62,62,62,62,55,55,55,55,53,53,53,53,53,53,94,94,94,94,94,89,89,89,89,89,89,89,89,89,89,89,89],"gold":152,"neow_bonus":"","is_daily":false,"chose_seed":false,"campfire_upgraded":3,"win_rate":0.0,"timestamp":1612637631,"path_taken":["M","?","M","?","?","E","R","E","T","E","R","E","?","?","R","BOSS","M","?","M","$","?","E","E","E","T","E","M","$","M","?","R","BOSS","M","?","?","?","?","E","?","E","T","R","E","?","M","E","R","BOSS"],"items_purchased_type":["Relic","Relic","Card"],"build_version":"2020-12-22","purchased_purges":2,"victory":true,"max_hp_per_floor":[70,70,70,70,70,84,84,84,84,84,84,84,84,84,84,84,89,89,94,94,94,94,94,94,94,94,94,94,94,94,94,94,94,94,94,94,94,94,89,89,89,89,89,89,89,89,89,89,89,89],"relic_stats":{"Mark of the Bloom":8,"Happy Flower":[7],"counters":[26,163],"Snake Skull":[59],"PreservedInsect":0,"Letter Opener":[135],"Ginger":[8],"War Paint":[],"Smiling Mask":50,"Peace Pipe":2,"Blood Vial":0,"Tough Bandages":[1080],"Centennial Puzzle":[3],"Ornamental Fan":[16],"obtain_stats":[{"Mark of the Bloom":41,"Tiny House":17,"Mango":6,"Snake Skull":40,"Ginger":34,"Smiling Mask":26,"ClockworkSouvenir":29,"Blood Vial":43,"Tough Bandages":0,"Centennial Puzzle":25,"Matryoshka":34,"WingedGreaves":8,"Red Mask":38,"InkBottle":12,"Ring of the Snake":0,"Happy Flower":42,"The Courier":31,"PreservedInsect":48,"Letter Opener":24,"Paper Crane":13,"War Paint":43,"Frozen Egg 2":45,"White Beast Statue":21,"Peace Pipe":10,"Calling Bell":34,"Anchor":34,"Ornamental Fan":27,"StrikeDummy":23,"FossilizedHelix":9},{"Mark of the Bloom":21,"Tiny House":9,"Mango":4,"Snake Skull":21,"Ginger":18,"Smiling Mask":14,"ClockworkSouvenir":16,"Blood Vial":22,"Tough Bandages":0,"Centennial Puzzle":14,"Matryoshka":18,"WingedGreaves":5,"Red Mask":20,"InkBottle":7,"Ring of the Snake":0,"Happy Flower":22,"The Courier":17,"PreservedInsect":25,"Letter Opener":13,"Paper Crane":7,"War Paint":22,"Frozen Egg 2":23,"White Beast Statue":11,"Peace Pipe":6,"Calling Bell":18,"Anchor":18,"Ornamental Fan":15,"StrikeDummy":12,"FossilizedHelix":5},{"Mark of the Bloom":136,"Tiny House":61,"Mango":19,"Snake Skull":136,"Ginger":122,"Smiling Mask":94,"ClockworkSouvenir":107,"Blood Vial":142,"Tough Bandages":0,"Centennial Puzzle":94,"Matryoshka":122,"WingedGreaves":28,"Red Mask":130,"InkBottle":46,"Ring of the Snake":0,"Happy Flower":142,"The Courier":112,"PreservedInsect":158,"Letter Opener":86,"Paper Crane":46,"War Paint":142,"Frozen Egg 2":147,"White Beast Statue":72,"Peace Pipe":37,"Calling Bell":122,"Anchor":122,"Ornamental Fan":102,"StrikeDummy":78,"FossilizedHelix":28}],"InkBottle":[32],"Ring of the Snake":[52]},"card_choices":[{"not_picked":["Tactician","Expertise"],"picked":"Eviscerate","floor":1.0},{"not_picked":["Flying Knee","Slice"],"picked":"Acrobatics","floor":3.0},{"not_picked":["Bane","Outmaneuver"],"picked":"Blur","floor":5.0},{"not_picked":["Phantasmal Killer","Malaise"],"picked":"Tools of the Trade","floor":6.0},{"not_picked":["Burst","Doppelganger"],"picked":"Wraith Form v2","floor":8.0},{"not_picked":["Die Die Die","A Thousand Cuts"],"picked":"Unload","floor":10.0},{"not_picked":["Envenom","Corpse Explosion"],"picked":"Wraith Form v2","floor":12.0},{"not_picked":["Prepared","Deflect"],"picked":"Bouncing Flask","floor":14.0},{"not_picked":["Corpse Explosion","Venomology"],"picked":"Unload","floor":16.0},{"not_picked":["Slice","Dash"],"picked":"PiercingWail","floor":17.0},{"not_picked":["Deflect","Backstab"],"picked":"Tactician","floor":18.0},{"not_picked":["Dodge and Roll","Prepared"],"picked":"Catalyst+1","floor":20.0},{"not_picked":["Wraith Form v2","Doppelganger"],"picked":"Tools of the Trade","floor":23.0},{"not_picked":["Burst","Malaise"],"picked":"Night Terror","floor":24.0},{"not_picked":["Phantasmal Killer","Glass Knife"],"picked":"Envenom","floor":25.0},{"not_picked":["Tools of the Trade","Bullet Time"],"picked":"Corpse Explosion","floor":27.0},{"not_picked":["Predator","Cloak And Dagger"],"picked":"Prepared+1","floor":28.0},{"not_picked":["Dagger Spray","All Out Attack"],"picked":"Reflex","floor":30.0},{"not_picked":["Corpse Explosion","Glass Knife"],"picked":"Tools of the Trade","floor":33.0},{"not_picked":["Dagger Spray","Underhanded Strike"],"picked":"Tactician+1","floor":35.0},{"not_picked":["Backflip","Backstab"],"picked":"Acrobatics+1","floor":37.0},{"not_picked":["Unload","After Image"],"picked":"Tools of the Trade","floor":40.0},{"not_picked":["Die Die Die","Tools of the Trade"],"picked":"Wraith Form v2","floor":42.0},{"not_picked":["Die Die Die","Glass Knife","Storm of Steel"],"picked":"SKIP","floor":45},{"not_picked":["Quick Slash+1","PiercingWail"],"picked":"Prepared","floor":47},{"not_picked":["Grand Finale","Corpse Explosion"],"picked":"Bullet Time","floor":48}],"player_experience":1241201,"relics_obtained":[{"floor":6.0,"key":"Mango"},{"floor":8.0,"key":"WingedGreaves"},{"floor":9.0,"key":"FossilizedHelix"},{"floor":10.0,"key":"Peace Pipe"},{"floor":12.0,"key":"InkBottle"},{"floor":23.0,"key":"StrikeDummy"},{"floor":24.0,"key":"Letter Opener"},{"floor":25.0,"key":"Centennial Puzzle"},{"floor":26.0,"key":"Smiling Mask"},{"floor":27.0,"key":"Ornamental Fan"},{"floor":34.0,"key":"Anchor"},{"floor":34.0,"key":"Matryoshka"},{"floor":34.0,"key":"Ginger"},{"floor":40.0,"key":"Snake Skull"},{"floor":42.0,"key":"Happy Flower"},{"floor":43.0,"key":"Blood Vial"},{"floor":43.0,"key":"War Paint"},{"floor":45,"key":"Frozen Egg 2"},{"floor":48,"key":"PreservedInsect"}],"event_choices":[{"damage_healed":0.0,"max_hp_gain":0.0,"max_hp_loss":0.0,"gold_gain":0.0,"event_name":"The Cleric","player_choice":"Leave","floor":2.0,"gold_loss":0.0,"damage_taken":0.0},{"cards_removed":["Strike_G"],"damage_healed":0.0,"max_hp_gain":0.0,"max_hp_loss":0.0,"gold_gain":0.0,"event_name":"Wheel of Change","player_choice":"Card Removal","floor":4.0,"gold_loss":0.0,"damage_taken":0.0},{"damage_healed":0.0,"max_hp_gain":0.0,"max_hp_loss":0.0,"gold_gain":0.0,"event_name":"WeMeetAgain","player_choice":"Gave Potion","floor":13.0,"gold_loss":0.0,"damage_taken":0.0,"relics_obtained":["Paper Crane"]},{"damage_healed":0.0,"max_hp_gain":5.0,"max_hp_loss":0.0,"gold_gain":0.0,"event_name":"Forgotten Altar","player_choice":"Shed Blood","floor":19.0,"gold_loss":0.0,"damage_taken":22.0},{"damage_healed":0.0,"max_hp_gain":0.0,"max_hp_loss":0.0,"gold_gain":0.0,"cards_transformed":["Strike_G","Strike_G"],"event_name":"Drug Dealer","player_choice":"Became Test Subject","floor":22.0,"gold_loss":0.0,"damage_taken":0.0,"cards_obtained":["Bullet Time","Skewer"]},{"damage_healed":0.0,"max_hp_gain":0.0,"max_hp_loss":0.0,"gold_gain":0.0,"event_name":"Addict","player_choice":"Stole Relic","floor":31.0,"gold_loss":0.0,"damage_taken":0.0,"relics_obtained":["The Courier"],"cards_obtained":["Shame"]},{"damage_healed":0.0,"max_hp_gain":0.0,"max_hp_loss":0.0,"gold_gain":0.0,"event_name":"NoteForYourself","player_choice":"Ignored","floor":36.0,"gold_loss":0.0,"damage_taken":0.0},{"damage_healed":0.0,"max_hp_gain":0.0,"max_hp_loss":0.0,"gold_gain":0.0,"event_name":"Tomb of Lord Red Mask","player_choice":"Paid","floor":38.0,"gold_loss":171.0,"damage_taken":0.0,"relics_obtained":["Red Mask"]},{"damage_healed":0.0,"max_hp_gain":0.0,"max_hp_loss":5.0,"gold_gain":0.0,"event_name":"Winding Halls","player_choice":"Max HP","floor":39.0,"gold_loss":0.0,"damage_taken":0.0},{"damage_healed":0.0,"max_hp_gain":0.0,"max_hp_loss":0.0,"gold_gain":0.0,"event_name":"MindBloom","player_choice":"Upgrade","floor":41.0,"gold_loss":0.0,"damage_taken":0.0,"cards_upgraded":["Defend_G","Defend_G","Defend_G","Defend_G","Defend_G","Survivor","Neutralize","Eviscerate","Acrobatics","Blur","Tools of the Trade","Unload","Wraith Form v2","PiercingWail","Tactician","Bullet Time","Skewer","Tools of the Trade","Night Terror","Envenom","Corpse Explosion","Wraith Form v2","Reflex","Tools of the Trade","Tools of the Trade"],"relics_obtained":["Mark of the Bloom"]},{"cards_removed":["Defend_G"],"damage_healed":0,"gold_gain":0,"player_choice":"Removed Skill","damage_taken":0,"max_hp_gain":0,"max_hp_loss":0,"event_name":"Falling","floor":46,"gold_loss":0}],"is_beta":false,"boss_relics":[{"not_picked":["Philosopher\u0027s Stone","SlaversCollar"],"picked":"Tiny House"},{"not_picked":["Sozu","Pandora\u0027s Box"],"picked":"Calling Bell"}],"items_purged_floors":[21,29],"is_endless":false,"potions_floor_spawned":[1,5,10,20,23,24,25,27,28,30,33,35,37,40,42,45,47,48],"ascension_level":0}}