{"host":"i0avyit1s6jb1siw","time":1612602532,"event":{"mods":["BaseMod","DeckTracker","Dota2Spire","Highlight Path","Minty Spire (QoL Compilation)","Quick Restart","StSLib","SuperFastMode"],"gold_per_floor":[110,10,29,44,144,144,156,172,221,221,270,297,340,360,103,103,208,208,208,311,311,323,372,16,16,36,36,96,96,120,146,146,180,227,15,62,62,169,169,169,274,274,290,334,334,334,347,347,242,307,307,307,322,369,396,419,483,483,513,573,573,573,6,70,100],"floor_reached":66,"language":"ENG","playtime":1978,"items_purged":["Strike_G","Strike_G","Strike_G","Bane","Defend_G"],"score":4637,"play_id":"3d0b3d36-bda6-4aad-aa5c-11cf3714122d","local_time":"20210206100852","is_ascension_mode":true,"campfire_choices":[{"data":"Bouncing Flask","floor":6.0,"key":"SMITH"},{"data":"Accuracy","floor":16,"key":"SMITH"},{"data":"Blade Dance","floor":19,"key":"SMITH"},{"data":"Footwork","floor":27,"key":"SMITH"},{"data":"Blade Dance","floor":29,"key":"SMITH"},{"data":"Cloak And Dagger","floor":32,"key":"SMITH"},{"data":"Adrenaline","floor":37,"key":"SMITH"},{"data":"Phantasmal Killer","floor":40,"key":"SMITH"},{"floor":48,"key":"RECALL"},{"data":"Adrenaline","floor":58,"key":"SMITH"},{"data":"Backflip","floor":62,"key":"SMITH"}],"circlet_count":0,"master_deck":["AscendersBane","Defend_G","Defend_G","Defend_G","Defend_G","Survivor","Neutralize+1","Accuracy+1","Bouncing Flask+1","Leg Sweep+1","Infinite Blades","Blade Dance+1","Backflip","Dash+1","Blade Dance+1","Adrenaline+1","Corpse Explosion","CurseOfTheBell","PiercingWail+1","Cloak And Dagger+1","Footwork+1","Phantasmal Killer+1","Adrenaline+1","Backflip","Backflip+1","Blur","After Image"],"relics":["Ring of the Snake","Dota2Spire:HandOfMidas","Sundial","Eternal Feather","Orrery","Snecko Eye","Calling Bell","Smiling Mask","Dota2Spire:Desolator","Dota2Spire:Butterfly","OrangePellets","Akabeko","Toy Ornithopter","Darkstone Periapt","ClockworkSouvenir","Dota2Spire:Bloodstone","Empty Cage","Dota2Spire:AghanimScepter","Bottled Lightning","Dota2Spire:PowerTreads","Boot","Oddly Smooth Stone","Dota2Spire:BlackKingBar","Dota2Spire:CrimsonGuard","HornCleat","Whetstone"],"acts_visited":["Exordium","TheCity","TheBeyond","TheEnding"],"potions_floor_usage":[14,17,33,41,53,55],"damage_taken":[{"damage":10.0,"enemies":"Jaw Worm","floor":1.0,"turns":6.0},{"damage":1.0,"enemies":"Cultist","floor":3.0,"turns":3.0},{"damage":0.0,"enemies":"2 Louse","floor":4.0,"turns":4.0},{"damage":32.0,"enemies":"Gremlin Gang","floor":7.0,"turns":7.0},{"damage":4.0,"enemies":"2 Fungi Beasts","floor":8.0,"turns":3.0},{"damage":0.0,"enemies":"Blue Slaver","floor":11.0,"turns":3.0},{"damage":36,"enemies":"Gremlin Nob","floor":12,"turns":4},{"damage":8,"enemies":"Looter","floor":13,"turns":4},{"damage":12,"enemies":"Exordium Thugs","floor":14,"turns":4},{"damage":0,"enemies":"Hexaghost","floor":17,"turns":6},{"damage":3,"enemies":"Hexaghost","floor":20,"turns":6},{"damage":0,"enemies":"3 Byrds","floor":22,"turns":2},{"damage":0,"enemies":"Chosen","floor":23,"turns":3},{"damage":0,"enemies":"Snecko","floor":26,"turns":2},{"damage":8,"enemies":"Book of Stabbing","floor":28,"turns":4},{"damage":0,"enemies":"Gremlin Leader","floor":33,"turns":4},{"damage":5,"enemies":"Cultist and Chosen","floor":34,"turns":4},{"damage":0,"enemies":"Snake Plant","floor":36,"turns":4},{"damage":29,"enemies":"Collector","floor":38,"turns":10},{"damage":32,"enemies":"Collector","floor":41,"turns":8},{"damage":0,"enemies":"3 Darklings","floor":43,"turns":3},{"damage":0,"enemies":"Orb Walker","floor":44,"turns":3},{"damage":0,"enemies":"4 Shapes","floor":47,"turns":3},{"damage":26,"enemies":"Giant Head","floor":50,"turns":6},{"damage":0,"enemies":"Sphere and 2 Shapes","floor":53,"turns":3},{"damage":6,"enemies":"3 Darklings","floor":54,"turns":2},{"damage":0,"enemies":"Reptomancer","floor":55,"turns":4},{"damage":0,"enemies":"Giant Head","floor":57,"turns":2},{"damage":5,"enemies":"Donu and Deca","floor":59,"turns":6},{"damage":21,"enemies":"Awakened One","floor":60,"turns":13},{"damage":76,"enemies":"Shield and Spear","floor":64,"turns":7},{"damage":0,"enemies":"The Heart","floor":65,"turns":7}],"seed_played":"309388160423399857","potions_obtained":[{"floor":3.0,"key":"FairyPotion"},{"floor":4.0,"key":"PowerPotion"},{"floor":11.0,"key":"Regen Potion"},{"floor":12,"key":"Swift Potion"},{"floor":14,"key":"Dota2Spire:Clarity"},{"floor":20,"key":"PowerPotion"},{"floor":38,"key":"SkillPotion"},{"floor":50,"key":"Fire Potion"},{"floor":54,"key":"FearPotion"}],"is_trial":false,"path_per_floor":["M","$","M","M","?","R","M","M","T","T","M","E","M","M","$","R","B",null,"R","B",null,"M","M","$","?","M","R","E","R","T","T","R","E","M","$","M","R","B",null,"R","B",null,"M","M","?","?","M","R","$","E","T","T","M","M","E","T","E","R","B","B",null,"R","$","E","B",null],"character_chosen":"THE_SILENT","items_purchased":["Poisoned Stab","Orrery","OrangePellets","Cloak And Dagger","Footwork","ClockworkSouvenir","Backflip","Dota2Spire:CrimsonGuard","HornCleat"],"campfire_rested":0,"item_purchase_floors":[2,15,24,24,24,35,49,63,63],"current_hp_per_floor":[49,49,48,48,48,48,16,12,12,12,12,19,11,11,11,23,23,23,35,32,58,58,58,58,58,58,66,58,66,66,66,66,66,61,61,61,66,37,37,52,25,56,56,56,56,56,56,63,63,37,37,37,42,36,41,41,41,56,51,30,55,63,63,29,50],"gold":100,"neow_bonus":"TRANSFORM_CARD","is_daily":false,"chose_seed":false,"campfire_upgraded":10,"win_rate":0.0,"timestamp":1612602532,"path_taken":["M","$","M","M","?","R","M","M","T","T","M","E","M","M","$","R","BOSS","R","BOSS","M","M","$","?","M","R","E","R","T","T","R","E","M","?","M","R","BOSS","R","BOSS","M","M","?","?","?","R","$","E","T","T","M","M","E","?","E","R","BOSS","BOSS","R","$","E","BOSS"],"items_purchased_type":["Card","Relic","Relic","Card","Card","Relic","Card","Relic","Relic"],"build_version":"2020-12-22","purchased_purges":5,"victory":true,"max_hp_per_floor":[66,66,66,66,66,66,66,66,66,66,66,66,66,66,66,66,66,66,66,66,66,66,66,66,66,66,66,66,66,66,66,66,66,66,66,66,66,66,66,66,66,66,66,66,63,63,63,63,63,63,63,63,63,63,63,63,63,63,63,63,63,63,63,63,63],"card_choices":[{"not_picked":["Dodge and Roll","Backflip"],"picked":"Bouncing Flask","floor":1.0},{"not_picked":["Acrobatics","Sucker Punch"],"picked":"Leg Sweep","floor":3.0},{"not_picked":["Sucker Punch","Poisoned Stab"],"picked":"Dagger Throw","floor":4.0},{"not_picked":["Dagger Spray","Sucker Punch"],"picked":"Infinite Blades","floor":7.0},{"not_picked":["Leg Sweep","Distraction"],"picked":"Blade Dance","floor":8.0},{"not_picked":["Dodge and Roll","Calculated Gamble","Grand Finale"],"picked":"SKIP","floor":11.0},{"not_picked":["Setup","Flying Knee","Acrobatics"],"picked":"SKIP","floor":12},{"not_picked":["Deflect","Flechettes","Outmaneuver"],"picked":"SKIP","floor":13},{"not_picked":["Predator","Eviscerate"],"picked":"Backflip","floor":14},{"not_picked":["Sucker Punch","PiercingWail"],"picked":"Dash","floor":15},{"not_picked":["All Out Attack","Deadly Poison"],"picked":"Blade Dance","floor":15},{"not_picked":["Bullet Time","A Thousand Cuts"],"picked":"Adrenaline","floor":17},{"not_picked":["Wraith Form v2","Storm of Steel"],"picked":"Corpse Explosion","floor":20},{"not_picked":["Quick Slash","Slice"],"picked":"PiercingWail+1","floor":22},{"not_picked":["Setup","Reflex","Deflect"],"picked":"SKIP","floor":23},{"not_picked":["Deadly Poison","Setup","Choke"],"picked":"SKIP","floor":26},{"not_picked":["Poisoned Stab","Backflip","A Thousand Cuts"],"picked":"SKIP","floor":28},{"not_picked":["Calculated Gamble","Blade Dance","Slice"],"picked":"SKIP","floor":33},{"not_picked":["Calculated Gamble","Blade Dance","Slice"],"picked":"SKIP","floor":33},{"not_picked":["Flying Knee","Prepared","Quick Slash"],"picked":"SKIP","floor":34},{"not_picked":["Prepared","Slice","PiercingWail"],"picked":"SKIP","floor":36},{"not_picked":["Burst","Tools of the Trade"],"picked":"Phantasmal Killer","floor":38},{"not_picked":["Burst","Night Terror"],"picked":"Adrenaline","floor":41},{"not_picked":["Deadly Poison","Dagger Spray+1","Sucker Punch"],"picked":"SKIP","floor":43},{"not_picked":["Quick Slash","Prepared","Skewer+1"],"picked":"SKIP","floor":44},{"not_picked":["Flying Knee+1","Slice+1","Catalyst"],"picked":"SKIP","floor":47},{"not_picked":["Blade Dance","Tools of the Trade"],"picked":"Backflip","floor":50},{"not_picked":["Poisoned Stab","Sucker Punch"],"picked":"Blur","floor":53},{"not_picked":["Poisoned Stab","Dagger Spray","Bane"],"picked":"SKIP","floor":54},{"not_picked":["Riddle With Holes","Distraction","Endless Agony"],"picked":"SKIP","floor":55},{"not_picked":["Backstab","Bane","Escape Plan"],"picked":"SKIP","floor":57},{"not_picked":["Masterful Stab","Dagger Spray"],"picked":"After Image","floor":64}],"player_experience":2416999,"relics_obtained":[{"floor":9.0,"key":"Dota2Spire:HandOfMidas"},{"floor":10.0,"key":"Sundial"},{"floor":12,"key":"Eternal Feather"},{"floor":21,"key":"Smiling Mask"},{"floor":21,"key":"Dota2Spire:Desolator"},{"floor":21,"key":"Dota2Spire:Butterfly"},{"floor":28,"key":"Akabeko"},{"floor":30,"key":"Toy Ornithopter"},{"floor":33,"key":"Darkstone Periapt"},{"floor":50,"key":"Dota2Spire:AghanimScepter"},{"floor":51,"key":"Bottled Lightning"},{"floor":52,"key":"Dota2Spire:PowerTreads"},{"floor":55,"key":"Boot"},{"floor":56,"key":"Oddly Smooth Stone"},{"floor":57,"key":"Dota2Spire:BlackKingBar"},{"floor":64,"key":"Whetstone"}],"event_choices":[{"damage_healed":0.0,"max_hp_gain":0.0,"max_hp_loss":0.0,"gold_gain":100.0,"event_name":"Wheel of Change","player_choice":"Gold","floor":5.0,"gold_loss":0.0,"damage_taken":0.0},{"damage_healed":0,"gold_gain":0,"cards_transformed":["Strike_G"],"player_choice":"Transformed","damage_taken":0,"max_hp_gain":0,"max_hp_loss":0,"event_name":"Transmorgrifier","floor":25,"gold_loss":0,"cards_obtained":["Bane"]},{"damage_healed":0,"gold_gain":0,"player_choice":"Max HP","damage_taken":0,"max_hp_gain":0,"max_hp_loss":3,"event_name":"Winding Halls","floor":45,"gold_loss":0},{"damage_healed":0,"gold_gain":0,"player_choice":"Forge","damage_taken":0,"max_hp_gain":0,"max_hp_loss":0,"event_name":"Accursed Blacksmith","floor":46,"gold_loss":0,"cards_upgraded":["Leg Sweep"]}],"is_beta":false,"boss_relics":[{"not_picked":["SlaversCollar","Tiny House"],"picked":"Snecko Eye"},{"not_picked":["Runic Pyramid","Black Star"],"picked":"Calling Bell"},{"not_picked":["Coffee Dripper","Runic Dome"],"picked":"Dota2Spire:Bloodstone"},{"not_picked":["Philosopher\u0027s Stone","SacredBark"],"picked":"Empty Cage"}],"items_purged_floors":[2,15,24,35,49],"is_endless":false,"potions_floor_spawned":[3,4,11,12,14,20,22,23,38,50,54],"ascension_level":20}}