{"host":"9slw7l0ws16384qq","time":1612639951,"event":{"mods":["A Penny For Your Troubles","BaseMod","Colored Map","Downfall","Evolution","Hubris","Minty Spire (QoL Compilation)","Replay The Spire","StS++","StSLib"],"gold_per_floor":[349,367,385,295,312,412,467,497,524,524,537,555,566,576,589,694,694,694,694,694,711,731,750,850,850,876,876,506,532,532,542,561,766,783,884,934,934,948,798,798,848,848,848,748,748,775,795,795,820,832,850,851],"floor_reached":53,"language":"FRA","playtime":5649,"items_purged":["hexamod:Strike","hexamod:Defend","hexamod:SwordOfDarkness+1","hexamod:VolcanoVisage+1"],"score":969,"play_id":"638291e2-e59f-4d8e-9fe3-e65e3e4707ee","local_time":"20210206203231","is_ascension_mode":true,"campfire_choices":[{"data":"hexamod:Sear","floor":1.0,"key":"SMITH"},{"data":"hexamod:Defend","floor":20.0,"key":"SMITH"},{"data":"hexamod:Defend","floor":25,"key":"SMITH"},{"data":"hexamod:Defend","floor":27,"key":"SMITH"},{"data":"hexamod:Defend","floor":30,"key":"SMITH"},{"data":"hexamod:Defend","floor":37,"key":"SMITH"},{"data":"hexamod:Defend","floor":44,"key":"SMITH"}],"circlet_count":0,"master_deck":["hexamod:Firestarter+1","hexamod:Firestarter+1","hexamod:Defend+10","hexamod:Defend","hexamod:Firestarter+1","hexamod:SixthSeal","hubris:DuctTapeCard+2"],"relics":["hexamod:UnbrokenSoul","EVO:Axolotl","Oddly Smooth Stone","StSpp:WoodenPendulum","Simple Rune","Guardian:PocketSentry","Replay:Grab Bag","Sozu","hubris:RunicObelisk","StSpp:BoiledEgg","hubris:DuctTape","War Paint","Garlic","Ice Cream","Tiny House","Replay:Multitool","downfall:HeartBlessingBlue","Letter Opener","Quantum Egg","Replay:Rubber Ducky"],"acts_visited":["Exordium","TheCity","TheBeyond"],"potions_floor_usage":[],"damage_taken":[{"damage":3.0,"enemies":"Small Slimes","floor":2.0,"turns":3.0},{"damage":0.0,"enemies":"Jaw Worm","floor":3.0,"turns":3.0},{"damage":0.0,"enemies":"downfall:FleeingMerchant","floor":4.0,"turns":4.0},{"damage":0.0,"enemies":"Cultist","floor":5.0,"turns":3.0},{"damage":35.0,"enemies":"downfall:Heads","floor":6.0,"turns":5.0},{"damage":11.0,"enemies":"3 Sentries","floor":9.0,"turns":7.0},{"damage":0.0,"enemies":"Exordium Thugs","floor":11.0,"turns":3.0},{"damage":0.0,"enemies":"2 Fungi Beasts","floor":12.0,"turns":3.0},{"damage":0.0,"enemies":"Blue Slaver","floor":13.0,"turns":2.0},{"damage":1.0,"enemies":"Large Slime","floor":14.0,"turns":5.0},{"damage":0.0,"enemies":"2 Fungi Beasts","floor":15.0,"turns":3.0},{"damage":0.0,"enemies":"WA_ARCHETYPE_RETAIN","floor":16.0,"turns":5.0},{"damage":9.0,"enemies":"Spheric Guardian","floor":21.0,"turns":4.0},{"damage":0.0,"enemies":"Chosen and Byrds","floor":22.0,"turns":3.0},{"damage":13.0,"enemies":"Sentry and Sphere","floor":23.0,"turns":5.0},{"damage":23,"enemies":"IC_STATUS_ARCHETYPE","floor":24,"turns":5},{"damage":0,"enemies":"downfall:FleeingMerchant","floor":28,"turns":4},{"damage":6,"enemies":"Gremlin Leader","floor":29,"turns":6},{"damage":0,"enemies":"Centurion and Healer","floor":31,"turns":5},{"damage":0,"enemies":"Shelled Parasite and Fungi","floor":32,"turns":4},{"damage":0,"enemies":"downfall:FleeingMerchant","floor":33,"turns":3},{"damage":0,"enemies":"Chosen and Byrds","floor":34,"turns":4},{"damage":4,"enemies":"DF_ARCHETYPE_CLAW","floor":35,"turns":8},{"damage":21,"enemies":"Orb Walker","floor":38,"turns":3},{"damage":0,"enemies":"Orb Walker","floor":41,"turns":6},{"damage":12,"enemies":"R_Hoarder","floor":46,"turns":6},{"damage":0,"enemies":"3 Darklings","floor":47,"turns":6},{"damage":12,"enemies":"Nemesis","floor":49,"turns":5},{"damage":12,"enemies":"Sphere and 2 Shapes","floor":50,"turns":5},{"damage":0,"enemies":"Maw","floor":51,"turns":6},{"damage":40,"enemies":"SI_POISON_ARCHETYPE","floor":52,"turns":12}],"seed_played":"-7118379041971158288","potions_obtained":[{"floor":3.0,"key":"Regen Potion"},{"floor":9.0,"key":"FearPotion"},{"floor":11.0,"key":"ColorlessPotion"},{"floor":12.0,"key":"StSpp:SecondWindPotion"},{"floor":15.0,"key":"hexamod:DoubleChargePotion"},{"floor":16.0,"key":"Reflective Coating"}],"is_trial":false,"path_per_floor":["R","M","M","$","M","?","T","?","E","$","M","M","M","M","M","B",null,"R_BF","PTL","R","M","M","M","?","R","T","R","$","E","R","M","M","$","M","B",null,"R","M","$","?","?","?","T","R","T","E","M","R","E","M","M","B",null],"character_chosen":"THE_SPIRIT","items_purchased":["Guardian:PocketSentry","Garlic"],"campfire_rested":0,"item_purchase_floors":[10,28],"current_hp_per_floor":[49,46,46,46,46,25,25,25,14,4,4,4,4,3,3,3,70,70,70,70,61,61,48,25,25,25,25,25,19,19,19,19,19,19,15,75,75,54,54,54,54,54,54,64,64,52,52,77,65,53,53,13],"gold":851,"neow_bonus":"TWO_FIFTY_GOLD","is_daily":false,"chose_seed":false,"campfire_upgraded":7,"win_rate":0.0,"timestamp":1612639951,"path_taken":["R","M","M","$","M","?","T","?","E","?","M","M","?","M","M","BOSS","R_BF","PTL","R","M","M","M","?","R","T","R","$","E","R","M","M","$","M","BOSS","R","M","$","?","?","?","T","R","?","E","M","R","E","?","M","BOSS"],"items_purchased_type":["Relic","Relic"],"build_version":"2020-12-22","purchased_purges":4,"victory":true,"max_hp_per_floor":[70,70,70,70,70,70,70,70,70,70,70,70,70,70,70,70,70,70,70,70,70,70,70,70,70,70,70,70,70,70,70,70,70,70,70,75,75,75,75,75,75,75,75,85,85,85,85,85,85,85,85,85],"card_choices":[{"not_picked":["hexamod:AdvancingGuard","hexamod:BurningTouch","hexamod:NecessarySacrifice"],"picked":"SKIP","floor":2.0},{"not_picked":["hexamod:Again","hexamod:ChargedBarrage","hexamod:ShieldOfDarkness"],"picked":"SKIP","floor":3.0},{"not_picked":["hexamod:ChargedBarrage","hexamod:SuperheatedStrike"],"picked":"hexamod:Firestarter","floor":4.0},{"not_picked":["hexamod:BacktrackSmack","hexamod:HeatMetal","hexamod:PhantomCloak"],"picked":"SKIP","floor":5.0},{"not_picked":["hexamod:DynamicBlow","hexamod:SwordOfDarkness","hexamod:HeatCrush","hexamod:HexaLevel","hexamod:FlamesFromBeyond"],"picked":"SKIP","floor":9.0},{"not_picked":["hexamod:RecurringNightmare","hexamod:FlamesFromBeyond","hexamod:ThermalTransfer","hexamod:HeatMetal","hexamod:ShieldOfDarkness"],"picked":"SKIP","floor":11.0},{"not_picked":["hexamod:HauntingEcho","hexamod:FlamesFromBeyond","hexamod:ExtraCrispy","hexamod:GhostOfSpirePast","hexamod:SwordOfDarkness"],"picked":"SKIP","floor":12.0},{"not_picked":["hexamod:GiftsFromTheDead","hexamod:RadiantFlame","hexamod:ThermalTransfer","hexamod:Hexaguard","hexamod:ThirdSeal"],"picked":"SKIP","floor":13.0},{"not_picked":["hexamod:NightmareGuise","hexamod:Hexaguard","hexamod:FastForward","hexamod:ThermalTransfer","hexamod:SpectralSpark"],"picked":"SKIP","floor":14.0},{"not_picked":["hexamod:SpectersWail","hexamod:NightmareGuise","hexamod:HeatMetal","hexamod:NecessarySacrifice","hexamod:FirstSeal"],"picked":"SKIP","floor":15.0},{"not_picked":["hexamod:FifthSeal","hexamod:ParanormalForm","hexamod:UnlimitedPower","hexamod:WildfireWeapon"],"picked":"hexamod:SixthSeal","floor":16.0},{"not_picked":["hexamod:HeatMetal+1","hexamod:GhostShield+1","hexamod:Firestarter","hexamod:HauntingEcho","hexamod:BurningTouch"],"picked":"SKIP","floor":21.0},{"not_picked":["hexamod:NecessarySacrifice","hexamod:InspiringFlames+1","hexamod:HauntingEcho+1","hexamod:SpectralAdrenaline","hexamod:SecondSeal"],"picked":"SKIP","floor":22.0},{"not_picked":["hexamod:SwordOfDarkness+1","hexamod:UnleashSpirits","hexamod:SuperheatedStrike","hexamod:PhantomFireball","hexamod:NecessarySacrifice"],"picked":"SKIP","floor":23.0},{"not_picked":["hexamod:FlamesFromBeyond","hexamod:BurningTouch","hexamod:GhostLash","hexamod:ThermalTransfer","hexamod:SpectralAdrenaline"],"picked":"SKIP","floor":28},{"not_picked":["hexamod:ShieldOfDarkness+1","hexamod:SuperheatedStrike","hexamod:NecessarySacrifice","hexamod:GhostflameInferno","hexamod:BacktrackSmack"],"picked":"SKIP","floor":29},{"not_picked":["hexamod:Again","hexamod:ThermalTransfer+1","hexamod:HauntingEcho","hexamod:GhostLash","hexamod:SkipABeat"],"picked":"SKIP","floor":31},{"not_picked":["hexamod:SwordOfDarkness","hexamod:GhostOfSpirePresent","hexamod:PowerFromBeyond+1","hexamod:ChargedBarrage+1","hexamod:HauntingEcho"],"picked":"SKIP","floor":32},{"not_picked":["hexamod:TimeOfNeed","hexamod:SpectralAdrenaline+1","hexamod:GhostShield","hexamod:Hexaguard","hexamod:RetreatToShadows"],"picked":"SKIP","floor":33},{"not_picked":["hexamod:FastForward","hexamod:AdvancingGuard","hexamod:Firestarter","hexamod:ExtraCrispy","hexamod:Again"],"picked":"SKIP","floor":34},{"not_picked":["hexamod:ApocalypseNow","hexamod:ApocalypticArmor","hexamod:GhostflameInferno","hexamod:GhostOfSpirePresent"],"picked":"hexamod:VolcanoVisage","floor":35},{"not_picked":["hexamod:NightmareGuise+1","hexamod:BurningTouch","hexamod:AdvancingGuard+1","hexamod:GhostLash","hexamod:NightmareStrike+1"],"picked":"SKIP","floor":38},{"not_picked":["hexamod:GhostLash","hexamod:Again+1","hexamod:AdvancingGuard","hexamod:GhostShield+1","hexamod:SpectralSpark+1"],"picked":"SKIP","floor":46},{"not_picked":["hexamod:BurningTouch+1","hexamod:GhostLash+1","hexamod:ApocalypticArmor","hexamod:ShieldOfDarkness","hexamod:HauntingEcho+1"],"picked":"SKIP","floor":47},{"not_picked":["hexamod:SuperheatedStrike","hexamod:NightmareGuise","hexamod:ThermalTransfer","hexamod:StepThrough+1","hexamod:FastForward+1"],"picked":"SKIP","floor":49},{"not_picked":["hexamod:SoulSteal","hexamod:FirstSeal","hexamod:GhostShield","hexamod:InspiringFlames+1","hexamod:PowerFromBeyond+1"],"picked":"SKIP","floor":50},{"not_picked":["hexamod:ShieldOfDarkness+1","hexamod:Firestarter","hexamod:SpectersWail+1","hexamod:NightmareStrike+1","hexamod:ApocalypseNow"],"picked":"SKIP","floor":51}],"player_experience":1640585,"relics_obtained":[{"floor":7.0,"key":"Oddly Smooth Stone"},{"floor":9.0,"key":"Simple Rune"},{"floor":24,"key":"StSpp:BoiledEgg"},{"floor":24,"key":"hubris:DuctTape"},{"floor":26,"key":"War Paint"},{"floor":29,"key":"Ice Cream"},{"floor":41,"key":"Replay:Multitool"},{"floor":45,"key":"Letter Opener"},{"floor":46,"key":"Quantum Egg"},{"floor":49,"key":"Replay:Rubber Ducky"}],"event_choices":[],"is_beta":false,"boss_relics":[{"not_picked":["bronze:MakeshiftBattery","Replay:Bronze Core"],"picked":"Replay:Grab Bag"},{"not_picked":["ReplayTheSpireMod:Onyx Gauntlets","hubris:CrackedHourglass"],"picked":"Sozu"},{"not_picked":["Fusion Hammer","Coffee Dripper"],"picked":"hubris:RunicObelisk"},{"not_picked":["hubris:HollowSoul","Kintsugi"],"picked":"hexamod:UnbrokenSoul"},{"not_picked":["Replay:Ancient Bell","Painkiller Herb"],"picked":"Tiny House"}],"items_purged_floors":[4,28,33,39],"is_endless":false,"potions_floor_spawned":[3,9,11,12,15,16,22,29,32,34,35,38,50,51],"ascension_level":4}}