{"host":"FirstDane","time":1612582419,"event":{"mods":["BaseMod","Bestiary","Highlight Path","Minty Spire (QoL Compilation)","Relic Stats","Slay the Relics Exporter","StSLib"],"gold_per_floor":[368,387,73,92,92,92,109,136,136,171,13,13,41,41,41,41,41],"floor_reached":16,"language":"ENG","playtime":1254,"items_purged":["Strike_G"],"score":286,"play_id":"63121d02-642b-4f69-bfc3-a6f4bf20a894","local_time":"20210205213339","is_ascension_mode":true,"campfire_choices":[{"data":"Neutralize","floor":6,"key":"SMITH"},{"data":"Predator","floor":15,"key":"SMITH"}],"circlet_count":0,"master_deck":["AscendersBane","Strike_G","Strike_G","Strike_G","Strike_G","Defend_G","Defend_G","Defend_G","Defend_G","Defend_G+1","Survivor+1","Neutralize+1","Endless Agony","Blade Dance","Footwork","Flying Knee","Adrenaline","Leg Sweep","Predator+1","Poisoned Stab","Dagger Throw+1"],"relics":["Ring of the Snake","Paper Crane","Meat on the Bone","Letter Opener","War Paint","Molten Egg 2","Gremlin Horn"],"acts_visited":["Exordium"],"potions_floor_usage":[8,10,13,16],"damage_taken":[{"damage":1,"enemies":"Cultist","floor":1,"turns":4},{"damage":3,"enemies":"Small Slimes","floor":2,"turns":5},{"damage":0,"enemies":"Jaw Worm","floor":4,"turns":3},{"damage":6,"enemies":"Lots of Slimes","floor":7,"turns":5},{"damage":0,"enemies":"Lagavulin","floor":8,"turns":8},{"damage":13,"enemies":"3 Sentries","floor":10,"turns":8},{"damage":8,"enemies":"Lagavulin","floor":13,"turns":7},{"damage":31,"enemies":"Hexaghost","floor":16,"turns":9}],"seed_played":"-7205961408079336854","potions_obtained":[{"floor":1,"key":"Swift Potion"},{"floor":2,"key":"ColorlessPotion"},{"floor":10,"key":"EssenceOfSteel"},{"floor":13,"key":"Dexterity Potion"}],"is_trial":false,"path_per_floor":["M","M","$","M","?","R","M","E","T","E","$","?","E","?","R","B"],"character_chosen":"THE_SILENT","items_purchased":["Paper Crane","Footwork","BlessingOfTheForge","Poisoned Stab"],"campfire_rested":0,"item_purchase_floors":[3,3,11,11],"current_hp_per_floor":[43,40,40,40,62,62,56,56,56,43,43,25,29,29,29,0,0],"gold":41,"neow_bonus":"TWO_FIFTY_GOLD","is_daily":false,"chose_seed":false,"campfire_upgraded":2,"win_rate":0.0,"timestamp":1612582419,"path_taken":["M","M","$","M","?","R","M","E","T","E","$","?","E","?","R","BOSS"],"items_purchased_type":["Relic","Card","Potion","Card"],"build_version":"2020-12-18","purchased_purges":1,"victory":false,"max_hp_per_floor":[66,66,66,66,66,66,66,66,66,66,66,66,66,66,66,66,66],"relic_stats":{"Gremlin Horn":[0,0],"counters":[8,49],"Letter Opener":[35],"War Paint":["Defend_G","Survivor"],"obtain_stats":[{"Gremlin Horn":13,"Molten Egg 2":12,"Letter Opener":9,"Paper Crane":3,"War Paint":10,"Ring of the Snake":0,"Meat on the Bone":8},{"Gremlin Horn":7,"Molten Egg 2":6,"Letter Opener":5,"Paper Crane":2,"War Paint":6,"Ring of the Snake":0,"Meat on the Bone":5},{"Gremlin Horn":40,"Molten Egg 2":33,"Letter Opener":25,"Paper Crane":9,"War Paint":33,"Ring of the Snake":0,"Meat on the Bone":25}],"Ring of the Snake":[16],"Meat on the Bone":12},"card_choices":[{"not_picked":["Acrobatics","Dodge and Roll"],"picked":"Endless Agony","floor":1},{"not_picked":["Slice","Cloak And Dagger"],"picked":"Blade Dance","floor":2},{"not_picked":["Expertise","Blade Dance"],"picked":"Flying Knee","floor":4},{"not_picked":["Tactician","Flying Knee"],"picked":"Adrenaline","floor":7},{"not_picked":["Sucker Punch","All Out Attack"],"picked":"Leg Sweep","floor":8},{"not_picked":["Reflex","Underhanded Strike"],"picked":"Predator","floor":10},{"not_picked":["Setup","Endless Agony+1"],"picked":"Dagger Throw+1","floor":13}],"player_experience":4042756,"relics_obtained":[{"floor":8,"key":"Meat on the Bone"},{"floor":9,"key":"Letter Opener"},{"floor":10,"key":"War Paint"},{"floor":13,"key":"Gremlin Horn"}],"event_choices":[{"damage_healed":22,"gold_gain":0,"player_choice":"Banana","damage_taken":0,"max_hp_gain":0,"max_hp_loss":0,"event_name":"Big Fish","floor":5,"gold_loss":0},{"damage_healed":0,"gold_gain":0,"player_choice":"Success","damage_taken":18,"relics_obtained":["Molten Egg 2"],"max_hp_gain":0,"max_hp_loss":0,"event_name":"Scrap Ooze","floor":12,"gold_loss":0},{"damage_healed":0,"gold_gain":0,"player_choice":"Leave","damage_taken":0,"max_hp_gain":0,"max_hp_loss":0,"event_name":"The Cleric","floor":14,"gold_loss":0}],"is_beta":true,"boss_relics":[],"items_purged_floors":[11],"is_endless":false,"potions_floor_spawned":[1,2,10,13],"killed_by":"Hexaghost","ascension_level":20}}