{"host":"t75twhtg6c476ygg","time":1612628820,"event":{"mods":["AchievementEnabler","BaseMod","Colored Powertips","Minty Spire (QoL Compilation)","Quick Restart","Relic Stats","StSLib","SuperFastMode"],"gold_per_floor":[114,129,204,54,54,92,111,149,199,199,218,218,237,275,275,400,400,419,419,419,438,213,251,251,289,289,327,346,346,365,65,65,190,190,209,228,228,247,266,304,304,214,214,214,233,271,309,328,328,328],"floor_reached":51,"language":"ENG","playtime":3297,"items_purged":["Clash"],"score":965,"play_id":"bcc218c3-3c68-4ced-a5ef-1bd52c692cfb","local_time":"20210206162700","daily_mods":["Draft","Diverse","DeadlyEvents"],"is_ascension_mode":false,"campfire_choices":[{"floor":10.0,"key":"REST"},{"data":"Rupture","floor":12.0,"key":"SMITH"},{"data":"Rupture","floor":15.0,"key":"SMITH"},{"data":"Limit Break","floor":24.0,"key":"SMITH"},{"data":"TalkToTheHand","floor":32.0,"key":"SMITH"},{"floor":41.0,"key":"REST"},{"floor":44.0,"key":"REST"},{"floor":49,"key":"REST"}],"circlet_count":0,"master_deck":["Rupture+1","Armaments+1","PathToVictory+1","Cloak And Dagger","Prepared+1","Gash+1","Cloak And Dagger+1","TalkToTheHand+1","Rip and Tear+1","Rupture+1","EmptyFist+1","Flex+1","Pain","Shrug It Off+1","Reaper","Conserve Battery+1","Heavy Blade","LessonLearned+1","Limit Break+1"],"relics":["Ring of the Snake","TwistedFunnel","Golden Idol","Bottled Tornado","Ancient Tea Set","Dream Catcher","Mercury Hourglass","Busted Crown","Centennial Puzzle","Bag of Preparation","Vajra","Toxic Egg 2","Pen Nib","Tough Bandages","PreservedInsect","Lee\u0027s Waffle","Strawberry","Fusion Hammer","MealTicket","Toy Ornithopter","White Beast Statue","Orichalcum"],"acts_visited":["Exordium","TheCity","TheBeyond"],"potions_floor_usage":[50,50],"damage_taken":[{"damage":0.0,"enemies":"Small Slimes","floor":1.0,"turns":1.0},{"damage":0.0,"enemies":"2 Louse","floor":2.0,"turns":2.0},{"damage":2.0,"enemies":"Gremlin Nob","floor":6.0,"turns":3.0},{"damage":0.0,"enemies":"Cultist","floor":7.0,"turns":3.0},{"damage":23.0,"enemies":"Lagavulin","floor":8.0,"turns":5.0},{"damage":2.0,"enemies":"Red Slaver","floor":11.0,"turns":2.0},{"damage":1.0,"enemies":"Looter","floor":13.0,"turns":3.0},{"damage":5.0,"enemies":"Gremlin Nob","floor":14.0,"turns":3.0},{"damage":26.0,"enemies":"The Guardian","floor":16.0,"turns":6.0},{"damage":0.0,"enemies":"Spheric Guardian","floor":18.0,"turns":2.0},{"damage":7.0,"enemies":"Chosen","floor":21.0,"turns":3.0},{"damage":13.0,"enemies":"Book of Stabbing","floor":23.0,"turns":2.0},{"damage":20.0,"enemies":"Slavers","floor":25.0,"turns":3.0},{"damage":9.0,"enemies":"Gremlin Leader","floor":27.0,"turns":3.0},{"damage":5.0,"enemies":"Shelled Parasite and Fungi","floor":28.0,"turns":2.0},{"damage":0.0,"enemies":"Chosen and Byrds","floor":30.0,"turns":1.0},{"damage":6.0,"enemies":"Automaton","floor":33.0,"turns":4.0},{"damage":8.0,"enemies":"3 Darklings","floor":35.0,"turns":3.0},{"damage":9.0,"enemies":"Orb Walker","floor":36.0,"turns":1.0},{"damage":17.0,"enemies":"3 Darklings","floor":38.0,"turns":2.0},{"damage":8.0,"enemies":"Spire Growth","floor":39.0,"turns":1.0},{"damage":5.0,"enemies":"Reptomancer","floor":40.0,"turns":4.0},{"damage":8.0,"enemies":"Maw","floor":45.0,"turns":3.0},{"damage":7.0,"enemies":"Giant Head","floor":46.0,"turns":3.0},{"damage":7.0,"enemies":"Nemesis","floor":47.0,"turns":3.0},{"damage":8,"enemies":"4 Shapes","floor":48,"turns":1},{"damage":24,"enemies":"Awakened One","floor":50,"turns":4}],"seed_played":"5285009320175426936","potions_obtained":[{"floor":2.0,"key":"Explosive Potion"},{"floor":6.0,"key":"CunningPotion"},{"floor":8.0,"key":"ColorlessPotion"},{"floor":39.0,"key":"Ancient Potion"},{"floor":40.0,"key":"SteroidPotion"},{"floor":47.0,"key":"CunningPotion"}],"is_trial":false,"path_per_floor":["M","M","?","$","?","E","M","E","T","R","M","R","M","E","R","B",null,"M","?","T","M","$","E","R","E","T","E","M","T","M","$","R","B",null,"M","M","?","M","M","E","R","?","T","R","M","E","E","M","R","B",null],"character_chosen":"THE_SILENT","items_purchased":["TwistedFunnel","Bag of Preparation","Lee\u0027s Waffle","Strawberry"],"campfire_rested":4,"item_purchase_floors":[4,22,31,31],"current_hp_per_floor":[70,70,60,60,44,42,42,28,28,49,47,47,46,57,57,41,70,70,70,70,63,63,70,70,50,50,41,36,36,36,84,84,78,84,84,83,83,67,59,68,84,84,84,84,84,77,71,84,84,80],"gold":328,"neow_bonus":"","is_daily":true,"chose_seed":false,"campfire_upgraded":4,"win_rate":0.0,"timestamp":1612628820,"path_taken":["M","M","?","$","?","E","M","E","T","R","?","R","M","?","R","BOSS","M","?","?","M","?","E","R","?","T","E","?","?","M","$","R","BOSS","M","M","?","?","M","E","R","?","T","R","M","?","E","M","R","BOSS"],"items_purchased_type":["Relic","Relic","Relic","Relic"],"build_version":"2020-12-22","purchased_purges":1,"victory":true,"max_hp_per_floor":[70,70,70,70,70,70,70,70,70,70,70,70,70,70,70,70,70,70,70,70,70,70,70,70,70,70,70,70,70,70,84,84,84,84,84,84,84,84,84,84,84,84,84,84,84,84,84,84,84,84],"relic_stats":{"Lee\u0027s Waffle":41,"counters":[27,73],"Golden Idol":199,"Pen Nib":[10],"PreservedInsect":230,"Bag of Preparation":[32],"Orichalcum":[0],"Mercury Hourglass":[235],"Dream Catcher":4,"Centennial Puzzle":[44],"Tough Bandages":[42],"Busted Crown":40,"MealTicket":0,"obtain_stats":[{"TwistedFunnel":4,"Lee\u0027s Waffle":31,"Golden Idol":5,"Vajra":23,"Pen Nib":26,"PreservedInsect":29,"Bag of Preparation":22,"Bottled Tornado":6,"Orichalcum":47,"Ancient Tea Set":8,"White Beast Statue":46,"Mercury Hourglass":14,"Dream Catcher":9,"Centennial Puzzle":20,"Tough Bandages":27,"Busted Crown":17,"Strawberry":31,"MealTicket":40,"Fusion Hammer":34,"Toxic Egg 2":25,"TungstenRod":0,"Toy Ornithopter":43,"Ring of the Snake":0},{"TwistedFunnel":2,"Lee\u0027s Waffle":16,"Golden Idol":2,"Vajra":12,"Pen Nib":13,"PreservedInsect":15,"Bag of Preparation":11,"Bottled Tornado":3,"Orichalcum":25,"Ancient Tea Set":5,"White Beast Statue":24,"Mercury Hourglass":8,"Dream Catcher":5,"Centennial Puzzle":10,"Tough Bandages":14,"Busted Crown":9,"Strawberry":16,"MealTicket":22,"Fusion Hammer":17,"Toxic Egg 2":13,"TungstenRod":0,"Toy Ornithopter":22,"Ring of the Snake":0},{"TwistedFunnel":3,"Lee\u0027s Waffle":44,"Golden Idol":3,"Vajra":35,"Pen Nib":38,"PreservedInsect":43,"Bag of Preparation":33,"Bottled Tornado":6,"Orichalcum":68,"Ancient Tea Set":14,"White Beast Statue":65,"Mercury Hourglass":22,"Dream Catcher":14,"Centennial Puzzle":30,"Tough Bandages":41,"Busted Crown":28,"Strawberry":44,"MealTicket":59,"Fusion Hammer":48,"Toxic Egg 2":38,"TungstenRod":0,"Toy Ornithopter":59,"Ring of the Snake":0}],"Toy Ornithopter":0,"Ring of the Snake":[54]},"card_choices":[{"not_picked":["Havoc","Lockon"],"picked":"Rupture","floor":0.0},{"not_picked":["Clothesline","Iron Wave"],"picked":"Armaments","floor":0.0},{"not_picked":["Escape Plan","Hello World"],"picked":"PathToVictory","floor":0.0},{"not_picked":["Body Slam","Perseverance"],"picked":"Cloak And Dagger","floor":0.0},{"not_picked":["Clothesline","Force Field"],"picked":"Prepared","floor":0.0},{"not_picked":["Auto Shields","Headbutt"],"picked":"Gash","floor":0.0},{"not_picked":["Skewer","Blizzard"],"picked":"Clash","floor":0.0},{"not_picked":["Warcry","FollowUp"],"picked":"Cloak And Dagger","floor":0.0},{"not_picked":["Beam Cell","Cold Snap"],"picked":"TalkToTheHand","floor":0.0},{"not_picked":["Compile Driver","Entrench"],"picked":"Pommel Strike","floor":0.0},{"not_picked":["Sweeping Beam","Deadly Poison"],"picked":"Clash","floor":0.0},{"not_picked":["Quick Slash","Intimidate"],"picked":"Rip and Tear","floor":0.0},{"not_picked":["Deadly Poison","EmptyBody"],"picked":"Rupture","floor":0.0},{"not_picked":["Stack","WreathOfFlame"],"picked":"EmptyFist","floor":0.0},{"not_picked":["Wild Strike","Underhanded Strike"],"picked":"Flex","floor":0.0},{"not_picked":["Perfected Strike","SashWhip","Bane"],"picked":"SKIP","floor":1.0},{"not_picked":["Go for the Eyes","Headbutt","Havoc"],"picked":"SKIP","floor":2.0},{"not_picked":["Adaptation","Clash"],"picked":"Shrug It Off","floor":6.0},{"not_picked":["Ball Lightning","Crescendo","SashWhip"],"picked":"SKIP","floor":7.0},{"not_picked":["Omniscience","Evaluate"],"picked":"Conserve Battery","floor":8.0},{"not_picked":["Conserve Battery","Carnage"],"picked":"Heavy Blade","floor":11.0},{"not_picked":["Underhanded Strike","Escape Plan","Crescendo"],"picked":"SKIP","floor":13.0},{"not_picked":["Poisoned Stab","MasterReality","Go for the Eyes"],"picked":"SKIP","floor":14.0},{"not_picked":["Die Die Die","Blasphemy"],"picked":"Limit Break","floor":16.0},{"not_picked":["ClearTheMind+1"],"picked":"SKIP","floor":18.0},{"not_picked":["Cloak And Dagger"],"picked":"SKIP","floor":21.0},{"not_picked":["InnerPeace"],"picked":"SKIP","floor":23.0},{"not_picked":["Flame Barrier+1"],"picked":"SKIP","floor":25.0},{"not_picked":["Cloak And Dagger+1"],"picked":"SKIP","floor":27.0},{"not_picked":["Dual Wield+1"],"picked":"SKIP","floor":28.0},{"not_picked":["True Grit+1"],"picked":"SKIP","floor":30.0},{"not_picked":["Dagger Throw"],"picked":"SKIP","floor":35.0},{"not_picked":["Clothesline"],"picked":"SKIP","floor":36.0},{"not_picked":["Halt+1"],"picked":"SKIP","floor":38.0},{"not_picked":["Warcry+1"],"picked":"SKIP","floor":39.0},{"not_picked":["Slice"],"picked":"SKIP","floor":40.0},{"not_picked":["Gash"],"picked":"SKIP","floor":45.0},{"not_picked":["Underhanded Strike+1"],"picked":"SKIP","floor":46.0},{"not_picked":["Battle Trance+1"],"picked":"SKIP","floor":47.0},{"not_picked":["Flame Barrier+1"],"picked":"SKIP","floor":48}],"player_experience":354657,"relics_obtained":[{"floor":6.0,"key":"Bottled Tornado"},{"floor":8.0,"key":"Ancient Tea Set"},{"floor":9.0,"key":"Dream Catcher"},{"floor":14.0,"key":"Mercury Hourglass"},{"floor":20.0,"key":"Centennial Puzzle"},{"floor":23.0,"key":"Vajra"},{"floor":25.0,"key":"Toxic Egg 2"},{"floor":26.0,"key":"Pen Nib"},{"floor":27.0,"key":"Tough Bandages"},{"floor":29.0,"key":"PreservedInsect"},{"floor":40.0,"key":"MealTicket"},{"floor":43.0,"key":"Toy Ornithopter"},{"floor":46.0,"key":"White Beast Statue"},{"floor":47.0,"key":"Orichalcum"}],"event_choices":[{"damage_healed":0.0,"max_hp_gain":0.0,"max_hp_loss":0.0,"gold_gain":75.0,"event_name":"World of Goop","player_choice":"Gather Gold","floor":3.0,"gold_loss":0.0,"damage_taken":11.0},{"damage_healed":0.0,"max_hp_gain":0.0,"max_hp_loss":0.0,"gold_gain":0.0,"event_name":"Golden Idol","player_choice":"Take Damage","floor":5.0,"gold_loss":0.0,"damage_taken":17.0,"relics_obtained":["Golden Idol"]},{"damage_healed":0.0,"max_hp_gain":0.0,"max_hp_loss":0.0,"gold_gain":0.0,"event_name":"Ghosts","player_choice":"Ignored","floor":19.0,"gold_loss":0.0,"damage_taken":0.0},{"cards_removed":["Clash"],"damage_healed":0.0,"max_hp_gain":0.0,"max_hp_loss":0.0,"gold_gain":0.0,"event_name":"Purifier","player_choice":"Purged","floor":37.0,"gold_loss":0.0,"damage_taken":0.0},{"cards_removed":["Pommel Strike"],"damage_healed":0.0,"max_hp_gain":0.0,"max_hp_loss":0.0,"gold_gain":0.0,"event_name":"Designer","player_choice":"Upgrade and Remove","floor":42.0,"gold_loss":90.0,"damage_taken":0.0,"cards_upgraded":["Armaments"]}],"is_beta":false,"boss_relics":[{"not_picked":["Astrolabe","Sozu"],"picked":"Busted Crown"},{"not_picked":["WristBlade","Empty Cage"],"picked":"Fusion Hammer"}],"items_purged_floors":[22],"is_endless":false,"potions_floor_spawned":[2,6,8,14,23,27,33,39,40,46,47,48],"ascension_level":0}}