{"host":"1ooxfz79hmpvpehx","time":1612618199,"event":{"mods":["BaseMod","Minty Spire (QoL Compilation)","Quick Restart","Replay The Spire","StSLib","SuperFastMode"],"gold_per_floor":[116,116,116,135,60,101,101,134,134,134,178,178,95,111,111,239,239,262,16,30,30,51,51,231,231,231],"floor_reached":25,"language":"ENG","playtime":616,"items_purged":["Defend_B","Delirium"],"score":242,"play_id":"20cf77bb-de02-4b3c-83ae-ea5bb08c7326","local_time":"20210206102959","is_ascension_mode":false,"campfire_choices":[{"data":"Gash","floor":7,"key":"SMITH"},{"floor":10,"key":"REST"},{"floor":12,"key":"REST"},{"floor":15,"key":"RECALL"},{"floor":23,"key":"REST"}],"circlet_count":0,"master_deck":["Strike_B","Strike_B","Strike_B","Strike_B","Defend_B","Defend_B","Defend_B","Zap","Dualcast","Gash+1","Panic Button+1","Finesse+1","Seek+1","Pot Of Greed+1","Pot Of Greed+1"],"relics":["Cracked Core","NeowsBlessing","Golden Idol","White Beast Statue","Carrot","Toxic Egg 2","Juzu Bracelet","Ring of Chaos","ReplayTheSpireMod:CursedCoin","Grinning Jar","ReplayTheSpireMod:TigerMarble"],"acts_visited":["Exordium","TheCity"],"potions_floor_usage":[11,16,16,16,16,16,16,16,16,18,20,25,25,25],"damage_taken":[{"damage":0,"enemies":"Jaw Worm","floor":1,"turns":1},{"damage":0,"enemies":"2 Louse","floor":4,"turns":2},{"damage":0,"enemies":"Gremlin Nob","floor":6,"turns":1},{"damage":39,"enemies":"3 Sentries","floor":8,"turns":7},{"damage":36,"enemies":"Lagavulin","floor":11,"turns":7},{"damage":0,"enemies":"Cultist","floor":14,"turns":2},{"damage":22,"enemies":"Hexaghost","floor":16,"turns":7},{"damage":11,"enemies":"Chosen","floor":18,"turns":5},{"damage":21,"enemies":"Shell Parasite","floor":20,"turns":5},{"damage":25,"enemies":"Snecko","floor":22,"turns":4},{"damage":21,"enemies":"Replay:Snechameleon","floor":25,"turns":5}],"seed_played":"-8197358004488285604","potions_obtained":[{"floor":4,"key":"FearPotion"},{"floor":8,"key":"ColorlessPotion"},{"floor":11,"key":"Elixir"},{"floor":14,"key":"Explosive Potion"},{"floor":16,"key":"Block Potion"},{"floor":18,"key":"FocusPotion"},{"floor":20,"key":"Elixir"},{"floor":22,"key":"Swift Potion"}],"is_trial":false,"path_per_floor":["M","?","?","M","$","E","R","E","T","R","E","R","$","M","R","B",null,"M","$","M","?","M","R","?","E"],"character_chosen":"DEFECT","items_purchased":["Finesse+1","ReplayTheSpireMod:CursedCoin","Grinning Jar","ReplayTheSpireMod:TigerMarble"],"campfire_rested":3,"item_purchase_floors":[13,19,19,19],"current_hp_per_floor":[75,57,57,57,57,57,57,18,18,40,4,26,26,26,26,4,75,64,64,43,43,18,40,21,0,0],"gold":231,"neow_bonus":"THREE_ENEMY_KILL","is_daily":false,"chose_seed":false,"campfire_upgraded":1,"win_rate":0.0,"timestamp":1612618199,"path_taken":["M","?","?","?","$","E","R","E","T","R","E","R","$","M","R","BOSS","M","$","M","?","M","R","?","E"],"items_purchased_type":["Card","Relic","Relic","Relic"],"build_version":"2020-12-22","purchased_purges":2,"victory":false,"max_hp_per_floor":[75,75,75,75,75,75,75,75,75,75,75,75,75,75,75,75,75,75,75,75,75,75,75,75,75,75],"card_choices":[{"not_picked":["Coolheaded","BasicCrystalCard","Compile Driver"],"picked":"SKIP","floor":1},{"not_picked":["Skim","Go for the Eyes","Hologram"],"picked":"SKIP","floor":4},{"not_picked":["White Noise","BootSequence"],"picked":"Gash","floor":6},{"not_picked":["Conserve Battery","Sweeping Beam","Skim"],"picked":"SKIP","floor":8},{"not_picked":["Steam Power+1","Amplify+1"],"picked":"Panic Button+1","floor":11},{"not_picked":["Barrage","Turbo+1","Lockon"],"picked":"SKIP","floor":14},{"not_picked":["ReplayTheSpireMod:Omega Cannon","ReplayRNGCard+1"],"picked":"Seek+1","floor":16},{"not_picked":["Redo+1","Leap+1","Sweeping Beam"],"picked":"SKIP","floor":18},{"not_picked":["Barrage","Stack+1","ReplaySolidLightProjector+1"],"picked":"SKIP","floor":20},{"not_picked":["Coolheaded+1","Steam+1","Conserve Battery+1"],"picked":"SKIP","floor":22}],"player_experience":17620,"relics_obtained":[{"floor":6,"key":"White Beast Statue"},{"floor":8,"key":"Carrot"},{"floor":9,"key":"Toxic Egg 2"},{"floor":11,"key":"Juzu Bracelet"}],"event_choices":[{"damage_healed":0,"gold_gain":0,"player_choice":"Take Damage","damage_taken":18,"relics_obtained":["Golden Idol"],"max_hp_gain":0,"max_hp_loss":0,"event_name":"Golden Idol","floor":2,"gold_loss":0},{"damage_healed":0,"gold_gain":0,"player_choice":"Bought 0 Potions","damage_taken":0,"max_hp_gain":0,"max_hp_loss":0,"event_name":"The Woman in Blue","floor":3,"gold_loss":0},{"damage_healed":0,"gold_gain":0,"player_choice":"Ignored","damage_taken":0,"max_hp_gain":0,"max_hp_loss":0,"event_name":"NoteForYourself","floor":21,"gold_loss":0},{"damage_healed":0,"gold_gain":180,"player_choice":"GOLD GOLD ","damage_taken":19,"max_hp_gain":0,"max_hp_loss":0,"event_name":"Knowing Skull","floor":24,"potions_obtained":[],"gold_loss":0,"cards_obtained":[]}],"is_beta":false,"boss_relics":[{"not_picked":["Ectoplasm","Velvet Choker"],"picked":"Ring of Chaos"}],"items_purged_floors":[5,19],"is_endless":false,"potions_floor_spawned":[4,8,11,14,16,18,20,22],"killed_by":"Replay:Snechameleon","ascension_level":0}}