{"host":"syozzdlzcqop4jia","time":1612651600,"event":{"mods":["BaseMod","Colored Map","Colored Powertips","Minty Spire (QoL Compilation)","Quick Restart"],"gold_per_floor":[112,131,131,19,94,94,109,109,109,127,127,152,152,152,152,255,255,268,287,304,304,19,19,19,19],"floor_reached":24,"language":"ENG","playtime":1184,"items_purged":["Strike_R","Strike_R"],"score":230,"play_id":"7e95ede1-ba81-4954-a66c-5517b0b0d144","local_time":"20210206234640","is_ascension_mode":true,"campfire_choices":[{"data":"Spot Weakness","floor":6,"key":"SMITH"},{"data":"Dropkick","floor":8,"key":"SMITH"},{"floor":11,"key":"REST"},{"floor":13,"key":"REST"},{"data":"Cleave","floor":15,"key":"SMITH"},{"floor":23,"key":"REST"}],"circlet_count":0,"master_deck":["Strike_R","Strike_R","Strike_R","Defend_R","Defend_R","Bash","Spot Weakness+1","Dropkick+1","Sword Boomerang","Cleave+1","Limit Break","Perfected Strike","Uppercut","Demon Form","Headbutt"],"relics":["Burning Blood","Toy Ornithopter","Calipers","Odd Mushroom","Velvet Choker"],"acts_visited":["Exordium","TheCity"],"potions_floor_usage":[10,18],"damage_taken":[{"damage":4,"enemies":"2 Louse","floor":1,"turns":3},{"damage":11,"enemies":"Small Slimes","floor":2,"turns":4},{"damage":1,"enemies":"Cultist","floor":7,"turns":3},{"damage":36,"enemies":"Exordium Thugs","floor":10,"turns":6},{"damage":32,"enemies":"The Mushroom Lair","floor":12,"turns":4},{"damage":52,"enemies":"The Guardian","floor":16,"turns":8},{"damage":21,"enemies":"Shell Parasite","floor":18,"turns":3},{"damage":7,"enemies":"3 Byrds","floor":19,"turns":3},{"damage":22,"enemies":"Snecko","floor":20,"turns":4},{"damage":77,"enemies":"Book of Stabbing","floor":24,"turns":4}],"seed_played":"-2189088347479697620","potions_obtained":[{"floor":1,"key":"Swift Potion"},{"floor":10,"key":"SpeedPotion"},{"floor":18,"key":"BloodPotion"},{"floor":21,"key":"Explosive Potion"},{"floor":21,"key":"Fire Potion"}],"is_trial":false,"path_per_floor":["M","M","?","$","?","R","M","R","T","M","R","?","R","?","R","B",null,"M","M","M","?","$","R","E"],"character_chosen":"IRONCLAD","items_purchased":["Dropkick","Demon Form","Headbutt"],"campfire_rested":3,"item_purchase_floors":[4,22,22],"current_hp_per_floor":[80,75,68,68,57,57,62,62,62,37,61,35,59,59,59,13,63,69,68,52,52,52,76,0,0],"gold":19,"neow_bonus":"RANDOM_COMMON_RELIC","is_daily":false,"chose_seed":false,"campfire_upgraded":3,"win_rate":0.0,"timestamp":1612651600,"path_taken":["M","M","?","$","?","R","M","R","T","M","R","?","R","?","R","BOSS","M","M","M","?","?","R","E"],"items_purchased_type":["Card","Card","Card"],"build_version":"2020-12-22","purchased_purges":2,"victory":false,"max_hp_per_floor":[80,80,80,80,80,80,80,80,80,80,80,80,80,80,80,80,80,80,80,80,80,80,80,80,80],"card_choices":[{"not_picked":["Bloodletting","Shrug It Off"],"picked":"Spot Weakness","floor":1},{"not_picked":["Second Wind","Blood for Blood","Whirlwind"],"picked":"SKIP","floor":2},{"not_picked":["True Grit","Hemokinesis","Rage"],"picked":"SKIP","floor":7},{"not_picked":["Warcry","Second Wind"],"picked":"Sword Boomerang","floor":10},{"not_picked":["Iron Wave","Sever Soul"],"picked":"Cleave","floor":12},{"not_picked":["Berserk","Corruption"],"picked":"Limit Break","floor":16},{"not_picked":["Body Slam+1","Intimidate","Blood for Blood"],"picked":"SKIP","floor":18},{"not_picked":["Armaments","Shrug It Off"],"picked":"Perfected Strike","floor":19},{"not_picked":["True Grit+1","Blood for Blood+1"],"picked":"Uppercut","floor":20}],"player_experience":568299,"relics_obtained":[{"floor":9,"key":"Calipers"},{"floor":12,"key":"Odd Mushroom"}],"event_choices":[{"cards_removed":["Defend_R"],"damage_healed":0,"gold_gain":0,"player_choice":"Card Removal","damage_taken":7,"max_hp_gain":0,"max_hp_loss":0,"event_name":"Golden Wing","floor":3,"gold_loss":0},{"damage_healed":0,"gold_gain":75,"player_choice":"Gather Gold","damage_taken":11,"max_hp_gain":0,"max_hp_loss":0,"event_name":"World of Goop","floor":5,"gold_loss":0},{"damage_healed":0,"gold_gain":0,"player_choice":"Fought Mushrooms","damage_taken":0,"max_hp_gain":0,"max_hp_loss":0,"event_name":"Mushrooms","floor":12,"gold_loss":0},{"cards_removed":["Defend_R"],"damage_healed":0,"gold_gain":0,"player_choice":"Offered Basic","damage_taken":0,"max_hp_gain":0,"max_hp_loss":0,"event_name":"Bonfire Elementals","floor":14,"gold_loss":0},{"damage_healed":0,"gold_gain":0,"player_choice":"Got Potions","damage_taken":0,"max_hp_gain":0,"max_hp_loss":0,"event_name":"Lab","floor":21,"gold_loss":0}],"is_beta":false,"boss_relics":[{"not_picked":["Pandora\u0027s Box","SlaversCollar"],"picked":"Velvet Choker"}],"items_purged_floors":[4,22],"is_endless":false,"potions_floor_spawned":[1,10,18],"killed_by":"Book of Stabbing","ascension_level":5}}