{"host":"oy4pyvr762z5n0bb","time":1612592478,"event":{"mods":["AchievementEnabler","BaseMod","Colored Map","Colored Powertips","Googly Eyes","Key Reminder","Minty Spire (QoL Compilation)","Quick Restart","Relic Sorter","Slay the Relics Exporter","StSLib","SuperFastMode","Unceasing Turn Reminder","slay the spire mod where everything is the same but ironclad has a cowboy hat"],"gold_per_floor":[113,11,11,31,47,47,47,47,47,47,62,87,87,115,115,211,211,227,227,127,146,146,146,172,172,172,172,187,200,232,251,251,251,251],"floor_reached":33,"language":"ENG","playtime":644,"items_purged":["Clumsy","Pain"],"score":425,"play_id":"076c79e4-b64a-4024-b8e4-c832a82d8052","local_time":"20210205222118","is_ascension_mode":true,"campfire_choices":[{"data":"Berserk","floor":6,"key":"SMITH"},{"data":"Bludgeon","floor":8,"key":"SMITH"},{"data":"Bash","floor":10,"key":"SMITH"},{"data":"Infernal Blade","floor":15,"key":"SMITH"},{"data":"Bludgeon","floor":23,"key":"SMITH"},{"floor":25,"key":"REST"},{"data":"Spot Weakness","floor":27,"key":"SMITH"},{"floor":32,"key":"REST"}],"circlet_count":0,"master_deck":["Strike_R","Strike_R","Strike_R","Defend_R","Defend_R","Defend_R","Defend_R","Bash+1","Bludgeon+1","Armaments","Sword Boomerang+1","Flex","Berserk+1","Clothesline+1","Infernal Blade+1","Parasite","Bludgeon+1","Shrug It Off","Barricade","Exhume","Spot Weakness+1","Carnage","True Grit+1","Shrug It Off+1"],"relics":["Burning Blood","WarpedTongs","Shuriken","Blood Vial","Bottled Flame","Snecko Eye","Whetstone","Champion Belt","Potion Belt"],"acts_visited":["Exordium","TheCity"],"potions_floor_usage":[14,16,24,29,31,33,33],"damage_taken":[{"damage":8,"enemies":"Small Slimes","floor":1,"turns":2},{"damage":1,"enemies":"Cultist","floor":4,"turns":3},{"damage":8,"enemies":"Jaw Worm","floor":5,"turns":2},{"damage":15,"enemies":"Blue Slaver","floor":11,"turns":2},{"damage":30,"enemies":"3 Sentries","floor":12,"turns":8},{"damage":16,"enemies":"Lagavulin","floor":14,"turns":4},{"damage":44,"enemies":"The Guardian","floor":16,"turns":8},{"damage":10,"enemies":"Shell Parasite","floor":18,"turns":3},{"damage":0,"enemies":"Spheric Guardian","floor":21,"turns":1},{"damage":31,"enemies":"Slavers","floor":24,"turns":5},{"damage":0,"enemies":"Centurion and Healer","floor":28,"turns":5},{"damage":7,"enemies":"3 Cultists","floor":29,"turns":4},{"damage":48,"enemies":"Book of Stabbing","floor":30,"turns":5},{"damage":8,"enemies":"Snecko","floor":31,"turns":4},{"damage":80,"enemies":"Collector","floor":33,"turns":7}],"seed_played":"-4094297628230713080","potions_obtained":[{"floor":1,"key":"GamblersBrew"},{"floor":11,"key":"Block Potion"},{"floor":12,"key":"PowerPotion"},{"floor":18,"key":"HeartOfIron"},{"floor":28,"key":"Explosive Potion"},{"floor":29,"key":"Energy Potion"},{"floor":30,"key":"Strength Potion"}],"is_trial":false,"path_per_floor":["M","$","?","M","M","R","$","R","T","R","M","E","?","E","R","B",null,"M","?","$","M","?","R","E","R","T","R","M","M","E","M","R","B"],"character_chosen":"IRONCLAD","items_purchased":["Sword Boomerang"],"campfire_rested":2,"item_purchase_floors":[2],"current_hp_per_floor":[70,70,70,75,73,73,73,73,73,73,64,40,60,52,52,16,64,62,62,62,70,62,62,39,63,63,63,71,72,32,32,56,0,0],"gold":251,"neow_bonus":"THREE_RARE_CARDS","is_daily":false,"chose_seed":false,"campfire_upgraded":6,"win_rate":0.0,"timestamp":1612592478,"path_taken":["M","$","?","?","M","R","$","R","T","R","M","E","?","E","R","BOSS","M","?","$","M","?","R","E","R","T","R","M","?","E","M","R","BOSS"],"items_purchased_type":["Card"],"build_version":"2020-12-22","purchased_purges":2,"victory":false,"max_hp_per_floor":[80,80,80,80,80,80,80,80,80,80,80,80,80,80,80,80,80,80,80,80,80,80,80,80,80,80,80,80,80,80,80,80,80,80],"card_choices":[{"not_picked":["Feed","Exhume"],"picked":"Bludgeon","floor":0},{"not_picked":["Perfected Strike","Anger"],"picked":"Armaments","floor":1},{"not_picked":["Iron Wave","Body Slam"],"picked":"Flex","floor":4},{"not_picked":["Reckless Charge","Searing Blow"],"picked":"Berserk","floor":5},{"not_picked":["Iron Wave","Clash"],"picked":"Clothesline","floor":11},{"not_picked":["Wild Strike","Shockwave"],"picked":"Infernal Blade","floor":12},{"not_picked":["Sword Boomerang","Wild Strike","Shockwave"],"picked":"SKIP","floor":14},{"not_picked":["Juggernaut","Limit Break"],"picked":"Bludgeon","floor":16},{"not_picked":["Body Slam","Thunderclap"],"picked":"Shrug It Off","floor":18},{"not_picked":["Reckless Charge+1","Twin Strike","Body Slam"],"picked":"SKIP","floor":21},{"not_picked":["Sword Boomerang","Shrug It Off"],"picked":"Spot Weakness","floor":24},{"not_picked":["Wild Strike+1","Headbutt"],"picked":"Carnage","floor":28},{"not_picked":["Uppercut","Flame Barrier","Whirlwind"],"picked":"SKIP","floor":29},{"not_picked":["Rampage","Feel No Pain"],"picked":"True Grit+1","floor":30},{"not_picked":["Cleave","Iron Wave"],"picked":"Shrug It Off+1","floor":31}],"player_experience":739929,"relics_obtained":[{"floor":9,"key":"Shuriken"},{"floor":12,"key":"Blood Vial"},{"floor":14,"key":"Bottled Flame"},{"floor":24,"key":"Whetstone"},{"floor":26,"key":"Champion Belt"},{"floor":30,"key":"Potion Belt"}],"event_choices":[{"damage_healed":0,"gold_gain":0,"player_choice":"Rummage","damage_taken":0,"relics_obtained":["WarpedTongs"],"max_hp_gain":0,"max_hp_loss":0,"event_name":"Accursed Blacksmith","floor":3,"gold_loss":0,"cards_obtained":["Pain"]},{"damage_healed":20,"gold_gain":0,"player_choice":"Healed and dodged fight","damage_taken":0,"max_hp_gain":0,"max_hp_loss":0,"event_name":"Mushrooms","floor":13,"gold_loss":0,"cards_obtained":["Parasite"]},{"damage_healed":0,"gold_gain":0,"cards_transformed":["Strike_R","Strike_R"],"player_choice":"Became Test Subject","damage_taken":0,"max_hp_gain":0,"max_hp_loss":0,"event_name":"Drug Dealer","floor":19,"gold_loss":0,"cards_obtained":["Barricade","Exhume"]},{"damage_healed":0,"gold_gain":0,"player_choice":"Damaged","damage_taken":8,"max_hp_gain":0,"max_hp_loss":0,"event_name":"Wheel of Change","floor":22,"gold_loss":0}],"is_beta":false,"boss_relics":[{"not_picked":["Velvet Choker","Ectoplasm"],"picked":"Snecko Eye"}],"items_purged_floors":[2,20],"is_endless":false,"potions_floor_spawned":[1,11,12,14,18,28,29,30],"killed_by":"Collector","ascension_level":9}}