{"host":"avjwtc49fhlk6kym","time":1612649169,"event":{"mods":["AchievementEnabler","BaseMod","Better Match","Better Note","Better Third Choice","Colored Map","Colored Powertips","Displayed Cursed Tome","Highlight Path","Minty Spire (QoL Compilation)","Permanent Neow","Quick Restart","StSLib"],"gold_per_floor":[110,110,123,52,52,82,82,111,136,146,146,206,78,96,96,193,193,213,213,70,70,70,70,89,89,89,106,7,21,31,63,63,165,165,184,184,198,208,14,14,25,25,25,25,36,36,36],"floor_reached":46,"language":"ENG","playtime":2358,"items_purged":["Parasite"],"score":550,"play_id":"b4fa6ccc-f44a-4a7b-8339-2a57083e747e","local_time":"20210206170609","is_ascension_mode":false,"campfire_choices":[{"floor":7,"key":"REST"},{"floor":11,"key":"REST"},{"data":"Mind Blast","floor":15,"key":"SMITH"},{"data":"Eruption","floor":23,"key":"SMITH"},{"data":"CrushJoints","floor":25,"key":"SMITH"},{"floor":32,"key":"REST"},{"floor":40,"key":"REST"}],"circlet_count":0,"master_deck":["Eruption+1","Vigilance","Protect","Burst","FollowUp","Consecrate","Halt","Brilliance","ThirdEye","Sanctity","CutThroughFate","ThirdEye","LikeWater","Mind Blast+1","Wireheading","BowlingBash","DeusExMachina","CrushJoints","Conclude","Bite","Bite","Bite","Bite","Bite","LikeWater","CrushJoints+1","PathToVictory","FollowUp","BattleHymn","CrushJoints","PathToVictory","PathToVictory","PathToVictory","Devotion","Weave","Worship","Weave","ConjureBlade","CrushJoints+1","ReachHeaven","Sadistic Nature","LikeWater"],"relics":["PureWater","Regal Pillow","TeardropLocket","Whetstone","Prayer Wheel","Lee\u0027s Waffle","Mercury Hourglass","Akabeko","Pandora\u0027s Box","Membership Card","Bag of Marbles"],"acts_visited":["Exordium","TheCity","TheBeyond"],"potions_floor_usage":[3,6,6,8,16,24,36,38,45,45],"damage_taken":[{"damage":3,"enemies":"Jaw Worm","floor":1,"turns":4},{"damage":1,"enemies":"Cultist","floor":3,"turns":3},{"damage":11,"enemies":"Lagavulin","floor":6,"turns":5},{"damage":16,"enemies":"3 Sentries","floor":8,"turns":11},{"damage":5,"enemies":"2 Louse","floor":10,"turns":3},{"damage":12,"enemies":"3 Sentries","floor":12,"turns":6},{"damage":5,"enemies":"Looter","floor":14,"turns":3},{"damage":31,"enemies":"Hexaghost","floor":16,"turns":13},{"damage":23,"enemies":"Chosen","floor":18,"turns":7},{"damage":13,"enemies":"2 Thieves","floor":24,"turns":4},{"damage":17,"enemies":"Centurion and Healer","floor":27,"turns":7},{"damage":39,"enemies":"Shelled Parasite and Fungi","floor":29,"turns":5},{"damage":0,"enemies":"Chosen and Byrds","floor":30,"turns":6},{"damage":16,"enemies":"Gremlin Leader","floor":31,"turns":6},{"damage":66,"enemies":"Automaton","floor":33,"turns":10},{"damage":0,"enemies":"3 Shapes","floor":35,"turns":2},{"damage":5,"enemies":"3 Darklings","floor":36,"turns":2},{"damage":39,"enemies":"Sphere and 2 Shapes","floor":37,"turns":6},{"damage":26,"enemies":"Writhing Mass","floor":38,"turns":6},{"damage":23,"enemies":"Transient","floor":41,"turns":5},{"damage":23,"enemies":"Jaw Worm Horde","floor":45,"turns":3},{"damage":16,"enemies":"Sphere and 2 Shapes","floor":46,"turns":3}],"seed_played":"2205507585070817778","potions_obtained":[{"floor":0,"key":"AttackPotion"},{"floor":0,"key":"DistilledChaos"},{"floor":0,"key":"SteroidPotion"},{"floor":6,"key":"AttackPotion"},{"floor":14,"key":"GamblersBrew"},{"floor":18,"key":"ColorlessPotion"},{"floor":24,"key":"SmokeBomb"},{"floor":37,"key":"Block Potion"},{"floor":38,"key":"LiquidBronze"},{"floor":41,"key":"ColorlessPotion"}],"is_trial":false,"path_per_floor":["M","?","M","$","?","E","R","E","T","M","R","?","$","M","R","B",null,"M","?","$","?","?","R","M","R","T","M","$","M","M","E","R","B",null,"M","M","M","M","$","R","M","?","T","$","M","M"],"character_chosen":"WATCHER","items_purchased":["Consecrate","Halt","LikeWater","Mind Blast","Lee\u0027s Waffle","BattleHymn","CrushJoints","Membership Card"],"campfire_rested":4,"item_purchase_floors":[4,4,13,13,20,28,28,39],"current_hp_per_floor":[69,34,33,33,33,22,58,42,42,37,72,60,60,57,57,28,72,49,49,79,79,79,79,72,72,72,67,67,32,38,28,66,8,79,79,74,43,19,19,56,33,33,33,33,12,0,0],"gold":36,"neow_bonus":"THREE_SMALL_POTIONS","is_daily":false,"chose_seed":false,"campfire_upgraded":3,"win_rate":0.0,"timestamp":1612649169,"path_taken":["M","?","M","?","?","E","R","E","T","?","R","?","$","M","R","BOSS","M","?","$","?","?","R","M","R","T","M","$","M","M","E","R","BOSS","M","M","M","M","$","R","M","?","T","$","M","M"],"items_purchased_type":["Card","Card","Card","Card","Relic","Card","Card","Relic"],"build_version":"2020-12-22","purchased_purges":1,"victory":false,"max_hp_per_floor":[72,72,72,72,72,72,72,72,72,72,72,72,72,72,72,72,72,72,72,79,79,79,79,79,79,79,79,79,79,79,79,79,79,79,79,79,79,79,76,76,76,76,76,76,76,76,76],"card_choices":[{"not_picked":["Indignation","InnerPeace"],"picked":"Protect","floor":1},{"not_picked":["EmptyBody","Evaluate"],"picked":"FollowUp","floor":3},{"not_picked":["Collect","WreathOfFlame"],"picked":"Brilliance","floor":6},{"not_picked":["Indignation","Prostrate"],"picked":"ThirdEye","floor":8},{"not_picked":["WreathOfFlame","Evaluate"],"picked":"Sanctity","floor":10},{"not_picked":["Swivel","Vengeance"],"picked":"CutThroughFate","floor":10},{"not_picked":["EmptyFist","JustLucky"],"picked":"ThirdEye","floor":12},{"not_picked":["EmptyMind","FollowUp"],"picked":"Wireheading","floor":14},{"not_picked":["JustLucky","FollowUp"],"picked":"BowlingBash","floor":14},{"not_picked":["Blasphemy","Wish"],"picked":"DeusExMachina","floor":16},{"not_picked":["WreathOfFlame","FlyingSleeves+1"],"picked":"CrushJoints","floor":18},{"not_picked":["Vengeance","EmptyBody+1"],"picked":"Conclude","floor":18},{"not_picked":["Fasting2","CutThroughFate"],"picked":"CrushJoints","floor":24},{"not_picked":["WaveOfTheHand","InnerPeace"],"picked":"PathToVictory","floor":24},{"not_picked":["JustLucky","FlurryOfBlows"],"picked":"FollowUp","floor":27},{"not_picked":["Crescendo","Tantrum+1","Omniscience"],"picked":"SKIP","floor":27},{"not_picked":["WindmillStrike","FlurryOfBlows"],"picked":"PathToVictory","floor":29},{"not_picked":["BowlingBash","Sanctity","FearNoEvil"],"picked":"SKIP","floor":29},{"not_picked":["Nirvana","Evaluate"],"picked":"PathToVictory","floor":30},{"not_picked":["DeceiveReality","JustLucky+1","FlyingSleeves"],"picked":"SKIP","floor":30},{"not_picked":["ThirdEye+1","JustLucky"],"picked":"PathToVictory","floor":31},{"not_picked":["SpiritShield","Blasphemy"],"picked":"Devotion","floor":33},{"not_picked":["EmptyFist+1","Evaluate+1","EmptyBody+1"],"picked":"SKIP","floor":35},{"not_picked":["MentalFortress","WaveOfTheHand","JustLucky+1"],"picked":"SKIP","floor":35},{"not_picked":["PathToVictory+1","FollowUp","ThirdEye+1"],"picked":"SKIP","floor":37},{"not_picked":["Worship","Perseverance","CrushJoints"],"picked":"SKIP","floor":37},{"not_picked":["Collect","Protect+1"],"picked":"CrushJoints+1","floor":38},{"not_picked":["BattleHymn","CutThroughFate"],"picked":"ReachHeaven","floor":38},{"not_picked":["PathToVictory","BowlingBash+1","DeceiveReality"],"picked":"SKIP","floor":41},{"not_picked":["Weave","TalkToTheHand","Protect"],"picked":"SKIP","floor":41},{"not_picked":["Jack Of All Trades","Good Instincts"],"picked":"Sadistic Nature","floor":42},{"not_picked":["CrushJoints+1","WindmillStrike+1"],"picked":"LikeWater","floor":45},{"not_picked":["InnerPeace+1","FollowUp","PathToVictory+1"],"picked":"SKIP","floor":45}],"player_experience":431862,"relics_obtained":[{"floor":6,"key":"Whetstone"},{"floor":8,"key":"Prayer Wheel"},{"floor":12,"key":"Blood Vial"},{"floor":26,"key":"Mercury Hourglass"},{"floor":31,"key":"Akabeko"},{"floor":43,"key":"Bag of Marbles"}],"event_choices":[{"damage_healed":0,"gold_gain":1,"player_choice":"Card Relic Relic ","damage_taken":35,"max_hp_gain":0,"max_hp_loss":0,"event_name":"betterThird:BetterScrap","floor":2,"gold_loss":0,"cards_obtained":["Burst","Reboot"]},{"cards_removed":["Defend_P"],"damage_healed":0,"gold_gain":0,"player_choice":"Give","damage_taken":0,"max_hp_gain":0,"max_hp_loss":0,"event_name":"betterNote:BetterNote","floor":5,"gold_loss":0,"cards_obtained":["Strike_P"]},{"damage_healed":0,"gold_gain":0,"player_choice":"Searched \u00271\u0027 times","damage_taken":0,"max_hp_gain":0,"max_hp_loss":0,"event_name":"Dead Adventurer","floor":12,"gold_loss":0},{"damage_healed":0,"gold_gain":0,"player_choice":"Became a vampire (Vial)","damage_taken":0,"max_hp_gain":0,"max_hp_loss":0,"event_name":"Vampires","floor":19,"relics_lost":["Blood Vial"],"gold_loss":0,"cards_obtained":["Bite","Bite","Bite","Bite","Bite"]},{"damage_healed":0,"gold_gain":0,"player_choice":"Read","damage_taken":0,"max_hp_gain":0,"max_hp_loss":0,"event_name":"The Library","floor":21,"gold_loss":0,"cards_obtained":["LikeWater"]},{"damage_healed":0,"gold_gain":0,"player_choice":"Ignored","damage_taken":0,"max_hp_gain":0,"max_hp_loss":0,"event_name":"Ghosts","floor":22,"gold_loss":0},{"damage_healed":0,"gold_gain":0,"player_choice":"Random: Blue","damage_taken":0,"max_hp_gain":0,"max_hp_loss":0,"event_name":"betterThird:BetterPortal","floor":42,"gold_loss":0},{"damage_healed":0,"gold_gain":0,"player_choice":"Memory 1","damage_taken":0,"max_hp_gain":0,"max_hp_loss":0,"event_name":"SensoryStone","floor":42,"gold_loss":0}],"is_beta":false,"boss_relics":[{"not_picked":["Runic Pyramid","Snecko Eye","Coffee Dripper"]},{"not_picked":["Fusion Hammer","Black Star"],"picked":"Pandora\u0027s Box"}],"items_purged_floors":[39],"is_endless":false,"potions_floor_spawned":[1,6,14,18,24,37,38,41],"killed_by":"Sphere and 2 Shapes","ascension_level":0}}