{"host":"skr63qsdfgeey3it","time":1612650896,"event":{"mods":["BaseMod","Colored Map","Hubris","Minty Spire (QoL Compilation)","Monster B Gone","Reliquary","Replay The Spire","Spicy Shops","StSLib"],"gold_per_floor":[115,20,20,20,295,325,325,335,335,335,406,431,447,474,474,474,474],"floor_reached":16,"language":"ENG","playtime":398,"items_purged":[],"score":247,"play_id":"6b8d4183-c9e7-4535-813b-60d9afcb43ad","local_time":"20210206163456","is_ascension_mode":true,"campfire_choices":[{"floor":7,"key":"REST"},{"floor":10,"key":"REST"},{"floor":15,"key":"REST"}],"circlet_count":0,"master_deck":["AscendersBane","Strike_R","Strike_R","Strike_R","Strike_R","Strike_R","Defend_R","Defend_R","Defend_R","Defend_R","Bash","Perfected Strike","Twin Strike","Shrug It Off","Barricade","Power Through","Regret","Body Slam","True Grit"],"relics":["Busted Crown","Blue Candle","Replay:Bottled Snecko","reliquary:RosewoodLute","Replay:Kaleidoscope","Replay:Bottled Steam"],"acts_visited":["Exordium"],"potions_floor_usage":[6,16],"damage_taken":[{"damage":12,"enemies":"Jaw Worm","floor":1,"turns":3},{"damage":34,"enemies":"Lagavulin","floor":6,"turns":5},{"damage":1,"enemies":"Cultist","floor":8,"turns":3},{"damage":33,"enemies":"Gremlin Nob","floor":12,"turns":4},{"damage":6,"enemies":"Small Slimes","floor":13,"turns":6},{"damage":1,"enemies":"Replay:BlueRogue","floor":14,"turns":7},{"damage":54,"enemies":"Hexaghost","floor":16,"turns":14}],"seed_played":"-3921217645338760095","potions_obtained":[{"floor":1,"key":"Strength Potion"},{"floor":14,"key":"Weak Potion"}],"is_trial":false,"path_per_floor":["M","$","?","$","?","E","R","M","T","R","T","E","M","E","R","B"],"character_chosen":"IRONCLAD","items_purchased":["Twin Strike","Shrug It Off"],"campfire_rested":3,"item_purchase_floors":[2,2],"current_hp_per_floor":[56,56,56,56,56,22,44,43,43,65,65,32,26,25,47,0,0],"gold":474,"neow_bonus":"BOSS_RELIC","is_daily":false,"chose_seed":false,"campfire_upgraded":0,"win_rate":0.0,"timestamp":1612650896,"path_taken":["M","$","?","?","?","E","R","?","T","R","?","E","M","E","R","BOSS"],"items_purchased_type":["Card","Card"],"build_version":"2020-12-22","purchased_purges":0,"victory":false,"max_hp_per_floor":[75,75,75,75,75,75,75,75,75,75,75,75,75,75,75,75,75],"card_choices":[{"not_picked":[],"picked":"Perfected Strike","floor":1},{"not_picked":["Sword Boomerang"],"picked":"SKIP","floor":6},{"not_picked":["Headbutt"],"picked":"SKIP","floor":8},{"not_picked":[],"picked":"Body Slam","floor":12},{"not_picked":["Sever Soul"],"picked":"SKIP","floor":13},{"not_picked":[],"picked":"True Grit","floor":14}],"player_experience":897867,"relics_obtained":[{"floor":6,"key":"reliquary:FerryPass"},{"floor":9,"key":"Blue Candle"},{"floor":11,"key":"Replay:Bottled Snecko"},{"floor":12,"key":"reliquary:RosewoodLute"},{"floor":13,"key":"Replay:Kaleidoscope"},{"floor":14,"key":"Replay:Bottled Steam"}],"event_choices":[{"damage_healed":0,"gold_gain":0,"player_choice":"2 cards matched","damage_taken":0,"max_hp_gain":0,"max_hp_loss":0,"event_name":"Match and Keep!","floor":3,"gold_loss":0,"cards_obtained":["Barricade","Power Through"]},{"damage_healed":0,"gold_gain":275,"player_choice":"Desecrate","damage_taken":0,"max_hp_gain":0,"max_hp_loss":0,"event_name":"Golden Shrine","floor":5,"gold_loss":0,"cards_obtained":["Regret"]}],"is_beta":false,"boss_relics":[],"items_purged_floors":[],"is_endless":false,"potions_floor_spawned":[1,14],"killed_by":"Hexaghost","ascension_level":15}}