{"host":"d52brwsy6af8zvaq","time":1612578488,"event":{"mods":["AchievementEnabler","BaseMod","Bestiary","Highlight Path","Minty Spire (QoL Compilation)","Quick Restart","Relic Stats","ojb\u0027s Better Paths Mod"],"gold_per_floor":[113,124,138,63,63,90,90,90,90],"floor_reached":8,"language":"ENG","playtime":195,"items_purged":["Strike_B"],"score":112,"play_id":"fb6ca836-026c-42ef-991b-9ab7ade117f0","local_time":"20210205192808","is_ascension_mode":true,"campfire_choices":[{"data":"Dualcast","floor":7,"key":"SMITH"}],"circlet_count":0,"master_deck":["AscendersBane","Strike_B","Strike_B","Strike_B","Defend_B","Defend_B","Defend_B","Defend_B","Zap+1","Dualcast+1","Sweeping Beam","Leap","Streamline","Cold Snap"],"relics":["Cracked Core","Oddly Smooth Stone"],"acts_visited":["Exordium"],"potions_floor_usage":[6],"damage_taken":[{"damage":2.0,"enemies":"Cultist","floor":1.0,"turns":4.0},{"damage":14.0,"enemies":"Small Slimes","floor":2.0,"turns":3.0},{"damage":0.0,"enemies":"Jaw Worm","floor":3.0,"turns":4.0},{"damage":35,"enemies":"Gremlin Nob","floor":6,"turns":4},{"damage":20,"enemies":"Lagavulin","floor":8,"turns":6}],"seed_played":"-5803235401960086479","potions_obtained":[{"floor":2.0,"key":"EssenceOfDarkness"}],"is_trial":false,"path_per_floor":["M","M","M","$","?","E","R","E"],"character_chosen":"DEFECT","items_purchased":[],"campfire_rested":0,"item_purchase_floors":[],"current_hp_per_floor":[69,55,55,55,55,20,20,0,0],"gold":90,"neow_bonus":"TEN_PERCENT_HP_BONUS","is_daily":false,"chose_seed":false,"campfire_upgraded":1,"win_rate":0.0,"timestamp":1612578488,"path_taken":["M","M","M","$","?","E","R","E"],"items_purchased_type":[],"build_version":"2020-12-22","purchased_purges":1,"victory":false,"max_hp_per_floor":[78,78,78,78,78,78,78,78,78],"relic_stats":{"counters":[5,21],"obtain_stats":[{"Oddly Smooth Stone":6,"Cracked Core":0},{"Oddly Smooth Stone":4,"Cracked Core":0},{"Oddly Smooth Stone":15,"Cracked Core":0}]},"card_choices":[{"not_picked":["Rebound","Barrage"],"picked":"Sweeping Beam","floor":1.0},{"not_picked":["Stack","Go for the Eyes"],"picked":"Leap","floor":2.0},{"not_picked":["Steam","Sweeping Beam"],"picked":"Streamline","floor":3.0},{"not_picked":["Fusion","Barrage"],"picked":"Cold Snap","floor":6}],"player_experience":2160207,"relics_obtained":[{"floor":6,"key":"Oddly Smooth Stone"}],"event_choices":[{"damage_healed":0.0,"max_hp_gain":0.0,"max_hp_loss":0.0,"gold_gain":0.0,"event_name":"Accursed Blacksmith","player_choice":"Forge","floor":5.0,"gold_loss":0.0,"damage_taken":0.0,"cards_upgraded":["Zap"]}],"is_beta":false,"boss_relics":[],"items_purged_floors":[4],"is_endless":false,"potions_floor_spawned":[2],"killed_by":"Lagavulin","ascension_level":20}}