{"host":"9nx75o4jon4sxasg","time":1612617588,"event":{"mods":["BaseMod","Downfall","Gremlin Mod","Marisa£®ÏF”Í°°ƒß¿Ì…≥£©","Minty Spire (QoL Compilation)","Shop Mod","StSLib","The Bug Knight","The Servant 0.9.4","noobMod"],"gold_per_floor":[112,112,37,47,47,47,81,91,91,101,101,101,136,150,150,245,245,265,32,44,63,82,113,113,123,146,166,180,180,180,514,514,619,619,636,646,521,0,53,78,78,78,133,133,21,21,21,36,36,36],"floor_reached":51,"language":"ZHS","playtime":2205,"items_purged":["Defend_P","SignatureMove+1","Consecrate"],"score":886,"play_id":"9fb071c2-67df-4002-babe-ca053bccf506","local_time":"20210206211948","is_ascension_mode":true,"campfire_choices":[{"data":"Eruption","floor":6,"key":"SMITH"},{"data":"Pray","floor":11,"key":"SMITH"},{"data":"ClearTheMind","floor":15,"key":"SMITH"},{"data":"Adaptation","floor":24,"key":"SMITH"},{"data":"LikeWater","floor":32,"key":"SMITH"},{"data":"BattleHymn","floor":42,"key":"SMITH"},{"data":"Devotion","floor":44,"key":"SMITH"},{"data":"Study","floor":49,"key":"SMITH"}],"circlet_count":0,"master_deck":["Eruption+1","Vigilance","ReachHeaven","Eruption+1","Pray","PathToVictory","Pray+1","DeusExMachina","ClearTheMind+1","Judgement","Omniscience","SashWhip+1","WaveOfTheHand","FlyingSleeves+1","Adaptation+1","WreathOfFlame","EmptyFist+1","LikeWater+1","Prostrate","EmptyBody","Prostrate+1","FlyingSleeves+1","Worship","Devotion+1","BattleHymn+1","SandsOfTime+1","Study+1","FearNoEvil+1"],"relics":["PureWater","ice","NeowsBlessing","Letter Opener","Mummified Hand","Molten Egg 2","Whetstone","Pandora\u0027s Box","MerchantsRug","Bird Faced Urn","Oddly Smooth Stone","Old Coin","Philosopher\u0027s Stone","Red Mask","StoneCalendar","Bag of Marbles","Potion Belt","Dead Branch"],"acts_visited":["Exordium","TheCity","TheBeyond"],"potions_floor_usage":[13,13,23],"damage_taken":[{"damage":0,"enemies":"Jaw Worm","floor":1,"turns":1},{"damage":0,"enemies":"Cultist","floor":4,"turns":1},{"damage":0,"enemies":"Gremlin Nob","floor":7,"turns":1},{"damage":2,"enemies":"Small Slimes","floor":8,"turns":2},{"damage":0,"enemies":"Exordium Wildlife","floor":10,"turns":2},{"damage":26,"enemies":"Lagavulin","floor":13,"turns":3},{"damage":0,"enemies":"2 Fungi Beasts","floor":14,"turns":2},{"damage":24,"enemies":"Hexaghost","floor":16,"turns":5},{"damage":0,"enemies":"Spheric Guardian","floor":18,"turns":2},{"damage":33,"enemies":"3 Byrds","floor":20,"turns":4},{"damage":32,"enemies":"Centurion and Healer","floor":21,"turns":4},{"damage":14,"enemies":"Snake Plant","floor":22,"turns":3},{"damage":27,"enemies":"Slavers","floor":23,"turns":3},{"damage":7,"enemies":"Shelled Parasite and Fungi","floor":25,"turns":2},{"damage":12,"enemies":"Centurion and Healer","floor":27,"turns":4},{"damage":16,"enemies":"Snake Plant","floor":28,"turns":3},{"damage":9,"enemies":"Book of Stabbing","floor":31,"turns":3},{"damage":9,"enemies":"Collector","floor":33,"turns":3},{"damage":13,"enemies":"3 Darklings","floor":35,"turns":2},{"damage":16,"enemies":"Orb Walker","floor":36,"turns":2},{"damage":21,"enemies":"2 Orb Walkers","floor":39,"turns":4},{"damage":41,"enemies":"Reptomancer","floor":40,"turns":3},{"damage":11,"enemies":"Writhing Mass","floor":48,"turns":2},{"damage":36,"enemies":"Awakened One","floor":50,"turns":3}],"seed_played":"-7689089423143149969","potions_obtained":[{"floor":4,"key":"DuplicationPotion"},{"floor":7,"key":"champ:CounterPotion"},{"floor":12,"key":"FairyPotion"},{"floor":13,"key":"DuplicationPotion"},{"floor":18,"key":"DuplicationPotion"},{"floor":20,"key":"FearPotion"},{"floor":27,"key":"Ambrosia"},{"floor":48,"key":"CultistPotion"}],"is_trial":false,"path_per_floor":["M","?","$","M","?","R","E","M","T","M","R","?","E","M","R","B",null,"M","$","M","M","M","E","R","M","T","M","M","?","?","E","R","B",null,"M","M","$","?","?","E","?","R","T","R","$","T","?","M","R","B",null],"character_chosen":"WATCHER","items_purchased":["MerchantsRug","Study","FearNoEvil+1"],"campfire_rested":0,"item_purchase_floors":[19,45,45],"current_hp_per_floor":[72,54,54,54,54,54,54,52,52,52,52,52,26,26,26,2,72,72,72,39,7,58,31,31,26,26,18,87,87,79,76,76,71,95,86,72,72,72,55,105,100,100,100,100,100,100,100,103,103,106],"gold":36,"neow_bonus":"THREE_ENEMY_KILL","is_daily":false,"chose_seed":false,"campfire_upgraded":8,"win_rate":0.0,"timestamp":1612617588,"path_taken":["M","?","$","M","?","R","E","M","T","?","R","?","E","M","R","BOSS","M","$","M","M","M","E","R","M","T","M","?","?","?","E","R","BOSS","M","?","$","?","?","E","?","R","T","R","?","?","?","M","R","BOSS"],"items_purchased_type":["Relic","Card","Card"],"build_version":"2020-12-22","purchased_purges":3,"victory":true,"max_hp_per_floor":[72,72,72,72,72,72,72,72,72,72,72,72,72,72,72,72,72,72,72,72,72,74,78,78,79,79,82,87,87,87,92,92,95,95,97,98,98,98,102,105,100,100,100,100,100,100,100,103,103,106],"card_choices":[{"not_picked":["Consecrate","SashWhip"],"picked":"ReachHeaven","floor":1},{"not_picked":["Swivel","WreathOfFlame"],"picked":"Consecrate","floor":4},{"not_picked":["Scrawl","JustLucky"],"picked":"Pray","floor":7},{"not_picked":["Indignation","SignatureMove"],"picked":"PathToVictory","floor":8},{"not_picked":["Conclude+1","Swivel"],"picked":"Pray","floor":10},{"not_picked":["CrushJoints+1","JustLucky+1"],"picked":"DeusExMachina","floor":13},{"not_picked":["Evaluate","WreathOfFlame"],"picked":"ClearTheMind","floor":14},{"not_picked":["DeusExMachina","ConjureBlade"],"picked":"Judgement","floor":16},{"not_picked":["CutThroughFate+1","JustLucky+1"],"picked":"EmptyFist+1","floor":18},{"not_picked":["CarveReality+1","PathToVictory"],"picked":"LikeWater","floor":20},{"not_picked":["SignatureMove+1","DeceiveReality+1"],"picked":"Prostrate","floor":21},{"not_picked":["BowlingBash+1","Collect","WheelKick+1"],"picked":"SKIP","floor":22},{"not_picked":["ThirdEye","JustLucky+1"],"picked":"EmptyBody","floor":23},{"not_picked":["WindmillStrike+1","Worship+1"],"picked":"Prostrate+1","floor":25},{"not_picked":["Omniscience","WaveOfTheHand"],"picked":"FlyingSleeves+1","floor":27},{"not_picked":["BowlingBash+1","Nirvana"],"picked":"Worship","floor":28},{"not_picked":["Wallop+1","FollowUp+1","DeceiveReality"],"picked":"SKIP","floor":31},{"not_picked":["Blasphemy","Establishment"],"picked":"Devotion","floor":33},{"not_picked":["ClearTheMind+1","Protect+1"],"picked":"BattleHymn","floor":35},{"not_picked":["CrushJoints+1","BowlingBash+1"],"picked":"SandsOfTime+1","floor":36},{"not_picked":["CarveReality+1","WindmillStrike+1","EmptyFist+1"],"picked":"SKIP","floor":40},{"not_picked":["Fasting2+1","ThirdEye+1","JustLucky+1"],"picked":"SKIP","floor":48}],"player_experience":179784,"relics_obtained":[{"floor":7,"key":"Mummified Hand"},{"floor":9,"key":"Molten Egg 2"},{"floor":13,"key":"Whetstone"},{"floor":23,"key":"Bird Faced Urn"},{"floor":26,"key":"Oddly Smooth Stone"},{"floor":31,"key":"Old Coin"},{"floor":39,"key":"StoneCalendar"},{"floor":40,"key":"Bag of Marbles"},{"floor":43,"key":"Potion Belt"},{"floor":46,"key":"Dead Branch"}],"event_choices":[{"damage_healed":0,"gold_gain":0,"player_choice":"Success","damage_taken":18,"relics_obtained":["Letter Opener"],"max_hp_gain":0,"max_hp_loss":0,"event_name":"Scrap Ooze","floor":2,"gold_loss":0},{"damage_healed":0,"gold_gain":0,"player_choice":"1 cards matched","damage_taken":0,"max_hp_gain":0,"max_hp_loss":0,"event_name":"Match and Keep!","floor":5,"gold_loss":0,"cards_obtained":["Eruption"]},{"damage_healed":0,"gold_gain":0,"player_choice":"Got Potions","damage_taken":0,"max_hp_gain":0,"max_hp_loss":0,"event_name":"Lab","floor":12,"gold_loss":0},{"damage_healed":0,"gold_gain":0,"player_choice":"Ignored","damage_taken":0,"max_hp_gain":0,"max_hp_loss":0,"event_name":"Ghosts","floor":29,"gold_loss":0},{"damage_healed":0,"gold_gain":0,"player_choice":"Damaged","damage_taken":8,"max_hp_gain":0,"max_hp_loss":0,"event_name":"Wheel of Change","floor":30,"gold_loss":0},{"damage_healed":0,"gold_gain":0,"player_choice":"Paid","damage_taken":0,"relics_obtained":["Red Mask"],"max_hp_gain":0,"max_hp_loss":0,"event_name":"Tomb of Lord Red Mask","floor":38,"gold_loss":521},{"damage_healed":0,"gold_gain":0,"player_choice":"Fight","damage_taken":0,"max_hp_gain":0,"max_hp_loss":0,"event_name":"Mysterious Sphere","floor":39,"gold_loss":0},{"damage_healed":0,"gold_gain":0,"player_choice":"Max HP","damage_taken":0,"max_hp_gain":0,"max_hp_loss":5,"event_name":"Winding Halls","floor":41,"gold_loss":0},{"damage_healed":0,"gold_gain":0,"player_choice":"Full Heal","damage_taken":0,"max_hp_gain":0,"max_hp_loss":0,"event_name":"Wheel of Change","floor":47,"gold_loss":0}],"is_beta":false,"boss_relics":[{"not_picked":["Cursed Key","VioletLotus"],"picked":"Pandora\u0027s Box"},{"not_picked":["bronze:MakeshiftBattery","Empty Cage"],"picked":"Philosopher\u0027s Stone"}],"items_purged_floors":[3,19,37],"is_endless":false,"potions_floor_spawned":[4,7,13,18,20,27,31,33,39,48],"ascension_level":1}}