{"host":"Jinnai","time":1612583402,"event":{"mods":["BaseMod","Bestiary","Block Reminder","Colored Map","Colored Powertips","Curses Come First","Highlight Path","Minty Spire (QoL Compilation)","Permanent Neow","Potion Indicator Mod","Quick Restart","Random Character Button","Relic Stats","StSLib","ojb\u0027s Info Mod"],"gold_per_floor":[119,133,152,164,184,218,218,232,232,232,29,29,29,58,58,137,137,147,62,74,84,84,115,115,126,126,51,51,51,51,51,51,128,128,143,143,0,25,25,25,62,118,170,170,210,268,268,7,7,37,37,37,37,9,42,42,42],"floor_reached":56,"language":"ENG","playtime":6122,"items_purged":["Strike_P","Pain"],"score":1937,"play_id":"c34cedb8-e2c4-468c-889e-e826f91795c1","local_time":"20210205225002","is_ascension_mode":true,"campfire_choices":[{"floor":7.0,"key":"REST"},{"floor":10.0,"key":"REST"},{"data":"TalkToTheHand","floor":13.0,"key":"SMITH"},{"data":"Fasting2","floor":15.0,"key":"SMITH"},{"floor":29.0,"key":"REST"},{"data":"Devotion","floor":32.0,"key":"SMITH"},{"data":"Ragnarok","floor":40.0,"key":"SMITH"},{"floor":44.0,"key":"REST"},{"floor":47.0,"key":"RECALL"},{"data":"Wish","floor":49.0,"key":"SMITH"},{"data":"Worship","floor":53.0,"key":"SMITH"}],"circlet_count":0,"master_deck":["AscendersBane","Defend_P","Defend_P","Defend_P","Eruption","Vigilance","FlyingSleeves","Wallop","Wallop","ThirdEye","TalkToTheHand+1","Fasting2+1","Swivel","Wallop","Devotion+1","DevaForm","Ragnarok+1","Collect","Worship+1","Wish+1","WaveOfTheHand+1","Alpha+1","Brilliance+1","LikeWater+1","WaveOfTheHand"],"relics":["Snecko Eye","Lantern","Singing Bowl","PreservedInsect","Happy Flower","Philosopher\u0027s Stone","Eternal Feather","Akabeko","Frozen Egg 2","WarpedTongs","Shuriken","Astrolabe","Red Mask","CloakClasp","Potion Belt","Bottled Lightning","Membership Card","Centennial Puzzle"],"acts_visited":["Exordium","TheCity","TheBeyond","TheEnding"],"potions_floor_usage":[56],"damage_taken":[{"damage":2.0,"enemies":"Cultist","floor":1.0,"turns":3.0},{"damage":4.0,"enemies":"Jaw Worm","floor":2.0,"turns":2.0},{"damage":10.0,"enemies":"Small Slimes","floor":3.0,"turns":2.0},{"damage":21.0,"enemies":"3 Louse","floor":4.0,"turns":2.0},{"damage":8.0,"enemies":"Blue Slaver","floor":5.0,"turns":2.0},{"damage":14.0,"enemies":"Gremlin Nob","floor":6.0,"turns":4.0},{"damage":2.0,"enemies":"Exordium Wildlife","floor":8.0,"turns":5.0},{"damage":0.0,"enemies":"3 Sentries","floor":14.0,"turns":5.0},{"damage":32.0,"enemies":"Slime Boss","floor":16.0,"turns":9.0},{"damage":0.0,"enemies":"3 Byrds","floor":18.0,"turns":3.0},{"damage":6.0,"enemies":"Chosen","floor":20.0,"turns":5.0},{"damage":9.0,"enemies":"Sentry and Sphere","floor":21.0,"turns":4.0},{"damage":42.0,"enemies":"Gremlin Leader","floor":23.0,"turns":4.0},{"damage":0.0,"enemies":"Shelled Parasite and Fungi","floor":25.0,"turns":2.0},{"damage":16.0,"enemies":"Champ","floor":33.0,"turns":8.0},{"damage":0.0,"enemies":"Orb Walker","floor":35.0,"turns":2.0},{"damage":29.0,"enemies":"Mind Bloom Boss Battle","floor":38.0,"turns":6.0},{"damage":0.0,"enemies":"3 Shapes","floor":41.0,"turns":3.0},{"damage":33.0,"enemies":"Nemesis","floor":42.0,"turns":7.0},{"damage":9.0,"enemies":"Jaw Worm Horde","floor":45.0,"turns":4.0},{"damage":5.0,"enemies":"Giant Head","floor":46.0,"turns":6.0},{"damage":20.0,"enemies":"Time Eater","floor":50.0,"turns":7.0},{"damage":50.0,"enemies":"Donu and Deca","floor":51.0,"turns":7.0},{"damage":52.0,"enemies":"Shield and Spear","floor":55.0,"turns":4.0},{"damage":35,"enemies":"The Heart","floor":56,"turns":3}],"seed_played":"-1969720486882158817","potions_obtained":[{"floor":2.0,"key":"Dexterity Potion"},{"floor":4.0,"key":"Fruit Juice"},{"floor":6.0,"key":"Swift Potion"},{"floor":14.0,"key":"StancePotion"},{"floor":18.0,"key":"Ambrosia"},{"floor":23.0,"key":"StancePotion"},{"floor":42.0,"key":"StancePotion"},{"floor":55.0,"key":"SpeedPotion"}],"is_trial":false,"path_per_floor":["M","M","M","M","M","E","R","M","T","R","$","?","R","E","R","B",null,"M","?","M","M","?","E","?","M","T","$","?","R","$","T","R","B",null,"M","?","?","?","?","R","M","E","T","R","M","E","R","$","R","B","B",null,"R","$","E","B"],"character_chosen":"WATCHER","items_purchased":["PreservedInsect","Wallop","Membership Card","Dexterity Potion"],"campfire_rested":4,"item_purchase_floors":[11,11,48,54],"current_hp_per_floor":[59,55,45,24,16,2,28,26,26,47,47,47,47,47,47,15,59,59,59,53,44,44,4,19,21,21,21,21,56,56,56,68,52,71,71,71,71,44,46,61,63,30,30,69,62,59,74,74,87,67,17,70,85,85,35,0,0],"gold":42,"neow_bonus":"BOSS_RELIC","is_daily":false,"chose_seed":false,"campfire_upgraded":6,"win_rate":0.0,"timestamp":1612583402,"path_taken":["M","M","?","M","M","E","R","M","T","R","$","?","R","E","R","BOSS","M","?","M","M","?","E","?","?","T","$","?","R","?","?","R","BOSS","M","?","?","?","?","R","M","E","T","R","M","E","R","$","R","BOSS","BOSS","R","$","E","BOSS"],"items_purchased_type":["Relic","Card","Relic","Potion"],"build_version":"2020-12-18","purchased_purges":2,"victory":false,"max_hp_per_floor":[68,68,68,68,68,68,73,73,73,73,73,73,73,73,73,73,73,73,73,73,73,73,75,75,77,77,77,77,77,77,77,77,77,77,77,77,77,79,81,81,83,83,83,83,85,87,87,87,87,87,87,87,87,87,89,89,89],"relic_stats":{"Centennial Puzzle":[3],"Singing Bowl":16,"Happy Flower":[28],"counters":[25,109],"Shuriken":[12],"Astrolabe":["WaveOfTheHand","Alpha","Brilliance"],"Snecko Eye":[151,177,183,177],"Eternal Feather":97,"PreservedInsect":333,"CloakClasp":[110],"obtain_stats":[{"Potion Belt":42,"Lantern":6,"Singing Bowl":9,"Happy Flower":14,"Astrolabe":34,"Eternal Feather":19,"PreservedInsect":11,"CloakClasp":38,"Frozen Egg 2":26,"Akabeko":23,"WarpedTongs":28,"Centennial Puzzle":55,"Shuriken":31,"Snecko Eye":0,"Philosopher\u0027s Stone":17,"Red Mask":37,"Bottled Lightning":46,"Membership Card":48,"PureWater":0},{"Potion Belt":19,"Lantern":6,"Singing Bowl":7,"Happy Flower":8,"Astrolabe":15,"Eternal Feather":10,"PreservedInsect":7,"CloakClasp":17,"Frozen Egg 2":14,"Akabeko":13,"WarpedTongs":14,"Centennial Puzzle":24,"Shuriken":14,"Snecko Eye":0,"Philosopher\u0027s Stone":9,"Red Mask":16,"Bottled Lightning":21,"Membership Card":21,"PureWater":0},{"Potion Belt":78,"Lantern":15,"Singing Bowl":20,"Happy Flower":25,"Astrolabe":60,"Eternal Feather":37,"PreservedInsect":20,"CloakClasp":68,"Frozen Egg 2":52,"Akabeko":50,"WarpedTongs":52,"Centennial Puzzle":106,"Shuriken":52,"Snecko Eye":0,"Philosopher\u0027s Stone":34,"Red Mask":62,"Bottled Lightning":88,"Membership Card":88,"PureWater":0}],"WarpedTongs":[57]},"card_choices":[{"not_picked":["Prostrate","WreathOfFlame"],"picked":"FlyingSleeves","floor":1.0},{"not_picked":["Study","JustLucky"],"picked":"Wallop","floor":2.0},{"not_picked":["CrushJoints","Halt"],"picked":"Wallop","floor":3.0},{"not_picked":["Prostrate","FlurryOfBlows"],"picked":"ThirdEye","floor":4.0},{"not_picked":["FearNoEvil","FollowUp"],"picked":"TalkToTheHand","floor":5.0},{"not_picked":["Tantrum","FlurryOfBlows"],"picked":"Fasting2","floor":6.0},{"not_picked":["CutThroughFate","Wallop"],"picked":"Swivel","floor":8.0},{"not_picked":["BattleHymn","FlurryOfBlows"],"picked":"DevaForm","floor":14.0},{"not_picked":["DevaForm","DeusExMachina"],"picked":"Ragnarok","floor":16.0},{"not_picked":["CutThroughFate","EmptyBody"],"picked":"BattleHymn","floor":18.0},{"not_picked":["Crescendo","Protect"],"picked":"Collect","floor":20.0},{"not_picked":["Wallop","FlurryOfBlows"],"picked":"Worship","floor":21.0},{"not_picked":["ThirdEye","Prostrate","FlyingSleeves"],"picked":"Singing Bowl","floor":23.0},{"not_picked":["Evaluate","BowlingBash","EmptyBody"],"picked":"Singing Bowl","floor":25.0},{"not_picked":["Ragnarok","DeusExMachina"],"picked":"Wish","floor":33.0},{"not_picked":["WindmillStrike","Adaptation+1"],"picked":"LikeWater+1","floor":35.0},{"not_picked":["FollowUp+1","Collect","EmptyFist+1"],"picked":"Singing Bowl","floor":38.0},{"not_picked":["Bandage Up","Mind Blast","Good Instincts"],"picked":"Singing Bowl","floor":39.0},{"not_picked":["PathToVictory+1","DeceiveReality+1","Halt"],"picked":"Singing Bowl","floor":41.0},{"not_picked":["Evaluate","EmptyBody"],"picked":"WaveOfTheHand","floor":42.0},{"not_picked":["CarveReality","EmptyFist","Halt+1"],"picked":"Singing Bowl","floor":45.0},{"not_picked":["FollowUp","CutThroughFate","DeceiveReality"],"picked":"Singing Bowl","floor":46.0},{"not_picked":["Perseverance","Crescendo","ThirdEye"],"picked":"Singing Bowl","floor":55.0}],"player_experience":1645196,"relics_obtained":[{"floor":6.0,"key":"Lantern"},{"floor":9.0,"key":"Singing Bowl"},{"floor":14.0,"key":"Happy Flower"},{"floor":23.0,"key":"Akabeko"},{"floor":26.0,"key":"Frozen Egg 2"},{"floor":31.0,"key":"Shuriken"},{"floor":38.0,"key":"CloakClasp"},{"floor":42.0,"key":"Potion Belt"},{"floor":46.0,"key":"Bottled Lightning"},{"floor":55.0,"key":"Centennial Puzzle"}],"event_choices":[{"damage_healed":0.0,"max_hp_gain":0.0,"max_hp_loss":0.0,"gold_gain":0.0,"cards_transformed":["Defend_P"],"event_name":"Living Wall","player_choice":"Change","floor":12.0,"gold_loss":0.0,"damage_taken":0.0,"cards_obtained":["Devotion"]},{"damage_healed":0.0,"max_hp_gain":0.0,"max_hp_loss":0.0,"gold_gain":0.0,"event_name":"Addict","player_choice":"Obtained Relic","floor":19.0,"gold_loss":85.0,"damage_taken":0.0,"relics_obtained":["Eternal Feather"]},{"damage_healed":0.0,"max_hp_gain":0.0,"max_hp_loss":0.0,"gold_gain":0.0,"event_name":"The Mausoleum","player_choice":"Ignored","floor":22.0,"gold_loss":0.0,"damage_taken":0.0},{"damage_healed":15.0,"max_hp_gain":0.0,"max_hp_loss":0.0,"gold_gain":0.0,"event_name":"The Library","player_choice":"Heal","floor":24.0,"gold_loss":0.0,"damage_taken":0.0},{"damage_healed":0.0,"max_hp_gain":0.0,"max_hp_loss":0.0,"gold_gain":0.0,"event_name":"Accursed Blacksmith","player_choice":"Rummage","floor":28.0,"gold_loss":0.0,"damage_taken":0.0,"relics_obtained":["WarpedTongs"],"cards_obtained":["Pain"]},{"cards_removed":["BattleHymn"],"damage_healed":0.0,"max_hp_gain":0.0,"max_hp_loss":0.0,"gold_gain":0.0,"event_name":"Falling","player_choice":"Removed Power","floor":36.0,"gold_loss":0.0,"damage_taken":0.0},{"damage_healed":0.0,"max_hp_gain":0.0,"max_hp_loss":0.0,"gold_gain":0.0,"event_name":"Tomb of Lord Red Mask","player_choice":"Paid","floor":37.0,"gold_loss":143.0,"damage_taken":0.0,"relics_obtained":["Red Mask"]},{"damage_healed":0.0,"max_hp_gain":0.0,"max_hp_loss":0.0,"gold_gain":0.0,"event_name":"MindBloom","player_choice":"Fight","floor":38.0,"gold_loss":0.0,"damage_taken":0.0},{"damage_healed":0.0,"max_hp_gain":0.0,"max_hp_loss":0.0,"gold_gain":0.0,"event_name":"SensoryStone","player_choice":"Memory 1","floor":39.0,"gold_loss":0.0,"damage_taken":0.0}],"is_beta":true,"boss_relics":[{"not_picked":["Runic Dome","Calling Bell"],"picked":"Philosopher\u0027s Stone"},{"not_picked":["Cursed Key","VioletLotus"],"picked":"Astrolabe"}],"items_purged_floors":[27,48],"is_endless":false,"potions_floor_spawned":[2,4,6,14,18,23,25,41,42,55],"killed_by":"The Heart","ascension_level":20}}