{"host":"oopoa2qluour3scl","time":1612609700,"event":{"mods":["2.2 Compatiblity","AchievementEnabler","AlwaysNeverKeys","BaseMod","Better Match","Better Note","Better Sensory Stone","Better Third Choice","Better Vampires","BetterRewards","Colored Powertips","Communication Mod","Minty Spire (QoL Compilation)","Practice Mode","Random Character Button","Relic Stats","StSLib","SuperFastMode","Swap Starting Deck Mod"],"gold_per_floor":[119,78,78,90,38,67,87,87,111,111,122,155,155,219,219,318,318,333,333,384,394,403,447,481,481,515,515,527,560,591,169,169,278,278,302,302,311,345,345,345],"floor_reached":39,"language":"ENG","playtime":2075,"items_purged":["Regret"],"score":677,"play_id":"dd57c3b3-a15b-4fb8-9db7-f323d9eb67b3","local_time":"20210206120820","is_ascension_mode":false,"campfire_choices":[{"data":"Creative AI","floor":8,"key":"SMITH"},{"data":"Loop","floor":10,"key":"SMITH"},{"floor":15,"key":"REST"},{"data":"Fission","floor":25,"key":"SMITH"},{"data":"Self Repair","floor":27,"key":"SMITH"},{"floor":32,"key":"REST"}],"circlet_count":0,"master_deck":["Strike_B","Strike_B","Strike_B","Strike_B","Defend_B","Defend_B","Defend_B","Defend_B","Zap","Dualcast","Apotheosis+1","Loop+1","Skim","Scrape","Scrape","Streamline","Gash","Capacitor","Creative AI+1","Self Repair+1","Gash","Electrodynamics","Beam Cell","Seek+1","Hologram+1","Shame","Inflame+1","Hologram+1","Gash","Fission+1","Decay","Genetic Algorithm+1","Conserve Battery+1","Gash","FTL","Buffer","Conserve Battery","Biased Cognition","Double Energy","Echo Form","BootSequence+1","Steam+1"],"relics":["Cracked Core","DataDisk","OrangePellets","Calipers","Prayer Wheel","PreservedInsect","betterThird:SlimedRelic","Akabeko","Anchor","Orichalcum","Turnip","Art of War","Cursed Key","CeramicFish","Blue Candle","Boot","InkBottle","Kunai","Orrery","Sozu"],"acts_visited":["Exordium","TheCity","TheBeyond"],"potions_floor_usage":[],"damage_taken":[{"damage":0,"enemies":"Small Slimes","floor":1,"turns":3},{"damage":1,"enemies":"Jaw Worm","floor":4,"turns":4},{"damage":10,"enemies":"Lagavulin","floor":6,"turns":4},{"damage":0,"enemies":"Cultist","floor":7,"turns":2},{"damage":0,"enemies":"Gremlin Gang","floor":11,"turns":4},{"damage":31,"enemies":"3 Sentries","floor":12,"turns":5},{"damage":17,"enemies":"3 Sentries","floor":14,"turns":4},{"damage":20,"enemies":"Hexaghost","floor":16,"turns":8},{"damage":3,"enemies":"3 Byrds","floor":18,"turns":3},{"damage":0,"enemies":"Chosen","floor":21,"turns":3},{"damage":22,"enemies":"Gremlin Leader","floor":23,"turns":6},{"damage":16,"enemies":"Snecko","floor":24,"turns":5},{"damage":9,"enemies":"Chosen and Byrds","floor":28,"turns":4},{"damage":10,"enemies":"Snake Plant","floor":29,"turns":3},{"damage":17,"enemies":"Book of Stabbing","floor":30,"turns":4},{"damage":0,"enemies":"Champ","floor":33,"turns":6},{"damage":0,"enemies":"3 Shapes","floor":35,"turns":1},{"damage":0,"enemies":"Orb Walker","floor":38,"turns":2},{"damage":70,"enemies":"2 Orb Walkers","floor":39,"turns":5}],"seed_played":"3652632010063447595","potions_obtained":[{"floor":1,"key":"SpeedPotion"},{"floor":6,"key":"Energy Potion"},{"floor":11,"key":"EntropicBrew"},{"floor":30,"key":"FocusPotion"}],"is_trial":false,"path_per_floor":["M","?","?","M","$","E","M","R","T","R","M","E","?","?","R","B",null,"M","?","T","M","?","E","M","R","T","R","M","M","E","$","R","B",null,"M","?","?","M","?"],"character_chosen":"DEFECT","items_purchased":["Apotheosis","DataDisk","OrangePellets","Loop","Prayer Wheel","PreservedInsect","Streamline","Kunai","Orrery"],"campfire_rested":2,"item_purchase_floors":[0,0,0,0,0,0,5,31,31],"current_hp_per_floor":[75,64,64,63,63,53,53,53,53,53,53,29,29,12,34,14,75,75,75,75,75,75,63,47,47,47,47,48,38,31,31,53,63,75,75,75,60,60,0,0],"gold":345,"neow_bonus":"","is_daily":false,"chose_seed":false,"campfire_upgraded":4,"win_rate":0.0,"timestamp":1612609700,"path_taken":["M","?","?","?","$","E","M","R","T","R","?","E","?","?","R","BOSS","M","?","?","?","?","E","M","R","T","R","M","M","E","$","R","BOSS","M","?","?","M","?"],"items_purchased_type":["Card","Relic","Relic","Card","Relic","Relic","Card","Relic","Relic"],"build_version":"2020-12-22","purchased_purges":1,"victory":false,"max_hp_per_floor":[75,75,75,75,75,75,75,75,75,75,75,75,75,75,75,75,75,75,75,75,75,75,75,75,75,75,75,75,75,75,75,75,75,75,75,75,75,75,75,75],"relic_stats":{"counters":[79,303],"CeramicFish":153,"Blue Candle":[1],"PreservedInsect":175,"Orichalcum":[66],"Cursed Key":5,"Boot":[13],"Sozu":1,"OrangePellets":[8],"Prayer Wheel":11,"Turnip":[12],"Art of War":[29],"Kunai":[12],"obtain_stats":[{"Calipers":0,"Gremlin Horn":37,"CeramicFish":48,"Vajra":28,"Whetstone":26,"Ginger":54,"Bottled Tornado":43,"Boot":48,"Sozu":0,"Blood Vial":24,"HornCleat":30,"Prayer Wheel":0,"Fusion Hammer":34,"Kunai":31,"Girya":37,"Happy Flower":8,"Blue Candle":23,"Pen Nib":42,"Question Card":38,"Akabeko":6,"Cables":0,"Du-Vu Doll":0,"OrangePellets":0,"Shuriken":38,"Bronze Scales":0,"Bird Faced Urn":9,"Molten Egg 2":26,"Pocketwatch":6,"Singing Bowl":25,"Juzu Bracelet":26,"Cursed Key":17,"Nunchaku":53,"Mummified Hand":0,"Pantograph":0,"WingedGreaves":27,"Cracked Core":0,"InkBottle":30,"Golden Idol":0,"PreservedInsect":0,"Frozen Egg 2":23,"Orichalcum":12,"DataDisk":40,"CaptainsWheel":46,"Anchor":9,"betterThird:SlimedRelic":2,"Orrery":31,"Ectoplasm":17,"Turnip":13,"Coffee Dripper":34,"Art of War":9,"Bottled Lightning":54,"Toy Ornithopter":23,"TungstenRod":40},{"Calipers":60,"Gremlin Horn":51,"CeramicFish":30,"Vajra":20,"Whetstone":4,"Ginger":59,"Bottled Tornado":28,"Boot":57,"Sozu":0,"Blood Vial":46,"HornCleat":21,"Prayer Wheel":60,"Fusion Hammer":50,"Kunai":75,"Girya":25,"Happy Flower":39,"Blue Candle":71,"Pen Nib":54,"Question Card":25,"Akabeko":63,"Cables":0,"Du-Vu Doll":33,"OrangePellets":60,"Shuriken":25,"Bronze Scales":0,"Bird Faced Urn":9,"Molten Egg 2":19,"Pocketwatch":9,"Singing Bowl":19,"Juzu Bracelet":46,"Cursed Key":68,"Nunchaku":31,"Mummified Hand":0,"Pantograph":0,"WingedGreaves":47,"Cracked Core":0,"InkBottle":75,"Golden Idol":0,"PreservedInsect":60,"Frozen Egg 2":17,"Orichalcum":66,"DataDisk":27,"CaptainsWheel":57,"Anchor":64,"betterThird:SlimedRelic":61,"Orrery":75,"Ectoplasm":42,"Turnip":66,"Coffee Dripper":23,"Art of War":39,"Bottled Lightning":32,"Toy Ornithopter":3,"TungstenRod":53},{"Calipers":227,"Gremlin Horn":180,"CeramicFish":94,"Vajra":64,"Whetstone":18,"Ginger":219,"Bottled Tornado":90,"Boot":208,"Sozu":0,"Blood Vial":156,"HornCleat":66,"Prayer Wheel":227,"Fusion Hammer":176,"Kunai":289,"Girya":81,"Happy Flower":127,"Blue Candle":273,"Pen Nib":195,"Question Card":81,"Akabeko":238,"Cables":0,"Du-Vu Doll":102,"OrangePellets":227,"Shuriken":81,"Bronze Scales":0,"Bird Faced Urn":31,"Molten Egg 2":61,"Pocketwatch":31,"Singing Bowl":61,"Juzu Bracelet":156,"Cursed Key":261,"Nunchaku":96,"Mummified Hand":0,"Pantograph":0,"WingedGreaves":158,"Cracked Core":0,"InkBottle":289,"Golden Idol":0,"PreservedInsect":227,"Frozen Egg 2":54,"Orichalcum":249,"DataDisk":86,"CaptainsWheel":208,"Anchor":240,"betterThird:SlimedRelic":230,"Orrery":289,"Ectoplasm":138,"Turnip":249,"Coffee Dripper":73,"Art of War":127,"Bottled Lightning":99,"Toy Ornithopter":14,"TungstenRod":190}],"InkBottle":[10]},"card_choices":[{"not_picked":["Undo","Ball Lightning"],"picked":"Skim","floor":1},{"not_picked":["Undo","Leap","Hello World"],"picked":"SKIP","floor":1},{"not_picked":["Steam Power","Reprogram"],"picked":"Scrape","floor":4},{"not_picked":["Redo","Steam"],"picked":"Scrape","floor":4},{"not_picked":["Auto Shields","Ball Lightning"],"picked":"Gash","floor":6},{"not_picked":["Hologram","Coolheaded"],"picked":"Capacitor","floor":7},{"not_picked":["Go for the Eyes","Turbo"],"picked":"Creative AI","floor":7},{"not_picked":["Recycle","Leap"],"picked":"Self Repair","floor":11},{"not_picked":["Ball Lightning","Steam"],"picked":"Gash","floor":11},{"not_picked":["Streamline","Reprogram"],"picked":"Electrodynamics","floor":12},{"not_picked":["Heatsinks","Streamline"],"picked":"Beam Cell","floor":14},{"not_picked":["Biased Cognition","Reboot"],"picked":"Seek","floor":16},{"not_picked":["BootSequence","Compile Driver"],"picked":"Hologram+1","floor":18},{"not_picked":["Lockon","Cold Snap","Darkness"],"picked":"SKIP","floor":18},{"not_picked":["Glacier+1","Stack","Compile Driver"],"picked":"SKIP","floor":21},{"not_picked":["Redo","Sweeping Beam+1","Rip and Tear+1"],"picked":"SKIP","floor":21},{"not_picked":["Loop+1","Hello World"],"picked":"Hologram+1","floor":23},{"not_picked":["BootSequence+1","Streamline"],"picked":"Gash","floor":24},{"not_picked":["Go for the Eyes","Steam+1"],"picked":"Fission","floor":24},{"not_picked":["Gash","Static Discharge","Leap"],"picked":"SKIP","floor":28},{"not_picked":["Compile Driver","Ball Lightning","Barrage"],"picked":"SKIP","floor":28},{"not_picked":["Coolheaded","Hologram"],"picked":"Genetic Algorithm+1","floor":29},{"not_picked":["Rebound+1","Gash"],"picked":"Conserve Battery+1","floor":29},{"not_picked":["Capacitor+1","Cold Snap","Steam"],"picked":"SKIP","floor":30},{"not_picked":["Beam Cell","Conserve Battery"],"picked":"Gash","floor":31},{"not_picked":["Beam Cell+1","Redo"],"picked":"FTL","floor":31},{"not_picked":["Rip and Tear","Cold Snap"],"picked":"Buffer","floor":31},{"not_picked":["Rebound","Chaos"],"picked":"Heatsinks","floor":31},{"not_picked":["Rip and Tear","Compile Driver"],"picked":"Conserve Battery","floor":31},{"not_picked":["Multi-Cast","Buffer"],"picked":"Biased Cognition","floor":33},{"not_picked":["Stack+1","Cold Snap+1"],"picked":"Double Energy","floor":35},{"not_picked":["Sweeping Beam","Leap+1","Auto Shields"],"picked":"SKIP","floor":35},{"not_picked":["Auto Shields+1","Genetic Algorithm+1"],"picked":"BootSequence+1","floor":38},{"not_picked":["Hello World","Reprogram+1"],"picked":"Steam+1","floor":38}],"player_experience":463204,"relics_obtained":[{"floor":6,"key":"Akabeko"},{"floor":9,"key":"Anchor"},{"floor":12,"key":"Orichalcum"},{"floor":20,"key":"CeramicFish"},{"floor":23,"key":"Blue Candle"},{"floor":26,"key":"Boot"},{"floor":30,"key":"InkBottle"}],"event_choices":[{"damage_healed":0,"gold_gain":0,"player_choice":"Slimed","damage_taken":11,"max_hp_gain":0,"max_hp_loss":0,"event_name":"betterThird:BetterGoop","floor":2,"gold_loss":41},{"damage_healed":0,"gold_gain":0,"player_choice":"Upgraded","damage_taken":0,"max_hp_gain":0,"max_hp_loss":0,"event_name":"Upgrade Shrine","floor":3,"gold_loss":0,"cards_upgraded":["Apotheosis"]},{"damage_healed":0,"gold_gain":0,"player_choice":"Box","damage_taken":0,"relics_obtained":["Turnip"],"max_hp_gain":0,"max_hp_loss":0,"event_name":"Big Fish","floor":13,"gold_loss":0,"cards_obtained":["Regret"]},{"damage_healed":0,"gold_gain":30,"player_choice":"Searched \u00273\u0027 times","damage_taken":0,"relics_obtained":["Art of War"],"max_hp_gain":0,"max_hp_loss":0,"event_name":"Dead Adventurer","floor":14,"gold_loss":0},{"damage_healed":0,"gold_gain":0,"player_choice":"Upgraded","damage_taken":0,"max_hp_gain":0,"max_hp_loss":0,"event_name":"Upgrade Shrine","floor":19,"gold_loss":0,"cards_upgraded":["Seek"]},{"cards_removed":["Apotheosis"],"damage_healed":0,"gold_gain":0,"player_choice":"Take \u0026 Give","damage_taken":0,"max_hp_gain":0,"max_hp_loss":0,"event_name":"betterNote:BetterNote","floor":22,"gold_loss":0,"cards_obtained":["Inflame"]},{"cards_removed":["Heatsinks"],"damage_healed":0,"gold_gain":0,"player_choice":"Removed Power","damage_taken":0,"max_hp_gain":0,"max_hp_loss":0,"event_name":"Falling","floor":36,"gold_loss":0},{"damage_healed":0,"gold_gain":3,"player_choice":"2","damage_taken":0,"max_hp_gain":0,"max_hp_loss":15,"event_name":"betterStone:BetterStone","floor":37,"gold_loss":0},{"damage_healed":0,"gold_gain":0,"player_choice":"Fight","damage_taken":0,"max_hp_gain":0,"max_hp_loss":0,"event_name":"Mysterious Sphere","floor":39,"gold_loss":0}],"is_beta":false,"boss_relics":[{"not_picked":["FrozenCore","Calling Bell"],"picked":"Cursed Key"},{"not_picked":["SacredBark","Busted Crown"],"picked":"Sozu"}],"items_purged_floors":[31],"is_endless":false,"potions_floor_spawned":[1,6,11,12,21,29,30,35],"killed_by":"2 Orb Walkers","ascension_level":0}}