{"host":"hf83sijwe64ts2lm","time":1612647907,"event":{"mods":["2.2 Compatiblity","BaseMod","Better Altar","Better Match","Better Note","Better Sensory Stone","Better Skull","Better Third Choice","Colored Map","Colored Powertips","Highlight Path","Hubris","Infinite Spire","Minty Spire (QoL Compilation)","Quick Restart","Rare Cards Sparkle","Relic Stats","Reliquary","Replay The Spire","Shop Mod","Spicy Shops","Spire Arcade","StSLib","Thieving Mod"],"gold_per_floor":[118,143,25,25,125,125,155,170,244,254,272,291,291,322,322,427,427,446,356,54,70,80,80,111,128,128,128,157,176,176,67,67,67,67],"floor_reached":33,"language":"ENG","playtime":847,"items_purged":[],"score":416,"play_id":"de7691fd-8114-499f-b481-d1a014a99f1f","local_time":"20210206164507","is_ascension_mode":true,"campfire_choices":[{"floor":6,"key":"RECALL"},{"floor":13,"key":"REST"},{"floor":15,"key":"REST"},{"data":"Apotheosis","floor":23,"key":"SMITH"},{"floor":27,"key":"REST"},{"floor":32,"key":"REST"}],"circlet_count":0,"master_deck":["Strike_B","Strike_B","Strike_B","Strike_B","Defend_B","Defend_B","Defend_B","Defend_B","Zap+1","Dualcast","Cold Snap","Leap","ReplayGash","ReplayTheSpireMod:Calculation Training","hubris:Ukulele","Core Surge+1","Self Repair","Thunder Strike","White Noise","Apotheosis+1","Self Repair","Stack","Stack","ReplayGash","Lockon","Barrage+1","Capacitor","Lockon","Barrage","Lockon","hubris:Ukulele"],"relics":["Cracked Core","NeowsBlessing","hubris:Spice","hubris:TenFootPole","reliquary:PorcupineQuills","Vajra"],"acts_visited":["Exordium","TheCity"],"potions_floor_usage":[11,16,21,28,33],"damage_taken":[{"damage":0,"enemies":"2 Louse","floor":1,"turns":1},{"damage":0,"enemies":"Gremlin Nob","floor":7,"turns":1},{"damage":0,"enemies":"Cultist","floor":8,"turns":1},{"damage":0,"enemies":"Jaw Worm","floor":10,"turns":3},{"damage":6,"enemies":"Lots of Slimes","floor":11,"turns":3},{"damage":2,"enemies":"2 Fungi Beasts","floor":12,"turns":3},{"damage":46,"enemies":"Lagavulin","floor":14,"turns":6},{"damage":19,"enemies":"Fading Forest","floor":16,"turns":11},{"damage":5,"enemies":"Shell Parasite","floor":18,"turns":4},{"damage":16,"enemies":"2 Thieves","floor":21,"turns":3},{"damage":17,"enemies":"Snecko","floor":22,"turns":6},{"damage":72,"enemies":"Slavers","floor":24,"turns":6},{"damage":11,"enemies":"Chosen and Byrds","floor":25,"turns":5},{"damage":27,"enemies":"Book of Stabbing","floor":28,"turns":4},{"damage":11,"enemies":"Centurion and Healer","floor":29,"turns":6},{"damage":87,"enemies":"Collector","floor":33,"turns":7}],"seed_played":"8483395997091231414","potions_obtained":[{"floor":7,"key":"infinitespire:BlackPotion"},{"floor":10,"key":"SneckoOil"},{"floor":14,"key":"Languid Potion"},{"floor":18,"key":"LifebloodPotion"},{"floor":25,"key":"Toxic Potion"},{"floor":29,"key":"FearPotion"}],"is_trial":false,"path_per_floor":["M","?","$","?","?","R","E","M","T","M","M","M","R","E","R","B",null,"M","?","$","M","M","R","E","M","T","R","E","M","?","$","R","B"],"character_chosen":"DEFECT","items_purchased":["hubris:Spice","Apotheosis","Self Repair","Stack","Lockon","hubris:Ukulele"],"campfire_rested":4,"item_purchase_floors":[3,20,20,20,31,31],"current_hp_per_floor":[68,68,76,76,76,76,76,76,84,84,78,76,91,45,72,68,79,81,81,81,75,78,78,23,29,29,51,31,40,40,40,60,0,0],"gold":67,"neow_bonus":"THREE_ENEMY_KILL","is_daily":false,"chose_seed":false,"campfire_upgraded":1,"win_rate":0.0,"timestamp":1612647907,"path_taken":["M","?","$","?","?","R","E","?","T","?","M","M","R","E","R","BOSS","M","?","$","M","M","R","E","M","T","R","E","?","?","$","R","BOSS"],"items_purchased_type":["Relic","Card","Card","Card","Card","Card"],"build_version":"2020-12-22","purchased_purges":0,"victory":false,"max_hp_per_floor":[75,75,83,83,83,83,83,83,91,91,91,91,91,91,91,91,83,83,83,83,83,83,83,75,75,75,75,67,67,67,67,67,67,67],"relic_stats":{"counters":[16,70],"obtain_stats":[{"reliquary:PorcupineQuills":14,"NeowsBlessing":0,"hubris:Spice":3,"Vajra":26,"hubris:TenFootPole":7,"Cracked Core":0},{"reliquary:PorcupineQuills":7,"NeowsBlessing":0,"hubris:Spice":1,"Vajra":13,"hubris:TenFootPole":2,"Cracked Core":0},{"reliquary:PorcupineQuills":18,"NeowsBlessing":0,"hubris:Spice":1,"Vajra":53,"hubris:TenFootPole":2,"Cracked Core":0}]},"card_choices":[{"not_picked":["Hologram","BasicCrystalCard"],"picked":"Cold Snap","floor":1},{"not_picked":["Conserve Battery","Gash"],"picked":"Leap","floor":7},{"not_picked":["Rebound","Compile Driver"],"picked":"ReplayGash","floor":8},{"not_picked":["Turbo","Consume"],"picked":"ReplayTheSpireMod:Calculation Training","floor":10},{"not_picked":["Barrage","Gash"],"picked":"hubris:Ukulele","floor":11},{"not_picked":["Sweeping Beam","Chill"],"picked":"Core Surge","floor":12},{"not_picked":["ReplayTheSpireMod:Reroute Power","BasicCrystalCard"],"picked":"Self Repair","floor":14},{"not_picked":["Machine Learning","hubris:SpiceAddiction"],"picked":"Thunder Strike","floor":16},{"not_picked":["Streamline","Steam"],"picked":"White Noise","floor":18},{"not_picked":["Sweeping Beam+1","Machine Learning"],"picked":"ReplayGash","floor":21},{"not_picked":["Conserve Battery","Coolheaded"],"picked":"Lockon","floor":22},{"not_picked":["Loop+1","Cold Snap"],"picked":"Barrage+1","floor":24},{"not_picked":["Sweeping Beam+1","hubris:SpiceAddiction"],"picked":"Capacitor","floor":25},{"not_picked":["Compile Driver+1","Crystallizer"],"picked":"Lockon","floor":28},{"not_picked":["Stack","Coolheaded"],"picked":"Barrage","floor":29}],"player_experience":148811,"relics_obtained":[{"floor":7,"key":"hubris:TenFootPole"},{"floor":9,"key":"hubris:Spice"},{"floor":14,"key":"reliquary:PorcupineQuills"},{"floor":24,"key":"hubris:Spice"},{"floor":26,"key":"Vajra"},{"floor":28,"key":"hubris:Spice"}],"event_choices":[{"damage_healed":0,"gold_gain":100,"player_choice":"Gold","damage_taken":0,"max_hp_gain":0,"max_hp_loss":0,"event_name":"Wheel of Change","floor":5,"gold_loss":0},{"cards_removed":["Clumsy"],"damage_healed":0,"gold_gain":0,"player_choice":"Upgrade and Remove","damage_taken":0,"max_hp_gain":0,"max_hp_loss":0,"event_name":"Designer","floor":19,"gold_loss":90,"cards_upgraded":["Core Surge"]},{"damage_healed":0,"gold_gain":0,"player_choice":"Ignored","damage_taken":0,"max_hp_gain":0,"max_hp_loss":0,"event_name":"Purifier","floor":30,"gold_loss":0}],"is_beta":false,"boss_relics":[{"not_picked":["Replay:Ancient Bell","hubris:TerracottaHorce"],"picked":"hubris:Spice"}],"items_purged_floors":[],"is_endless":false,"potions_floor_spawned":[7,10,14,18,25,29],"killed_by":"Collector","ascension_level":6}}