{"host":"17xjy7b7ubl548g2","time":1612574673,"event":{"mods":["2.2 Compatiblity","Act Like it!","Aspiration","Astrologer","Bard","BaseMod","Challenge The Spire","ChefMod","Colored Map","Colored Powertips","Conspire","Elementarium","Energized Spire","Gensokyo","GifTheSpireLib","Halation","Hallownest","Hermit","Hubris","Infinite Spire","Jedi Mod","Jorbs\u0027s Wanderer Trilogy","Marisa（霧雨　魔理沙）","Marked Mod","Menagerie","Minty Spire (QoL Compilation)","Permanent Neow","Reliquary","Replay The Spire","Robot Space Explorer","Spicy Shops","Spire Arcade","StSLib","Stuff the Spire","The Blue Laboratory","The Bug Knight","The Construct","The Disciple","The Hayseed","The Hierophant","The Marked","The Runesmith","The Sage","TheFirefly"],"gold_per_floor":[118,143,144,175,87,87,93,100,100,20,20,33,33],"floor_reached":12,"language":"ENG","playtime":1637,"items_purged":[],"score":105,"play_id":"ea87d0cb-8c07-47be-82da-c0ba96753281","local_time":"20210205202433","is_ascension_mode":true,"campfire_choices":[{"data":"thefirefly:CreateClone","floor":6,"key":"SMITH"},{"data":"thefirefly:StealthMode","floor":11,"key":"SMITH"}],"circlet_count":0,"master_deck":["thefirefly:Strike","thefirefly:Strike","thefirefly:Strike","thefirefly:Strike","thefirefly:Defend","thefirefly:Defend","thefirefly:Defend","thefirefly:Defend","thefirefly:StealthMode+1","thefirefly:PhotonBlast","thefirefly:CreateClone+1","thefirefly:ShieldGenerator","thefirefly:ShieldArray","thefirefly:SteadyAim","thefirefly:Prominence","thefirefly:Bombardment"],"relics":["thefirefly:StealthSystem","halation:IllGainedPizza","Menagerie:ShiftingBlessing","Menagerie:Aurumvore","Ornamental Fan"],"acts_visited":["Exordium"],"potions_floor_usage":[],"damage_taken":[{"damage":4,"enemies":"Menagerie:StygianBoar","floor":1,"turns":5},{"damage":1,"enemies":"Menagerie:MonstrousExperiment","floor":4,"turns":8},{"damage":0,"enemies":"Menagerie:2_RABBITS","floor":7,"turns":6},{"damage":15,"enemies":"Menagerie:EntropyWarlock","floor":8,"turns":7},{"damage":41,"enemies":"Menagerie:Hydra","floor":12,"turns":6}],"seed_played":"-7659885193885713631","potions_obtained":[{"floor":1,"key":"blueLaboratory:LouseDecoction"},{"floor":12,"key":"SpeedPotion"}],"is_trial":false,"path_per_floor":["M","T","?","M","?","R","M","M","T","$","R","E"],"character_chosen":"THE_FIREFLY","items_purchased":["thefirefly:Bombardment"],"campfire_rested":0,"item_purchase_floors":[10],"current_hp_per_floor":[48,48,39,40,40,40,42,29,29,29,29,29,29],"gold":33,"neow_bonus":"THREE_RARE_CARDS","is_daily":false,"chose_seed":false,"campfire_upgraded":2,"win_rate":0.0,"timestamp":1612574673,"path_taken":["M","?","?","M","?","R","M","?","T","$","R","E"],"items_purchased_type":["Card"],"build_version":"2020-12-22","purchased_purges":0,"victory":false,"max_hp_per_floor":[52,52,52,54,54,54,56,58,58,58,58,29,29],"card_choices":[{"not_picked":["thefirefly:Regeneration","thefirefly:EphemeronForm"],"picked":"thefirefly:CreateClone","floor":0},{"not_picked":["thefirefly:Preload","thefirefly:Bombardment"],"picked":"thefirefly:ShieldGenerator","floor":1},{"not_picked":["thefirefly:QuantumTunneling","thefirefly:EvasiveManeuver"],"picked":"thefirefly:ShieldArray","floor":4},{"not_picked":["thefirefly:ErraticMotions","thefirefly:Rend"],"picked":"thefirefly:SteadyAim","floor":7},{"not_picked":["thefirefly:InterceptingShot","thefirefly:PhantomStrike"],"picked":"thefirefly:Prominence","floor":8}],"player_experience":2073708,"relics_obtained":[{"floor":2,"key":"halation:IllGainedPizza"},{"floor":9,"key":"Ornamental Fan"}],"event_choices":[{"damage_healed":0,"gold_gain":0,"player_choice":"Touch","damage_taken":9,"relics_obtained":["Menagerie:ShiftingBlessing"],"max_hp_gain":0,"max_hp_loss":0,"event_name":"Menagerie:LunarGift","floor":3,"gold_loss":0},{"damage_healed":0,"gold_gain":0,"player_choice":"Pacify","damage_taken":0,"relics_obtained":["Menagerie:Aurumvore"],"max_hp_gain":0,"max_hp_loss":0,"event_name":"Menagerie:ScentOfGold","floor":5,"gold_loss":0}],"is_beta":false,"boss_relics":[],"items_purged_floors":[],"is_endless":false,"potions_floor_spawned":[1,12],"killed_by":"Menagerie:Hydra","ascension_level":8}}