{"host":"gg","time":1612590132,"event":{"mods":["BaseMod","Colored Map","Googly Eyes","Minty Spire (QoL Compilation)","Permanent Neow","Relic Stats","The IronCluck"],"gold_per_floor":[112,112,128,128,178,178,209,209,209,247,271,302,326,326,326,326,326],"floor_reached":16,"language":"ENG","playtime":661,"items_purged":[],"score":286,"play_id":"200153d5-c02e-4d1b-ad66-5f03ea583f66","local_time":"20210205214212","is_ascension_mode":true,"campfire_choices":[{"data":"Eruption","floor":6,"key":"SMITH"},{"data":"Vigilance","floor":8,"key":"SMITH"},{"data":"Tantrum","floor":15,"key":"SMITH"}],"circlet_count":0,"master_deck":["AscendersBane","Strike_P","Strike_P","Strike_P","Strike_P","Defend_P","Defend_P","Defend_P","Eruption+1","Vigilance+1","FlurryOfBlows","FlurryOfBlows","LessonLearned+1","CarveReality","Tantrum+1","Consecrate","FearNoEvil"],"relics":["Philosopher\u0027s Stone","Golden Idol","Mercury Hourglass","Strawberry","Omamori","Matryoshka"],"acts_visited":["Exordium"],"potions_floor_usage":[7,10,16],"damage_taken":[{"damage":2,"enemies":"Cultist","floor":1,"turns":3},{"damage":0,"enemies":"2 Louse","floor":3,"turns":3},{"damage":21,"enemies":"3 Sentries","floor":7,"turns":9},{"damage":15,"enemies":"Lagavulin","floor":10,"turns":6},{"damage":0,"enemies":"Small Slimes","floor":11,"turns":2},{"damage":0,"enemies":"Gremlin Nob","floor":12,"turns":2},{"damage":1,"enemies":"3 Louse","floor":13,"turns":2},{"damage":25,"enemies":"The Guardian","floor":16,"turns":4}],"seed_played":"2313493523339832401","potions_obtained":[{"floor":1,"key":"FearPotion"},{"floor":3,"key":"SteroidPotion"},{"floor":7,"key":"EssenceOfSteel"}],"is_trial":false,"path_per_floor":["M","?","M","$","?","R","E","R","T","E","M","E","M","?","R","B"],"character_chosen":"WATCHER","items_purchased":[],"campfire_rested":0,"item_purchase_floors":[],"current_hp_per_floor":[59,59,59,59,59,59,38,38,45,30,30,30,29,22,22,0,0],"gold":326,"neow_bonus":"BOSS_RELIC","is_daily":false,"chose_seed":false,"campfire_upgraded":3,"win_rate":0.0,"timestamp":1612590132,"path_taken":["M","?","M","$","?","R","E","R","T","E","?","E","M","?","R","BOSS"],"items_purchased_type":[],"build_version":"2020-12-18","purchased_purges":0,"victory":false,"max_hp_per_floor":[68,62,62,62,62,62,62,62,69,69,69,69,69,69,69,69,69],"relic_stats":{"counters":[8,31],"Golden Idol":33,"obtain_stats":[{"Matryoshka":12,"Golden Idol":2,"Strawberry":9,"Philosopher\u0027s Stone":0,"Omamori":10,"PureWater":0,"Mercury Hourglass":7},{"Matryoshka":6,"Golden Idol":1,"Strawberry":3,"Philosopher\u0027s Stone":0,"Omamori":4,"PureWater":0,"Mercury Hourglass":3},{"Matryoshka":25,"Golden Idol":3,"Strawberry":15,"Philosopher\u0027s Stone":0,"Omamori":21,"PureWater":0,"Mercury Hourglass":15}],"Mercury Hourglass":[60]},"card_choices":[{"not_picked":["Worship","Evaluate"],"picked":"FlurryOfBlows","floor":1},{"not_picked":["Study","Halt"],"picked":"FlurryOfBlows","floor":3},{"not_picked":["ForeignInfluence","DeceiveReality"],"picked":"LessonLearned","floor":7},{"not_picked":["ClearTheMind","Evaluate"],"picked":"CarveReality","floor":10},{"not_picked":["WindmillStrike","BowlingBash"],"picked":"Tantrum","floor":11},{"not_picked":["BowlingBash","ThirdEye"],"picked":"Consecrate","floor":12},{"not_picked":["CutThroughFate","Crescendo"],"picked":"FearNoEvil","floor":13}],"player_experience":1297366,"relics_obtained":[{"floor":7,"key":"Mercury Hourglass"},{"floor":9,"key":"Strawberry"},{"floor":10,"key":"Omamori"},{"floor":12,"key":"Matryoshka"}],"event_choices":[{"damage_healed":0,"gold_gain":0,"player_choice":"Lose Max HP","damage_taken":0,"relics_obtained":["Golden Idol"],"max_hp_gain":0,"max_hp_loss":6,"event_name":"Golden Idol","floor":2,"gold_loss":0},{"damage_healed":0,"gold_gain":50,"player_choice":"Pray","damage_taken":0,"max_hp_gain":0,"max_hp_loss":0,"event_name":"Golden Shrine","floor":5,"gold_loss":0},{"cards_removed":["Defend_P"],"damage_healed":0,"gold_gain":0,"player_choice":"Card Removal","damage_taken":7,"max_hp_gain":0,"max_hp_loss":0,"event_name":"Golden Wing","floor":14,"gold_loss":0}],"is_beta":true,"boss_relics":[],"items_purged_floors":[],"is_endless":false,"potions_floor_spawned":[1,3,7],"killed_by":"The Guardian","ascension_level":20}}