{"host":"i9h64q9gphvrup4n","time":1612590920,"event":{"mods":["2.2 Compatiblity","AchievementEnabler","Aspiration","Astrologer","Bard","BaseMod","Beaked The Cultist","BetterRewards","Colored Powertips","Conspire","Downfall","Gremlin Mod","Hermit","Hubris","Infinite Spire","Jorbs\u0027s Wanderer Trilogy","Minty Spire (QoL Compilation)","Replay The Spire","Shop Mod","StSLib","SuperFastMode","The Blackbeard","The Bladedancer","The Bug Knight","The Construct","The Cursed","The Disciple","The Hierophant","The Jungle","The Necromancer","The Runesmith","The Wild Card","slay the spire mod where everything is the same but ironclad has a cowboy hat"],"gold_per_floor":[110,110,127,141,154,154,188,201,271,271,302,321,333,60,60,137,137,151,151,151,151,59,88,88,114,114,114,124,149,162,188,188,259,259,272,572,572,572,660,660,692,692,692,719,738,738,738],"floor_reached":46,"language":"ENG","playtime":1774,"items_purged":["Doubt"],"score":1103,"play_id":"ee2434dd-55fd-4c2f-93ec-e0b20a21c37d","local_time":"20210205235520","is_ascension_mode":true,"campfire_choices":[{"data":"Toxic_Smoke_Screen","floor":6,"key":"SMITH"},{"floor":10,"key":"REST"},{"data":"Summon_Undead_Army","floor":15,"key":"SMITH"},{"floor":24,"key":"RECALL"},{"floor":27,"key":"REST"},{"floor":32,"key":"DIG"},{"floor":40,"key":"REST"},{"floor":42,"key":"REST"}],"circlet_count":0,"master_deck":["AscendersBane","Strike_W+1","Strike_W+1","Strike_W+1","Defend_W+1","Defend_W+1","Defend_W+1","Defend_W+1","Negative_Energy_Arrows","Bone_Wall","Toxic_Smoke_Screen+1","Strike_from_Beyond","Negative_Energy_Javelin","Summon_Undead_Army+1","Finger_Of_Death","Skeleton_Dragon","Finger_Of_Death","Summon_Vampire_Lady","infinitespire:Oblivion","Summon_Lich","Consume_Illness","Negative_Energy_Javelin","Death_March_Dance","Summon_Undead_Army","Uncharnel","Blood_Is_Power","Grasp_Heart","Consume_Illness+1","infinitespire:Fortify","infinitespire:Starlight","ReplayTheSpireMod:Private Reserves","Pain","Necrotic_Claws","Negative_Energy_Mist+1","Death_March_Dance"],"relics":["Vampire_Amulet","NeowsBlessing","Anchor","Pear","infinitespire:FocusingShard","Fusion Hammer","conspire:SpecialSausage","Bottled Flame","infinitespire:CursedDice","aspiration:ChemicalBlood","aspiration:EmptySkull","Eternal Feather","Bronze Scales","conspire:RunicOctahedron","Old Coin","beaked:MawFillet","infinitespire:Beetle Shell","Lantern","Onion Ring","Happy Flower"],"acts_visited":["Exordium","TheCity","TheBeyond"],"potions_floor_usage":[11,12,12,13,25,30,31,33,33,33,33,33,35,44,44,44,46],"damage_taken":[{"damage":0,"enemies":"Cultist","floor":1,"turns":1},{"damage":0,"enemies":"2 Louse","floor":3,"turns":1},{"damage":0,"enemies":"Small Slimes","floor":4,"turns":2},{"damage":0,"enemies":"Blue Slaver","floor":5,"turns":7},{"damage":53,"enemies":"3 Sentries","floor":7,"turns":16},{"damage":1,"enemies":"Looter","floor":8,"turns":4},{"damage":17,"enemies":"Lagavulin","floor":11,"turns":8},{"damage":11,"enemies":"Red Slaver","floor":12,"turns":5},{"damage":1,"enemies":"Large Slime","floor":13,"turns":5},{"damage":63,"enemies":"Fading Forest","floor":16,"turns":11},{"damage":18,"enemies":"Shell Parasite","floor":18,"turns":5},{"damage":4,"enemies":"HollowMod:Nosk","floor":23,"turns":6},{"damage":10,"enemies":"Replay:Snechameleon","floor":25,"turns":5},{"damage":24,"enemies":"2 Thieves","floor":28,"turns":4},{"damage":5,"enemies":"3 Cultists","floor":30,"turns":5},{"damage":20,"enemies":"Book of Stabbing","floor":31,"turns":5},{"damage":90,"enemies":"Collector","floor":33,"turns":8},{"damage":28,"enemies":"3 Darklings","floor":35,"turns":4},{"damage":25,"enemies":"R_Hoarder","floor":41,"turns":8},{"damage":65,"enemies":"Nightmare","floor":44,"turns":5},{"damage":14,"enemies":"Orb Walker","floor":45,"turns":3},{"damage":39,"enemies":"R_Hoarder","floor":46,"turns":4}],"seed_played":"8392785488959543027","potions_obtained":[{"floor":4,"key":"SpeedPotion"},{"floor":7,"key":"PowerPotion"},{"floor":11,"key":"Regen Potion"},{"floor":12,"key":"BlessingOfTheForge"},{"floor":23,"key":"Regen Potion"},{"floor":28,"key":"Explosive Potion"},{"floor":33,"key":"Adrenaline Potion"},{"floor":35,"key":"bronze:BurnAndBuffPotion"},{"floor":44,"key":"LifebloodPotion"}],"is_trial":false,"path_per_floor":["M","?","M","M","M","R","E","M","T","R","E","M","M","$","R","B",null,"M","?","?","AVR","$","E","R","E","T","R","M","T","M","E","R","B",null,"M","AVR","?","?","?","R","E","R","T","NM","M","E"],"character_chosen":"NECROMANCER","items_purchased":["infinitespire:FocusingShard","Summon_Lich","Consume_Illness"],"campfire_rested":4,"item_purchase_floors":[14,22,22],"current_hp_per_floor":[66,66,70,71,71,71,24,25,35,59,44,47,50,50,50,5,62,55,55,55,55,55,56,56,72,72,81,70,70,71,53,68,33,69,55,55,55,55,55,81,64,81,81,34,22,0,0],"gold":738,"neow_bonus":"THREE_ENEMY_KILL","is_daily":false,"chose_seed":false,"campfire_upgraded":2,"win_rate":0.0,"timestamp":1612590920,"path_taken":["M","?","?","M","?","R","E","M","T","R","E","M","M","$","R","BOSS","M","?","?","AVR","?","E","R","E","T","R","M","?","M","E","R","BOSS","M","AVR","?","?","?","R","E","R","T","NM","M","E"],"items_purchased_type":["Relic","Card","Card"],"build_version":"2020-12-22","purchased_purges":1,"victory":false,"max_hp_per_floor":[71,71,71,71,71,71,71,71,81,81,81,81,81,81,81,81,81,81,81,81,81,81,81,81,81,81,81,81,81,81,81,81,81,81,81,81,81,81,81,81,81,81,81,81,81,81,81],"card_choices":[{"not_picked":["Shackles_Of_Pain","Bone_Armory"],"picked":"Toxic_Smoke_Screen","floor":1},{"not_picked":["Death_March_Dance","Toxic_Smoke_Screen"],"picked":"Strike_from_Beyond","floor":3},{"not_picked":["Blood_Whip","Blood_Curse","Bone_Spikes"],"picked":"SKIP","floor":4},{"not_picked":["Negative_Energy_Sphere","Blood_Whip"],"picked":"Negative_Energy_Javelin","floor":5},{"not_picked":["Toxic_Smoke_Screen","Death_Coil"],"picked":"Summon_Undead_Army","floor":7},{"not_picked":["Thousand_Bone_Knives","Bone_Armor"],"picked":"Finger_Of_Death","floor":8},{"not_picked":["Violent_Necrosis","Spectral_Walk"],"picked":"Skeleton_Dragon","floor":11},{"not_picked":["Death_Knell","Death_March_Dance"],"picked":"Finger_Of_Death","floor":12},{"not_picked":["Bones_to_Steel","Shackles_Of_Pain","Blood_Curse"],"picked":"SKIP","floor":13},{"not_picked":["Hellfire","Detonate_Bones"],"picked":"Summon_Vampire_Lady","floor":16},{"not_picked":["Negative_Energy_Javelin","Thousand_Bone_Knives"],"picked":"Death_March_Dance","floor":18},{"not_picked":["Death_Knell+1","Bone_Bullets"],"picked":"Negative_Energy_Javelin","floor":23},{"not_picked":["Death_Coil","Bone_Armor"],"picked":"Death_March_Dance","floor":25},{"not_picked":["Bone_Prison","Bone_Bullets"],"picked":"Summon_Undead_Army","floor":28},{"not_picked":["Blood_Curse","Necrotic_Claws"],"picked":"Uncharnel","floor":30},{"not_picked":["Negative_Energy_Sphere","Scare"],"picked":"Blood_Is_Power","floor":31},{"not_picked":["Reap_The_Weak","Blood_Magic"],"picked":"Grasp_Heart","floor":33},{"not_picked":["Bone_Shift","Whirlwind_of_Bones"],"picked":"Consume_Illness+1","floor":35},{"not_picked":["Violence","Replay:Sssssssssshield"],"picked":"ReplayTheSpireMod:Private Reserves","floor":37},{"not_picked":["Blood_Shield","Bone_Shift+1"],"picked":"Necrotic_Claws","floor":39},{"not_picked":["Blood_Shield","Negative_Energy_Mist","Blood_Wake"],"picked":"SKIP","floor":41},{"not_picked":["Negative_Energy_Shield","Whirlwind_of_Bones"],"picked":"Negative_Energy_Mist+1","floor":44},{"not_picked":["Blood_Whip+1","Finger_Of_Death"],"picked":"Death_March_Dance","floor":45}],"player_experience":738786,"relics_obtained":[{"floor":7,"key":"Anchor"},{"floor":9,"key":"Pear"},{"floor":23,"key":"infinitespire:CursedDice"},{"floor":25,"key":"aspiration:ChemicalBlood"},{"floor":29,"key":"aspiration:EmptySkull"},{"floor":31,"key":"Eternal Feather"},{"floor":32,"key":"Bronze Scales"},{"floor":39,"key":"infinitespire:Beetle Shell"},{"floor":41,"key":"Lantern"},{"floor":43,"key":"Onion Ring"},{"floor":44,"key":"Happy Flower"}],"event_choices":[{"cards_removed":["Strike_W"],"damage_healed":0,"gold_gain":0,"player_choice":"Purged","damage_taken":0,"max_hp_gain":0,"max_hp_loss":0,"event_name":"Purifier","floor":2,"gold_loss":0},{"damage_healed":0,"gold_gain":0,"player_choice":"Simplicity","damage_taken":0,"max_hp_gain":0,"max_hp_loss":0,"event_name":"Back to Basics","floor":19,"gold_loss":0,"cards_upgraded":["Strike_W","Strike_W","Strike_W","Defend_W","Defend_W","Defend_W","Defend_W"]},{"damage_healed":0,"gold_gain":0,"player_choice":"Memory 1","damage_taken":0,"max_hp_gain":0,"max_hp_loss":0,"event_name":"SensoryStone","floor":37,"gold_loss":0},{"cards_removed":["Death_March_Dance"],"damage_healed":0,"gold_gain":0,"player_choice":"Removed Attack","damage_taken":0,"max_hp_gain":0,"max_hp_loss":0,"event_name":"Falling","floor":38,"gold_loss":0}],"is_beta":false,"boss_relics":[{"not_picked":["Replay:Grab Bag","Pandora\u0027s Box"],"picked":"Fusion Hammer"},{"not_picked":["Sozu","Kintsugi"],"picked":"conspire:RunicOctahedron"}],"items_purged_floors":[21],"is_endless":false,"potions_floor_spawned":[4,7,8,11,12,23,28,33,35,41],"killed_by":"R_Hoarder","ascension_level":17}}