{"host":"d61fcf2p3sjwe6yo","time":1612628175,"event":{"mods":["BaseMod","Colored Map","Hermit","Minty Spire (QoL Compilation)","StSLib","SuperFastMode","The Hierophant"],"gold_per_floor":[113,128,128,203,215,215,294,294,320,331,363,103,120,150,150,250,250,266,266,32,52,62,89,89,89,140,140,168,168,168],"floor_reached":29,"language":"ENG","playtime":1292,"items_purged":[],"score":251,"play_id":"465c3b10-c584-4723-ae21-7fd26a11b1f4","local_time":"20210206191615","is_ascension_mode":false,"campfire_choices":[{"data":"hermit:BodyArmor","floor":6,"key":"SMITH"},{"data":"hermit:WideOpen","floor":8,"key":"SMITH"},{"data":"hermit:PistolWhip","floor":15,"key":"SMITH"},{"data":"hermit:TakeAim","floor":24,"key":"SMITH"}],"circlet_count":0,"master_deck":["hermit:Strike_Hermit","hermit:Strike_Hermit","hermit:Strike_Hermit","hermit:Strike_Hermit","hermit:Defend_Hermit","hermit:Defend_Hermit","hermit:Defend_Hermit","hermit:Defend_Hermit","hermit:Snapshot","hermit:Covet","hermit:PistolWhip+1","hermit:WideOpen+1","hermit:BodyArmor+1","hermit:Vantage","hermit:Vantage","hermit:ItchyTrigger","hermit:Ricochet","hermit:Roughhouse","hermit:Glare+1","hermit:TakeAim+1","hermit:FullyLoaded+1","hermit:Showdown+1","hermit:ShadowCloak+1","hermit:BodyArmor+1"],"relics":["hermit:Momento","Omamori","PreservedInsect","Juzu Bracelet","Toxic Egg 2","Orichalcum","Cursed Key","hermit:PetGhost","Peace Pipe","Enchiridion","MealTicket","Lantern","Red Mask"],"acts_visited":["Exordium","TheCity"],"potions_floor_usage":[29],"damage_taken":[{"damage":1,"enemies":"Jaw Worm","floor":1,"turns":3},{"damage":3,"enemies":"Small Slimes","floor":2,"turns":3},{"damage":9,"enemies":"2 Louse","floor":5,"turns":2},{"damage":0,"enemies":"Large Slime","floor":10,"turns":5},{"damage":3,"enemies":"3 Sentries","floor":11,"turns":9},{"damage":7,"enemies":"3 Louse","floor":13,"turns":3},{"damage":11,"enemies":"Gremlin Nob","floor":14,"turns":4},{"damage":22,"enemies":"Slime Boss","floor":16,"turns":11},{"damage":4,"enemies":"2 Thieves","floor":18,"turns":4},{"damage":4,"enemies":"Shell Parasite","floor":21,"turns":4},{"damage":0,"enemies":"Snake Plant","floor":22,"turns":1},{"damage":10,"enemies":"Book of Stabbing","floor":23,"turns":4},{"damage":20,"enemies":"Masked Bandits","floor":28,"turns":5},{"damage":100031,"enemies":"Gremlin Leader","floor":29,"turns":6}],"seed_played":"3914089461028607645","potions_obtained":[{"floor":2,"key":"hermit:BlackBile"},{"floor":5,"key":"hermit:Tonic"},{"floor":11,"key":"Weak Potion"}],"is_trial":false,"path_per_floor":["M","M","?","?","M","R","T","R","T","M","E","$","M","E","R","B",null,"M","?","$","M","M","E","R","?","T","?","?","E"],"character_chosen":"HERMIT","items_purchased":["Toxic Egg 2","hermit:PetGhost","hermit:TakeAim"],"campfire_rested":0,"item_purchase_floors":[12,20,20],"current_hp_per_floor":[81,78,71,60,51,51,51,51,51,51,48,48,41,30,30,8,82,78,78,78,74,74,64,64,48,48,48,28,0,0],"gold":168,"neow_bonus":"TEN_PERCENT_HP_BONUS","is_daily":false,"chose_seed":false,"campfire_upgraded":4,"win_rate":0.0,"timestamp":1612628175,"path_taken":["M","M","?","?","M","R","?","R","T","M","E","$","M","E","R","BOSS","M","?","$","M","M","E","R","?","T","?","?","E"],"items_purchased_type":["Relic","Relic","Card"],"build_version":"2020-12-22","purchased_purges":0,"victory":false,"max_hp_per_floor":[82,82,82,82,82,82,82,82,82,82,82,82,82,82,82,82,82,82,82,82,82,82,82,82,82,82,82,82,82,82],"card_choices":[{"not_picked":["hermit:BodyArmor","hermit:HighCaliber"],"picked":"hermit:PistolWhip","floor":1},{"not_picked":["hermit:Ricochet","hermit:Cheat"],"picked":"hermit:WideOpen","floor":2},{"not_picked":["hermit:Virtue","hermit:Horror"],"picked":"hermit:BodyArmor","floor":5},{"not_picked":["hermit:TrackingShot","hermit:Misfire"],"picked":"hermit:Vantage","floor":10},{"not_picked":["hermit:Cheat","hermit:Misfire"],"picked":"hermit:Vantage","floor":11},{"not_picked":["hermit:Desperado","hermit:Grudge"],"picked":"hermit:ItchyTrigger","floor":13},{"not_picked":["hermit:HoleUp+1","hermit:Roulette"],"picked":"hermit:Ricochet","floor":14},{"not_picked":["hermit:FatalDesire","hermit:RoundhouseKick"],"picked":"hermit:Roughhouse","floor":16},{"not_picked":["hermit:Shortfuse","hermit:Vantage+1"],"picked":"hermit:Glare+1","floor":18},{"not_picked":["hermit:HighCaliber+1","hermit:Feint+1"],"picked":"hermit:FullyLoaded+1","floor":21},{"not_picked":["hermit:Manifest+1","hermit:DeadMansHand+1"],"picked":"hermit:Showdown+1","floor":22},{"not_picked":["hermit:Ricochet","hermit:CursedWeapon"],"picked":"hermit:ShadowCloak+1","floor":23},{"not_picked":["hermit:Misfire","hermit:Vantage+1"],"picked":"hermit:BodyArmor+1","floor":28}],"player_experience":235802,"relics_obtained":[{"floor":9,"key":"PreservedInsect"},{"floor":11,"key":"Juzu Bracelet"},{"floor":14,"key":"Orichalcum"},{"floor":23,"key":"Peace Pipe"},{"floor":25,"key":"Enchiridion"},{"floor":26,"key":"MealTicket"},{"floor":28,"key":"Red Mask"}],"event_choices":[{"damage_healed":0,"gold_gain":0,"player_choice":"Success","damage_taken":7,"relics_obtained":["Omamori"],"max_hp_gain":0,"max_hp_loss":0,"event_name":"Scrap Ooze","floor":3,"gold_loss":0},{"damage_healed":0,"gold_gain":75,"player_choice":"Gather Gold","damage_taken":11,"max_hp_gain":0,"max_hp_loss":0,"event_name":"World of Goop","floor":4,"gold_loss":0},{"damage_healed":0,"gold_gain":0,"player_choice":"Ignored","damage_taken":0,"max_hp_gain":0,"max_hp_loss":0,"event_name":"Ghosts","floor":19,"gold_loss":0},{"damage_healed":0,"gold_gain":0,"player_choice":"Obtained Book","damage_taken":16,"max_hp_gain":0,"max_hp_loss":0,"event_name":"Cursed Tome","floor":25,"gold_loss":0},{"damage_healed":0,"gold_gain":0,"player_choice":"Opened","damage_taken":0,"relics_obtained":["Lantern"],"max_hp_gain":0,"max_hp_loss":0,"event_name":"The Mausoleum","floor":27,"gold_loss":0,"cards_obtained":["Writhe"]},{"damage_healed":0,"gold_gain":0,"player_choice":"Fought Bandits","damage_taken":0,"max_hp_gain":0,"max_hp_loss":0,"event_name":"Masked Bandits","floor":28,"gold_loss":0}],"is_beta":false,"boss_relics":[{"not_picked":["Empty Cage","hermit:BartenderGlass"],"picked":"Cursed Key"}],"items_purged_floors":[],"is_endless":false,"potions_floor_spawned":[2,5,11,13,21],"killed_by":"Gremlin Leader","ascension_level":0}}