{"host":"og2dufvjgkards7m","time":1612651936,"event":{"mods":["AchievementEnabler","BaseMod","Better Match","Better Note","Better Sensory Stone","Block Reminder","Colored Map","Colored Powertips","DeckTracker","Highlight Path","Minty Spire (QoL Compilation)","Rare Cards Sparkle","Relic Sorter","StSLib","SuperFastMode"],"gold_per_floor":[112,112,122,136,136,136,166,166,166,166,177,177,177],"floor_reached":12,"language":"SPA","playtime":315,"items_purged":[],"score":101,"play_id":"1faf5044-c813-4ee0-8e9d-fa3a46680c8e","local_time":"20210206145216","is_ascension_mode":true,"campfire_choices":[{"floor":6,"key":"RECALL"},{"floor":10,"key":"REST"}],"circlet_count":0,"master_deck":["Strike_B","Strike_B+1","Strike_B","Strike_B","Defend_B","Defend_B","Defend_B","Defend_B","Zap","Dualcast+1","Regret","Turbo","Turbo","Tempest","Turbo"],"relics":["Cracked Core","Ice Cream","StoneCalendar"],"acts_visited":["Exordium"],"potions_floor_usage":[1,7,12],"damage_taken":[{"damage":11,"enemies":"2 Louse","floor":1,"turns":3},{"damage":8,"enemies":"Small Slimes","floor":3,"turns":3},{"damage":12,"enemies":"Jaw Worm","floor":4,"turns":4},{"damage":28,"enemies":"3 Sentries","floor":7,"turns":7},{"damage":18,"enemies":"Lots of Slimes","floor":11,"turns":3},{"damage":16,"enemies":"Gremlin Nob","floor":12,"turns":2}],"seed_played":"-2035145760791240183","potions_obtained":[{"floor":1,"key":"Fruit Juice"},{"floor":4,"key":"FocusPotion"},{"floor":7,"key":"EssenceOfSteel"}],"is_trial":false,"path_per_floor":["M","?","M","M","?","R","E","?","T","R","M","E"],"character_chosen":"DEFECT","items_purchased":[],"campfire_rested":1,"item_purchase_floors":[],"current_hp_per_floor":[62,67,59,47,30,30,2,2,2,27,9,0,0],"gold":177,"neow_bonus":"ONE_RARE_RELIC","is_daily":false,"chose_seed":false,"campfire_upgraded":0,"win_rate":0.0,"timestamp":1612651936,"path_taken":["M","?","M","M","?","R","E","?","T","R","M","E"],"items_purchased_type":[],"build_version":"2020-12-22","purchased_purges":0,"victory":false,"max_hp_per_floor":[80,85,85,85,85,85,85,85,85,85,85,85,85],"card_choices":[{"not_picked":["Cold Snap","Ball Lightning"],"picked":"Turbo","floor":1},{"not_picked":["Compile Driver","Steam"],"picked":"Turbo","floor":3},{"not_picked":["Sweeping Beam","Rebound","Ball Lightning"],"picked":"SKIP","floor":4},{"not_picked":["Fission","Stack"],"picked":"Tempest","floor":7},{"not_picked":["Heatsinks","BootSequence"],"picked":"Turbo","floor":11}],"player_experience":184721,"relics_obtained":[{"floor":7,"key":"StoneCalendar"}],"event_choices":[{"damage_healed":0,"gold_gain":0,"player_choice":"Donut","damage_taken":0,"max_hp_gain":5,"max_hp_loss":0,"event_name":"Big Fish","floor":2,"gold_loss":0},{"damage_healed":0,"gold_gain":0,"player_choice":"Entered Light","damage_taken":17,"max_hp_gain":0,"max_hp_loss":0,"event_name":"Shining Light","floor":5,"gold_loss":0,"cards_upgraded":["Dualcast","Strike_B"]},{"damage_healed":0,"gold_gain":0,"player_choice":"Fled","damage_taken":0,"max_hp_gain":0,"max_hp_loss":0,"event_name":"Scrap Ooze","floor":8,"gold_loss":0}],"is_beta":false,"boss_relics":[],"items_purged_floors":[],"is_endless":false,"potions_floor_spawned":[1,4,7],"killed_by":"Gremlin Nob","ascension_level":6}}