{"host":"61ovtvpeaq2uwxdw","time":1612587419,"event":{"mods":["BaseMod","Downfall","Hermit","Highlight Path","Marisa????????","Minty Spire (QoL Compilation)","Shop Mod","StSLib","The Animator","The Construct","The Cursed","The Hierophant","The Servant 0.9.4"],"gold_per_floor":[99,99,114,125,125,125,196,206,57,71,86,104,104,115,131,131,131,131],"floor_reached":16,"language":"ENG","playtime":1107,"items_purged":[],"score":96,"play_id":"892d748d-9075-4142-96e9-ae4cc4adf29e","local_time":"20210205225659","is_ascension_mode":false,"campfire_choices":[{"data":"Slimebound:CorrosiveSpit","floor":1,"key":"SMITH"},{"floor":13,"key":"REST"}],"circlet_count":0,"master_deck":["Slimebound:Strike_Slimebound","Slimebound:Strike_Slimebound","Slimebound:Strike_Slimebound","Slimebound:Tackle","Slimebound:Defend_Slimebound","Slimebound:Defend_Slimebound","Slimebound:Defend_Slimebound","Slimebound:Defend_Slimebound","Slimebound:Split","Slimebound:CorrosiveSpit+1","Slimebound:ItLooksTasty+1","Slimebound:BestDefense","Slimebound:LeechEnergy","Slimebound:Replication","Slimebound:LeechingTouch","Slimebound:GrowthPunch","Slimebound:MegaLick","Slimebound:LeechEnergy","Slimebound:FormOfPuddle","Slimebound:HauntingLick","Slimebound:DisruptingSlam"],"relics":["Slimebound:AbsorbEndCombat","Meat on the Bone"],"acts_visited":["Exordium"],"potions_floor_usage":[10,10,15,16,16],"damage_taken":[{"damage":6,"enemies":"Jaw Worm","floor":3,"turns":4},{"damage":3,"enemies":"Small Slimes","floor":4,"turns":3},{"damage":0,"enemies":"Cultist","floor":5,"turns":1},{"damage":12,"enemies":"2 Fungi Beasts","floor":8,"turns":5},{"damage":13,"enemies":"downfall:FleeingMerchant","floor":9,"turns":4},{"damage":20,"enemies":"Lots of Slimes","floor":10,"turns":5},{"damage":4,"enemies":"Red Slaver","floor":11,"turns":3},{"damage":22,"enemies":"Exordium Thugs","floor":12,"turns":5},{"damage":12,"enemies":"2 Fungi Beasts","floor":14,"turns":5},{"damage":9,"enemies":"3 Louse","floor":15,"turns":5},{"damage":69,"enemies":"DF_ARCHETYPE_STREAMLINE","floor":16,"turns":11}],"seed_played":"4373808330223974568","potions_obtained":[{"floor":8,"key":"SkillPotion"},{"floor":11,"key":"Slimebound:SlimedPotion"},{"floor":12,"key":"SneckoOil"},{"floor":14,"key":"Block Potion"}],"is_trial":false,"path_per_floor":["R","?","M","M","M","?","T","M","$","M","M","M","R","M","M","B"],"character_chosen":"SLIMEBOUND","items_purchased":["Slimebound:GrowthPunch","Block Potion"],"campfire_rested":1,"item_purchase_floors":[9,9],"current_hp_per_floor":[71,71,67,66,66,66,66,58,53,47,49,45,66,58,57,0,0,0],"gold":131,"neow_bonus":"TEN_PERCENT_HP_BONUS","is_daily":false,"chose_seed":false,"campfire_upgraded":1,"win_rate":0.0,"timestamp":1612587419,"path_taken":["R","?","M","M","M","?","T","M","$","M","M","M","R","M","M","BOSS"],"items_purchased_type":["Card","Potion"],"build_version":"2020-12-22","purchased_purges":0,"victory":false,"max_hp_per_floor":[71,71,71,71,71,71,71,71,71,71,71,71,71,71,71,71,71,71],"card_choices":[{"not_picked":["Slimebound:SamplingLick","Slimebound:LeadByExample"],"picked":"Slimebound:ItLooksTasty","floor":3},{"not_picked":["Slimebound:Grow","Slimebound:ComboTackle"],"picked":"Slimebound:BestDefense","floor":4},{"not_picked":["Slimebound:LeadByExample","Slimebound:SlimeBrawl"],"picked":"Slimebound:LeechEnergy","floor":5},{"not_picked":["Slimebound:FormOfPuddle","Slimebound:Nibble"],"picked":"Slimebound:Replication","floor":8},{"not_picked":["Slimebound:SplitLeeching","Slimebound:Repurpose"],"picked":"Slimebound:LeechingTouch","floor":9},{"not_picked":["Slimebound:LeechEnergy","Slimebound:Grow"],"picked":"Slimebound:MegaLick","floor":10},{"not_picked":["Slimebound:SplitBruiser","Slimebound:Replication"],"picked":"Slimebound:LeechEnergy","floor":11},{"not_picked":["Slimebound:WasteNot","Slimebound:SplitMire"],"picked":"Slimebound:FormOfPuddle","floor":12},{"not_picked":["Slimebound:RollThrough","Slimebound:SamplingLick"],"picked":"Slimebound:HauntingLick","floor":14},{"not_picked":["Slimebound:LeechingTouch","Slimebound:SplitMire"],"picked":"Slimebound:DisruptingSlam","floor":15}],"player_experience":70935,"relics_obtained":[{"floor":7,"key":"Meat on the Bone"}],"event_choices":[{"damage_healed":0,"gold_gain":0,"player_choice":"Grow","damage_taken":0,"max_hp_gain":0,"max_hp_loss":0,"event_name":"Living Wall","floor":6,"gold_loss":0,"cards_upgraded":["Slimebound:ItLooksTasty"]}],"is_beta":false,"boss_relics":[],"items_purged_floors":[],"is_endless":false,"potions_floor_spawned":[8,11,12,14],"killed_by":"DF_ARCHETYPE_STREAMLINE","ascension_level":0}}