{"host":"Bilverbakes","time":1612572936,"event":{"mods":["2.2 Compatiblity","AchievementEnabler","BaseMod","Bestiary","Colored Map","Minty Spire (QoL Compilation)","Relic Stats","StSLib","ojb\u0027s Info Mod"],"gold_per_floor":[111,121,121,121,121,164,164,200,279,303,303,323,323,337,337,430,430,444,462,476,476,486,519,534,534,560,560,560,328,356,367,367,443,443,467,467,37,61,80,115,132,170,170,8,8,33,64,85,85,85,85],"floor_reached":50,"language":"ENG","playtime":2209,"items_purged":["Strike_R"],"score":1112,"play_id":"8a66b815-bda6-47f6-997b-ef164730c05f","local_time":"20210205185536","is_ascension_mode":true,"campfire_choices":[{"data":"Carnage","floor":7.0,"key":"SMITH"},{"data":"Bash","floor":11.0,"key":"SMITH"},{"data":"Armaments","floor":15.0,"key":"SMITH"},{"data":"Flame Barrier","floor":25.0,"key":"SMITH"},{"data":"Perfected Strike","floor":27.0,"key":"SMITH"},{"data":"Inflame","floor":32.0,"key":"SMITH"},{"floor":45,"key":"RECALL"},{"data":"Juggernaut","floor":49,"key":"SMITH"}],"circlet_count":0,"master_deck":["AscendersBane","Strike_R","Strike_R","Strike_R","Strike_R","Defend_R+1","Defend_R+1","Defend_R+1","Defend_R+1","Bash+1","Dark Embrace","Perfected Strike+1","Carnage+1","Flame Barrier+1","Armaments+1","Corruption","Clothesline","Carnage","Perfected Strike+1","Blood for Blood+1","Shrug It Off","Inflame+1","Immolate","CurseOfTheBell","Seeing Red","Seeing Red+1","Twin Strike+1","Exhume+1","Parasite","Seeing Red+1","Juggernaut+1","Second Wind+1"],"relics":["Snecko Eye","Bloody Idol","Centennial Puzzle","Dream Catcher","Mummified Hand","Coffee Dripper","Paper Frog","Potion Belt","War Paint","Blue Candle","Calling Bell","CeramicFish","Self Forming Clay","TungstenRod","Toxic Egg 2","Medical Kit","Eternal Feather","Strange Spoon","Orichalcum"],"acts_visited":["Exordium","TheCity","TheBeyond"],"potions_floor_usage":[50,50,50],"damage_taken":[{"damage":1.0,"enemies":"Cultist","floor":1.0,"turns":3.0},{"damage":10.0,"enemies":"Small Slimes","floor":2.0,"turns":3.0},{"damage":14.0,"enemies":"Lagavulin","floor":6.0,"turns":7.0},{"damage":7.0,"enemies":"3 Sentries","floor":8.0,"turns":6.0},{"damage":0.0,"enemies":"2 Louse","floor":10.0,"turns":1.0},{"damage":0.0,"enemies":"Exordium Wildlife","floor":12.0,"turns":2.0},{"damage":9.0,"enemies":"Large Slime","floor":14.0,"turns":4.0},{"damage":1.0,"enemies":"Hexaghost","floor":16.0,"turns":8.0},{"damage":2.0,"enemies":"2 Thieves","floor":18.0,"turns":3.0},{"damage":12.0,"enemies":"Chosen","floor":19.0,"turns":4.0},{"damage":6.0,"enemies":"Snake Plant","floor":20.0,"turns":3.0},{"damage":0.0,"enemies":"Snecko","floor":22.0,"turns":3.0},{"damage":1.0,"enemies":"Book of Stabbing","floor":23.0,"turns":3.0},{"damage":0.0,"enemies":"Shelled Parasite and Fungi","floor":24.0,"turns":3.0},{"damage":4.0,"enemies":"Gremlin Leader","floor":30.0,"turns":4.0},{"damage":0.0,"enemies":"Centurion and Healer","floor":31.0,"turns":3.0},{"damage":56.0,"enemies":"Automaton","floor":33.0,"turns":10.0},{"damage":0.0,"enemies":"Orb Walker","floor":35.0,"turns":2.0},{"damage":0.0,"enemies":"3 Shapes","floor":38.0,"turns":6.0},{"damage":4.0,"enemies":"3 Darklings","floor":39.0,"turns":4.0},{"damage":13.0,"enemies":"Giant Head","floor":40.0,"turns":5.0},{"damage":19.0,"enemies":"Jaw Worm Horde","floor":41.0,"turns":3.0},{"damage":11,"enemies":"Writhing Mass","floor":42,"turns":6},{"damage":18,"enemies":"Maw","floor":46,"turns":6},{"damage":7,"enemies":"Nemesis","floor":47,"turns":3},{"damage":4,"enemies":"Sphere and 2 Shapes","floor":48,"turns":3},{"damage":73,"enemies":"Donu and Deca","floor":50,"turns":7}],"seed_played":"2880707838515766046","potions_obtained":[{"floor":6.0,"key":"LiquidMemories"},{"floor":8.0,"key":"ElixirPotion"},{"floor":14.0,"key":"SneckoOil"},{"floor":18.0,"key":"BloodPotion"},{"floor":33.0,"key":"Explosive Potion"},{"floor":42,"key":"Ancient Potion"},{"floor":46,"key":"AttackPotion"},{"floor":47,"key":"BlessingOfTheForge"}],"is_trial":false,"path_per_floor":["M","M","?","?","?","E","R","E","T","M","R","M","?","M","R","B",null,"M","M","M","?","M","E","M","R","T","R","?","$","E","M","R","B",null,"M","?","$","M","M","E","M","M","T","$","R","M","E","M","R","B"],"character_chosen":"IRONCLAD","items_purchased":["War Paint","Toxic Egg 2","Medical Kit","Strange Spoon"],"campfire_rested":0,"item_purchase_floors":[29,37,37,44],"current_hp_per_floor":[67,57,57,57,37,23,23,16,16,16,16,16,16,7,7,6,53,51,39,33,33,38,42,47,47,52,52,52,52,53,58,58,20,56,66,66,66,68,68,65,51,55,55,55,68,60,58,64,68,0,0],"gold":85,"neow_bonus":"BOSS_RELIC","is_daily":false,"chose_seed":false,"campfire_upgraded":7,"win_rate":0.0,"timestamp":1612572936,"path_taken":["M","M","?","?","?","E","R","E","T","M","R","?","?","M","R","BOSS","M","M","?","?","M","E","M","R","T","R","?","$","E","M","R","BOSS","M","?","?","?","M","E","?","M","T","$","R","M","E","M","R","BOSS"],"items_purchased_type":["Relic","Relic","Relic","Relic"],"build_version":"2020-12-18","purchased_purges":1,"victory":false,"max_hp_per_floor":[75,75,68,68,68,68,68,68,68,68,68,68,68,68,68,68,68,68,68,68,68,68,68,68,68,68,68,68,68,68,68,68,68,68,68,68,68,68,68,68,68,68,68,68,68,68,68,68,68,68,68],"relic_stats":{"counters":[27,115],"Self Forming Clay":[51],"Blue Candle":[17],"CeramicFish":72,"Eternal Feather":17,"War Paint":["Defend_R","Defend_R"],"Orichalcum":[6],"Medical Kit":[3],"Strange Spoon":[16],"Centennial Puzzle":[51],"Dream Catcher":0,"Mummified Hand":[72],"Bloody Idol":106,"Snecko Eye":[219,212,187,242],"obtain_stats":[{"Potion Belt":26,"Golden Idol":3,"Self Forming Clay":34,"Blue Candle":30,"CeramicFish":34,"Eternal Feather":40,"War Paint":29,"Orichalcum":47,"Medical Kit":37,"Burning Blood":0,"Calling Bell":34,"Strange Spoon":44,"Centennial Puzzle":6,"Dream Catcher":8,"Mummified Hand":9,"Bloody Idol":21,"Snecko Eye":0,"Coffee Dripper":17,"Toxic Egg 2":37,"TungstenRod":34,"Paper Frog":23},{"Potion Belt":14,"Golden Idol":2,"Self Forming Clay":17,"Blue Candle":15,"CeramicFish":17,"Eternal Feather":21,"War Paint":14,"Orichalcum":25,"Medical Kit":18,"Burning Blood":0,"Calling Bell":17,"Strange Spoon":23,"Centennial Puzzle":3,"Dream Catcher":4,"Mummified Hand":4,"Bloody Idol":11,"Snecko Eye":0,"Coffee Dripper":8,"Toxic Egg 2":18,"TungstenRod":17,"Paper Frog":13},{"Potion Belt":53,"Golden Idol":6,"Self Forming Clay":70,"Blue Candle":57,"CeramicFish":70,"Eternal Feather":87,"War Paint":53,"Orichalcum":105,"Medical Kit":72,"Burning Blood":0,"Calling Bell":70,"Strange Spoon":96,"Centennial Puzzle":13,"Dream Catcher":19,"Mummified Hand":19,"Bloody Idol":44,"Snecko Eye":0,"Coffee Dripper":34,"Toxic Egg 2":72,"TungstenRod":70,"Paper Frog":50}],"TungstenRod":35},"card_choices":[{"not_picked":["Clash","Cleave"],"picked":"Dark Embrace","floor":1.0},{"not_picked":["Iron Wave","Searing Blow"],"picked":"Perfected Strike","floor":2.0},{"not_picked":["Shrug It Off","Entrench"],"picked":"Carnage","floor":6.0},{"not_picked":["Havoc","Clash"],"picked":"Flame Barrier","floor":8.0},{"not_picked":["Perfected Strike","Shrug It Off","Pommel Strike"],"picked":"SKIP","floor":10.0},{"not_picked":["Anger","Intimidate","Warcry"],"picked":"SKIP","floor":12.0},{"not_picked":["Blood for Blood","Fire Breathing"],"picked":"Armaments","floor":14.0},{"not_picked":["Berserk","Offering"],"picked":"Corruption","floor":16.0},{"not_picked":["Rage","Combust"],"picked":"Clothesline","floor":18.0},{"not_picked":["Infernal Blade+1","Searing Blow","Twin Strike"],"picked":"SKIP","floor":19.0},{"not_picked":["Body Slam","Anger+1"],"picked":"Carnage","floor":20.0},{"not_picked":["Inflame","Flame Barrier"],"picked":"Perfected Strike+1","floor":22.0},{"not_picked":["Headbutt","Pommel Strike","Anger"],"picked":"SKIP","floor":23.0},{"not_picked":["Feel No Pain","Berserk"],"picked":"Blood for Blood+1","floor":24.0},{"not_picked":["Sever Soul","Headbutt"],"picked":"Shrug It Off","floor":30.0},{"not_picked":["Perfected Strike","Intimidate"],"picked":"Inflame","floor":31.0},{"not_picked":["Brutality","Exhume"],"picked":"Immolate","floor":33.0},{"not_picked":["Armaments","Cleave"],"picked":"Seeing Red","floor":35.0},{"not_picked":["Iron Wave+1","Pommel Strike"],"picked":"Seeing Red+1","floor":38.0},{"not_picked":["Perfected Strike","Clothesline"],"picked":"Twin Strike+1","floor":39.0},{"not_picked":["Armaments+1","Anger"],"picked":"Exhume+1","floor":40.0},{"not_picked":["Clash+1","Cleave","Perfected Strike"],"picked":"SKIP","floor":41.0},{"not_picked":["Warcry+1","Dark Embrace"],"picked":"Seeing Red+1","floor":42},{"not_picked":["Carnage","Heavy Blade+1"],"picked":"Juggernaut","floor":46},{"not_picked":["Warcry+1","Thunderclap","Whirlwind"],"picked":"SKIP","floor":47},{"not_picked":["Armaments+1","Havoc+1"],"picked":"Second Wind+1","floor":48}],"player_experience":910193,"relics_obtained":[{"floor":6.0,"key":"Centennial Puzzle"},{"floor":8.0,"key":"Dream Catcher"},{"floor":9.0,"key":"Mummified Hand"},{"floor":23.0,"key":"Paper Frog"},{"floor":26.0,"key":"Potion Belt"},{"floor":30.0,"key":"Blue Candle"},{"floor":34.0,"key":"CeramicFish"},{"floor":34.0,"key":"Self Forming Clay"},{"floor":34.0,"key":"TungstenRod"},{"floor":40.0,"key":"Eternal Feather"},{"floor":47,"key":"Orichalcum"}],"event_choices":[{"damage_healed":0.0,"max_hp_gain":0.0,"max_hp_loss":7.0,"gold_gain":0.0,"event_name":"Golden Idol","player_choice":"Lose Max HP","floor":3.0,"gold_loss":0.0,"damage_taken":0.0,"relics_obtained":["Golden Idol"]},{"damage_healed":0.0,"max_hp_gain":0.0,"max_hp_loss":0.0,"gold_gain":0.0,"event_name":"Scrap Ooze","player_choice":"Fled","floor":4.0,"gold_loss":0.0,"damage_taken":0.0},{"damage_healed":0.0,"max_hp_gain":0.0,"max_hp_loss":0.0,"gold_gain":0.0,"event_name":"Shining Light","player_choice":"Entered Light","floor":5.0,"gold_loss":0.0,"damage_taken":20.0,"cards_upgraded":["Defend_R","Defend_R"]},{"damage_healed":0.0,"max_hp_gain":0.0,"max_hp_loss":0.0,"gold_gain":0.0,"event_name":"Lab","player_choice":"Got Potions","floor":13.0,"gold_loss":0.0,"damage_taken":0.0},{"damage_healed":0.0,"max_hp_gain":0.0,"max_hp_loss":0.0,"gold_gain":0.0,"event_name":"Forgotten Altar","player_choice":"Gave Idol","floor":21.0,"relics_lost":["Golden Idol"],"gold_loss":0.0,"damage_taken":0.0,"relics_obtained":["Bloody Idol"]},{"damage_healed":0.0,"max_hp_gain":0.0,"max_hp_loss":0.0,"gold_gain":0.0,"event_name":"Ghosts","player_choice":"Ignored","floor":28.0,"gold_loss":0.0,"damage_taken":0.0},{"damage_healed":0.0,"max_hp_gain":0.0,"max_hp_loss":0.0,"gold_gain":0.0,"event_name":"Tomb of Lord Red Mask","player_choice":"Ignored","floor":36.0,"gold_loss":0.0,"damage_taken":0.0}],"is_beta":true,"boss_relics":[{"not_picked":["Empty Cage","Runic Cube"],"picked":"Coffee Dripper"},{"not_picked":["Sozu","Fusion Hammer"],"picked":"Calling Bell"}],"items_purged_floors":[29],"is_endless":false,"potions_floor_spawned":[6,8,12,14,18,19,33,42,46,47],"killed_by":"Donu and Deca","ascension_level":20}}