{"host":"52m1o8iwwagurbjs","time":1612585297,"event":{"mods":["AchievementEnabler","BaseMod","Bestiary","Challenge The Spire","Colored Powertips","GifTheSpireLib","Minty Spire (QoL Compilation)","Quick Restart","Relic Stats","StSLib"],"gold_per_floor":[109,121,0,0,0,39,39,39,39,12,50,65,100,119,119,242,242,258,6,26,49,69,108,108,151,231,356,371,387,387,426,426,545,545,570,570,570,639,658,658,679,679,679],"floor_reached":42,"language":"ENG","playtime":2238,"items_purged":["Strike_B","Strike_B"],"score":654,"play_id":"35414a27-f577-492d-9790-9824b68c3eb3","local_time":"20210205232137","is_ascension_mode":true,"campfire_choices":[{"data":"Darkness","floor":7.0,"key":"SMITH"},{"data":"Machine Learning","floor":15.0,"key":"SMITH"},{"data":"Biased Cognition","floor":24.0,"key":"SMITH"},{"floor":30.0,"key":"REST"},{"data":"Double Energy","floor":32.0,"key":"SMITH"},{"floor":40.0,"key":"REST"}],"circlet_count":0,"master_deck":["Zap","Dualcast","Glacier","Darkness+1","Ball Lightning","Conserve Battery","Machine Learning+1","Steam","White Noise","Sweeping Beam","Biased Cognition+1","Capacitor+1","Chill","Static Discharge","Defragment+1","White Noise","Double Energy+1","Buffer+1","Hyperbeam","Meteor Strike","Biased Cognition+1","All For One","Hologram","Redo+1"],"relics":["Cracked Core","NeowsBlessing","Golden Idol","CaptainsWheel","Shuriken","Singing Bowl","Runic Pyramid","Mango","Regal Pillow","Ginger","Frozen Egg 2","Gremlin Horn","Pandora\u0027s Box","Gambling Chip"],"acts_visited":["Exordium","TheCity","TheBeyond"],"potions_floor_usage":[42],"damage_taken":[{"damage":0.0,"enemies":"Cultist","floor":1.0,"turns":1.0},{"damage":0.0,"enemies":"Jaw Worm","floor":2.0,"turns":1.0},{"damage":0.0,"enemies":"Lagavulin","floor":6.0,"turns":3.0},{"damage":18.0,"enemies":"3 Sentries","floor":11.0,"turns":7.0},{"damage":0.0,"enemies":"Small Slimes","floor":12.0,"turns":4.0},{"damage":7.0,"enemies":"Lagavulin","floor":13.0,"turns":5.0},{"damage":0.0,"enemies":"Looter","floor":14.0,"turns":3.0},{"damage":29.0,"enemies":"Hexaghost","floor":16.0,"turns":13.0},{"damage":0.0,"enemies":"Shell Parasite","floor":18.0,"turns":4.0},{"damage":10.0,"enemies":"Chosen","floor":20.0,"turns":6.0},{"damage":12.0,"enemies":"Centurion and Healer","floor":21.0,"turns":9.0},{"damage":0.0,"enemies":"Snecko","floor":22.0,"turns":6.0},{"damage":11.0,"enemies":"Gremlin Leader","floor":23.0,"turns":6.0},{"damage":19.0,"enemies":"Book of Stabbing","floor":25.0,"turns":5.0},{"damage":0.0,"enemies":"Colosseum Slavers","floor":27.0,"turns":6.0},{"damage":14.0,"enemies":"Colosseum Nobs","floor":27.0,"turns":5.0},{"damage":6.0,"enemies":"Chosen and Byrds","floor":28.0,"turns":4.0},{"damage":0.0,"enemies":"Snake Plant","floor":29.0,"turns":6.0},{"damage":21.0,"enemies":"Gremlin Leader","floor":31.0,"turns":4.0},{"damage":0.0,"enemies":"Automaton","floor":33.0,"turns":10.0},{"damage":0.0,"enemies":"Orb Walker","floor":35.0,"turns":4.0},{"damage":61.0,"enemies":"2 Orb Walkers","floor":38.0,"turns":6.0},{"damage":0.0,"enemies":"3 Shapes","floor":39.0,"turns":5.0},{"damage":26.0,"enemies":"Sphere and 2 Shapes","floor":41.0,"turns":6.0},{"damage":85,"enemies":"Giant Head","floor":42,"turns":10}],"seed_played":"-3470175925154676710","potions_obtained":[{"floor":1.0,"key":"Fruit Juice"},{"floor":11.0,"key":"DuplicationPotion"},{"floor":12.0,"key":"GamblersBrew"},{"floor":18.0,"key":"SteroidPotion"},{"floor":22.0,"key":"Ancient Potion"},{"floor":25.0,"key":"Block Potion"},{"floor":27.0,"key":"Strength Potion"},{"floor":28.0,"key":"EssenceOfDarkness"},{"floor":33.0,"key":"Ancient Potion"},{"floor":38.0,"key":"LiquidBronze"},{"floor":41.0,"key":"BlessingOfTheForge"}],"is_trial":false,"path_per_floor":["M","M","$","?","$","E","R","?","T","$","E","M","E","M","R","B",null,"M","$","M","M","M","E","R","E","T","?","M","M","R","E","R","B",null,"M","?","?","?","M","R","M","E"],"character_chosen":"DEFECT","items_purchased":["Ball Lightning","Steam","Chill","Static Discharge"],"campfire_rested":2,"item_purchase_floors":[3,10,19,19],"current_hp_per_floor":[75,75,75,69,69,69,69,69,69,69,58,58,51,53,53,24,78,78,78,68,58,60,63,63,46,46,34,30,30,75,56,56,56,104,104,104,104,45,47,94,68,0,0],"gold":679,"neow_bonus":"THREE_ENEMY_KILL","is_daily":false,"chose_seed":false,"campfire_upgraded":4,"win_rate":0.0,"timestamp":1612585297,"path_taken":["M","M","?","?","$","E","R","?","T","$","E","?","E","M","R","BOSS","M","$","?","M","M","E","R","E","T","?","M","M","R","E","R","BOSS","M","?","?","?","M","R","M","E"],"items_purchased_type":["Card","Card","Card","Card"],"build_version":"2020-12-22","purchased_purges":2,"victory":false,"max_hp_per_floor":[75,75,75,69,69,69,69,69,69,69,76,76,76,78,78,78,78,78,78,78,80,82,96,96,98,98,100,102,102,102,104,104,104,104,104,104,104,106,108,108,108,108,108],"relic_stats":{"Regal Pillow":30,"Singing Bowl":20,"Gremlin Horn":[5,7],"counters":[25,139],"Golden Idol":189,"Shuriken":[2],"Gambling Chip":[6],"Pandora\u0027s Box":["Melter","Hyperbeam","Meteor Strike","Biased Cognition","All For One"],"Ginger":[6],"obtain_stats":[{"Regal Pillow":25,"NeowsBlessing":0,"Singing Bowl":11,"Gremlin Horn":31,"Golden Idol":4,"Mango":23,"Ginger":27,"Frozen Egg 2":27,"CaptainsWheel":6,"Shuriken":9,"Gambling Chip":38,"Pandora\u0027s Box":34,"Cracked Core":0,"Runic Pyramid":17},{"Regal Pillow":14,"NeowsBlessing":0,"Singing Bowl":4,"Gremlin Horn":19,"Golden Idol":2,"Mango":13,"Ginger":16,"Frozen Egg 2":16,"CaptainsWheel":3,"Shuriken":3,"Gambling Chip":22,"Pandora\u0027s Box":20,"Cracked Core":0,"Runic Pyramid":8},{"Regal Pillow":73,"NeowsBlessing":0,"Singing Bowl":12,"Gremlin Horn":98,"Golden Idol":2,"Mango":68,"Ginger":84,"Frozen Egg 2":84,"CaptainsWheel":5,"Shuriken":5,"Gambling Chip":118,"Pandora\u0027s Box":108,"Cracked Core":0,"Runic Pyramid":37}]},"card_choices":[{"not_picked":["Auto Shields","Hologram"],"picked":"Glacier","floor":1.0},{"not_picked":["Chill","Skim"],"picked":"Darkness","floor":2.0},{"not_picked":["Sweeping Beam","Reprogram"],"picked":"Conserve Battery","floor":6.0},{"not_picked":["BootSequence","Genetic Algorithm","Hologram"],"picked":"Singing Bowl","floor":11.0},{"not_picked":["Coolheaded","Skim"],"picked":"White Noise","floor":12.0},{"not_picked":["Fusion","Compile Driver"],"picked":"Sweeping Beam","floor":13.0},{"not_picked":["Sweeping Beam","Streamline","Ball Lightning"],"picked":"Singing Bowl","floor":14.0},{"not_picked":["Seek","Creative AI"],"picked":"Biased Cognition","floor":16.0},{"not_picked":["Doom and Gloom","Reinforced Body"],"picked":"Capacitor+1","floor":18.0},{"not_picked":["Lockon","Reinforced Body"],"picked":"Defragment+1","floor":20.0},{"not_picked":["Beam Cell","Stack","Barrage+1"],"picked":"Singing Bowl","floor":21.0},{"not_picked":["Heatsinks+1","Reprogram","Go for the Eyes"],"picked":"Singing Bowl","floor":22.0},{"not_picked":["Creative AI","Conserve Battery"],"picked":"White Noise","floor":23.0},{"not_picked":["Conserve Battery","Rebound","Steam+1"],"picked":"Singing Bowl","floor":25.0},{"not_picked":["Genetic Algorithm+1","White Noise","Glacier+1"],"picked":"Singing Bowl","floor":27.0},{"not_picked":["Barrage","Hologram","Doom and Gloom"],"picked":"Singing Bowl","floor":28.0},{"not_picked":["Genetic Algorithm","Aggregate"],"picked":"Double Energy","floor":29.0},{"not_picked":["Conserve Battery","Creative AI+1","Consume"],"picked":"Singing Bowl","floor":31.0},{"not_picked":["Hyperbeam","All For One"],"picked":"Buffer+1","floor":33.0},{"not_picked":["Steam Power","Leap"],"picked":"Hologram","floor":35.0},{"not_picked":["Redo","Aggregate+1","Gash"],"picked":"Singing Bowl","floor":38.0},{"not_picked":["Skim","Gash","Compile Driver+1"],"picked":"Singing Bowl","floor":39.0},{"not_picked":["Sweeping Beam","Chill"],"picked":"Redo+1","floor":41.0}],"player_experience":1314007,"relics_obtained":[{"floor":6.0,"key":"CaptainsWheel"},{"floor":9.0,"key":"Shuriken"},{"floor":11.0,"key":"Singing Bowl"},{"floor":23.0,"key":"Mango"},{"floor":25.0,"key":"Regal Pillow"},{"floor":27.0,"key":"Ginger"},{"floor":27.0,"key":"Frozen Egg 2"},{"floor":31.0,"key":"Gremlin Horn"},{"floor":38.0,"key":"Gambling Chip"}],"event_choices":[{"damage_healed":0.0,"max_hp_gain":0.0,"max_hp_loss":6.0,"gold_gain":0.0,"event_name":"Golden Idol","player_choice":"Lose Max HP","floor":4.0,"gold_loss":0.0,"damage_taken":0.0,"relics_obtained":["Golden Idol"]},{"damage_healed":0.0,"max_hp_gain":0.0,"max_hp_loss":0.0,"gold_gain":0.0,"cards_transformed":["Strike_B"],"event_name":"Transmorgrifier","player_choice":"Transformed","floor":8.0,"gold_loss":0.0,"damage_taken":0.0,"cards_obtained":["Machine Learning"]},{"damage_healed":0.0,"max_hp_gain":0.0,"max_hp_loss":0.0,"gold_gain":0.0,"event_name":"Colosseum","player_choice":"Fight","floor":27.0,"gold_loss":0.0,"damage_taken":0.0},{"damage_healed":0.0,"max_hp_gain":0.0,"max_hp_loss":0.0,"gold_gain":0.0,"event_name":"Colosseum","player_choice":"Fought Nobs","floor":27.0,"gold_loss":0.0,"damage_taken":0.0},{"damage_healed":0.0,"max_hp_gain":0.0,"max_hp_loss":0.0,"gold_gain":0.0,"event_name":"Tomb of Lord Red Mask","player_choice":"Ignored","floor":36.0,"gold_loss":0.0,"damage_taken":0.0},{"cards_removed":["Melter"],"damage_healed":0.0,"max_hp_gain":0.0,"max_hp_loss":0.0,"gold_gain":0.0,"event_name":"Falling","player_choice":"Removed Attack","floor":37.0,"gold_loss":0.0,"damage_taken":0.0},{"damage_healed":0.0,"max_hp_gain":0.0,"max_hp_loss":0.0,"gold_gain":0.0,"event_name":"Mysterious Sphere","player_choice":"Fight","floor":38.0,"gold_loss":0.0,"damage_taken":0.0}],"is_beta":false,"boss_relics":[{"not_picked":["Ectoplasm","Empty Cage"],"picked":"Runic Pyramid"},{"not_picked":["Inserter","Nuclear Battery"],"picked":"Pandora\u0027s Box"}],"items_purged_floors":[3,19],"is_endless":false,"potions_floor_spawned":[1,11,12,18,22,25,27,28,33,38,41],"killed_by":"Giant Head","ascension_level":1}}