{"host":"vyiqbz5w606ur92t","time":1612572320,"event":{"mods":["BaseMod","Downfall","Minty Spire (QoL Compilation)","StSLib"],"gold_per_floor":[99,109,209,509,525,545,570,570,584,918,936,28,28,63,83,181,181,81,92,117,202,222,122,122,152,171,182,209,37,37,50,66,165,165,165,207,225,350,364,423,448,500,569,469,212,280,280,280,324,324,324,350,8,8,8,8],"floor_reached":57,"language":"ENG","playtime":9535,"items_purged":["downfall:Icky","sneckomod:Strike","downfall:Icky"],"score":1944,"play_id":"4d04e8ba-4149-4b98-97d7-1f1107a335b2","local_time":"20210206004520","is_ascension_mode":true,"campfire_choices":[{"floor":1,"key":"RECALL"},{"data":"sneckomod:Transmogrify","floor":13,"key":"SMITH"},{"data":"sneckomod:CheapStock","floor":18,"key":"SMITH"},{"data":"sneckomod:Rotation","floor":23,"key":"SMITH"},{"floor":35,"key":"DIG"},{"floor":44,"key":"DIG"},{"floor":54,"key":"DIG"}],"circlet_count":0,"master_deck":["sneckomod:Defend","sneckomod:Defend","sneckomod:TailWhip+1","sneckomod:SnekBite","sneckomod:Unknown","sneckomod:Unknown","sneckomod:DiceBlock+1","sneckomod:Mudshield+1","sneckomod:SoulRoll+1","sneckomod:UnknownBlock","sneckomod:SoulDraw","sneckomod:WideSting+1","sneckomod:Unknown0Cost","sneckomod:QuickBite","sneckomod:UnknownCommonSkill","sneckomod:Transmogrify+1","sneckomod:UnknownUncommonAttack+1","sneckomod:QuickBite","sneckomod:CheapStock+1","sneckomod:UnknownColorless","sneckomod:IronFang","sneckomod:UnknownRareSkill","sneckomod:Unknown0Cost+1","sneckomod:Rotation+1","sneckomod:Unknown1Cost","sneckomod:SnakeSap+1","sneckomod:UnlimitedRolls","sneckomod:UnknownClassPURPLE","sneckomod:UnknownWeak","sneckomod:SerpentMind","downfall:Bewildered","sneckomod:UnknownStrength+1","sneckomod:Unknown2Cost","sneckomod:Unknown3Cost","sneckomod:Nope+1","sneckomod:UnendingSupply","sneckomod:SerpentIdol+1","sneckomod:QuickMove+1","sneckomod:SoulRoll","sneckomod:UnknownDexterity+1","sneckomod:CheapStock+1","Parasite","expansioncontent:PrepareCrush","expansioncontent:Chronoboost+1","expansioncontent:LastStand+1","sneckomod:UnknownDraw+1","Perseverance","sneckomod:SoulRoll+1","sneckomod:MasterEye+1","sneckomod:UnknownClassTHE_CHAMP_GRAY"],"relics":["Astrolabe","Whetstone","Old Coin","Lantern","Snecko Eye","downfall:HeartBlessingRed","Red Mask","downfall:HeartBlessingGreen","Anchor","sneckomod:BabySnecko","bronze:DonusWashers","Black Star","Singing Bowl","Matryoshka","Shovel","Potion Belt","hexamod:BolsterEngine","OrangePellets","Ice Cream","Bottled Tornado","downfall:HeartBlessingBlue","Frozen Egg 2","Boot","Bag of Preparation","Letter Opener","Oddly Smooth Stone","Centennial Puzzle","InkBottle","bronze:DecasWashers","HornCleat","Bottled Flame"],"acts_visited":["Exordium","TheCity","TheBeyond","TheEnding"],"potions_floor_usage":[10,10,10,10,16,16,22,25,28,32,37,38,40,40,42,43,52,56,56,56],"damage_taken":[{"damage":2,"enemies":"Small Slimes","floor":2,"turns":4},{"damage":17,"enemies":"Jaw Worm","floor":5,"turns":3},{"damage":4,"enemies":"2 Louse","floor":6,"turns":3},{"damage":32,"enemies":"Exordium Wildlife","floor":9,"turns":4},{"damage":13,"enemies":"Gremlin Nob","floor":10,"turns":4},{"damage":9,"enemies":"Red Slaver","floor":11,"turns":2},{"damage":5,"enemies":"downfall:FleeingMerchant","floor":12,"turns":4},{"damage":16,"enemies":"Lagavulin","floor":14,"turns":5},{"damage":15,"enemies":"Large Slime","floor":15,"turns":5},{"damage":0,"enemies":"DF_ARCHETYPE_STREAMLINE","floor":16,"turns":6},{"damage":0,"enemies":"Chosen","floor":19,"turns":2},{"damage":0,"enemies":"Masked Bandits","floor":20,"turns":3},{"damage":0,"enemies":"Shell Parasite","floor":22,"turns":2},{"damage":0,"enemies":"Gremlin Leader","floor":25,"turns":4},{"damage":8,"enemies":"Chosen and Byrds","floor":26,"turns":4},{"damage":15,"enemies":"Sentry and Sphere","floor":27,"turns":4},{"damage":24,"enemies":"Slavers","floor":28,"turns":4},{"damage":0,"enemies":"downfall:FleeingMerchant","floor":29,"turns":4},{"damage":0,"enemies":"Cultist and Chosen","floor":31,"turns":4},{"damage":4,"enemies":"Centurion and Healer","floor":32,"turns":3},{"damage":10,"enemies":"SI_MIRROR_ARCHETYPE","floor":33,"turns":8},{"damage":0,"enemies":"3 Shapes","floor":36,"turns":3},{"damage":2,"enemies":"3 Darklings","floor":37,"turns":5},{"damage":11,"enemies":"downfall:LadyInBlue","floor":38,"turns":5},{"damage":0,"enemies":"Sphere and 2 Shapes","floor":39,"turns":3},{"damage":0,"enemies":"Nemesis","floor":40,"turns":3},{"damage":0,"enemies":"Jaw Worm Horde","floor":42,"turns":5},{"damage":0,"enemies":"Giant Head","floor":43,"turns":8},{"damage":12,"enemies":"downfall:FleeingMerchant","floor":45,"turns":4},{"damage":30,"enemies":"Writhing Mass","floor":46,"turns":6},{"damage":4,"enemies":"4 Shapes","floor":49,"turns":3},{"damage":6,"enemies":"IC_BLOCK_ARCHETYPE","floor":50,"turns":6},{"damage":38,"enemies":"downfall:CharBossMerchant","floor":52,"turns":6},{"damage":3,"enemies":"downfall:NeowBoss","floor":55,"turns":11},{"damage":5,"enemies":"downfall:NeowBossFinal","floor":56,"turns":5}],"seed_played":"-780147644119815342","potions_obtained":[{"floor":5,"key":"EntropicBrew"},{"floor":11,"key":"Slimebound:ThreeZeroPotion"},{"floor":14,"key":"Guardian:BlockOnCardUsePotion"},{"floor":16,"key":"champ:CounterPotion"},{"floor":20,"key":"DistilledChaos"},{"floor":27,"key":"DistilledChaos"},{"floor":31,"key":"SkillPotion"},{"floor":33,"key":"EssenceOfSteel"},{"floor":36,"key":"DuplicationPotion"},{"floor":38,"key":"Guardian:BlockOnCardUsePotion"},{"floor":38,"key":"Swift Potion"},{"floor":38,"key":"champ:CounterPotion"},{"floor":38,"key":"Regen Potion"},{"floor":40,"key":"GamblersBrew"}],"is_trial":false,"path_per_floor":["R","M","?","?","M","M","T","?","M","E","M","$","R","E","M","B",null,"R","M","?","?","M","R","T","E","M","M","E","$","?","M","M","B",null,"R","M","M","?","M","E","T","M","E","R","$","M","?","?","M","B",null,"E","$","R","B","B",null],"character_chosen":"THE_SNECKO","items_purchased":["sneckomod:Transmogrify","OrangePellets","Lantern","sneckomod:UnknownUncommonAttack","SpeedPotion","Slimebound:StickyStick","sneckomod:QuickBite","sneckomod:CheapStock","bronze:DonusWashers","Boot","Bag of Marbles","Bag of Preparation","sneckomod:CheapStock+1","sneckomod:Transmogrify","Energy Potion","sneckomod:MasterEye+1","PowerPotion","AttackPotion","sneckomod:UnknownClassTHE_CHAMP_GRAY"],"campfire_rested":0,"item_purchase_floors":[12,12,12,12,12,12,12,12,29,45,45,45,45,45,45,53,53,53,53],"current_hp_per_floor":[90,88,88,88,81,77,77,82,70,57,48,43,43,27,22,22,95,95,95,95,81,81,81,81,81,73,58,34,49,49,49,45,45,95,95,97,95,84,86,86,86,86,86,96,97,99,89,89,85,89,111,98,98,98,95,107],"gold":8,"neow_bonus":"BOSS_RELIC","is_daily":false,"chose_seed":false,"campfire_upgraded":3,"win_rate":0.0,"timestamp":1612572320,"path_taken":["R","M","?","?","M","?","T","?","M","E","M","$","R","E","M","BOSS","R","M","?","?","?","R","T","E","M","M","E","?","?","M","M","BOSS","R","M","M","?","M","E","T","M","E","R","$","?","?","?","M","BOSS","E","$","R","BOSS","BOSS"],"items_purchased_type":["Card","Relic","Relic","Card","Potion","Relic","Card","Card","Relic","Relic","Relic","Relic","Card","Card","Potion","Card","Potion","Potion","Card"],"build_version":"2020-12-22","purchased_purges":3,"victory":true,"max_hp_per_floor":[90,90,90,90,90,90,90,95,95,95,95,95,95,95,95,95,95,95,95,95,95,95,95,95,95,95,95,95,95,95,95,95,95,95,95,97,97,97,99,99,99,99,99,109,109,111,111,111,111,111,111,111,111,111,111,111],"card_choices":[{"not_picked":["sneckomod:SoulRoll","sneckomod:SoulCleanse"],"picked":"sneckomod:UnknownBlock","floor":2},{"not_picked":["sneckomod:UnknownCommonSkill","sneckomod:SoulRoll"],"picked":"sneckomod:SoulDraw","floor":5},{"not_picked":["sneckomod:SerpentIdol","sneckomod:Rotation"],"picked":"sneckomod:WideSting","floor":6},{"not_picked":["sneckomod:UnknownBlock","sneckomod:WideSting"],"picked":"sneckomod:UnknownUncommonSkill","floor":9},{"not_picked":["sneckomod:DefensiveFlair","sneckomod:MasterEye"],"picked":"sneckomod:Unknown0Cost","floor":10},{"not_picked":["sneckomod:QuickMove","sneckomod:RainOfDice"],"picked":"sneckomod:QuickBite","floor":11},{"not_picked":["sneckomod:RainOfDice","sneckomod:UnknownColorless"],"picked":"sneckomod:UnknownCommonSkill","floor":12},{"not_picked":["sneckomod:DiceCrush","sneckomod:UnknownVulnerable"],"picked":"sneckomod:UnknownColorless","floor":14},{"not_picked":["sneckomod:WideSting","sneckomod:CheapStock"],"picked":"sneckomod:IronFang","floor":15},{"not_picked":["sneckomod:Cheat","sneckomod:DangerNoodle"],"picked":"sneckomod:UnknownRareSkill","floor":16},{"not_picked":["sneckomod:UnknownClassPURPLE","sneckomod:UnknownCommonAttack"],"picked":"sneckomod:Unknown0Cost+1","floor":19},{"not_picked":["sneckomod:Unknown1Cost+1","sneckomod:UnknownClassTHE_CHAMP_GRAY"],"picked":"sneckomod:Rotation","floor":20},{"not_picked":["sneckomod:Rotation","sneckomod:GlitteringGambit"],"picked":"sneckomod:Unknown1Cost","floor":22},{"not_picked":["sneckomod:QuickMove","sneckomod:UnknownClassPURPLE"],"picked":"sneckomod:SnakeSap+1","floor":25},{"not_picked":["sneckomod:ImprovisedGuard","sneckomod:RainOfDice+1"],"picked":"sneckomod:UnlimitedRolls","floor":26},{"not_picked":["sneckomod:UnknownCommonSkill","sneckomod:UnknownBlock"],"picked":"sneckomod:UnknownClassPURPLE","floor":27},{"not_picked":["sneckomod:UnknownClassGREEN","sneckomod:IronFang"],"picked":"sneckomod:UnknownWeak","floor":28},{"not_picked":["sneckomod:MorePower","sneckomod:SoulCleanse"],"picked":"sneckomod:SerpentMind","floor":29},{"not_picked":["sneckomod:SoulDraw+1","sneckomod:UnknownDraw"],"picked":"sneckomod:UnknownStrength+1","floor":31},{"not_picked":["sneckomod:UnknownStrike","sneckomod:SoulRoll"],"picked":"sneckomod:Unknown2Cost","floor":32},{"not_picked":["sneckomod:UnknownBoss","sneckomod:GlitteringGambit"],"picked":"sneckomod:Unknown3Cost","floor":33},{"not_picked":["sneckomod:UnknownClassTHE_CHAMP_GRAY+1","sneckomod:Memorize","sneckomod:SoulRoll"],"picked":"Singing Bowl","floor":36},{"not_picked":["sneckomod:SoulRoll+1","sneckomod:CheapStock"],"picked":"sneckomod:Nope+1","floor":37},{"not_picked":["sneckomod:TrashToTreasure","sneckomod:UnknownDraw"],"picked":"sneckomod:UnendingSupply","floor":38},{"not_picked":["sneckomod:DangerNoodle","sneckomod:DiceCrush","sneckomod:QuickMove"],"picked":"Singing Bowl","floor":39},{"not_picked":["sneckomod:UnknownClassGREEN+1","sneckomod:UnknownClassTHE_CHAMP_GRAY"],"picked":"sneckomod:SerpentIdol+1","floor":40},{"not_picked":["sneckomod:DiceCrush","sneckomod:UnknownCommonSkill+1"],"picked":"sneckomod:QuickMove+1","floor":42},{"not_picked":["sneckomod:UnknownClassTHE_CHAMP_GRAY","sneckomod:Unknown1Cost+1"],"picked":"sneckomod:SoulRoll","floor":43},{"not_picked":["sneckomod:SerpentIdol+1","sneckomod:UnknownBlock+1"],"picked":"sneckomod:UnknownDexterity+1","floor":45},{"not_picked":["sneckomod:UnknownClassTHE_CHAMP_GRAY+1","sneckomod:DiceBoulder","sneckomod:UnknownClassGREEN"],"picked":"Singing Bowl","floor":46},{"not_picked":["expansioncontent:PolyBeam","expansioncontent:Chronoboost"],"picked":"expansioncontent:PrepareCrush","floor":47},{"not_picked":["expansioncontent:GuardianWhirl","expansioncontent:InvincibleStrength"],"picked":"expansioncontent:Chronoboost","floor":47},{"not_picked":["expansioncontent:Chronoboost","expansioncontent:InvincibleStrength"],"picked":"expansioncontent:LastStand","floor":47},{"not_picked":["sneckomod:UnknownCommonSkill+1","sneckomod:UnknownStrike+1"],"picked":"sneckomod:UnknownDraw+1","floor":49},{"not_picked":["sneckomod:UnknownClassTHE_CHAMP_GRAY+1","sneckomod:UnknownClassPURPLE+1"],"picked":"sneckomod:SoulRoll+1","floor":52}],"player_experience":1531640,"relics_obtained":[{"floor":7,"key":"Whetstone"},{"floor":10,"key":"Old Coin"},{"floor":14,"key":"OrangePellets"},{"floor":14,"key":"MealTicket"},{"floor":15,"key":"Lantern"},{"floor":16,"key":"MealTicket"},{"floor":19,"key":"OrangePellets"},{"floor":20,"key":"Red Mask"},{"floor":22,"key":"OrangePellets"},{"floor":24,"key":"sneckomod:ConfusingCodex"},{"floor":25,"key":"sneckomod:ConfusingCodex"},{"floor":25,"key":"Shovel"},{"floor":26,"key":"Matryoshka"},{"floor":27,"key":"Matryoshka"},{"floor":28,"key":"MealTicket"},{"floor":28,"key":"Ice Cream"},{"floor":29,"key":"Anchor"},{"floor":31,"key":"bronze:DonusWashers"},{"floor":33,"key":"MealTicket"},{"floor":35,"key":"Singing Bowl"},{"floor":36,"key":"Matryoshka"},{"floor":37,"key":"Shovel"},{"floor":38,"key":"Potion Belt"},{"floor":38,"key":"MealTicket"},{"floor":39,"key":"Ice Cream"},{"floor":40,"key":"Ice Cream"},{"floor":40,"key":"hexamod:CandleOfCauterizing"},{"floor":40,"key":"Smiling Mask"},{"floor":41,"key":"MawBank"},{"floor":42,"key":"Ice Cream"},{"floor":43,"key":"hexamod:BolsterEngine"},{"floor":43,"key":"OrangePellets"},{"floor":43,"key":"Ice Cream"},{"floor":43,"key":"Letter Opener"},{"floor":43,"key":"Bottled Tornado"},{"floor":44,"key":"Frozen Egg 2"},{"floor":45,"key":"The Courier"},{"floor":46,"key":"Letter Opener"},{"floor":46,"key":"Oddly Smooth Stone"},{"floor":49,"key":"Centennial Puzzle"},{"floor":52,"key":"InkBottle"},{"floor":52,"key":"bronze:DecasWashers"},{"floor":52,"key":"HornCleat"},{"floor":54,"key":"Bottled Flame"}],"event_choices":[{"damage_healed":0,"gold_gain":0,"player_choice":"Donut","damage_taken":0,"max_hp_gain":5,"max_hp_loss":0,"event_name":"Big Fish","floor":8,"gold_loss":0},{"damage_healed":0,"gold_gain":0,"player_choice":"Fought Bandits","damage_taken":0,"max_hp_gain":0,"max_hp_loss":0,"event_name":"Masked Bandits","floor":20,"gold_loss":0},{"cards_removed":["sneckomod:Transmogrify"],"damage_healed":0,"gold_gain":0,"player_choice":"Removed Skill","damage_taken":0,"max_hp_gain":0,"max_hp_loss":0,"event_name":"Falling","floor":48,"gold_loss":0}],"is_beta":false,"boss_relics":[{"not_picked":["sneckomod:SneckoBoss","Sozu"],"picked":"Snecko Eye"},{"not_picked":["Empty Cage","Runic Dome"],"picked":"Black Star"}],"items_purged_floors":[12,45,53],"is_endless":false,"potions_floor_spawned":[5,11,14,16,20,27,31,33,36,38,40],"ascension_level":4}}