{"host":"lehbxtjrpalkmwwj","time":1612611655,"event":{"mods":["Aspiration","BaseMod","Colored Map","Colored Powertips","Conspire","GungeonMod","KomeijiMod","Lobotomy","Minty Spire (QoL Compilation)","Quick Restart","Replay The Spire","Shop Mod","StSLib","The Cursed","The Poker Player","[IsaacMod]ÒÔÈö¼âËþ"],"gold_per_floor":[109,125,140,150,150,150,194,194,241,285,303,339,139,195,195,369,369,378,378],"floor_reached":18,"language":"ZHS","playtime":667,"items_purged":[],"score":243,"play_id":"49826732-59af-4491-8335-26c3d5ec741e","local_time":"20210206194055","is_ascension_mode":true,"campfire_choices":[{"floor":6.0,"key":"RECALL"},{"floor":8.0,"key":"REST"},{"data":"EpicFetus","floor":15.0,"key":"SMITH"}],"circlet_count":0,"master_deck":["Strike_G","Strike_G","Strike_G","Strike_G","Strike_G","Defend_G","Defend_G","Defend_G","Defend_G","Defend_G","Survivor","Neutralize","EpicFetus+1","Catalyst","conspire:DoublingDagger","Cloak And Dagger","Dagger Throw","Bullet Time","Replay:Bag of Tricks","PiercingWail","Footwork","conspire:SpireCoStock","conspire:SpireCoStock","conspire:SpireCoStock","conspire:SpireCoStock","Juggernaut","Limit Break"],"relics":["Ring of the Snake","HushsDoor","Leech","aspiration:Nostalgia","Iron Core","Golden Idol","Regal Pillow","Happy Flower","Replay:Rubber Ducky","Blood Vial","Black Star","BelialBook"],"acts_visited":["Exordium","TheCity"],"potions_floor_usage":[],"damage_taken":[{"damage":0.0,"enemies":"Small Slimes","floor":1.0,"turns":3.0},{"damage":0.0,"enemies":"Cultist","floor":2.0,"turns":3.0},{"damage":6.0,"enemies":"Jaw Worm","floor":3.0,"turns":4.0},{"damage":17.0,"enemies":"Exordium Wildlife","floor":4.0,"turns":4.0},{"damage":29.0,"enemies":"3 Sentries","floor":7.0,"turns":5.0},{"damage":6.0,"enemies":"Lagavulin","floor":10.0,"turns":7.0},{"damage":2.0,"enemies":"2 Fungi Beasts","floor":11.0,"turns":3.0},{"damage":11.0,"enemies":"3 Sentries","floor":12.0,"turns":4.0},{"damage":0.0,"enemies":"Exordium Thugs","floor":14.0,"turns":5.0},{"damage":14,"enemies":"Fading Forest","floor":16,"turns":11},{"damage":0,"enemies":"Chosen","floor":18,"turns":1}],"seed_played":"-7437624440327328495","potions_obtained":[{"floor":7.0,"key":"Weak Potion"},{"floor":10.0,"key":"Energy Potion"},{"floor":12.0,"key":"Dexterity Potion"},{"floor":16,"key":"CultistPotion"}],"is_trial":false,"path_per_floor":["M","M","M","M","?","R","E","R","T","E","M","E","?","M","R","B",null,"M"],"character_chosen":"THE_SILENT","items_purchased":["BelialBook"],"campfire_rested":1,"item_purchase_floors":[17],"current_hp_per_floor":[70,70,65,52,35,35,10,46,46,46,46,38,38,44,44,38,60,60,60],"gold":378,"neow_bonus":"NOSTALGIA","is_daily":false,"chose_seed":false,"campfire_upgraded":1,"win_rate":0.0,"timestamp":1612611655,"path_taken":["M","M","M","M","?","R","E","R","T","E","M","E","?","?","R","BOSS","M"],"items_purchased_type":["Relic"],"build_version":"2020-12-22","purchased_purges":0,"victory":false,"max_hp_per_floor":[70,70,70,70,70,70,70,70,70,70,70,70,70,70,70,70,60,60,60],"card_choices":[{"not_picked":[],"picked":"EpicFetus","floor":0.0},{"not_picked":["Heel Hook","Bane"],"picked":"Catalyst","floor":1.0},{"not_picked":["Riddle With Holes","Clash"],"picked":"conspire:DoublingDagger","floor":2.0},{"not_picked":["Deflect","Flechettes"],"picked":"Cloak And Dagger","floor":3.0},{"not_picked":["Clash","Masterful Stab"],"picked":"Dagger Throw","floor":4.0},{"not_picked":["Heavy Blade","Terror"],"picked":"Bullet Time","floor":7.0},{"not_picked":["Slice","Backflip"],"picked":"Replay:Bag of Tricks","floor":10.0},{"not_picked":["Hidden Blade","Warcry"],"picked":"PiercingWail","floor":11.0},{"not_picked":["Whirlwind","Deflect"],"picked":"Footwork","floor":12.0},{"not_picked":["Bomb","Flex"],"picked":"Juggernaut","floor":14.0},{"not_picked":["ReplayTheSpireMod:Omega Cannon","Bullet Time"],"picked":"Limit Break","floor":16}],"player_experience":132517,"relics_obtained":[{"floor":7.0,"key":"Regal Pillow"},{"floor":9.0,"key":"Happy Flower"},{"floor":10.0,"key":"Replay:Rubber Ducky"},{"floor":12.0,"key":"Blood Vial"}],"event_choices":[{"damage_healed":0.0,"max_hp_gain":0.0,"max_hp_loss":0.0,"gold_gain":0.0,"event_name":"Golden Idol","player_choice":"Take Damage","floor":5.0,"gold_loss":0.0,"damage_taken":17.0,"relics_obtained":["Golden Idol"]},{"damage_healed":0.0,"max_hp_gain":0.0,"max_hp_loss":0.0,"gold_gain":0.0,"event_name":"conspire:Investor","player_choice":"Invest 4","floor":13.0,"gold_loss":0.0,"damage_taken":0.0}],"is_beta":false,"boss_relics":[{"not_picked":["Tiny House","aspiration:DefectSkillbook"],"picked":"Black Star"},{"not_picked":[]}],"items_purged_floors":[],"is_endless":false,"potions_floor_spawned":[7,10,12,16],"killed_by":"Chosen","ascension_level":4}}