{"host":"vyjryxuuuxkt43k4","time":1612632987,"event":{"mods":["AchievementEnabler","BaseMod","Colored Map","DeckTracker","Highlight Path","Keyboard Shortcuts","Minty Spire (QoL Compilation)","Permanent Neow","Quick Restart","StSLib","SuperFastMode","everything is the same but u backflip on backflip"],"gold_per_floor":[216,1,11,26,44,77,77,87,114,114,128,128,178,198,198,275,275,292,310,320,320,320],"floor_reached":21,"language":"KOR","playtime":768,"items_purged":[],"score":352,"play_id":"3a7400e8-b7cf-4e0f-a017-7a629058d340","local_time":"20210207023627","is_ascension_mode":true,"campfire_choices":[{"floor":7,"key":"REST"},{"floor":10,"key":"REST"},{"data":"Eruption","floor":12,"key":"SMITH"},{"floor":15,"key":"REST"}],"circlet_count":0,"master_deck":["AscendersBane","Strike_P","Strike_P","Strike_P","Strike_P","Defend_P","Defend_P","Defend_P","Defend_P","Eruption+1","Vigilance","CrushJoints","EmptyFist","Adaptation","Worship","FearNoEvil","DevaForm","Halt","Scrawl","SandsOfTime+1"],"relics":["PureWater","Bag of Preparation","Omamori","Lantern","Snecko Eye"],"acts_visited":["Exordium","TheCity"],"potions_floor_usage":[5,16,16,21],"damage_taken":[{"damage":5,"enemies":"Cultist","floor":1,"turns":4},{"damage":8,"enemies":"2 Louse","floor":3,"turns":4},{"damage":0,"enemies":"Small Slimes","floor":4,"turns":2},{"damage":12,"enemies":"2 Fungi Beasts","floor":5,"turns":3},{"damage":40,"enemies":"Gremlin Nob","floor":6,"turns":4},{"damage":6,"enemies":"Blue Slaver","floor":8,"turns":4},{"damage":13,"enemies":"Red Slaver","floor":11,"turns":5},{"damage":6,"enemies":"2 Fungi Beasts","floor":14,"turns":3},{"damage":28,"enemies":"Hexaghost","floor":16,"turns":11},{"damage":32,"enemies":"Chosen","floor":18,"turns":6},{"damage":0,"enemies":"Shell Parasite","floor":19,"turns":1},{"damage":11,"enemies":"Snake Plant","floor":20,"turns":2},{"damage":22,"enemies":"Centurion and Healer","floor":21,"turns":2}],"seed_played":"-1616666249394114315","potions_obtained":[{"floor":1,"key":"Regen Potion"},{"floor":8,"key":"Swift Potion"},{"floor":14,"key":"Block Potion"},{"floor":19,"key":"BottledMiracle"},{"floor":20,"key":"BottledMiracle"}],"is_trial":false,"path_per_floor":["M","$","M","M","M","E","R","M","T","R","M","R","?","M","R","B",null,"M","M","M","M"],"character_chosen":"WATCHER","items_purchased":["Bag of Preparation","EmptyFist"],"campfire_rested":3,"item_purchase_floors":[2,2],"current_hp_per_floor":[56,56,48,48,45,5,25,19,19,39,26,26,26,20,40,12,54,22,22,11,0,0],"gold":320,"neow_bonus":"HUNDRED_GOLD","is_daily":false,"chose_seed":false,"campfire_upgraded":1,"win_rate":0.0,"timestamp":1612632987,"path_taken":["M","$","M","M","M","E","R","M","T","R","?","R","?","M","R","BOSS","M","?","M","M"],"items_purchased_type":["Relic","Card"],"build_version":"2020-12-22","purchased_purges":0,"victory":false,"max_hp_per_floor":[68,68,68,68,68,68,68,68,68,68,68,68,68,68,68,68,68,68,68,68,68,68],"card_choices":[{"not_picked":["Meditate","FlyingSleeves"],"picked":"CrushJoints","floor":1},{"not_picked":["EmptyBody","Halt"],"picked":"Adaptation","floor":3},{"not_picked":["Evaluate","Meditate"],"picked":"Worship","floor":4},{"not_picked":["EmptyFist","WreathOfFlame"],"picked":"FearNoEvil","floor":5},{"not_picked":["BattleHymn","Indignation","WaveOfTheHand"],"picked":"SKIP","floor":6},{"not_picked":["CutThroughFate","Vengeance"],"picked":"DevaForm","floor":8},{"not_picked":["ReachHeaven","JustLucky","FlyingSleeves"],"picked":"SKIP","floor":11},{"not_picked":["CrushJoints","ThirdEye"],"picked":"Halt","floor":14},{"not_picked":["SpiritShield","Omniscience"],"picked":"Scrawl","floor":16},{"not_picked":["PathToVictory","InnerPeace"],"picked":"SandsOfTime+1","floor":18},{"not_picked":["ThirdEye+1","FearNoEvil","Vengeance+1"],"picked":"SKIP","floor":19},{"not_picked":["SashWhip","CrushJoints","Crescendo"],"picked":"SKIP","floor":20}],"player_experience":813636,"relics_obtained":[{"floor":6,"key":"Omamori"},{"floor":9,"key":"Lantern"}],"event_choices":[{"damage_healed":0,"gold_gain":50,"player_choice":"Pray","damage_taken":0,"max_hp_gain":0,"max_hp_loss":0,"event_name":"Golden Shrine","floor":13,"gold_loss":0}],"is_beta":false,"boss_relics":[{"not_picked":["Busted Crown","Sozu"],"picked":"Snecko Eye"}],"items_purged_floors":[],"is_endless":false,"potions_floor_spawned":[1,8,14,19,20],"killed_by":"Centurion and Healer","ascension_level":18}}