{"host":"nwd160me4iqdtr8u","time":1612626705,"event":{"mods":["AchievementEnabler","Act Like it!","BaseMod","Colored Map","DeckTracker","Hallownest","Keyboard Shortcuts","Minty Spire (QoL Compilation)","Quick Restart","Rare Cards Sparkle","Smile Girya","StSLib","SuperFastMode","The Bug Knight","everything is the same but u backflip on backflip"],"gold_per_floor":[118,118,118,136,150,176,16,45,119,119,135,135,147,174,174,277,277,292,303,316,332,332,363,363,363,363,401,428,480,527,277,277,379,379,390,265,279,67,67,100,117,150,150,161,161,181,181,195,195,195],"floor_reached":51,"language":"KOR","playtime":4429,"items_purged":["HollowMod:NailStrikeStart","HollowMod:NailStrikeStart"],"score":908,"play_id":"69fded89-4b81-4758-a505-501a36c3dcc8","local_time":"20210207005145","is_ascension_mode":true,"campfire_choices":[{"data":"HollowMod:ZotesMagnificence","floor":10.0,"key":"SMITH"},{"data":"HollowMod:SlysStrikes","floor":12.0,"key":"SMITH"},{"floor":15.0,"key":"REST"},{"data":"Hallownest:attackMasterCycloneSlash","floor":24.0,"key":"SMITH"},{"data":"HollowMod:LifebloodCore","floor":32.0,"key":"SMITH"},{"data":"HollowMod:VoidDash","floor":47,"key":"SMITH"},{"floor":49,"key":"REST"}],"circlet_count":0,"master_deck":["HollowMod:QuickDashStart","HollowMod:QuickDashStart","HollowMod:QuickDashStart","HollowMod:FocusHealStart","HollowMod:PogoStrike","HollowMod:HeavyBlow","HollowMod:ZotesMagnificence+1","HollowMod:NewJinnsSoul","HollowMod:PerfectDash+1","Flash of Steel","HollowMod:DungDefenderAura+1","HollowMod:SlysStrikes+1","HollowMod:LifebloodCore+1","HollowMod:GreatSlash","HollowMod:RecoilStrike","Hallownest:attackMasterCycloneSlash+1","HollowMod:PerfectDash+1","HollowMod:GrimmsGift","HollowMod:AwokenDreamNail","HollowMod:Weaversong","HollowMod:CoiledNail+1","Thinking Ahead","HollowMod:HowlingWraiths+1","HollowMod:PureNailStrike+1","HollowMod:DoubleDash","HollowMod:VoidDash+1","HollowMod:GoodIntentions+1"],"relics":["HollowMod:VesselMask","Ginger","Centennial Puzzle","HollowMod:LifeEnderRelic","Happy Flower","Snecko Eye","Bottled Flame","Pen Nib","MawBank","War Paint","Darkstone Periapt","Empty Cage","Frozen Egg 2","InkBottle","Unceasing Top","Gambling Chip","Nunchaku"],"acts_visited":["Hallownest:Greenpath","Hallownest:CityofTears","Hallownest:KingdomsEdge"],"potions_floor_usage":[50,50],"damage_taken":[{"damage":6.0,"enemies":"Hallownest:2_Baldur","floor":1.0,"turns":3.0},{"damage":20.0,"enemies":"Hallownest:monsterMarmu","floor":2.0,"turns":9.0},{"damage":7.0,"enemies":"Hallownest:2_Tiktiks_and_1_Crawlid","floor":4.0,"turns":5.0},{"damage":2.0,"enemies":"Hallownest:monsterHuskGuard","floor":5.0,"turns":3.0},{"damage":10.0,"enemies":"Hallownest:eliteVengeflyKing","floor":6.0,"turns":7.0},{"damage":5.0,"enemies":"Hallownest:eliteMossKnight","floor":8.0,"turns":8.0},{"damage":4.0,"enemies":"Hallownest:Wandering_and_Horned","floor":11.0,"turns":3.0},{"damage":12.0,"enemies":"Hallownest:1_Ooma_and_2_Uuma","floor":13.0,"turns":4.0},{"damage":11.0,"enemies":"Hallownest:eliteCrystalGuardian","floor":14.0,"turns":7.0},{"damage":42.0,"enemies":"Hallownest:BossBrokenVessel","floor":16.0,"turns":12.0},{"damage":3.0,"enemies":"Hallownest:Guard_and_Sentry","floor":18.0,"turns":4.0},{"damage":2.0,"enemies":"Hallownest:2_Mistakes","floor":19.0,"turns":4.0},{"damage":2.0,"enemies":"Hallownest:Master_and_Novice","floor":20.0,"turns":3.0},{"damage":6.0,"enemies":"Hallownest:2_Husk_Sentries","floor":21.0,"turns":4.0},{"damage":0.0,"enemies":"Hallownest:Nosk","floor":23.0,"turns":7.0},{"damage":13.0,"enemies":"Hallownest:eliteWatcherKnight","floor":27.0,"turns":10.0},{"damage":0.0,"enemies":"Hallownest:monsterMisterMushroom","floor":28.0,"turns":4.0},{"damage":3.0,"enemies":"Hallownest:Glutton_and_Coward","floor":29.0,"turns":3.0},{"damage":0.0,"enemies":"Hallownest:eliteSoulWarrior","floor":30.0,"turns":5.0},{"damage":25.0,"enemies":"Hallownest:BossGrimm","floor":33.0,"turns":9.0},{"damage":2.0,"enemies":"Hallownest:3_Siblings","floor":35.0,"turns":5.0},{"damage":0.0,"enemies":"Hallownest:Shield_Heavy","floor":37.0,"turns":3.0},{"damage":30.0,"enemies":"Hallownest:eliteHiveKnight","floor":40.0,"turns":7.0},{"damage":4.0,"enemies":"Hallownest:monsterPrimalAspid","floor":41.0,"turns":2.0},{"damage":0.0,"enemies":"Hallownest:StalkingDevout","floor":42.0,"turns":5.0},{"damage":6.0,"enemies":"Hallownest:2_Wing_and_1_Kings","floor":44.0,"turns":3.0},{"damage":1,"enemies":"Hallownest:2_Wandering_and_1_Horned","floor":46,"turns":4},{"damage":9,"enemies":"Hallownest:Shield_Sturdy","floor":48,"turns":3},{"damage":13,"enemies":"Hallownest:Radiance","floor":50,"turns":9}],"seed_played":"-2846500155862451039","potions_obtained":[{"floor":5.0,"key":"Strength Potion"},{"floor":6.0,"key":"DistilledChaos"},{"floor":13.0,"key":"Swift Potion"},{"floor":14.0,"key":"LiquidMemories"},{"floor":16.0,"key":"Swift Potion"},{"floor":18.0,"key":"Strength Potion"},{"floor":20.0,"key":"GamblersBrew"},{"floor":27.0,"key":"PowerPotion"},{"floor":41.0,"key":"Ancient Potion"},{"floor":44.0,"key":"FearPotion"}],"is_trial":false,"path_per_floor":["M","?","?","M","M","E","$","E","T","R","M","R","M","E","R","B",null,"M","M","M","M","?","E","R","?","T","E","M","M","E","$","R","B",null,"M","?","M","$","?","E","M","E","T","M","T","M","R","M","R","B",null],"character_chosen":"THE_BUGKNIGHT","items_purchased":["Flash of Steel","HollowMod:AwokenDreamNail","Thinking Ahead","Fire Potion"],"campfire_rested":2,"item_purchase_floors":[7,31,38,38],"current_hp_per_floor":[76,56,46,45,43,33,33,34,34,34,30,30,24,19,43,7,82,79,77,75,75,75,81,81,81,81,78,78,75,75,75,75,56,82,80,80,80,80,80,56,52,52,52,46,46,45,45,36,60,53],"gold":195,"neow_bonus":"TEN_PERCENT_HP_BONUS","is_daily":false,"chose_seed":false,"campfire_upgraded":5,"win_rate":0.0,"timestamp":1612626705,"path_taken":["M","?","?","M","M","E","$","E","T","R","?","R","M","E","R","BOSS","M","M","M","M","?","E","R","?","T","E","M","M","E","$","R","BOSS","M","?","M","$","?","E","M","E","T","M","?","?","R","M","R","BOSS"],"items_purchased_type":["Card","Card","Card","Potion"],"build_version":"2020-12-22","purchased_purges":2,"victory":true,"max_hp_per_floor":[82,82,82,82,82,82,82,82,82,82,82,82,82,82,82,82,82,82,82,82,82,82,82,82,82,82,82,82,82,82,82,82,82,82,82,82,82,82,82,82,82,82,82,82,82,82,82,82,82,82],"card_choices":[{"not_picked":["HollowMod:NewJinnsSoul","HollowMod:SiblingsSouls"],"picked":"HollowMod:HeavyBlow","floor":1.0},{"not_picked":["HollowMod:InfectedAttack","HollowMod:VengefulVoid"],"picked":"HollowMod:ZotesMagnificence","floor":4.0},{"not_picked":["HollowMod:InfectedCysts","HollowMod:InfectedAttack"],"picked":"HollowMod:NewJinnsSoul","floor":5.0},{"not_picked":["HollowMod:ShadowDash","HollowMod:DungDefenderAura"],"picked":"HollowMod:PerfectDash","floor":6.0},{"not_picked":["HollowMod:SoulSplash","HollowMod:WraithStrike"],"picked":"HollowMod:DungDefenderAura","floor":8.0},{"not_picked":["HollowMod:SoulSplash","HollowMod:DoubleDash"],"picked":"HollowMod:SlysStrikes","floor":11.0},{"not_picked":["HollowMod:TaintedHusks","HollowMod:HeavyBlow","HollowMod:SiblingsSouls"],"picked":"SKIP","floor":13.0},{"not_picked":["HollowMod:TaintedHusks","HollowMod:HeavyBlow","HollowMod:SiblingsSouls"],"picked":"SKIP","floor":13.0},{"not_picked":["HollowMod:TaintedHusks","HollowMod:HeavyBlow","HollowMod:SiblingsSouls"],"picked":"SKIP","floor":13.0},{"not_picked":["HollowMod:SoulMaster","HollowMod:InfectedAttack"],"picked":"HollowMod:DescendingDark","floor":14.0},{"not_picked":["HollowMod:ZotesMagnificence","HollowMod:PureVessel"],"picked":"HollowMod:LifebloodCore","floor":16.0},{"not_picked":["HollowMod:CornifersMapStart+1","HollowMod:InfectedAttack+1"],"picked":"HollowMod:GreatSlash","floor":18.0},{"not_picked":["HollowMod:LifebloodCocoon","HollowMod:HeavyBlow","HollowMod:WraithStrike"],"picked":"SKIP","floor":19.0},{"not_picked":["HollowMod:LifebloodCocoon","HollowMod:GoodIntentions"],"picked":"HollowMod:RecoilStrike","floor":20.0},{"not_picked":["HollowMod:NewJinnsSoul","HollowMod:MantisMark","HollowMod:InfectedCysts"],"picked":"SKIP","floor":21.0},{"not_picked":["HollowMod:DreamGate","HollowMod:HornetsHelp"],"picked":"HollowMod:PerfectDash+1","floor":23.0},{"not_picked":["HollowMod:GreatSlash","HollowMod:FallenFury","HollowMod:TaintedHusks+1"],"picked":"SKIP","floor":27.0},{"not_picked":["HollowMod:SoulVessel","HollowMod:SharpenedNail+1","HollowMod:ShadowDash+1"],"picked":"SKIP","floor":28.0},{"not_picked":["HollowMod:SharpenedNail+1","HollowMod:WraithStrike+1","HollowMod:DescendingDark"],"picked":"SKIP","floor":29.0},{"not_picked":["HollowMod:RecoilStrike","HollowMod:DescendingDark"],"picked":"HollowMod:GrimmsGift","floor":30.0},{"not_picked":["HollowMod:Hiveblood","HollowMod:theNailsmith"],"picked":"HollowMod:Weaversong","floor":33.0},{"not_picked":["HollowMod:SoulStrike","HollowMod:ChannelNail"],"picked":"HollowMod:CoiledNail+1","floor":35.0},{"not_picked":["HollowMod:AbyssShriek+1","HollowMod:CycloneSlash","HollowMod:WraithStrike+1"],"picked":"SKIP","floor":37.0},{"not_picked":["HollowMod:MothsMistake+1","HollowMod:ShadowDash"],"picked":"HollowMod:HowlingWraiths+1","floor":40.0},{"not_picked":["HollowMod:CrystalDash","HollowMod:VengefulVoid"],"picked":"HollowMod:PureNailStrike+1","floor":41.0},{"not_picked":["HollowMod:DashSlash","HollowMod:DreamGate+1"],"picked":"HollowMod:DoubleDash","floor":42.0},{"not_picked":["HollowMod:HuntersJournal+1","HollowMod:SiblingsSouls+1"],"picked":"HollowMod:VoidDash","floor":44.0},{"not_picked":["HollowMod:SoulStrike","HollowMod:TaintedHusks+1"],"picked":"HollowMod:GoodIntentions+1","floor":46},{"not_picked":["HollowMod:AbyssShriek","HollowMod:CoiledNail+1","HollowMod:VengefulVoid"],"picked":"SKIP","floor":48}],"player_experience":431906,"relics_obtained":[{"floor":6.0,"key":"Ginger"},{"floor":8.0,"key":"Centennial Puzzle"},{"floor":9.0,"key":"HollowMod:LifeEnderRelic"},{"floor":14.0,"key":"Happy Flower"},{"floor":23.0,"key":"Bottled Flame"},{"floor":26.0,"key":"MawBank"},{"floor":27.0,"key":"War Paint"},{"floor":30.0,"key":"Darkstone Periapt"},{"floor":40.0,"key":"InkBottle"},{"floor":42.0,"key":"Unceasing Top"},{"floor":43.0,"key":"Gambling Chip"},{"floor":45.0,"key":"Nunchaku"}],"event_choices":[],"is_beta":false,"boss_relics":[{"not_picked":["HollowMod:KingsSoulRelic","Fusion Hammer"],"picked":"Snecko Eye"},{"not_picked":["Tiny House","Velvet Choker"],"picked":"Empty Cage"}],"items_purged_floors":[7,31],"is_endless":false,"potions_floor_spawned":[2,5,6,13,14,16,18,20,23,27,29,41,42,44],"ascension_level":2}}