{"host":"hk6dyp3pgs92n0l4","time":1612605062,"event":{"mods":["AchievementEnabler","BaseMod","Colored Powertips","GifTheSpireLib","Minty Spire (QoL Compilation)","Replay The Spire","StSLib","The Hierophant"],"gold_per_floor":[119,136,150,169,169,196,196,39,39,39,51,51,68,95,95,95,95],"floor_reached":16,"language":"ENG","playtime":531,"items_purged":["Defend_B"],"score":123,"play_id":"58c2bae9-0f74-4d47-8e13-d1a34258db27","local_time":"20210206015102","is_ascension_mode":true,"campfire_choices":[{"data":"Crystallizer","floor":7,"key":"SMITH"},{"floor":15,"key":"DIG"}],"circlet_count":0,"master_deck":["Strike_B","Strike_B","Strike_B","Strike_B","Defend_B+1","Defend_B","Defend_B","Zap","Dualcast+1","Darkness","Crystallizer+1","Coolheaded","Chaos","BasicCrystalCard","Cold Snap"],"relics":["Cracked Core","CaptainsWheel","Bird Faced Urn","Onion Ring","Blue Doll"],"acts_visited":["Exordium"],"potions_floor_usage":[16,16,16],"damage_taken":[{"damage":1,"enemies":"Cultist","floor":1,"turns":3},{"damage":2,"enemies":"2 Louse","floor":2,"turns":3},{"damage":10,"enemies":"Small Slimes","floor":3,"turns":4},{"damage":22,"enemies":"3 Louse","floor":4,"turns":5},{"damage":36,"enemies":"Gremlin Nob","floor":6,"turns":4},{"damage":6,"enemies":"Looter","floor":11,"turns":3},{"damage":1,"enemies":"Exordium Wildlife","floor":13,"turns":4},{"damage":18,"enemies":"3 Sentries","floor":14,"turns":7},{"damage":7,"enemies":"The Guardian","floor":16,"turns":5}],"seed_played":"2938464426699568360","potions_obtained":[{"floor":1,"key":"Explosive Potion"},{"floor":3,"key":"DuplicationPotion"},{"floor":6,"key":"ColorlessPotion"},{"floor":14,"key":"Energy Potion"}],"is_trial":false,"path_per_floor":["M","M","M","M","?","E","R","$","T","?","M","$","M","E","R","B"],"character_chosen":"DEFECT","items_purchased":["Chaos"],"campfire_rested":0,"item_purchase_floors":[8],"current_hp_per_floor":[81,79,69,47,74,38,38,38,38,22,18,18,19,3,3,0,0],"gold":95,"neow_bonus":"TEN_PERCENT_HP_BONUS","is_daily":false,"chose_seed":false,"campfire_upgraded":1,"win_rate":0.0,"timestamp":1612605062,"path_taken":["M","M","M","M","?","E","R","$","T","?","M","$","M","E","R","BOSS"],"items_purchased_type":["Card"],"build_version":"2020-12-22","purchased_purges":1,"victory":false,"max_hp_per_floor":[82,82,82,82,82,82,82,82,82,82,82,82,82,82,82,82,82],"card_choices":[{"not_picked":["Reprogram","Sweeping Beam","Conserve Battery"],"picked":"SKIP","floor":1},{"not_picked":["Steam","ReplayTheSpireMod:Repulse"],"picked":"Darkness","floor":2},{"not_picked":["Redo","Skim","ReplayTheSpireMod:Reroute Power"],"picked":"SKIP","floor":3},{"not_picked":["Aggregate","White Noise"],"picked":"Crystallizer","floor":4},{"not_picked":["Rebound","Redo"],"picked":"Coolheaded","floor":6},{"not_picked":["Reboot","Skim","Rebound"],"picked":"SKIP","floor":11},{"not_picked":["Force Field","Panic Button"],"picked":"BasicCrystalCard","floor":13},{"not_picked":["Sweeping Beam","Gash"],"picked":"Cold Snap","floor":14}],"player_experience":108330,"relics_obtained":[{"floor":6,"key":"CaptainsWheel"},{"floor":9,"key":"Bird Faced Urn"},{"floor":14,"key":"Onion Ring"},{"floor":15,"key":"Blue Doll"}],"event_choices":[{"damage_healed":27,"gold_gain":0,"player_choice":"Banana","damage_taken":0,"max_hp_gain":0,"max_hp_loss":0,"event_name":"Big Fish","floor":5,"gold_loss":0},{"damage_healed":0,"gold_gain":0,"player_choice":"Entered Light","damage_taken":16,"max_hp_gain":0,"max_hp_loss":0,"event_name":"Shining Light","floor":10,"gold_loss":0,"cards_upgraded":["Defend_B","Dualcast"]}],"is_beta":false,"boss_relics":[],"items_purged_floors":[8],"is_endless":false,"potions_floor_spawned":[1,3,6,13,14],"killed_by":"The Guardian","ascension_level":2}}