{"host":"5mo0809oo9tcrmpl","time":1612585621,"event":{"mods":["BaseMod","Highlight Path","Minty Spire (QoL Compilation)","Relic Stats","Slay the Relics Exporter"],"gold_per_floor":[112,127,143,153,172,172,198,216,216,228,228,378,436,22,22,95,95,113,113,93,112,112,112],"floor_reached":22,"language":"ENG","playtime":895,"items_purged":["Strike_R"],"score":376,"play_id":"1d27a807-068b-4b74-b852-c40fb4ae317b","local_time":"20210205222701","is_ascension_mode":true,"campfire_choices":[{"data":"Uppercut","floor":6.0,"key":"SMITH"},{"data":"Bash","floor":11.0,"key":"SMITH"},{"data":"Inflame","floor":15.0,"key":"SMITH"}],"circlet_count":0,"master_deck":["AscendersBane","Strike_R","Strike_R","Strike_R","Strike_R","Defend_R","Defend_R","Defend_R","Defend_R","Bash+1","Offering","Anger","Inflame+1","Uppercut+1","Twin Strike","Dropkick","Flex","Whirlwind","Armaments","Doubt","Immolate","Inflame"],"relics":["Burning Blood","PreservedInsect","Eternal Feather","The Courier","Champion Belt","Snecko Eye","MutagenicStrength"],"acts_visited":["Exordium","TheCity"],"potions_floor_usage":[16,21,21,21],"damage_taken":[{"damage":7.0,"enemies":"2 Louse","floor":1.0,"turns":3.0},{"damage":6.0,"enemies":"Small Slimes","floor":2.0,"turns":3.0},{"damage":7.0,"enemies":"Cultist","floor":3.0,"turns":3.0},{"damage":21.0,"enemies":"Lots of Slimes","floor":4.0,"turns":5.0},{"damage":11.0,"enemies":"Exordium Wildlife","floor":5.0,"turns":3.0},{"damage":31.0,"enemies":"3 Sentries","floor":7.0,"turns":6.0},{"damage":10.0,"enemies":"Looter","floor":8.0,"turns":3.0},{"damage":5.0,"enemies":"Blue Slaver","floor":10.0,"turns":4.0},{"damage":24.0,"enemies":"Gremlin Nob","floor":13.0,"turns":4.0},{"damage":10,"enemies":"Hexaghost","floor":16,"turns":8},{"damage":12,"enemies":"Shell Parasite","floor":18,"turns":3},{"damage":47,"enemies":"2 Thieves","floor":21,"turns":4},{"damage":21,"enemies":"Shelled Parasite and Fungi","floor":22,"turns":1}],"seed_played":"4369890790555778162","potions_obtained":[{"floor":2.0,"key":"Strength Potion"},{"floor":4.0,"key":"Swift Potion"},{"floor":7.0,"key":"SpeedPotion"},{"floor":10.0,"key":"Weak Potion"},{"floor":18,"key":"EntropicBrew"},{"floor":20,"key":"LiquidBronze"},{"floor":21,"key":"LiquidMemories"}],"is_trial":false,"path_per_floor":["M","M","M","M","M","R","E","M","T","M","R","?","?","$","R","B",null,"M","?","?","M","M"],"character_chosen":"IRONCLAD","items_purchased":["Champion Belt","HeartOfIron"],"campfire_rested":0,"item_purchase_floors":[14,14],"current_hp_per_floor":[67,67,66,51,46,46,21,17,17,18,30,30,12,12,24,20,61,55,55,55,14,0,0],"gold":112,"neow_bonus":"ONE_RANDOM_RARE_CARD","is_daily":false,"chose_seed":false,"campfire_upgraded":3,"win_rate":0.0,"timestamp":1612585621,"path_taken":["M","M","M","M","M","R","E","M","T","M","R","?","?","$","R","BOSS","M","?","?","M","?"],"items_purchased_type":["Relic","Potion"],"build_version":"2020-12-22","purchased_purges":1,"victory":false,"max_hp_per_floor":[75,75,75,75,75,75,75,75,75,75,75,75,75,75,75,75,75,75,75,75,75,75,75],"relic_stats":{"counters":[13,50],"Snecko Eye":[6,23,12,12],"Eternal Feather":24,"PreservedInsect":22,"Champion Belt":[7],"obtain_stats":[{"MutagenicStrength":19,"Snecko Eye":17,"Eternal Feather":9,"PreservedInsect":7,"The Courier":13,"Champion Belt":14,"Burning Blood":0},{"MutagenicStrength":11,"Snecko Eye":10,"Eternal Feather":7,"PreservedInsect":6,"The Courier":9,"Champion Belt":9,"Burning Blood":0},{"MutagenicStrength":45,"Snecko Eye":42,"Eternal Feather":26,"PreservedInsect":23,"The Courier":34,"Champion Belt":34,"Burning Blood":0}],"Burning Blood":72},"card_choices":[{"not_picked":["Warcry","Body Slam"],"picked":"Anger","floor":1.0},{"not_picked":["Clash","Power Through"],"picked":"Inflame","floor":2.0},{"not_picked":["Reckless Charge","Ghostly Armor"],"picked":"Uppercut","floor":3.0},{"not_picked":["Sword Boomerang","Flex"],"picked":"Twin Strike","floor":4.0},{"not_picked":["Wild Strike","Iron Wave"],"picked":"Dropkick","floor":5.0},{"not_picked":["Bludgeon","Wild Strike"],"picked":"Flex","floor":7.0},{"not_picked":["Body Slam","Dropkick"],"picked":"Whirlwind","floor":8.0},{"not_picked":["Cleave","Headbutt"],"picked":"Armaments","floor":10.0},{"not_picked":["Brutality","Bludgeon"],"picked":"Immolate","floor":16},{"not_picked":["Twin Strike","Thunderclap"],"picked":"Inflame","floor":18},{"not_picked":["Battle Trance","Havoc","Wild Strike"],"picked":"SKIP","floor":21}],"player_experience":1261508,"relics_obtained":[{"floor":7.0,"key":"PreservedInsect"},{"floor":9.0,"key":"Eternal Feather"},{"floor":13.0,"key":"The Courier"}],"event_choices":[{"damage_healed":0.0,"max_hp_gain":0.0,"max_hp_loss":0.0,"gold_gain":150.0,"event_name":"Liars Game","player_choice":"AGREE","floor":12.0,"gold_loss":0.0,"damage_taken":0.0,"cards_obtained":["Doubt"]},{"damage_healed":0.0,"max_hp_gain":0.0,"max_hp_loss":0.0,"gold_gain":0.0,"event_name":"Dead Adventurer","player_choice":"Searched \u00271\u0027 times","floor":13.0,"gold_loss":0.0,"damage_taken":0.0},{"damage_healed":0,"gold_gain":0,"player_choice":"Inject Mutagens","damage_taken":0,"relics_obtained":["MutagenicStrength"],"max_hp_gain":0,"max_hp_loss":0,"event_name":"Drug Dealer","floor":19,"gold_loss":0},{"damage_healed":0,"gold_gain":0,"player_choice":"Bought 1 Potion","damage_taken":0,"max_hp_gain":0,"max_hp_loss":0,"event_name":"The Woman in Blue","floor":20,"gold_loss":0}],"is_beta":false,"boss_relics":[{"not_picked":["Mark of Pain","Runic Pyramid"],"picked":"Snecko Eye"}],"items_purged_floors":[14],"is_endless":false,"potions_floor_spawned":[2,4,7,8,10,18,21],"killed_by":"Shelled Parasite and Fungi","ascension_level":20}}