{"host":"8xqrs3rh9uxfv7nb","time":1612643891,"event":{"mods":["AchievementEnabler","BaseMod","Colored Powertips","FruityMod","Koishi","KomeijiMod","Minty Spire (QoL Compilation)","Permanent Neow","StSLib"],"gold_per_floor":[174,190,201,213,232,267,28,28,54,54,85,85,85,102,102,207,207,227,247,71,71,5,5,33,48,48,63,63,80,167,185,185,287,287,306,306,333,344,123,123,92,92,92,112,112,132,149,167,167,167,167,167,98,129,129],"floor_reached":56,"language":"ENG","playtime":5522,"items_purged":[],"score":1431,"play_id":"d436bbf3-8759-4a1b-bb0b-6388d841ce67","local_time":"20210206213811","is_ascension_mode":false,"campfire_choices":[{"floor":8.0,"key":"REST"},{"data":"Culling","floor":12,"key":"SMITH"},{"data":"SealingFear","floor":15,"key":"SMITH"},{"data":"BadLadyScramble","floor":23,"key":"SMITH"},{"floor":28,"key":"REST"},{"floor":32,"key":"REST"},{"floor":40,"key":"RECALL"},{"data":"BloodyMagicSquare","floor":49,"key":"SMITH"},{"data":"BloodSurge","floor":52,"key":"SMITH"}],"circlet_count":0,"master_deck":["Strike_Remiria","Strike_Remiria","Strike_Remiria","Strike_Remiria","Defend_Remirira","Defend_Remirira","Defend_Remirira","Defend_Remirira","Absorbed","Scratch+1","VampireKiss_Remiria+1","DemonsDinnerFork_Remiria","SealingFear+1","TricksterDevil","StigmaNizer+1","Culling+1","ChainGang","BloodyMagicSquare","SeparateFleshBlood+1","DoubleEdge","BadLadyScramble+1","TricksterDevil+1","BloodyMagicSquare","ServantFlier","Paradox","Tearing","BloodyMagicSquare","BloodySuit","ChainGang","DemonsDinnerFork_Remiria","BloodSurge+1","BloodCoagulation","QueenOfMidnight","Septette","Secret Technique","Apotheosis+1","BloodCollect","CurseofVladTepes","Septette","BloodyMagicSquare+1","Warpath+1","Paradox","Feint+1"],"relics":["UnsealingCross","Omamori","Sling","Ornamental Fan","Orichalcum","Whetstone","Black Star","Art of War","Shuriken","Kunai","Mango","Regal Pillow","MealTicket","ClockworkSouvenir","Ancient Tea Set","Pear","Vajra","Torii","Pen Nib","HandDrill","Potion Belt","Mercury Hourglass","TheAbacus","InkBottle","TungstenRod","Bottled Lightning","Bottled Flame"],"acts_visited":["Exordium","TheCity","TheBeyond","TheEnding"],"potions_floor_usage":[],"damage_taken":[{"damage":0.0,"enemies":"Small Slimes","floor":1.0,"turns":3.0},{"damage":0.0,"enemies":"2 Louse","floor":2.0,"turns":1.0},{"damage":0.0,"enemies":"Cultist","floor":3.0,"turns":3.0},{"damage":6.0,"enemies":"Exordium Thugs","floor":4.0,"turns":4.0},{"damage":7.0,"enemies":"Red Slaver","floor":5.0,"turns":3.0},{"damage":22.0,"enemies":"Gremlin Nob","floor":6.0,"turns":4.0},{"damage":25,"enemies":"Lagavulin","floor":11,"turns":6},{"damage":4,"enemies":"Looter","floor":14,"turns":2},{"damage":34,"enemies":"Hexaghost","floor":16,"turns":7},{"damage":28,"enemies":"Shell Parasite","floor":18,"turns":4},{"damage":23,"enemies":"2 Thieves","floor":19,"turns":4},{"damage":8,"enemies":"Gremlin Leader","floor":24,"turns":3},{"damage":41,"enemies":"Shelled Parasite and Fungi","floor":25,"turns":4},{"damage":31,"enemies":"Snake Plant","floor":27,"turns":3},{"damage":4,"enemies":"Sentry and Sphere","floor":29,"turns":3},{"damage":47,"enemies":"Shelled Parasite and Fungi","floor":31,"turns":7},{"damage":50,"enemies":"Champ","floor":33,"turns":7},{"damage":41,"enemies":"3 Shapes","floor":35,"turns":7},{"damage":1,"enemies":"Orb Walker","floor":38,"turns":2},{"damage":32,"enemies":"Transient","floor":44,"turns":5},{"damage":15,"enemies":"4 Shapes","floor":46,"turns":2},{"damage":12,"enemies":"Maw","floor":47,"turns":6},{"damage":20,"enemies":"Transient","floor":48,"turns":4},{"damage":77,"enemies":"Awakened One","floor":50,"turns":6},{"damage":0,"enemies":"Shield and Spear","floor":54,"turns":2},{"damage":36,"enemies":"The Heart","floor":55,"turns":5}],"seed_played":"6704797540069296230","potions_obtained":[{"floor":2.0,"key":"SteroidPotion"},{"floor":3.0,"key":"ColorlessPotion"},{"floor":4.0,"key":"SpeedPotion"},{"floor":16,"key":"SteroidPotion"},{"floor":29,"key":"FairyPotion"}],"is_trial":false,"path_per_floor":["M","M","M","M","M","E","$","R","T","?","E","R","?","M","R","B",null,"M","M","$","?","$","R","E","M","T","M","R","M","$","M","R","B",null,"M","?","$","M","$","R","$","?","T","M","?","M","M","M","R","B",null,"R","$","E","B",null],"character_chosen":"RemiriaScarlet","items_purchased":["ChainGang","BloodyMagicSquare","Sling","Ornamental Fan","Art of War","Shuriken","BloodyMagicSquare","ServantFlier","Kunai","Mango","Paradox","Tearing","ClockworkSouvenir","Ancient Tea Set","BloodSurge","BloodCoagulation","Pear","Vajra","Apotheosis","Torii","Pen Nib","HandDrill","CurseofVladTepes","Septette","Potion Belt","Mercury Hourglass","TheAbacus","BloodyMagicSquare","TungstenRod","DuplicationPotion"],"campfire_rested":3,"item_purchase_floors":[7,7,7,7,20,20,20,20,22,22,22,22,30,30,30,30,37,37,37,39,39,39,39,39,41,41,41,41,53,53],"current_hp_per_floor":[100,100,100,94,87,65,65,95,95,100,94,94,74,70,70,54,100,83,67,67,100,114,114,107,75,75,48,97,93,108,61,110,113,114,73,73,98,105,120,120,124,124,124,124,124,109,124,124,124,124,124,124,124,124,88],"gold":129,"neow_bonus":"THREE_CARDS","is_daily":false,"chose_seed":false,"campfire_upgraded":5,"win_rate":0.0,"timestamp":1612643891,"path_taken":["M","M","M","M","M","E","$","R","T","?","E","R","?","M","R","BOSS","M","M","$","?","?","R","E","M","T","M","R","M","$","?","R","BOSS","M","?","$","M","$","R","$","?","T","?","?","M","M","M","R","BOSS","R","$","E","BOSS"],"items_purchased_type":["Card","Card","Relic","Relic","Relic","Relic","Card","Card","Relic","Relic","Card","Card","Relic","Relic","Card","Card","Relic","Relic","Card","Relic","Relic","Relic","Card","Card","Relic","Relic","Relic","Card","Relic","Potion"],"build_version":"2020-12-22","purchased_purges":0,"victory":true,"max_hp_per_floor":[100,100,100,100,100,100,100,100,100,100,100,100,100,100,100,100,100,100,100,100,100,114,114,114,114,114,114,114,114,114,114,114,114,114,114,114,124,124,124,124,124,124,124,124,124,124,124,124,124,124,124,124,124,124,124],"card_choices":[{"not_picked":["FateMeister","Impregnable"],"picked":"VampireKiss_Remiria","floor":0.0},{"not_picked":["FastHealing","Tepes"],"picked":"DemonsDinnerFork_Remiria","floor":1.0},{"not_picked":["BloodCollect","RocketKickup"],"picked":"SealingFear","floor":2.0},{"not_picked":["DamonLordCradle_Remiria","DemonLordWalk"],"picked":"TricksterDevil","floor":3.0},{"not_picked":["FastHealing","BloodySuit","Reaper_Remiria"],"picked":"SKIP","floor":4.0},{"not_picked":["Culling","ThirstForBlood"],"picked":"StigmaNizer","floor":5.0},{"not_picked":["FierceSweep","BloodySuit"],"picked":"Culling","floor":6.0},{"not_picked":["Tepes","DemonsDinnerFork_Remiria"],"picked":"SeparateFleshBlood","floor":11},{"not_picked":["Impregnable","RocketKickup"],"picked":"DoubleEdge","floor":14},{"not_picked":["RemiliaStretch_Remiria","BombardNight"],"picked":"BadLadyScramble","floor":16},{"not_picked":["DoubleEdge","Cripple"],"picked":"Offensive+1","floor":18},{"not_picked":["Rewrite+1","Cripple"],"picked":"TricksterDevil+1","floor":19},{"not_picked":["ServantFlier","DemonsDinnerFork_Remiria"],"picked":"BloodyMagicSquare","floor":24},{"not_picked":["ThirstForBlood+1","NightDance+1"],"picked":"BloodySuit","floor":25},{"not_picked":["StigmaNizer","NaturallyHealing"],"picked":"ChainGang","floor":27},{"not_picked":["BodyStrengthen","CombatMeter"],"picked":"DemonsDinnerFork_Remiria","floor":29},{"not_picked":["Cripple","BloodCleaner"],"picked":"QueenOfMidnight","floor":31},{"not_picked":["RemiliaStretch_Remiria","FateConcerto"],"picked":"Septette","floor":33},{"not_picked":["DamonLordCradle_Remiria","FierceSweep+1","BloodySuit"],"picked":"SKIP","floor":35},{"not_picked":["Flash of Steel","PanicButton"],"picked":"Secret Technique","floor":36},{"not_picked":["Cripple+1","FateCollect+1"],"picked":"BloodCollect","floor":38},{"not_picked":["ThePrice","FateCollect"],"picked":"Warpath+1","floor":44},{"not_picked":["StigmaNizer","RocketKickup","DemonLordWalk"],"picked":"SKIP","floor":46},{"not_picked":["QueenOfMidnight","Rewrite","CombatMeter"],"picked":"SKIP","floor":47},{"not_picked":["VampireKiss_Remiria+1","NaturallyHealing"],"picked":"Paradox","floor":48},{"not_picked":["Rewrite","BloodySuit"],"picked":"Feint+1","floor":54}],"player_experience":167730,"relics_obtained":[{"floor":6.0,"key":"Omamori"},{"floor":9.0,"key":"Orichalcum"},{"floor":11,"key":"Whetstone"},{"floor":24,"key":"Regal Pillow"},{"floor":24,"key":"MealTicket"},{"floor":43,"key":"InkBottle"},{"floor":54,"key":"Bottled Lightning"},{"floor":54,"key":"Bottled Flame"}],"event_choices":[{"damage_healed":0,"gold_gain":0,"player_choice":"Entered Light","damage_taken":20,"max_hp_gain":0,"max_hp_loss":0,"event_name":"Shining Light","floor":13,"gold_loss":0,"cards_upgraded":["Scratch","SeparateFleshBlood"]},{"cards_removed":["Offensive"],"damage_healed":33,"gold_gain":0,"player_choice":"Offered Uncommon","damage_taken":0,"max_hp_gain":0,"max_hp_loss":0,"event_name":"Bonfire Elementals","floor":21,"gold_loss":0},{"damage_healed":0,"gold_gain":0,"player_choice":"Memory 1","damage_taken":0,"max_hp_gain":0,"max_hp_loss":0,"event_name":"SensoryStone","floor":36,"gold_loss":0},{"damage_healed":0,"gold_gain":0,"player_choice":"Upgraded","damage_taken":0,"max_hp_gain":0,"max_hp_loss":0,"event_name":"Upgrade Shrine","floor":42,"gold_loss":0,"cards_upgraded":["Apotheosis"]},{"damage_healed":0,"gold_gain":0,"player_choice":"Ignored","damage_taken":0,"max_hp_gain":0,"max_hp_loss":0,"event_name":"Purifier","floor":45,"gold_loss":0}],"is_beta":false,"boss_relics":[{"not_picked":["SacredBark","Cursed Key"],"picked":"Black Star"},{"not_picked":["Pandora\u0027s Box","Velvet Choker"],"picked":"UnsealingCross"}],"items_purged_floors":[],"is_endless":false,"potions_floor_spawned":[2,3,4,6,16,18,19,27,29,35,38,46],"ascension_level":0}}