{"host":"mnpd8gh7cwxsn5kh","time":1612642655,"event":{"mods":["BaseMod","Bestiary","Block Reminder","Colored Map","Colored Powertips","Highlight Path","Minty Spire (QoL Compilation)","Relic Sorter","Relic Stats"],"gold_per_floor":[17,35,35,47,122,152,152,181,218,230,261,273,316,121,121,222,222,239,256,41,53,53,86,86,120,120,120,120],"floor_reached":27,"language":"ENG","playtime":2721,"items_purged":["Defend_P","Strike_P"],"score":404,"play_id":"aac39662-8cf7-43e5-9a7b-50812c2a2ca3","local_time":"20210206211735","is_ascension_mode":true,"campfire_choices":[{"floor":7,"key":"REST"},{"data":"Eruption","floor":12,"key":"SMITH"},{"floor":15,"key":"REST"},{"floor":24,"key":"REST"}],"circlet_count":0,"master_deck":["AscendersBane","Strike_P","Strike_P+1","Defend_P","Defend_P+1","Defend_P+1","Eruption+1","Vigilance+1","LessonLearned+1","Conclude","Protect+1","BowlingBash+1","Collect+1","CutThroughFate","ClearTheMind","Tantrum+1","Evaluate","Blasphemy","ThirdEye","ClearTheMind+1","Tantrum","LikeWater","CarveReality","EmptyMind+1","Fasting2+1"],"relics":["PureWater","Juzu Bracelet","MawBank","Blood Vial","Bronze Scales","Sozu","Shuriken","Tiny Chest","Singing Bowl"],"acts_visited":["Exordium","TheCity"],"potions_floor_usage":[8,13,16,16,25],"damage_taken":[{"damage":5,"enemies":"Small Slimes","floor":1,"turns":4},{"damage":2,"enemies":"2 Louse","floor":2,"turns":3},{"damage":0,"enemies":"Jaw Worm","floor":4,"turns":2},{"damage":8,"enemies":"3 Sentries","floor":6,"turns":4},{"damage":6,"enemies":"Lagavulin","floor":8,"turns":7},{"damage":8,"enemies":"Blue Slaver","floor":11,"turns":8},{"damage":10,"enemies":"3 Sentries","floor":13,"turns":6},{"damage":8,"enemies":"Hexaghost","floor":16,"turns":10},{"damage":6,"enemies":"2 Thieves","floor":18,"turns":4},{"damage":6,"enemies":"Spheric Guardian","floor":19,"turns":6},{"damage":19,"enemies":"Shelled Parasite and Fungi","floor":21,"turns":5},{"damage":25,"enemies":"Book of Stabbing","floor":23,"turns":5},{"damage":2,"enemies":"Slavers","floor":25,"turns":2},{"damage":78,"enemies":"Snecko","floor":27,"turns":5}],"seed_played":"4009734198681429189","potions_obtained":[{"floor":1,"key":"DuplicationPotion"},{"floor":4,"key":"Weak Potion"},{"floor":8,"key":"Fire Potion"},{"floor":13,"key":"Dexterity Potion"},{"floor":16,"key":"DuplicationPotion"}],"is_trial":false,"path_per_floor":["M","M","?","M","?","E","R","E","T","?","M","R","E","$","R","B",null,"M","M","$","M","?","E","R","E","T","M"],"character_chosen":"WATCHER","items_purchased":["Tantrum","Evaluate","Tantrum","LikeWater"],"campfire_rested":3,"item_purchase_floors":[14,14,20,20],"current_hp_per_floor":[60,58,51,51,40,32,53,47,47,47,41,41,33,33,54,48,66,62,58,58,41,41,18,39,39,39,0,0],"gold":120,"neow_bonus":"THREE_RARE_CARDS","is_daily":false,"chose_seed":false,"campfire_upgraded":1,"win_rate":0.0,"timestamp":1612642655,"path_taken":["M","M","?","M","?","E","R","E","T","?","M","R","E","?","R","BOSS","M","M","$","M","?","E","R","E","T","M"],"items_purchased_type":["Card","Card","Card","Card"],"build_version":"2020-12-22","purchased_purges":2,"victory":false,"max_hp_per_floor":[72,72,72,72,72,72,72,72,72,72,72,72,72,72,72,72,72,72,72,72,72,72,72,72,72,72,72,72],"relic_stats":{"Blood Vial":18,"Sozu":2,"Singing Bowl":0,"counters":[14,71],"Shuriken":[2],"Bronze Scales":[138],"Tiny Chest":0,"Juzu Bracelet":0,"MawBank":72,"obtain_stats":[{"Blood Vial":9,"Sozu":17,"Singing Bowl":26,"Shuriken":23,"Bronze Scales":13,"Tiny Chest":25,"Juzu Bracelet":6,"PureWater":0,"MawBank":8},{"Blood Vial":5,"Sozu":8,"Singing Bowl":13,"Shuriken":12,"Bronze Scales":7,"Tiny Chest":13,"Juzu Bracelet":4,"PureWater":0,"MawBank":5},{"Blood Vial":20,"Sozu":44,"Singing Bowl":66,"Shuriken":64,"Bronze Scales":34,"Tiny Chest":66,"Juzu Bracelet":13,"PureWater":0,"MawBank":20}]},"card_choices":[{"not_picked":["Wish","Omniscience"],"picked":"LessonLearned","floor":0},{"not_picked":["Halt","Study"],"picked":"Conclude","floor":1},{"not_picked":["Halt","Protect","FearNoEvil"],"picked":"SKIP","floor":2},{"not_picked":["Halt","FearNoEvil"],"picked":"Protect","floor":2},{"not_picked":["BowlingBash","Perseverance","Crescendo"],"picked":"SKIP","floor":4},{"not_picked":["Perseverance","Crescendo"],"picked":"BowlingBash","floor":4},{"not_picked":["Indignation","PathToVictory","EmptyBody"],"picked":"SKIP","floor":6},{"not_picked":["Conclude","SignatureMove"],"picked":"Collect","floor":8},{"not_picked":["FollowUp","EmptyBody"],"picked":"CutThroughFate","floor":11},{"not_picked":["FlyingSleeves","FollowUp"],"picked":"ClearTheMind","floor":13},{"not_picked":["Judgement","Alpha"],"picked":"Blasphemy","floor":16},{"not_picked":["FlyingSleeves","SashWhip"],"picked":"ThirdEye","floor":18},{"not_picked":["EmptyBody","Sanctity"],"picked":"ClearTheMind+1","floor":19},{"not_picked":["Study+1","JustLucky+1"],"picked":"CarveReality","floor":21},{"not_picked":["SandsOfTime","CrushJoints+1"],"picked":"EmptyMind+1","floor":23},{"not_picked":["Vengeance","Protect"],"picked":"Fasting2+1","floor":25}],"player_experience":355841,"relics_obtained":[{"floor":6,"key":"Juzu Bracelet"},{"floor":8,"key":"MawBank"},{"floor":9,"key":"Blood Vial"},{"floor":13,"key":"Bronze Scales"},{"floor":23,"key":"Shuriken"},{"floor":25,"key":"Tiny Chest"},{"floor":26,"key":"Singing Bowl"}],"event_choices":[{"cards_removed":["Strike_P"],"damage_healed":0,"gold_gain":0,"player_choice":"Card Removal","damage_taken":7,"max_hp_gain":0,"max_hp_loss":0,"event_name":"Golden Wing","floor":3,"gold_loss":0},{"damage_healed":0,"gold_gain":75,"player_choice":"Gather Gold","damage_taken":11,"max_hp_gain":0,"max_hp_loss":0,"event_name":"World of Goop","floor":5,"gold_loss":0},{"damage_healed":0,"gold_gain":0,"player_choice":"Ignored","damage_taken":0,"max_hp_gain":0,"max_hp_loss":0,"event_name":"Liars Game","floor":10,"gold_loss":0},{"damage_healed":0,"gold_gain":0,"player_choice":"Ignored","damage_taken":0,"max_hp_gain":0,"max_hp_loss":0,"event_name":"Cursed Tome","floor":22,"gold_loss":0}],"is_beta":false,"boss_relics":[{"not_picked":["Pandora\u0027s Box","Busted Crown"],"picked":"Sozu"}],"items_purged_floors":[14,20],"is_endless":false,"potions_floor_spawned":[1,4,8,13,16,18,23],"killed_by":"Snecko","ascension_level":10}}