{"host":"kvo7eymyd21g9abd","time":1612579333,"event":{"mods":["AchievementEnabler","BaseMod","Bestiary","Colored Map","Minty Spire (QoL Compilation)","StSLib"],"gold_per_floor":[15,33,48,148,165,195,195,212,212,222,235,189,189,223,223,223,223],"floor_reached":16,"language":"ENG","playtime":784,"items_purged":[],"score":131,"play_id":"1e242916-c54e-4b56-9d88-eb6d9c877b11","local_time":"20210205214213","is_ascension_mode":true,"campfire_choices":[{"floor":7,"key":"RECALL"},{"floor":15,"key":"REST"}],"circlet_count":0,"master_deck":["Strike_P","Strike_P","Strike_P","Strike_P","Defend_P","Defend_P","Defend_P","Defend_P","Eruption","Vigilance","ClearTheMind","Evaluate","EmptyFist","Perseverance","DeusExMachina","EmptyBody","Evaluate","Vault"],"relics":["PureWater","CloakClasp","Ice Cream","Art of War"],"acts_visited":["Exordium"],"potions_floor_usage":[3,14,14,16],"damage_taken":[{"damage":0,"enemies":"2 Louse","floor":1,"turns":3},{"damage":8,"enemies":"Cultist","floor":2,"turns":3},{"damage":0,"enemies":"Jaw Worm","floor":3,"turns":6},{"damage":2,"enemies":"Looter","floor":5,"turns":2},{"damage":27,"enemies":"3 Sentries","floor":6,"turns":9},{"damage":9,"enemies":"3 Louse","floor":8,"turns":4},{"damage":0,"enemies":"Exordium Thugs","floor":10,"turns":6},{"damage":0,"enemies":"Large Slime","floor":11,"turns":7},{"damage":20,"enemies":"Gremlin Nob","floor":14,"turns":6},{"damage":36,"enemies":"Slime Boss","floor":16,"turns":12}],"seed_played":"3136174354371058848","potions_obtained":[{"floor":1,"key":"GamblersBrew"},{"floor":3,"key":"BottledMiracle"},{"floor":8,"key":"Dexterity Potion"},{"floor":11,"key":"SteroidPotion"}],"is_trial":false,"path_per_floor":["M","M","M","?","M","E","R","M","T","M","M","?","?","E","R","B"],"character_chosen":"WATCHER","items_purchased":[],"campfire_rested":1,"item_purchase_floors":[],"current_hp_per_floor":[72,64,64,64,62,35,35,26,26,26,26,26,26,6,27,0,0],"gold":223,"neow_bonus":"ONE_RARE_RELIC","is_daily":false,"chose_seed":false,"campfire_upgraded":0,"win_rate":0.0,"timestamp":1612579333,"path_taken":["M","M","M","?","M","E","R","?","T","M","M","?","?","E","R","BOSS"],"items_purchased_type":[],"build_version":"2020-12-22","purchased_purges":0,"victory":false,"max_hp_per_floor":[72,72,72,72,72,72,72,72,72,72,72,72,72,72,72,72,72],"card_choices":[{"not_picked":["CrushJoints","FollowUp"],"picked":"ClearTheMind","floor":1},{"not_picked":["Vengeance","EmptyMind"],"picked":"Evaluate","floor":2},{"not_picked":["Weave","Tantrum"],"picked":"EmptyFist","floor":3},{"not_picked":["JustLucky","Wireheading"],"picked":"Perseverance","floor":5},{"not_picked":["EmptyMind","Consecrate"],"picked":"DeusExMachina","floor":6},{"not_picked":["Halt","PathToVictory","Worship"],"picked":"SKIP","floor":8},{"not_picked":["FollowUp","Halt"],"picked":"EmptyBody","floor":10},{"not_picked":["Weave","Prostrate"],"picked":"Evaluate","floor":11},{"not_picked":["ClearTheMind","Omniscience"],"picked":"Vault","floor":14}],"player_experience":445700,"relics_obtained":[{"floor":6,"key":"Ice Cream"},{"floor":14,"key":"Art of War"}],"event_choices":[{"damage_healed":0,"gold_gain":100,"player_choice":"Gold","damage_taken":0,"max_hp_gain":0,"max_hp_loss":0,"event_name":"Wheel of Change","floor":4,"gold_loss":0},{"damage_healed":0,"gold_gain":0,"player_choice":"Left Gold","damage_taken":0,"max_hp_gain":0,"max_hp_loss":0,"event_name":"World of Goop","floor":12,"gold_loss":46},{"damage_healed":0,"gold_gain":0,"player_choice":"Ignored","damage_taken":0,"max_hp_gain":0,"max_hp_loss":0,"event_name":"Shining Light","floor":13,"gold_loss":0}],"is_beta":false,"boss_relics":[],"items_purged_floors":[],"is_endless":false,"potions_floor_spawned":[1,3,8,11],"killed_by":"Slime Boss","ascension_level":3}}