{"host":"dxgv5rrg6e29tc63","time":1612607329,"event":{"mods":["BaseMod","Colored Map","Downfall","Minty Spire (QoL Compilation)","StSLib"],"gold_per_floor":[99,118,133,151,164,182,182,513,513,527,527,554,554,554,573,670,670,570,570,570,570],"floor_reached":19,"language":"ENG","playtime":1116,"items_purged":[],"score":179,"play_id":"119f7ed7-bb5f-41e8-a0d3-bfe02224dfbc","local_time":"20210206022849","is_ascension_mode":false,"campfire_choices":[{"data":"Slimebound:Split","floor":1,"key":"SMITH"},{"data":"Slimebound:Repurpose","floor":11,"key":"SMITH"},{"floor":18,"key":"DIG"}],"circlet_count":0,"master_deck":["Slimebound:Strike_Slimebound","Slimebound:Strike_Slimebound","Slimebound:Tackle","Slimebound:Defend_Slimebound","Slimebound:Defend_Slimebound","Slimebound:Defend_Slimebound","Slimebound:Defend_Slimebound","Slimebound:Split+1","Slimebound:CorrosiveSpit","Slimebound:SplitAcid","Slimebound:SplitMire","Slimebound:RejuvenatingLick","Slimebound:Dissolve","Slimebound:ProtectTheBoss","Slimebound:Repurpose+1","Slimebound:GoopSpray","Strike_B","Slimebound:DouseInSlime","Slimebound:FirmFortitude"],"relics":["Slimebound:AbsorbEndCombat","Ginger","Old Coin","Shovel","Boot","Velvet Choker","downfall:HeartBlessingGreen","Bronze Scales"],"acts_visited":["Exordium","TheCity"],"potions_floor_usage":[12,12],"damage_taken":[{"damage":4,"enemies":"Cultist","floor":2,"turns":4},{"damage":6,"enemies":"Jaw Worm","floor":3,"turns":3},{"damage":10,"enemies":"Small Slimes","floor":4,"turns":2},{"damage":14,"enemies":"2 Fungi Beasts","floor":5,"turns":4},{"damage":9,"enemies":"Red Slaver","floor":6,"turns":3},{"damage":16,"enemies":"Gremlin Nob","floor":8,"turns":3},{"damage":0,"enemies":"Blue Slaver","floor":10,"turns":3},{"damage":15,"enemies":"3 Sentries","floor":12,"turns":8},{"damage":4,"enemies":"Red Slaver","floor":15,"turns":3},{"damage":12,"enemies":"SI_SHIV_ARCHETYPE","floor":16,"turns":5},{"damage":0,"enemies":"Chosen","floor":19,"turns":1}],"seed_played":"-3071028334503107441","potions_obtained":[{"floor":2,"key":"Dexterity Potion"},{"floor":6,"key":"Swift Potion"},{"floor":8,"key":"FearPotion"},{"floor":12,"key":"SteroidPotion"},{"floor":15,"key":"Slimebound:SlimedPotion"}],"is_trial":false,"path_per_floor":["R","M","M","M","M","M","T","E","?","M","R","E","?","?","M","B",null,"R","M"],"character_chosen":"SLIMEBOUND","items_purchased":[],"campfire_rested":0,"item_purchase_floors":[],"current_hp_per_floor":[71,69,67,57,47,42,42,32,32,36,36,29,26,26,24,18,71,71,71,71,71],"gold":570,"neow_bonus":"TEN_PERCENT_HP_BONUS","is_daily":false,"chose_seed":false,"campfire_upgraded":2,"win_rate":0.0,"timestamp":1612607329,"path_taken":["R","M","?","M","M","M","T","E","?","M","R","E","?","?","M","BOSS","R","M"],"items_purchased_type":[],"build_version":"2020-12-22","purchased_purges":0,"victory":false,"max_hp_per_floor":[71,71,71,71,71,71,71,71,71,71,71,71,71,71,71,71,71,71,71,71,71],"card_choices":[{"not_picked":["Slimebound:TongueLash","Slimebound:LeechEnergy"],"picked":"Slimebound:SplitAcid","floor":2},{"not_picked":["Slimebound:PressTheAttack","Slimebound:LeechingTouch"],"picked":"Slimebound:SplitMire","floor":3},{"not_picked":["Slimebound:LeadByExample","Slimebound:Repurpose"],"picked":"Slimebound:RejuvenatingLick","floor":4},{"not_picked":["Slimebound:SplitAcid","Slimebound:TongueLash"],"picked":"Slimebound:Dissolve","floor":5},{"not_picked":["Slimebound:LeechEnergy","Slimebound:SplitLeeching"],"picked":"Slimebound:Nibble","floor":6},{"not_picked":["Slimebound:MegaLick","Slimebound:AcidTongue"],"picked":"Slimebound:ProtectTheBoss","floor":8},{"not_picked":["Slimebound:Prepare","Slimebound:LeechingTouch"],"picked":"Slimebound:Repurpose","floor":10},{"not_picked":["Slimebound:Chomp","Slimebound:Grow"],"picked":"Slimebound:GoopSpray","floor":12},{"not_picked":["Slimebound:SplitMire","Slimebound:HauntingLick"],"picked":"Slimebound:DouseInSlime","floor":15},{"not_picked":["Slimebound:PrepareCrush","Slimebound:MassRepurpose"],"picked":"Slimebound:FirmFortitude","floor":16}],"player_experience":366742,"relics_obtained":[{"floor":7,"key":"Ginger"},{"floor":8,"key":"Old Coin"},{"floor":12,"key":"Shovel"},{"floor":18,"key":"Bronze Scales"}],"event_choices":[{"damage_healed":0,"gold_gain":0,"player_choice":"Success","damage_taken":3,"relics_obtained":["Boot"],"max_hp_gain":0,"max_hp_loss":0,"event_name":"Scrap Ooze","floor":13,"gold_loss":0},{"cards_removed":["Slimebound:Nibble"],"damage_healed":0,"gold_gain":0,"player_choice":"Took Card","damage_taken":0,"max_hp_gain":0,"max_hp_loss":0,"event_name":"NoteForYourself","floor":14,"gold_loss":0,"cards_obtained":["Strike_B"]}],"is_beta":false,"boss_relics":[{"not_picked":["Sozu","Snecko Eye"],"picked":"Velvet Choker"}],"items_purged_floors":[],"is_endless":false,"potions_floor_spawned":[2,6,8,12,15],"killed_by":"Chosen","ascension_level":0}}