{"host":"lmshf3swj20gmdor","time":1612601088,"event":{"mods":["2.2 Compatiblity","BaseMod","Conspire","Downfall","Googly Eyes","Hubris","Minty Spire (QoL Compilation)","Replay The Spire","Spikes Relics","StSLib","Synergy Search","The Servant 0.9.4"],"gold_per_floor":[112,112,48,48,65,65,91,133,188,66,96,96,96,121,121,248,248,264,264],"floor_reached":18,"language":"ENG","playtime":713,"items_purged":[],"score":208,"play_id":"566d24dc-9a3e-4ca5-b958-13bdf078699f","local_time":"20210206084448","is_ascension_mode":false,"campfire_choices":[{"data":"Duplication","floor":6,"key":"SMITH"},{"data":"SilverBlades","floor":13,"key":"SMITH"},{"data":"FloweringNight","floor":15,"key":"SMITH"}],"circlet_count":0,"master_deck":["Strike_S","Strike_S","Strike_S","Strike_S","Defend_S","Defend_S","Defend_S","Defend_S","KidneyShot","Exchange","Deep Breath","Ricochet","Duplication+1","BottledTime","Manipulate","SilverBlades+1","Moonlight","Pain","FloweringNight+1","Embodiment"],"relics":["Uniform","MealTicket","LugNut","hubris:TenFootPole","Replay:Bandana","WarpedTongs","hubris:TerracottaHorce"],"acts_visited":["Exordium","TheCity"],"potions_floor_usage":[16,16],"damage_taken":[{"damage":0,"enemies":"2 Louse","floor":1,"turns":2},{"damage":4,"enemies":"Cultist","floor":5,"turns":3},{"damage":26,"enemies":"3 Sentries","floor":7,"turns":5},{"damage":3,"enemies":"Jaw Worm","floor":11,"turns":3},{"damage":11,"enemies":"Blue Slaver","floor":14,"turns":3},{"damage":3,"enemies":"Fading Forest","floor":16,"turns":11},{"damage":63,"enemies":"conspire:FuzzyDice","floor":18,"turns":4}],"seed_played":"-3743038104713068243","potions_obtained":[{"floor":1,"key":"Strength Potion"},{"floor":5,"key":"Fire Potion"},{"floor":8,"key":"Elixir"},{"floor":8,"key":"Strength Potion"}],"is_trial":false,"path_per_floor":["M","$","?","$","M","R","E","?","T","$","M","?","R","M","R","B",null,"M"],"character_chosen":"THE_SERVANT","items_purchased":["LugNut","SilverBlades","Moonlight"],"campfire_rested":0,"item_purchase_floors":[4,10,10],"current_hp_per_floor":[65,65,65,49,45,45,19,11,11,26,23,23,23,12,12,28,56,0,0],"gold":264,"neow_bonus":"RANDOM_COLORLESS","is_daily":false,"chose_seed":false,"campfire_upgraded":3,"win_rate":0.0,"timestamp":1612601088,"path_taken":["M","$","?","?","M","R","E","?","T","$","M","?","R","M","R","BOSS","M"],"items_purchased_type":["Relic","Card","Card"],"build_version":"2020-12-22","purchased_purges":0,"victory":false,"max_hp_per_floor":[65,65,65,65,65,65,65,65,65,65,65,65,65,65,65,65,65,65,65],"card_choices":[{"not_picked":["hubris:Ssssneak","Survey Options"],"picked":"Deep Breath","floor":0},{"not_picked":["Rewind","ShatteredReality"],"picked":"Ricochet","floor":1},{"not_picked":["Revamp","DoubleEdge"],"picked":"Duplication","floor":5},{"not_picked":["SpecialFormula","Rewind"],"picked":"BottledTime","floor":7},{"not_picked":["Rewind","BottledTime"],"picked":"Manipulate","floor":8},{"not_picked":["Alleviate","Potential","Revamp"],"picked":"SKIP","floor":11},{"not_picked":["Starlight","Unruled"],"picked":"FloweringNight","floor":14},{"not_picked":["MurderousAura","Duplication"],"picked":"Embodiment","floor":16}],"player_experience":784333,"relics_obtained":[{"floor":7,"key":"hubris:TenFootPole"},{"floor":9,"key":"Replay:Bandana"}],"event_choices":[{"damage_healed":0,"gold_gain":0,"player_choice":"Paid Gold","damage_taken":0,"relics_obtained":["MealTicket"],"max_hp_gain":0,"max_hp_loss":0,"event_name":"WeMeetAgain","floor":3,"gold_loss":64},{"damage_healed":0,"gold_gain":0,"player_choice":"Rummage","damage_taken":0,"relics_obtained":["WarpedTongs"],"max_hp_gain":0,"max_hp_loss":0,"event_name":"Accursed Blacksmith","floor":12,"gold_loss":0,"cards_obtained":["Pain"]}],"is_beta":false,"boss_relics":[{"not_picked":["Astrolabe","hubris:VirtuousBlindfold"],"picked":"hubris:TerracottaHorce"}],"items_purged_floors":[],"is_endless":false,"potions_floor_spawned":[1,5,11],"killed_by":"conspire:FuzzyDice","ascension_level":0}}