{"host":"s0rqbuvjzggdtc2s","time":1612585765,"event":{"mods":["ATMod(°¢èªMod)","BaseMod","Curses Come First","Minty Spire (QoL Compilation)","StSLib","¡¾ÒÅÎï¿¨ÅÆ¡¿REMEMod"],"gold_per_floor":[111,111,127,77,93,93,128,146,146,146,169,169,180,211,211,316,316,334,334,26,37,47,47,47],"floor_reached":23,"language":"ZHS","playtime":834,"items_purged":[],"score":201,"play_id":"9e1baff4-7a0f-4e34-b864-20b2f13f8adf","local_time":"20210206122925","is_ascension_mode":false,"campfire_choices":[{"data":"White Noise","floor":6,"key":"SMITH"},{"data":"Dualcast","floor":12,"key":"SMITH"},{"floor":15,"key":"RECALL"}],"circlet_count":0,"master_deck":["Strike_B","Strike_B","Defend_B","Defend_B","Defend_B","Zap","Dualcast+1","AT_WaterDrop","REME_Whirling","Ball Lightning","Leap","White Noise+1","Aggregate+1","Leap","Hologram","Cold Snap","Fission","AT_ThreeBodyProblem","REME_AllRoundStrike","Blizzard","REME_DataAnalysis"],"relics":["Cracked Core","AT_ATBox","REME_ComplimentaryCards","NeowsBlessing","AT_ChloranthyRing","Akabeko","Eternal Feather","Busted Crown","Runic Capacitor"],"acts_visited":["Exordium","TheCity"],"potions_floor_usage":[],"damage_taken":[{"damage":0,"enemies":"Cultist","floor":1,"turns":1},{"damage":0,"enemies":"2 Louse","floor":3,"turns":1},{"damage":0,"enemies":"Small Slimes","floor":5,"turns":1},{"damage":4,"enemies":"Lagavulin","floor":7,"turns":6},{"damage":0,"enemies":"Blue Slaver","floor":8,"turns":4},{"damage":0,"enemies":"3 Louse","floor":13,"turns":3},{"damage":7,"enemies":"3 Sentries","floor":14,"turns":7},{"damage":52,"enemies":"Slime Boss","floor":16,"turns":13},{"damage":15,"enemies":"3 Byrds","floor":18,"turns":5},{"damage":3,"enemies":"Spheric Guardian","floor":21,"turns":3},{"damage":11,"enemies":"Shelled Parasite and Fungi","floor":22,"turns":6},{"damage":47,"enemies":"Gremlin Leader","floor":23,"turns":5}],"seed_played":"5039421698666245173","potions_obtained":[{"floor":3,"key":"SteroidPotion"},{"floor":5,"key":"SpeedPotion"},{"floor":16,"key":"AttackPotion"},{"floor":22,"key":"PowerPotion"}],"is_trial":false,"path_per_floor":["M","?","M","?","M","R","E","M","T","?","T","R","M","E","R","B",null,"M","?","$","M","M","E"],"character_chosen":"DEFECT","items_purchased":["Runic Capacitor","REME_AllRoundStrike"],"campfire_rested":0,"item_purchase_floors":[20,20],"current_hp_per_floor":[75,75,75,75,75,75,71,71,71,71,71,71,71,64,73,21,75,60,60,60,57,46,0,0],"gold":47,"neow_bonus":"THREE_ENEMY_KILL","is_daily":false,"chose_seed":false,"campfire_upgraded":2,"win_rate":0.0,"timestamp":1612585765,"path_taken":["M","?","?","?","M","R","E","M","T","?","?","R","M","E","R","BOSS","M","?","$","M","?","E"],"items_purchased_type":["Relic","Card"],"build_version":"2020-12-22","purchased_purges":0,"victory":false,"max_hp_per_floor":[75,75,75,75,75,75,75,75,75,75,75,75,75,75,75,75,75,75,75,75,75,75,75,75],"card_choices":[{"not_picked":["Cold Snap","REME_SelfUpgrade"],"picked":"Ball Lightning","floor":1},{"not_picked":["Stack","Sunder"],"picked":"Leap","floor":3},{"not_picked":["Scrape","Streamline"],"picked":"White Noise","floor":5},{"not_picked":["Beam Cell","Stack"],"picked":"Aggregate","floor":7},{"not_picked":["Recycle","Barrage"],"picked":"Leap","floor":8},{"not_picked":["Steam","Consume"],"picked":"Hologram","floor":13},{"not_picked":["Beam Cell","AT_HeatAcrobatics"],"picked":"Cold Snap","floor":14},{"not_picked":["Amplify","AT_WaterDrop"],"picked":"Fission","floor":16},{"not_picked":["Steam Power"],"picked":"SKIP","floor":18},{"not_picked":[],"picked":"Blizzard","floor":21},{"not_picked":[],"picked":"REME_DataAnalysis","floor":22}],"player_experience":211395,"relics_obtained":[{"floor":7,"key":"AT_ChloranthyRing"},{"floor":11,"key":"Akabeko"},{"floor":14,"key":"Eternal Feather"}],"event_choices":[{"cards_removed":["Strike_B"],"damage_healed":0,"gold_gain":0,"player_choice":"Offered Basic","damage_taken":0,"max_hp_gain":0,"max_hp_loss":0,"event_name":"Bonfire Elementals","floor":2,"gold_loss":0},{"cards_removed":["Strike_B"],"damage_healed":0,"gold_gain":0,"player_choice":"Card Removal","damage_taken":0,"max_hp_gain":0,"max_hp_loss":0,"event_name":"The Cleric","floor":4,"gold_loss":50},{"damage_healed":0,"gold_gain":0,"player_choice":"Grow","damage_taken":0,"max_hp_gain":0,"max_hp_loss":0,"event_name":"Living Wall","floor":10,"gold_loss":0,"cards_upgraded":["Aggregate"]},{"damage_healed":0,"gold_gain":0,"cards_transformed":["Defend_B"],"player_choice":"Transformed","damage_taken":0,"max_hp_gain":0,"max_hp_loss":0,"event_name":"Transmorgrifier","floor":19,"gold_loss":0,"cards_obtained":["AT_ThreeBodyProblem"]}],"is_beta":false,"boss_relics":[{"not_picked":["SlaversCollar","Coffee Dripper"],"picked":"Busted Crown"}],"items_purged_floors":[],"is_endless":false,"potions_floor_spawned":[3,5,16,21,22],"killed_by":"Gremlin Leader","ascension_level":0}}