{"host":"f5gffvlv6a66yqkd","time":1612631202,"event":{"mods":["2.2 Compatiblity","BaseMod","Colored Map","Custom Start","DeckTracker","Keyboard Shortcuts","Minty Spire (QoL Compilation)","Permanent Neow","Quick Restart","Relic Stats","StSLib","SuperFastMode"],"gold_per_floor":[110,130,143,143,157,157,177,177,177,15,31,31,31,56,56,132,132,142,161,76,95,20,20,36,36,105,134,134,134,150,168,168,242,292,308,308,308,323,323,323,323],"floor_reached":40,"language":"KOR","playtime":947,"items_purged":["Strike_B"],"score":776,"play_id":"492b060f-2f10-4d7a-82b1-9255108ae83c","local_time":"20210207020642","is_ascension_mode":true,"campfire_choices":[{"data":"Dualcast","floor":6.0,"key":"SMITH"},{"floor":8.0,"key":"REST"},{"data":"Beam Cell","floor":13.0,"key":"SMITH"},{"floor":15.0,"key":"REST"},{"data":"Sunder","floor":23.0,"key":"SMITH"},{"data":"Coolheaded","floor":25.0,"key":"SMITH"},{"floor":28.0,"key":"REST"},{"floor":32.0,"key":"REST"}],"circlet_count":0,"master_deck":["AscendersBane","Defend_B","Defend_B","Defend_B","Defend_B","Zap+1","Dualcast+1","Genetic Algorithm","Go for the Eyes","Cold Snap","Sunder+1","Core Surge","Biased Cognition+1","Conserve Battery+1","Coolheaded+1","BootSequence+1","Gash","Capacitor","Thunder Strike+1","Ball Lightning","Madness+1","Enlightenment+1","Chill+1"],"relics":["Cracked Core","Art of War","HornCleat","Astrolabe","Singing Bowl","Toxic Egg 2","Red Mask","Tiny House"],"acts_visited":["Exordium","TheCity","TheBeyond"],"potions_floor_usage":[],"damage_taken":[{"damage":7.0,"enemies":"Small Slimes","floor":1.0,"turns":3.0},{"damage":0.0,"enemies":"Cultist","floor":2.0,"turns":3.0},{"damage":11.0,"enemies":"2 Louse","floor":3.0,"turns":2.0},{"damage":12.0,"enemies":"Large Slime","floor":5.0,"turns":5.0},{"damage":13.0,"enemies":"3 Louse","floor":7.0,"turns":2.0},{"damage":8.0,"enemies":"Exordium Thugs","floor":11.0,"turns":5.0},{"damage":33.0,"enemies":"3 Sentries","floor":14.0,"turns":9.0},{"damage":21.0,"enemies":"Hexaghost","floor":16.0,"turns":9.0},{"damage":3.0,"enemies":"Spheric Guardian","floor":18.0,"turns":5.0},{"damage":2.0,"enemies":"Shell Parasite","floor":19.0,"turns":4.0},{"damage":8.0,"enemies":"Chosen and Byrds","floor":21.0,"turns":5.0},{"damage":10.0,"enemies":"Snake Plant","floor":24.0,"turns":5.0},{"damage":1.0,"enemies":"Masked Bandits","floor":27.0,"turns":4.0},{"damage":12.0,"enemies":"Centurion and Healer","floor":30.0,"turns":7.0},{"damage":10.0,"enemies":"Shelled Parasite and Fungi","floor":31.0,"turns":7.0},{"damage":11.0,"enemies":"Collector","floor":33.0,"turns":12.0},{"damage":18.0,"enemies":"3 Darklings","floor":35.0,"turns":7.0},{"damage":0.0,"enemies":"3 Shapes","floor":38.0,"turns":5.0},{"damage":14,"enemies":"Reptomancer","floor":40,"turns":3}],"seed_played":"-8813551323583885907","potions_obtained":[{"floor":1.0,"key":"DistilledChaos"},{"floor":5.0,"key":"FocusPotion"},{"floor":11.0,"key":"FocusPotion"},{"floor":18.0,"key":"Swift Potion"},{"floor":19.0,"key":"SkillPotion"},{"floor":31.0,"key":"Explosive Potion"},{"floor":34.0,"key":"Fire Potion"}],"is_trial":false,"path_per_floor":["M","M","M","?","M","R","M","R","T","$","M","?","R","E","R","B",null,"M","M","?","M","?","R","M","R","T","?","R","?","M","M","R","B",null,"M","?","?","M","?","E"],"character_chosen":"DEFECT","items_purchased":["Sunder"],"campfire_rested":4,"item_purchase_floors":[10],"current_hp_per_floor":[57,57,46,46,34,34,21,42,42,42,34,34,34,1,22,1,54,51,49,49,43,43,43,35,35,35,34,56,56,44,34,56,45,73,57,49,49,49,49,35,35],"gold":323,"neow_bonus":"THREE_CARDS","is_daily":false,"chose_seed":false,"campfire_upgraded":4,"win_rate":0.0,"timestamp":1612631202,"path_taken":["M","M","M","?","?","R","M","R","T","$","M","?","R","E","R","BOSS","M","M","?","M","?","R","M","R","T","?","R","?","M","M","R","BOSS","M","?","?","M","?","E"],"items_purchased_type":["Card"],"build_version":"2020-12-22","purchased_purges":1,"victory":false,"max_hp_per_floor":[71,71,71,71,71,71,71,71,71,71,71,71,71,71,71,71,71,71,71,71,73,73,73,75,75,75,75,75,75,75,75,75,75,80,82,84,84,84,84,84,84],"relic_stats":{"Singing Bowl":8,"counters":[19,102],"Astrolabe":["Scrape","Biased Cognition","Conserve Battery"],"Art of War":[3],"obtain_stats":[{"HornCleat":14,"Tiny House":34,"Singing Bowl":20,"Astrolabe":17,"Art of War":12,"Red Mask":27,"Toxic Egg 2":26,"Cracked Core":0},{"HornCleat":7,"Tiny House":16,"Singing Bowl":10,"Astrolabe":8,"Art of War":6,"Red Mask":13,"Toxic Egg 2":12,"Cracked Core":0},{"HornCleat":29,"Tiny House":87,"Singing Bowl":47,"Astrolabe":38,"Art of War":20,"Red Mask":61,"Toxic Egg 2":57,"Cracked Core":0}]},"card_choices":[{"not_picked":["Streamline","Beam Cell"],"picked":"Genetic Algorithm","floor":0.0},{"not_picked":["Blizzard","Auto Shields"],"picked":"Go for the Eyes","floor":1.0},{"not_picked":["Turbo","Hologram"],"picked":"Beam Cell","floor":2.0},{"not_picked":["Hologram","Steam Power"],"picked":"Cold Snap","floor":3.0},{"not_picked":["Auto Shields","Genetic Algorithm","Redo"],"picked":"SKIP","floor":5.0},{"not_picked":["Storm","Sweeping Beam"],"picked":"Conserve Battery","floor":7.0},{"not_picked":["Skim","Beam Cell","Sweeping Beam"],"picked":"SKIP","floor":11.0},{"not_picked":["Barrage","Reinforced Body","Cold Snap"],"picked":"SKIP","floor":14.0},{"not_picked":["Creative AI","Echo Form"],"picked":"Core Surge","floor":16.0},{"not_picked":["Stack","Gash","Sunder"],"picked":"SKIP","floor":18.0},{"not_picked":["Hologram","Conserve Battery"],"picked":"Coolheaded","floor":19.0},{"not_picked":["Steam","Hologram","BootSequence"],"picked":"Singing Bowl","floor":21.0},{"not_picked":["Steam Power","Static Discharge","Auto Shields"],"picked":"Singing Bowl","floor":24.0},{"not_picked":["Steam Power+1","Fusion+1"],"picked":"BootSequence+1","floor":27.0},{"not_picked":["All For One","Redo+1"],"picked":"Gash","floor":30.0},{"not_picked":["Melter","Beam Cell"],"picked":"Capacitor","floor":31.0},{"not_picked":["Amplify+1","Rainbow+1"],"picked":"Thunder Strike","floor":33.0},{"not_picked":["BootSequence+1","Steam+1"],"picked":"Ball Lightning","floor":34.0},{"not_picked":["Rip and Tear+1","Conserve Battery+1","Beam Cell"],"picked":"Singing Bowl","floor":35.0},{"not_picked":["Sadistic Nature","Good Instincts+1"],"picked":"Madness+1","floor":36.0},{"not_picked":["Secret Technique+1","Bandage Up+1","The Bomb+1"],"picked":"Singing Bowl","floor":36.0},{"not_picked":["Panacea+1","Madness+1"],"picked":"Enlightenment+1","floor":36.0},{"not_picked":["Go for the Eyes","Blizzard"],"picked":"Chill+1","floor":38.0}],"player_experience":1686219,"relics_obtained":[{"floor":14.0,"key":"HornCleat"},{"floor":26.0,"key":"Toxic Egg 2"},{"floor":27.0,"key":"Red Mask"}],"event_choices":[{"damage_healed":0.0,"max_hp_gain":0.0,"max_hp_loss":0.0,"gold_gain":0.0,"event_name":"Upgrade Shrine","player_choice":"Upgraded","floor":4.0,"gold_loss":0.0,"damage_taken":0.0,"cards_upgraded":["Zap"]},{"cards_removed":["Conserve Battery"],"damage_healed":0.0,"max_hp_gain":0.0,"max_hp_loss":0.0,"gold_gain":0.0,"event_name":"WeMeetAgain","player_choice":"Gave Card","floor":12.0,"gold_loss":0.0,"damage_taken":0.0,"relics_obtained":["Art of War"]},{"damage_healed":0.0,"max_hp_gain":0.0,"max_hp_loss":0.0,"gold_gain":0.0,"event_name":"Addict","player_choice":"Obtained Relic","floor":20.0,"gold_loss":85.0,"damage_taken":0.0,"relics_obtained":["Singing Bowl"]},{"cards_removed":["Scrape"],"damage_healed":0.0,"max_hp_gain":0.0,"max_hp_loss":0.0,"gold_gain":0.0,"event_name":"Beggar","player_choice":"Gave Gold","floor":22.0,"gold_loss":75.0,"damage_taken":0.0},{"damage_healed":0.0,"max_hp_gain":0.0,"max_hp_loss":0.0,"gold_gain":0.0,"event_name":"Masked Bandits","player_choice":"Fought Bandits","floor":27.0,"gold_loss":0.0,"damage_taken":0.0},{"damage_healed":0.0,"max_hp_gain":0.0,"max_hp_loss":0.0,"gold_gain":0.0,"event_name":"N\u0027loth","player_choice":"Ignored","floor":29.0,"gold_loss":0.0,"damage_taken":0.0},{"damage_healed":0.0,"max_hp_gain":0.0,"max_hp_loss":0.0,"gold_gain":0.0,"event_name":"SensoryStone","player_choice":"Memory 3","floor":36.0,"gold_loss":0.0,"damage_taken":10.0},{"cards_removed":["Beam Cell"],"damage_healed":0.0,"max_hp_gain":0.0,"max_hp_loss":0.0,"gold_gain":0.0,"event_name":"Falling","player_choice":"Removed Attack","floor":37.0,"gold_loss":0.0,"damage_taken":0.0},{"damage_healed":0,"gold_gain":0,"player_choice":"Ignored","damage_taken":0,"max_hp_gain":0,"max_hp_loss":0,"event_name":"Mysterious Sphere","floor":39,"gold_loss":0}],"is_beta":false,"boss_relics":[{"not_picked":["Snecko Eye","Empty Cage"],"picked":"Astrolabe"},{"not_picked":["FrozenCore","SacredBark"],"picked":"Tiny House"}],"items_purged_floors":[10],"is_endless":false,"potions_floor_spawned":[1,5,7,11,18,19,31],"killed_by":"Reptomancer","ascension_level":20}}