{"host":"5p9hybygolzp0efr","time":1612576249,"event":{"mods":["AchievementEnabler","BaseMod","Bestiary","Colored Map","Minty Spire (QoL Compilation)","Permanent Neow","Relic Stats"],"gold_per_floor":[118,128,141,151,151,151,167,202,202,215,215,230,230,230,230],"floor_reached":14,"language":"ENG","playtime":588,"items_purged":[],"score":141,"play_id":"e55b1537-a4e0-4d8e-9cc8-e2428a78eadd","local_time":"20210206095049","is_ascension_mode":true,"campfire_choices":[{"floor":6,"key":"REST"},{"floor":11,"key":"REST"},{"floor":13,"key":"REST"}],"circlet_count":0,"master_deck":["AscendersBane","Strike_P","Strike_P","Strike_P","Defend_P","Defend_P","Defend_P","Defend_P","Eruption","Vigilance","FearNoEvil","BowlingBash","CrushJoints","Consecrate","Halt","WaveOfTheHand"],"relics":["PureWater","Frozen Egg 2","Gremlin Horn","The Courier"],"acts_visited":["Exordium"],"potions_floor_usage":[14],"damage_taken":[{"damage":0,"enemies":"Small Slimes","floor":1,"turns":3},{"damage":1,"enemies":"Cultist","floor":2,"turns":3},{"damage":0,"enemies":"2 Louse","floor":3,"turns":3},{"damage":27,"enemies":"Lots of Slimes","floor":4,"turns":5},{"damage":9,"enemies":"Looter","floor":7,"turns":3},{"damage":24,"enemies":"3 Sentries","floor":8,"turns":8},{"damage":8,"enemies":"Blue Slaver","floor":10,"turns":6},{"damage":1,"enemies":"2 Fungi Beasts","floor":12,"turns":3},{"damage":56,"enemies":"Gremlin Nob","floor":14,"turns":4}],"seed_played":"3203068690656756843","potions_obtained":[{"floor":2,"key":"FearPotion"},{"floor":7,"key":"Dexterity Potion"},{"floor":10,"key":"PowerPotion"},{"floor":12,"key":"BottledMiracle"}],"is_trial":false,"path_per_floor":["M","M","M","M","?","R","M","E","T","M","R","M","R","E"],"character_chosen":"WATCHER","items_purchased":[],"campfire_rested":3,"item_purchase_floors":[],"current_hp_per_floor":[65,64,64,37,25,46,37,13,13,5,26,25,46,0,0],"gold":230,"neow_bonus":"REMOVE_CARD","is_daily":false,"chose_seed":false,"campfire_upgraded":0,"win_rate":0.0,"timestamp":1612576249,"path_taken":["M","M","M","M","?","R","M","E","T","M","R","M","R","E"],"items_purchased_type":[],"build_version":"2020-12-22","purchased_purges":0,"victory":false,"max_hp_per_floor":[72,72,72,72,72,72,72,72,72,72,72,72,72,72,72],"relic_stats":{"Gremlin Horn":[1,1],"counters":[9,38],"obtain_stats":[{"Gremlin Horn":8,"The Courier":9,"PureWater":0,"Frozen Egg 2":5},{"Gremlin Horn":6,"The Courier":6,"PureWater":0,"Frozen Egg 2":4},{"Gremlin Horn":25,"The Courier":25,"PureWater":0,"Frozen Egg 2":14}]},"card_choices":[{"not_picked":["EmptyBody","Halt"],"picked":"FearNoEvil","floor":1},{"not_picked":["Halt","JustLucky"],"picked":"BowlingBash","floor":2},{"not_picked":["Fasting2","Crescendo"],"picked":"CrushJoints","floor":3},{"not_picked":["ClearTheMind","Study"],"picked":"Consecrate","floor":4},{"not_picked":["BowlingBash","CarveReality","Crescendo"],"picked":"SKIP","floor":7},{"not_picked":["ForeignInfluence","WindmillStrike"],"picked":"Halt","floor":8},{"not_picked":["ConjureBlade","Halt","Vengeance"],"picked":"SKIP","floor":10},{"not_picked":["PathToVictory","Consecrate"],"picked":"WaveOfTheHand","floor":12}],"player_experience":596564,"relics_obtained":[{"floor":8,"key":"Gremlin Horn"},{"floor":9,"key":"The Courier"}],"event_choices":[{"damage_healed":0,"gold_gain":0,"player_choice":"Success","damage_taken":12,"relics_obtained":["Frozen Egg 2"],"max_hp_gain":0,"max_hp_loss":0,"event_name":"Scrap Ooze","floor":5,"gold_loss":0}],"is_beta":false,"boss_relics":[],"items_purged_floors":[],"is_endless":false,"potions_floor_spawned":[2,7,10,12],"killed_by":"Gremlin Nob","ascension_level":10}}