{"host":"2l3i55whvwk76mom","time":1612585451,"event":{"mods":["BaseMod","Googly Eyes","Hermit","Hubris","Minty Spire (QoL Compilation)","Replay The Spire","StSLib","The Cursed","The Disciple","The Hierophant","The Jungle","The Necromancer"],"gold_per_floor":[119,119,137,155,155,189,204,1,1,18,18,93,41,61,61,166,166,179,231,231,258,258,258],"floor_reached":22,"language":"ENG","playtime":520,"items_purged":[],"score":292,"play_id":"0dc53a91-f608-46c2-8f74-058138637d62","local_time":"20210205202411","is_ascension_mode":true,"campfire_choices":[{"floor":11,"key":"REST"},{"data":"Spot Weakness","floor":15,"key":"SMITH"}],"circlet_count":0,"master_deck":["Defend_R","Defend_R","Defend_R","Defend_R","Bash+1","Shrug It Off","Rage+1","Perfected Strike","Bludgeon","Inflame+1","Combust","Hemokinesis+1","Spot Weakness+1","Hemogenesis","Hemokinesis","ReplayTheSpireMod:Splinters","Metallicize","True Grit","Bite","Bite","Bite","Bite","Bite"],"relics":["Burning Blood","NeowsBlessing","Another Sword","Brimstone","Replay:Multitool","Fusion Hammer","ReplayTheSpireMod:Ninjato","ReplayTheSpireMod:Spearhead"],"acts_visited":["Exordium","TheCity"],"potions_floor_usage":[7,16,18,18,22],"damage_taken":[{"damage":0,"enemies":"Cultist","floor":1,"turns":1},{"damage":0,"enemies":"Small Slimes","floor":3,"turns":1},{"damage":0,"enemies":"Jaw Worm","floor":4,"turns":1},{"damage":50,"enemies":"Gremlin Nob","floor":6,"turns":5},{"damage":1,"enemies":"Looter","floor":7,"turns":2},{"damage":1,"enemies":"3 Louse","floor":10,"turns":3},{"damage":8,"enemies":"Blue Slaver","floor":14,"turns":2},{"damage":27,"enemies":"The Guardian","floor":16,"turns":6},{"damage":13,"enemies":"2 Thieves","floor":18,"turns":3},{"damage":61,"enemies":"3 Byrds","floor":22,"turns":3}],"seed_played":"-3619696826462955050","potions_obtained":[{"floor":6,"key":"FearPotion"},{"floor":10,"key":"EssenceOfSteel"},{"floor":14,"key":"Regen Potion"},{"floor":16,"key":"AttackPotion"},{"floor":18,"key":"BlessingOfTheForge"}],"is_trial":false,"path_per_floor":["M","?","M","M","?","E","M","$","T","M","R","?","$","M","R","B",null,"M","?","?","T","M"],"character_chosen":"IRONCLAD","items_purchased":["Brimstone","Inflame+1","Hemokinesis+1"],"campfire_rested":1,"item_purchase_floors":[8,8,13],"current_hp_per_floor":[78,78,80,80,80,36,41,41,41,46,70,59,59,57,57,50,73,71,71,56,56,0,0],"gold":258,"neow_bonus":"THREE_ENEMY_KILL","is_daily":false,"chose_seed":false,"campfire_upgraded":1,"win_rate":0.0,"timestamp":1612585451,"path_taken":["M","?","M","?","?","E","M","$","T","M","R","?","$","M","R","BOSS","M","?","?","?","M"],"items_purchased_type":["Relic","Card","Card"],"build_version":"2020-12-22","purchased_purges":0,"victory":false,"max_hp_per_floor":[80,80,80,80,80,80,80,80,80,80,80,80,80,80,80,80,80,80,80,56,56,56,56],"card_choices":[{"not_picked":["Perfected Strike","ReplayTheSpireMod:Strike From Hell"],"picked":"Shrug It Off","floor":1},{"not_picked":["Thunderclap","Burning Pact"],"picked":"Rage","floor":3},{"not_picked":["Thunderclap","Replay:Undeath\u0027s Touch"],"picked":"Perfected Strike","floor":4},{"not_picked":["Impervious","Power Through"],"picked":"Bludgeon","floor":6},{"not_picked":["Bloodletting","Warcry","Second Wind"],"picked":"SKIP","floor":7},{"not_picked":["Power Through","Body Slam"],"picked":"Combust","floor":10},{"not_picked":["hubris:SharpeningStone","Twin Strike"],"picked":"Spot Weakness","floor":14},{"not_picked":["Demonic Infusion","Corruption"],"picked":"Hemogenesis","floor":16},{"not_picked":["hubris:SharpeningStone","Havoc"],"picked":"Hemokinesis","floor":18},{"not_picked":["Pommel Strike","Clash"],"picked":"Metallicize","floor":19},{"not_picked":["Pommel Strike","Warcry"],"picked":"True Grit","floor":19}],"player_experience":356982,"relics_obtained":[{"floor":6,"key":"Another Sword"},{"floor":9,"key":"Replay:Multitool"},{"floor":19,"key":"ReplayTheSpireMod:Ninjato"},{"floor":21,"key":"ReplayTheSpireMod:Spearhead"}],"event_choices":[{"damage_healed":0,"gold_gain":0,"player_choice":"Upgraded","damage_taken":0,"max_hp_gain":0,"max_hp_loss":0,"event_name":"Upgrade Shrine","floor":2,"gold_loss":0,"cards_upgraded":["Bash"]},{"damage_healed":0,"gold_gain":75,"player_choice":"Gather Gold","damage_taken":11,"max_hp_gain":0,"max_hp_loss":0,"event_name":"World of Goop","floor":12,"gold_loss":0},{"damage_healed":0,"gold_gain":0,"player_choice":"Became a vampire","damage_taken":0,"max_hp_gain":0,"max_hp_loss":24,"event_name":"Vampires","floor":20,"gold_loss":0,"cards_obtained":["Bite","Bite","Bite","Bite","Bite"]}],"is_beta":false,"boss_relics":[{"not_picked":["Kintsugi","Ring of Chaos"],"picked":"Fusion Hammer"}],"items_purged_floors":[],"is_endless":false,"potions_floor_spawned":[6,10,14,16,18],"killed_by":"3 Byrds","ascension_level":9}}