{"host":"8pvw2tcf9wctlvur","time":1612627918,"event":{"mods":["BaseMod","Better Third Choice","Colored Powertips","Curses Come First","Minty Spire (QoL Compilation)","Rare Cards Sparkle","Relic Stats","StSLib","SuperFastMode"],"gold_per_floor":[111,111,123,70,85,102,102,137,137,155,155,155],"floor_reached":11,"language":"ENG","playtime":319,"items_purged":[],"score":79,"play_id":"75a99e2b-79b5-4a02-8366-34210428e9db","local_time":"20210206091158","is_ascension_mode":true,"campfire_choices":[{"floor":7,"key":"REST"}],"circlet_count":0,"master_deck":["Strike_B","Strike_B","Strike_B","Strike_B","Defend_B","Defend_B","Defend_B","Defend_B","Zap","Dualcast","Fission","Turbo","Burn","Seek","Conserve Battery","Gash","Storm","Hologram"],"relics":["Cracked Core","Pen Nib","Ancient Tea Set"],"acts_visited":["Exordium"],"potions_floor_usage":[10],"damage_taken":[{"damage":10,"enemies":"Small Slimes","floor":1,"turns":3},{"damage":9,"enemies":"2 Louse","floor":3,"turns":3},{"damage":1,"enemies":"Cultist","floor":5,"turns":4},{"damage":6,"enemies":"3 Louse","floor":6,"turns":4},{"damage":49,"enemies":"Gremlin Nob","floor":8,"turns":5},{"damage":12,"enemies":"Blue Slaver","floor":10,"turns":3},{"damage":21,"enemies":"Lagavulin","floor":11,"turns":3}],"seed_played":"-7148272080301267127","potions_obtained":[{"floor":3,"key":"Ancient Potion"},{"floor":8,"key":"Strength Potion"}],"is_trial":false,"path_per_floor":["M","?","M","$","M","M","R","E","T","M","E"],"character_chosen":"DEFECT","items_purchased":["Conserve Battery"],"campfire_rested":1,"item_purchase_floors":[4],"current_hp_per_floor":[65,65,56,56,55,49,71,22,22,10,0,0],"gold":155,"neow_bonus":"ONE_RANDOM_RARE_CARD","is_daily":false,"chose_seed":false,"campfire_upgraded":0,"win_rate":0.0,"timestamp":1612627918,"path_taken":["M","?","M","$","M","M","R","E","T","M","E"],"items_purchased_type":["Card"],"build_version":"2020-12-22","purchased_purges":0,"victory":false,"max_hp_per_floor":[75,75,75,75,75,75,75,75,75,75,75,75],"relic_stats":{"counters":[7,25],"Pen Nib":[0],"obtain_stats":[{"Pen Nib":8,"Cracked Core":0,"Ancient Tea Set":9},{"Pen Nib":5,"Cracked Core":0,"Ancient Tea Set":5},{"Pen Nib":19,"Cracked Core":0,"Ancient Tea Set":19}]},"card_choices":[{"not_picked":["Cold Snap","Gash"],"picked":"Turbo","floor":1},{"not_picked":["Steam","Streamline"],"picked":"Seek","floor":3},{"not_picked":["Go for the Eyes","Compile Driver"],"picked":"Gash","floor":5},{"not_picked":["Sweeping Beam","Self Repair","Go for the Eyes"],"picked":"SKIP","floor":6},{"not_picked":["Conserve Battery","Stack"],"picked":"Storm","floor":8},{"not_picked":["Coolheaded","Darkness"],"picked":"Hologram","floor":10}],"player_experience":270476,"relics_obtained":[{"floor":8,"key":"Pen Nib"},{"floor":9,"key":"Ancient Tea Set"}],"event_choices":[{"damage_healed":65,"gold_gain":0,"player_choice":"Embrace Burn","damage_taken":0,"max_hp_gain":0,"max_hp_loss":75,"event_name":"betterThird:BetterShining","floor":2,"gold_loss":0}],"is_beta":false,"boss_relics":[],"items_purged_floors":[],"is_endless":false,"potions_floor_spawned":[3,8],"killed_by":"Lagavulin","ascension_level":1}}