{"host":"sbes2ysx244eovb1","time":1612635916,"event":{"mods":["AchievementEnabler","Act Like it!","Aspiration","BaseMod","BetterRewards","Colored Map","Colored Powertips","Downfall","Hubris","KomeijiMod","Minty Spire (QoL Compilation)","Quick Restart","Replay The Spire","StSLib","SuperFastMode"],"gold_per_floor":[99,112,413,426,426,426,426,445,545,563,575,575,575,575,587,691,691,691,706,718,718,972,972,996,1417,1434,1434,1434,1461,1561,1561,1575,1674,1674,1674,1548,1548,1548,1036,1070,1070,1124,1141,1159,1188,1188,1199,678,693,693],"floor_reached":51,"language":"ENG","playtime":3118,"items_purged":["Pride","Pain","Pot Of Greed+1"],"score":963,"play_id":"ffab02ea-9aa7-40bf-b35b-656a3c52dbea","local_time":"20210207012516","is_ascension_mode":false,"campfire_choices":[{"data":"bronze:Goto","floor":1.0,"key":"SMITH"},{"data":"bronze:Replicate","floor":18.0,"key":"SMITH"},{"data":"bronze:Strike","floor":27.0,"key":"SMITH"},{"data":"bronze:Strike","floor":35.0,"key":"SMITH"},{"floor":46,"key":"REST"}],"circlet_count":0,"master_deck":["bronze:Replicate+1","bronze:Goto+1","bronze:Backtrace+1","bronze:ThunderWave+1","bronze:ItsAFeature+1","bronze:Overload+1","bronze:NullPointer+1","bronze:Philosophize+1","bronze:Allocate+1","bronze:Verify+1","bronze:HyperBeam+1","bronze:DelayedSlice+1","bronze:Optimize+1","bronze:Overheat+1","Pot Of Greed+1","bronze:HardenedForm+1","bronze:ChildClass+1","bronze:ClassDefault+1","bronze:Boost+1","bronze:CloningBeam+1","bronze:DonuBeam+1","bronze:DecaBeam+1","bronze:DelayedSlice+1","bronze:MaxOutput+1","bronze:Mutator+1","bronze:Virus+1","bronze:ItsAFeature+1","Pot Of Greed+1","bronze:CleanCode+1","bronze:FineTuning+1","bronze:FindAndReplace+1","bronze:NullPointer+1","bronze:MaxOutput+1","bronze:FindAndReplace+1","bronze:Invalidate+1","bronze:Turbo+1","bronze:ItsAFeature+1","bronze:DelayedSlice+1","bronze:Overheat+1","bronze:CleanCode+1","Pot Of Greed+1","bronze:OilSpill+1","bronze:Turbo+1","bronze:Deprecate+1","Parasite","bronze:FineTuning+1"],"relics":["bronze:PlatinumCore","Juzu Bracelet","Molten Egg 2","Toxic Egg 2","Frozen Egg 2","Mummified Hand","Grinning Jar","Incense Burner","HandDrill","WarpedTongs","ReplayTheSpireMod:Ring of Exchange","Ring of Fangs","ReplayTheSpireMod:Ninjato","hubris:MedicalManual","Kunai","Frozen Egg 2","Replay:Mystery Machine","StrikeDummy","Akabeko","Replay:Bronze Core","Du-Vu Doll","aspiration:DSix","aspiration:PoetsPen_weak","ReplayTheSpireMod:Shallot","NitorisBag","hubris:Towel","hexamod:BolsterEngine","KyoryuNoHagoromo","Pandora\u0027s Box","hubris:Metronome","Pet Ghost","hubris:CuriousFeather","Lantern","InkBottle"],"acts_visited":["Exordium","TheCity","TheBeyond"],"potions_floor_usage":[47,50,50,50],"damage_taken":[{"damage":6.0,"enemies":"Cultist","floor":2.0,"turns":3.0},{"damage":10.0,"enemies":"downfall:FleeingMerchant","floor":3.0,"turns":4.0},{"damage":1.0,"enemies":"Jaw Worm","floor":4.0,"turns":2.0},{"damage":3.0,"enemies":"Small Slimes","floor":8.0,"turns":3.0},{"damage":19.0,"enemies":"Blue Slaver","floor":10.0,"turns":3.0},{"damage":19.0,"enemies":"3 Louse","floor":11.0,"turns":3.0},{"damage":6.0,"enemies":"Large Slime","floor":15.0,"turns":4.0},{"damage":14.0,"enemies":"SI_SHIV_ARCHETYPE","floor":16.0,"turns":5.0},{"damage":12.0,"enemies":"Shell Parasite","floor":19.0,"turns":3.0},{"damage":31.0,"enemies":"Centurion and Healer","floor":20.0,"turns":4.0},{"damage":19.0,"enemies":"downfall:FleeingMerchant","floor":22.0,"turns":4.0},{"damage":7.0,"enemies":"downfall:FleeingMerchant","floor":25.0,"turns":4.0},{"damage":0.0,"enemies":"Snecko","floor":26.0,"turns":2.0},{"damage":39.0,"enemies":"Gremlin Leader","floor":29.0,"turns":6.0},{"damage":26.0,"enemies":"Gremlin Leader","floor":30.0,"turns":5.0},{"damage":12.0,"enemies":"Snake Plant","floor":32.0,"turns":2.0},{"damage":0.0,"enemies":"DF_ARCHETYPE_CLAW","floor":33.0,"turns":1.0},{"damage":0.0,"enemies":"downfall:FleeingMerchant","floor":36.0,"turns":2.0},{"damage":8.0,"enemies":"R_Hoarder","floor":40.0,"turns":4.0},{"damage":0.0,"enemies":"3 Darklings","floor":43.0,"turns":2.0},{"damage":0.0,"enemies":"Orb Walker","floor":44.0,"turns":2.0},{"damage":0.0,"enemies":"Nemesis","floor":45.0,"turns":3.0},{"damage":11,"enemies":"Jaw Worm Horde","floor":47,"turns":2},{"damage":0,"enemies":"Writhing Mass","floor":49,"turns":3},{"damage":2,"enemies":"IC_BLOCK_ARCHETYPE","floor":50,"turns":3}],"seed_played":"-2555010594289524605","potions_obtained":[{"floor":4.0,"key":"BlessingOfTheForge"},{"floor":16.0,"key":"Swift Potion"},{"floor":26.0,"key":"Fire Potion"},{"floor":29.0,"key":"Strength Potion"},{"floor":42.0,"key":"SkillPotion"},{"floor":47,"key":"PowerPotion"}],"is_trial":false,"path_per_floor":["R","M","$","M","?","?","T","M","?","M","M","?","?","?","M","B",null,"R","M","M","?","$","?","T","$","M","R","?","E","?","T","M","B",null,"R","?","?","?","$","E","T","?","M","M","E","R","M","$","M","B",null],"character_chosen":"THE_AUTOMATON","items_purchased":["Grinning Jar","Incense Burner","HandDrill","bronze:ItsAFeature+1","Kunai","Frozen Egg 2","bronze:HardenedForm+1","StrikeDummy","Akabeko","Replay:Bronze Core","bronze:ClassDefault+1","ReplayTheSpireMod:Shallot","NitorisBag","bronze:ItsAFeature+1","hexamod:BolsterEngine","KyoryuNoHagoromo","Pandora\u0027s Box","bronze:ItsAFeature+1","Lantern","InkBottle"],"campfire_rested":1,"item_purchase_floors":[3,3,3,3,22,22,22,25,25,25,25,36,36,36,39,39,39,39,48,48],"current_hp_per_floor":[77,71,61,60,60,60,60,57,57,77,58,58,66,66,60,73,77,77,65,77,77,77,77,77,70,70,70,70,61,77,77,77,77,77,77,77,77,77,77,69,69,50,77,77,77,77,66,66,66,64],"gold":693,"neow_bonus":"TEN_PERCENT_HP_BONUS","is_daily":false,"chose_seed":false,"campfire_upgraded":4,"win_rate":0.0,"timestamp":1612635916,"path_taken":["R","M","$","M","?","?","T","M","?","M","M","?","?","?","M","BOSS","R","M","M","?","$","?","T","?","M","R","?","E","?","?","M","BOSS","R","?","?","?","$","E","T","?","M","M","E","R","M","$","M","BOSS"],"items_purchased_type":["Relic","Relic","Relic","Card","Relic","Relic","Card","Relic","Relic","Relic","Card","Relic","Relic","Card","Relic","Relic","Relic","Card","Relic","Relic"],"build_version":"2020-12-22","purchased_purges":3,"victory":true,"max_hp_per_floor":[77,77,77,77,77,77,77,77,77,77,77,77,77,77,77,77,77,77,77,77,77,77,77,77,77,77,77,77,77,77,77,77,77,77,77,77,77,77,77,77,77,77,77,77,77,77,77,77,77,77],"card_choices":[{"not_picked":["bronze:WildBeam+1","bronze:ForLoop+1"],"picked":"bronze:Backtrace+1","floor":2.0},{"not_picked":["bronze:Shell+1","bronze:Invalidate+1"],"picked":"bronze:ThunderWave+1","floor":3.0},{"not_picked":["bronze:Invalidate+1","bronze:DigitalCarnage+1"],"picked":"bronze:Overload+1","floor":4.0},{"not_picked":["bronze:Shield+1","bronze:CutThrough+1"],"picked":"bronze:NullPointer+1","floor":8.0},{"not_picked":["bronze:BitShift+1","bronze:Shield+1"],"picked":"bronze:Philosophize+1","floor":10.0},{"not_picked":["bronze:Overheat+1","bronze:Deprecate+1"],"picked":"bronze:Allocate+1","floor":11.0},{"not_picked":["bronze:Turbo+1","bronze:BuggyMess+1"],"picked":"bronze:Verify+1","floor":15.0},{"not_picked":["bronze:HardenedForm+1","bronze:SpaghettiCode+1"],"picked":"bronze:HyperBeam+1","floor":16.0},{"not_picked":["bronze:Invalidate+1","bronze:Shield+1"],"picked":"bronze:DelayedSlice+1","floor":19.0},{"not_picked":["bronze:Overheat+1","bronze:Flail+1"],"picked":"bronze:Optimize+1","floor":20.0},{"not_picked":["bronze:Flail+1","bronze:Deprecate+1"],"picked":"bronze:Overheat+1","floor":22.0},{"not_picked":["bronze:Format+1","bronze:WildBeam+1"],"picked":"bronze:ChildClass+1","floor":25.0},{"not_picked":["bronze:BugBarrage+1","bronze:Deprecate+1"],"picked":"bronze:Boost+1","floor":26.0},{"not_picked":["bronze:BitShift+1","bronze:Branch+1"],"picked":"bronze:CloningBeam+1","floor":29.0},{"not_picked":[],"picked":"bronze:DonuBeam","floor":30.0},{"not_picked":[],"picked":"bronze:DecaBeam","floor":30.0},{"not_picked":["bronze:Turbo+1","bronze:Shell+1"],"picked":"bronze:DelayedSlice+1","floor":30.0},{"not_picked":["bronze:BitShift+1","bronze:Turbo+1"],"picked":"bronze:MaxOutput+1","floor":32.0},{"not_picked":["bronze:ThunderWave+1","bronze:Virus+1"],"picked":"bronze:Mutator+1","floor":33.0},{"not_picked":["bronze:CutThrough+1","bronze:Flail+1"],"picked":"bronze:Virus+1","floor":36.0},{"not_picked":["bronze:CutThrough+1","bronze:WildBeam+1"],"picked":"bronze:DelayedSlice+1","floor":40.0},{"not_picked":["bronze:ItsAFeature+1","bronze:Frontload+1"],"picked":"bronze:Overheat+1","floor":42.0},{"not_picked":["bronze:Overload+1","bronze:Philosophize+1"],"picked":"bronze:CleanCode+1","floor":43.0},{"not_picked":["bronze:Safeguard+1","bronze:Return+1"],"picked":"bronze:OilSpill+1","floor":44.0},{"not_picked":["bronze:WildBeam+1","bronze:CutThrough+1"],"picked":"bronze:Turbo+1","floor":45},{"not_picked":["bronze:CutThrough+1","bronze:Branch+1"],"picked":"bronze:Deprecate+1","floor":47},{"not_picked":["bronze:NullPointer+1","bronze:Turbo+1"],"picked":"bronze:FineTuning+1","floor":49}],"player_experience":269060,"relics_obtained":[{"floor":6.0,"key":"ReplayTheSpireMod:Ring of Exchange"},{"floor":6.0,"key":"Ring of Fangs"},{"floor":7.0,"key":"ReplayTheSpireMod:Ninjato"},{"floor":24.0,"key":"Replay:Mystery Machine"},{"floor":29.0,"key":"Du-Vu Doll"},{"floor":31.0,"key":"aspiration:DSix"},{"floor":40.0,"key":"hubris:Metronome"},{"floor":41.0,"key":"Pet Ghost"},{"floor":45,"key":"hubris:CuriousFeather"}],"event_choices":[{"damage_healed":0.0,"max_hp_gain":0.0,"max_hp_loss":0.0,"gold_gain":0.0,"event_name":"Addict","player_choice":"Stole Relic","floor":21.0,"gold_loss":0.0,"damage_taken":0.0,"relics_obtained":["hubris:MedicalManual"],"cards_obtained":["Pride"]},{"cards_removed":["Pot Of Greed"],"damage_healed":0.0,"max_hp_gain":0.0,"max_hp_loss":0.0,"gold_gain":0.0,"event_name":"Falling","player_choice":"Removed Skill","floor":38.0,"gold_loss":0.0,"damage_taken":0.0}],"is_beta":false,"boss_relics":[{"not_picked":["Medical Kit","hubris:CrackedHourglass"],"picked":"bronze:PlatinumCore"},{"not_picked":["Orrery","Membership Card"],"picked":"aspiration:PoetsPen_weak"}],"items_purged_floors":[22,25,48],"is_endless":false,"potions_floor_spawned":[4,8,16,26,29,32,45,47,49],"ascension_level":0}}