{"host":"eaiphzh066bwqdh7","time":1612571626,"event":{"mods":["BaseMod","Better Note","Halation","Hubris","Minty Spire (QoL Compilation)","Reliquary","Replay The Spire","StSLib"],"gold_per_floor":[115,115,115,190,48,48,63,63,63,73,93,93,112,147,147,251,251,292,310,310,310,310],"floor_reached":21,"language":"ENG","playtime":414,"items_purged":["Defend_P"],"score":275,"play_id":"9d3f5302-60f8-4857-9082-99263609eb91","local_time":"20210205193346","is_ascension_mode":true,"campfire_choices":[{"floor":6,"key":"REST"},{"floor":8,"key":"REST"},{"data":"BattleHymn","floor":12,"key":"SMITH"},{"floor":15,"key":"REST"}],"circlet_count":0,"master_deck":["Strike_P+1","Strike_P+1","Strike_P+1","Strike_P+1","Defend_P+1","Defend_P+1","Eruption+1","Vigilance","BattleHymn+1","PathToVictory","Alpha","Wish","Worship+1"],"relics":["PureWater","reliquary:TridentHead","ReplayTheSpireMod:Lightbulb"],"acts_visited":["Exordium","TheCity"],"potions_floor_usage":[14,14,19],"damage_taken":[{"damage":3,"enemies":"Small Slimes","floor":1,"turns":3},{"damage":2,"enemies":"Jaw Worm","floor":7,"turns":3},{"damage":0,"enemies":"Cultist","floor":10,"turns":2},{"damage":4,"enemies":"Exordium Wildlife","floor":11,"turns":3},{"damage":8,"enemies":"Blue Slaver","floor":13,"turns":3},{"damage":17,"enemies":"3 Sentries","floor":14,"turns":3},{"damage":0,"enemies":"Slime Boss","floor":16,"turns":4},{"damage":25,"enemies":"Spheric Guardian","floor":18,"turns":4},{"damage":28,"enemies":"2 Thieves","floor":19,"turns":3},{"damage":49,"enemies":"Shelled Parasite and Fungi","floor":21,"turns":3}],"seed_played":"3806079778963659198","potions_obtained":[{"floor":10,"key":"LiquidMemories"},{"floor":11,"key":"Venom Potion"},{"floor":13,"key":"Strength Potion"},{"floor":16,"key":"FairyPotion"},{"floor":18,"key":"AttackPotion"}],"is_trial":false,"path_per_floor":["M","?","?","?","$","R","M","R","T","M","M","R","M","E","R","B",null,"M","M","?","M"],"character_chosen":"WATCHER","items_purchased":["BattleHymn"],"campfire_rested":3,"item_purchase_floors":[5],"current_hp_per_floor":[69,55,48,37,37,58,56,72,72,72,68,68,60,43,64,64,72,47,19,19,0,0],"gold":310,"neow_bonus":"UPGRADE_CARD","is_daily":false,"chose_seed":false,"campfire_upgraded":1,"win_rate":0.0,"timestamp":1612571626,"path_taken":["M","?","?","?","$","R","M","R","T","M","M","R","?","E","R","BOSS","M","?","?","M"],"items_purchased_type":["Card"],"build_version":"2020-12-22","purchased_purges":1,"victory":false,"max_hp_per_floor":[72,72,72,72,72,72,72,72,72,72,72,72,72,72,72,72,72,72,72,72,72,72],"card_choices":[{"not_picked":["EmptyBody","FlurryOfBlows","BowlingBash"],"picked":"SKIP","floor":1},{"not_picked":["SandsOfTime","FollowUp","Replay:DivineShield"],"picked":"SKIP","floor":7},{"not_picked":["FollowUp","FlurryOfBlows"],"picked":"PathToVictory","floor":10},{"not_picked":["Protect","ThirdEye","WreathOfFlame"],"picked":"SKIP","floor":11},{"not_picked":["Replay:AtTheReady","JustLucky","FlurryOfBlows"],"picked":"SKIP","floor":13},{"not_picked":["Evaluate","InnerPeace"],"picked":"Alpha","floor":14},{"not_picked":["Establishment","Ragnarok"],"picked":"Wish","floor":16},{"not_picked":["EmptyFist","ThirdEye","Replay:ManipulateFuture"],"picked":"SKIP","floor":18},{"not_picked":["Wireheading","Protect"],"picked":"Worship+1","floor":19}],"player_experience":269765,"relics_obtained":[{"floor":9,"key":"reliquary:TridentHead"},{"floor":14,"key":"ReplayTheSpireMod:Lightbulb"}],"event_choices":[{"damage_healed":0,"gold_gain":0,"player_choice":"Entered Light","damage_taken":14,"max_hp_gain":0,"max_hp_loss":0,"event_name":"Shining Light","floor":2,"gold_loss":0,"cards_upgraded":["Strike_P","Strike_P"]},{"cards_removed":["Defend_P"],"damage_healed":0,"gold_gain":0,"player_choice":"Card Removal","damage_taken":7,"max_hp_gain":0,"max_hp_loss":0,"event_name":"Golden Wing","floor":3,"gold_loss":0},{"damage_healed":0,"gold_gain":75,"player_choice":"Gather Gold","damage_taken":11,"max_hp_gain":0,"max_hp_loss":0,"event_name":"World of Goop","floor":4,"gold_loss":0},{"damage_healed":0,"gold_gain":0,"player_choice":"Simplicity","damage_taken":0,"max_hp_gain":0,"max_hp_loss":0,"event_name":"Back to Basics","floor":20,"gold_loss":0,"cards_upgraded":["Strike_P","Strike_P","Defend_P","Defend_P"]}],"is_beta":false,"boss_relics":[{"not_picked":["halation:CatFaceCupcake","Fusion Hammer","hubris:GrandSneckoEye"]}],"items_purged_floors":[5],"is_endless":false,"potions_floor_spawned":[10,11,13,16,18],"killed_by":"Shelled Parasite and Fungi","ascension_level":4}}