{"host":"f5gffvlv6a66yqkd","time":1612625673,"event":{"mods":["2.2 Compatiblity","BaseMod","Colored Map","Custom Start","DeckTracker","Keyboard Shortcuts","Minty Spire (QoL Compilation)","Permanent Neow","Quick Restart","Relic Stats","StSLib","SuperFastMode"],"gold_per_floor":[110,123,198,215,233,267,276,276,276,298,298,317,317,341,341,424,424,446,446,10,28,37,37,17,17,17,28,28,13,13,13,13,13,13],"floor_reached":33,"language":"KOR","playtime":658,"items_purged":["Strike_B"],"score":486,"play_id":"b2943e9a-63d1-4412-8c78-cc2fd4392abe","local_time":"20210207003433","is_ascension_mode":true,"campfire_choices":[{"floor":8,"key":"REST"},{"data":"Recycle","floor":11,"key":"SMITH"},{"data":"Zap","floor":13,"key":"SMITH"},{"data":"Chaos","floor":15,"key":"SMITH"},{"data":"Apotheosis","floor":23,"key":"SMITH"},{"data":"Rainbow","floor":25,"key":"SMITH"},{"floor":28,"key":"REST"},{"data":"Chill","floor":30,"key":"SMITH"},{"data":"Self Repair","floor":32,"key":"SMITH"}],"circlet_count":0,"master_deck":["AscendersBane","Strike_B","Defend_B","Defend_B","Defend_B","Defend_B","Zap+1","Dualcast","Rebound","Compile Driver","Ball Lightning","Self Repair+1","Coolheaded","Electrodynamics","Recycle+1","Leap","Chaos+1","Rainbow+1","Chill+1","Apotheosis+1","Double Energy","Conserve Battery","Shame","Ball Lightning","Turbo"],"relics":["Cracked Core","Blood Vial","CeramicFish","Nuclear Battery","Nloth\u0027s Gift","Potion Belt","Letter Opener"],"acts_visited":["Exordium","TheCity"],"potions_floor_usage":[6,12],"damage_taken":[{"damage":14.0,"enemies":"Jaw Worm","floor":1.0,"turns":3.0},{"damage":5.0,"enemies":"Small Slimes","floor":2.0,"turns":3.0},{"damage":1,"enemies":"Cultist","floor":4,"turns":3},{"damage":7,"enemies":"Looter","floor":5,"turns":3},{"damage":25,"enemies":"3 Sentries","floor":6,"turns":5},{"damage":5,"enemies":"Exordium Thugs","floor":10,"turns":4},{"damage":5,"enemies":"3 Louse","floor":12,"turns":2},{"damage":1,"enemies":"Looter","floor":14,"turns":3},{"damage":51,"enemies":"The Guardian","floor":16,"turns":11},{"damage":20,"enemies":"Spheric Guardian","floor":18,"turns":4},{"damage":22,"enemies":"2 Thieves","floor":27,"turns":2},{"damage":54,"enemies":"Automaton","floor":33,"turns":6}],"seed_played":"-3229698198325171647","potions_obtained":[{"floor":2.0,"key":"FearPotion"},{"floor":4,"key":"DistilledChaos"},{"floor":10,"key":"Fruit Juice"},{"floor":12,"key":"Dexterity Potion"},{"floor":27,"key":"SneckoOil"}],"is_trial":false,"path_per_floor":["M","M","?","M","M","E","?","R","T","M","R","M","R","M","R","B",null,"M","?","$","?","?","R","$","R","T","M","R","$","R","?","R","B"],"character_chosen":"DEFECT","items_purchased":["Apotheosis","Potion Belt","Ball Lightning","Turbo"],"campfire_rested":2,"item_purchase_floors":[20,20,24,29],"current_hp_per_floor":[52,49,38,39,34,18,18,39,39,43,43,45,45,53,53,11,60,49,49,49,49,49,49,49,49,49,29,51,51,51,51,51,0,0],"gold":13,"neow_bonus":"RANDOM_COMMON_RELIC","is_daily":false,"chose_seed":false,"campfire_upgraded":7,"win_rate":0.0,"timestamp":1612625673,"path_taken":["M","M","?","M","M","E","?","R","T","M","R","M","R","?","R","BOSS","M","?","?","?","?","R","?","R","T","?","R","?","R","?","R","BOSS"],"items_purchased_type":["Card","Relic","Card","Card"],"build_version":"2020-12-22","purchased_purges":1,"victory":false,"max_hp_per_floor":[71,71,71,71,71,71,71,71,71,71,71,76,76,76,76,76,76,76,76,76,76,76,76,76,76,76,76,76,76,76,76,76,76,76],"relic_stats":{"Blood Vial":24,"counters":[12,49],"CeramicFish":117,"Nloth\u0027s Gift":0,"Letter Opener":[38],"obtain_stats":[{"Blood Vial":0,"Potion Belt":20,"CeramicFish":6,"Bag of Marbles":9,"Nloth\u0027s Gift":19,"Letter Opener":22,"Cracked Core":0,"Nuclear Battery":17},{"Blood Vial":0,"Potion Belt":10,"CeramicFish":5,"Bag of Marbles":5,"Nloth\u0027s Gift":10,"Letter Opener":10,"Cracked Core":0,"Nuclear Battery":9},{"Blood Vial":0,"Potion Belt":41,"CeramicFish":17,"Bag of Marbles":17,"Nloth\u0027s Gift":41,"Letter Opener":41,"Cracked Core":0,"Nuclear Battery":37}]},"card_choices":[{"not_picked":["Storm","Steam"],"picked":"Rebound","floor":1.0},{"not_picked":["Steam","Sweeping Beam"],"picked":"Compile Driver","floor":2.0},{"not_picked":["Go for the Eyes","Coolheaded"],"picked":"Ball Lightning","floor":4},{"not_picked":["Hologram","Fusion"],"picked":"Self Repair","floor":5},{"not_picked":["Cold Snap","Rip and Tear"],"picked":"Coolheaded","floor":6},{"not_picked":["Redo","Sweeping Beam"],"picked":"Recycle","floor":10},{"not_picked":["Turbo","Reprogram"],"picked":"Leap","floor":12},{"not_picked":["Ball Lightning","Turbo"],"picked":"Chaos","floor":14},{"not_picked":["Meteor Strike","Thunder Strike"],"picked":"Rainbow","floor":16},{"not_picked":["Coolheaded","Leap+1"],"picked":"Chill","floor":18},{"not_picked":["Sweeping Beam+1","Steam Power+1","Compile Driver"],"picked":"SKIP","floor":27}],"player_experience":1680943,"relics_obtained":[{"floor":6,"key":"CeramicFish"},{"floor":9,"key":"Bag of Marbles"}],"event_choices":[{"damage_healed":0.0,"max_hp_gain":0.0,"max_hp_loss":0.0,"gold_gain":75.0,"event_name":"World of Goop","player_choice":"Gather Gold","floor":3.0,"gold_loss":0.0,"damage_taken":11.0},{"damage_healed":0,"gold_gain":0,"player_choice":"1 cards matched","damage_taken":0,"max_hp_gain":0,"max_hp_loss":0,"event_name":"Match and Keep!","floor":7,"gold_loss":0,"cards_obtained":["Electrodynamics"]},{"damage_healed":0,"gold_gain":0,"player_choice":"Traded Relic","damage_taken":0,"relics_obtained":["Nloth\u0027s Gift"],"max_hp_gain":0,"max_hp_loss":0,"event_name":"N\u0027loth","floor":19,"relics_lost":["Bag of Marbles"],"gold_loss":0},{"damage_healed":0,"gold_gain":0,"cards_transformed":["Strike_B","Strike_B"],"player_choice":"Became Test Subject","damage_taken":0,"max_hp_gain":0,"max_hp_loss":0,"event_name":"Drug Dealer","floor":21,"gold_loss":0,"cards_obtained":["Double Energy","Conserve Battery"]},{"damage_healed":0,"gold_gain":0,"player_choice":"Stole Relic","damage_taken":0,"relics_obtained":["Letter Opener"],"max_hp_gain":0,"max_hp_loss":0,"event_name":"Addict","floor":22,"gold_loss":0,"cards_obtained":["Shame"]},{"damage_healed":0,"gold_gain":0,"player_choice":"0 cards matched","damage_taken":0,"max_hp_gain":0,"max_hp_loss":0,"event_name":"Match and Keep!","floor":31,"gold_loss":0,"cards_obtained":[]}],"is_beta":false,"boss_relics":[{"not_picked":["Snecko Eye","Philosopher\u0027s Stone"],"picked":"Nuclear Battery"}],"items_purged_floors":[20],"is_endless":false,"potions_floor_spawned":[2,4,10,12,27],"killed_by":"Automaton","ascension_level":20}}