{"host":"t4s40kl3r64vu0u6","time":1612599125,"event":{"mods":["BaseMod","Colored Map","Googly Eyes","Highlight Path","Minty Spire (QoL Compilation)","READ ME - Snecko Mod","StSLib","slay the spire mod where everything is the same but ironclad has a cowboy hat"],"gold_per_floor":[116,131,143,218,232,232,257,270,270,270,283,295,295,295,295,395,395,415,431,431,117,133,158,158,191,217,230,230,230],"floor_reached":28,"language":"ENG","playtime":1479,"items_purged":["Strike_R"],"score":326,"play_id":"e43a7c86-c75d-4918-b689-73df3639b8d3","local_time":"20210206031205","is_ascension_mode":true,"campfire_choices":[{"data":"Rupture","floor":6,"key":"SMITH"},{"floor":10,"key":"REST"},{"data":"Combust","floor":13,"key":"SMITH"},{"data":"Infernal Blade","floor":15,"key":"SMITH"},{"floor":24,"key":"REST"}],"circlet_count":0,"master_deck":["Strike_R","Strike_R","Strike_R","Strike_R","Defend_R","Defend_R","Defend_R","Defend_R","Bash","Pain","Havoc","Infernal Blade+1","Rupture+1","Dual Wield","Cleave","Second Wind","Sword Boomerang","Combust+1","Brutality","Armaments+1","J.A.X.","True Grit","Inflame","Disarm+1","Iron Wave","Power Through"],"relics":["Burning Blood","Incense Burner","Shuriken","Orichalcum","SlaversCollar","Red Skull","Vajra","Unceasing Top","Art of War"],"acts_visited":["Exordium","TheCity"],"potions_floor_usage":[7,8,8,16,16,16,25,27,27],"damage_taken":[{"damage":5,"enemies":"2 Louse","floor":1,"turns":3},{"damage":19,"enemies":"Jaw Worm","floor":2,"turns":4},{"damage":16,"enemies":"Small Slimes","floor":3,"turns":4},{"damage":13,"enemies":"2 Fungi Beasts","floor":5,"turns":4},{"damage":14,"enemies":"Lagavulin","floor":7,"turns":4},{"damage":64,"enemies":"Exordium Thugs","floor":8,"turns":6},{"damage":13,"enemies":"Lots of Slimes","floor":11,"turns":3},{"damage":2,"enemies":"Large Slime","floor":12,"turns":3},{"damage":30,"enemies":"The Guardian","floor":16,"turns":6},{"damage":47,"enemies":"3 Byrds","floor":18,"turns":4},{"damage":6,"enemies":"Chosen","floor":19,"turns":4},{"damage":32,"enemies":"Snake Plant","floor":22,"turns":3},{"damage":19,"enemies":"Gremlin Leader","floor":23,"turns":5},{"damage":33,"enemies":"Slavers","floor":25,"turns":3},{"damage":18,"enemies":"Cultist and Chosen","floor":27,"turns":7},{"damage":24,"enemies":"Centurion and Healer","floor":28,"turns":3}],"seed_played":"-3436691959375768160","potions_obtained":[{"floor":5,"key":"DistilledChaos"},{"floor":7,"key":"EntropicBrew"},{"floor":8,"key":"LiquidBronze"},{"floor":12,"key":"AttackPotion"},{"floor":19,"key":"PowerPotion"},{"floor":22,"key":"BloodPotion"},{"floor":23,"key":"Block Potion"}],"is_trial":false,"path_per_floor":["M","M","M","?","M","R","E","M","T","R","M","M","R","T","R","B",null,"M","M","?","$","M","E","R","E","T","M","M"],"character_chosen":"IRONCLAD","items_purchased":["True Grit","Red Skull","Inflame"],"campfire_rested":2,"item_purchase_floors":[21,21,21],"current_hp_per_floor":[96,83,73,62,55,55,47,8,8,36,29,33,33,33,33,18,96,55,55,55,55,29,16,44,17,17,24,0,0],"gold":230,"neow_bonus":"TWENTY_PERCENT_HP_BONUS","is_daily":false,"chose_seed":false,"campfire_upgraded":3,"win_rate":0.0,"timestamp":1612599125,"path_taken":["M","M","M","?","M","R","E","M","T","R","M","M","R","?","R","BOSS","M","M","?","$","M","E","R","E","T","M","M"],"items_purchased_type":["Card","Relic","Card"],"build_version":"2020-12-22","purchased_purges":1,"victory":false,"max_hp_per_floor":[96,96,96,96,96,96,96,96,96,96,96,96,96,96,96,96,96,96,96,96,96,96,96,96,96,96,96,96,96],"card_choices":[{"not_picked":["Wild Strike","Iron Wave"],"picked":"Havoc","floor":1},{"not_picked":["Shockwave","Warcry"],"picked":"Infernal Blade","floor":2},{"not_picked":["Perfected Strike","Evolve"],"picked":"Rupture","floor":3},{"not_picked":["Thunderclap","Pommel Strike"],"picked":"Dual Wield","floor":5},{"not_picked":["Body Slam","Headbutt"],"picked":"Cleave","floor":7},{"not_picked":["Dropkick","Ghostly Armor"],"picked":"Second Wind","floor":8},{"not_picked":["Body Slam","Shrug It Off"],"picked":"Sword Boomerang","floor":11},{"not_picked":["Flame Barrier","Cleave"],"picked":"Combust","floor":12},{"not_picked":["Demon Form","Immolate"],"picked":"Brutality","floor":16},{"not_picked":["Sever Soul","Dropkick","Searing Blow"],"picked":"SKIP","floor":18},{"not_picked":["Intimidate","Havoc"],"picked":"Armaments+1","floor":19},{"not_picked":["Dark Embrace","Havoc","Pommel Strike"],"picked":"SKIP","floor":22},{"not_picked":["Body Slam","Shockwave"],"picked":"Disarm+1","floor":23},{"not_picked":["Wild Strike+1","Pommel Strike"],"picked":"Iron Wave","floor":25},{"not_picked":["Iron Wave","Anger+1"],"picked":"Power Through","floor":27}],"player_experience":243337,"relics_obtained":[{"floor":7,"key":"Incense Burner"},{"floor":9,"key":"Shuriken"},{"floor":14,"key":"Orichalcum"},{"floor":23,"key":"Vajra"},{"floor":25,"key":"Unceasing Top"},{"floor":26,"key":"Art of War"}],"event_choices":[{"damage_healed":0,"gold_gain":75,"player_choice":"Gather Gold","damage_taken":11,"max_hp_gain":0,"max_hp_loss":0,"event_name":"World of Goop","floor":4,"gold_loss":0},{"damage_healed":0,"gold_gain":0,"player_choice":"Obtain J.A.X.","damage_taken":0,"max_hp_gain":0,"max_hp_loss":0,"event_name":"Drug Dealer","floor":20,"gold_loss":0,"cards_obtained":["J.A.X."]}],"is_beta":false,"boss_relics":[{"not_picked":["Empty Cage","Astrolabe"],"picked":"SlaversCollar"}],"items_purged_floors":[21],"is_endless":false,"potions_floor_spawned":[5,7,8,11,12,19,22,23],"killed_by":"Centurion and Healer","ascension_level":3}}