{"host":"skr63qsdfgeey3it","time":1612598637,"event":{"mods":["BaseMod","Colored Map","Hubris","Minty Spire (QoL Compilation)","Monster B Gone","Reliquary","Replay The Spire","Spicy Shops","StSLib"],"gold_per_floor":[14,31,31,41,21,21,50,69,93,93,117,117,117,140,140,140,140],"floor_reached":16,"language":"ENG","playtime":683,"items_purged":[],"score":177,"play_id":"bf529e3b-6b66-4aaf-87cc-7a04991274e9","local_time":"20210206020357","is_ascension_mode":true,"campfire_choices":[{"data":"Barricade","floor":6,"key":"SMITH"},{"data":"Armaments","floor":10,"key":"SMITH"},{"data":"Impervious","floor":12,"key":"SMITH"},{"data":"Dramatic Entrance","floor":15,"key":"SMITH"}],"circlet_count":0,"master_deck":["AscendersBane","Strike_R","Strike_R","Strike_R","Strike_R","Strike_R","Defend_R","Defend_R","Defend_R","Defend_R","Bash","Barricade+1","Ghostly Armor","Armaments+1","Havoc","Dramatic Entrance+1","ReplayTheSpireMod:Stacked","Impervious+1","ReplayTheSpireMod:Strike From Hell","Seeing Red"],"relics":["Burning Blood","Dream Catcher","CeramicFish","Paper Frog"],"acts_visited":["Exordium"],"potions_floor_usage":[5,7,16,16],"damage_taken":[{"damage":1,"enemies":"Cultist","floor":1,"turns":4},{"damage":6,"enemies":"2 Louse","floor":2,"turns":4},{"damage":2,"enemies":"Small Slimes","floor":4,"turns":4},{"damage":10,"enemies":"Exordium Thugs","floor":5,"turns":6},{"damage":15,"enemies":"3 Sentries","floor":7,"turns":8},{"damage":0,"enemies":"Large Slime","floor":8,"turns":9},{"damage":5,"enemies":"Gremlin Gang","floor":11,"turns":8},{"damage":0,"enemies":"3 Louse","floor":14,"turns":2},{"damage":78,"enemies":"Hexaghost","floor":16,"turns":16}],"seed_played":"8478249974095286756","potions_obtained":[{"floor":1,"key":"EssenceOfSteel"},{"floor":4,"key":"Dexterity Potion"},{"floor":5,"key":"Fire Potion"},{"floor":14,"key":"BlessingOfTheForge"}],"is_trial":false,"path_per_floor":["M","M","?","M","M","R","E","M","T","R","M","R","?","M","R","B"],"character_chosen":"IRONCLAD","items_purchased":[],"campfire_rested":0,"item_purchase_floors":[],"current_hp_per_floor":[73,73,73,75,71,71,62,68,68,68,69,69,69,75,75,0,0],"gold":140,"neow_bonus":"THREE_RARE_CARDS","is_daily":false,"chose_seed":false,"campfire_upgraded":4,"win_rate":0.0,"timestamp":1612598637,"path_taken":["M","M","?","M","M","R","E","M","T","R","?","R","?","?","R","BOSS"],"items_purchased_type":[],"build_version":"2020-12-22","purchased_purges":0,"victory":false,"max_hp_per_floor":[75,75,75,75,75,75,75,75,75,75,75,75,75,75,75,75,75],"card_choices":[{"not_picked":["Fiend Fire","Impervious"],"picked":"Barricade","floor":0},{"not_picked":["Clothesline","Iron Wave"],"picked":"Ghostly Armor","floor":1},{"not_picked":["Shrug It Off","Searing Blow"],"picked":"Armaments","floor":2},{"not_picked":["Sword Boomerang","Wild Strike","Evolve"],"picked":"SKIP","floor":4},{"not_picked":["Perfected Strike","Searing Blow"],"picked":"ReplayTheSpireMod:Stacked","floor":5},{"not_picked":["Run Through","Sword Boomerang"],"picked":"Impervious","floor":7},{"not_picked":["Pummel","Clothesline","ReplayTheSpireMod:Strike From Hell"],"picked":"SKIP","floor":8},{"not_picked":["Sentinel","hubris:SharpeningStone"],"picked":"ReplayTheSpireMod:Strike From Hell","floor":11},{"not_picked":["Armaments","Reckless Charge"],"picked":"Seeing Red","floor":14}],"player_experience":893384,"relics_obtained":[{"floor":7,"key":"Dream Catcher"},{"floor":9,"key":"CeramicFish"},{"floor":13,"key":"Paper Frog"}],"event_choices":[{"damage_healed":0,"gold_gain":0,"player_choice":"2 cards matched","damage_taken":0,"max_hp_gain":0,"max_hp_loss":0,"event_name":"Match and Keep!","floor":3,"gold_loss":0,"cards_obtained":["Havoc","Dramatic Entrance"]},{"damage_healed":0,"gold_gain":0,"player_choice":"Relic","damage_taken":0,"max_hp_gain":0,"max_hp_loss":0,"event_name":"Wheel of Change","floor":13,"gold_loss":0}],"is_beta":false,"boss_relics":[],"items_purged_floors":[],"is_endless":false,"potions_floor_spawned":[1,4,5,14],"killed_by":"Hexaghost","ascension_level":14}}