{"host":"spoxbmo2txwgdxt2","time":1612630511,"event":{"mods":["AchievementEnabler","Act Like it!","BaseMod","Colored Powertips","Hallownest","Highlight Path","Minty Spire (QoL Compilation)","Quick Restart","Shop Mod","StSLib","The Bug Knight"],"gold_per_floor":[115,115,115,133,143,174,174,194,219,232,266,266,266,58,58,163,163,163,163,163,163,163,163,163,163,163,163,163,163,163,163,163,163,163,163,163,163,163],"floor_reached":37,"language":"ZHS","playtime":4103,"items_purged":[],"score":485,"play_id":"4b123648-ae80-4d86-aa3d-a8b0e7ecfabe","local_time":"20210207005511","is_ascension_mode":true,"campfire_choices":[{"data":"HollowMod:MothsMistake","floor":7.0,"key":"SMITH"},{"floor":13.0,"key":"REST"},{"data":"HollowMod:GreatSlash","floor":15.0,"key":"SMITH"},{"data":"HollowMod:LifebloodCore","floor":23.0,"key":"SMITH"},{"floor":29.0,"key":"REST"},{"data":"HollowMod:InfectionAssault","floor":32.0,"key":"SMITH"}],"circlet_count":0,"master_deck":["HollowMod:NailStrikeStart","HollowMod:NailStrikeStart","HollowMod:NailStrikeStart","HollowMod:QuickDashStart","HollowMod:QuickDashStart","HollowMod:QuickDashStart","HollowMod:FocusHealStart+1","HollowMod:PogoStrike","HollowMod:MothsMistake+1","HollowMod:TaintedHusks","HollowMod:QuirrelsAssistance","HollowMod:GreatSlash+1","HollowMod:VengefulSpirit","HollowMod:LifebloodCocoon","HollowMod:LifebloodCore+1","HollowMod:MothsMistake","HollowMod:CloakDash","Flash of Steel","HollowMod:theNailsmith","HollowMod:FastStrike+1","HollowMod:GoodIntentions","HollowMod:InfectedCysts+1","HollowMod:GoodIntentions+1","HollowMod:Hiveblood","HollowMod:BrokenVessel","HollowMod:InfectionAssault+1","HollowMod:NewInfectedGuardian","CurseOfTheBell","HollowMod:CloakDash","HollowMod:MawleksShell"],"relics":["HollowMod:VesselMask","Hallownest:DreamNailRelic","Regal Pillow","Bronze Scales","Ectoplasm","HollowMod:StagPassRelic","Smiling Mask","Tiny Chest","Anchor","Calling Bell","Oddly Smooth Stone","Molten Egg 2","Mango"],"acts_visited":["Hallownest:Greenpath","Hallownest:CityofTears","Hallownest:KingdomsEdge"],"potions_floor_usage":[36,37],"damage_taken":[{"damage":0.0,"enemies":"2_ Uuma","floor":1.0,"turns":1.0},{"damage":0.0,"enemies":"Hallownest:2_MossCreeps","floor":4.0,"turns":1.0},{"damage":0.0,"enemies":"Hallownest:2_Baldur","floor":5.0,"turns":1.0},{"damage":27.0,"enemies":"Hallownest:eliteVengeflyKing","floor":6.0,"turns":6.0},{"damage":9.0,"enemies":"Hallownest:Wandering_and_Horned","floor":8.0,"turns":5.0},{"damage":30.0,"enemies":"Hallownest:Guard_and_Warrior","floor":10.0,"turns":5.0},{"damage":31.0,"enemies":"Hallownest:eliteCrystalGuardian","floor":11.0,"turns":6.0},{"damage":38.0,"enemies":"Hallownest:BossFalseKnight","floor":16.0,"turns":7.0},{"damage":0.0,"enemies":"Hallownest:Flukemon_and_Top","floor":18.0,"turns":5.0},{"damage":27.0,"enemies":"Hallownest:Guard_and_Sentry","floor":20.0,"turns":5.0},{"damage":6.0,"enemies":"Hallownest:Warrior_and_Youth","floor":21.0,"turns":5.0},{"damage":4.0,"enemies":"Hallownest:Master_and_Novice","floor":22.0,"turns":4.0},{"damage":19.0,"enemies":"Hallownest:eliteSoulWarrior","floor":25.0,"turns":5.0},{"damage":10.0,"enemies":"Hallownest:Nosk","floor":27.0,"turns":7.0},{"damage":25.0,"enemies":"Hallownest:Glutton_and_Coward","floor":28.0,"turns":3.0},{"damage":7.0,"enemies":"Hallownest:eliteSoulWarrior","floor":30.0,"turns":7.0},{"damage":32.0,"enemies":"Hallownest:2_Husk_Sentries","floor":31.0,"turns":6.0},{"damage":34.0,"enemies":"Hallownest:BossGrimm","floor":33.0,"turns":8.0},{"damage":20.0,"enemies":"Hallownest:2_Littles","floor":35.0,"turns":5.0},{"damage":47,"enemies":"Hallownest:3_Siblings","floor":36,"turns":11},{"damage":8,"enemies":"Hallownest:3_Siblings","floor":37,"turns":6},{"damage":31,"enemies":"Hallownest:3_Siblings","floor":37,"turns":8},{"damage":56,"enemies":"Hallownest:3_Siblings","floor":37,"turns":5}],"seed_played":"8515959294682642265","potions_obtained":[{"floor":4.0,"key":"Strength Potion"},{"floor":6.0,"key":"Dexterity Potion"},{"floor":10.0,"key":"GamblersBrew"},{"floor":20.0,"key":"LiquidMemories"},{"floor":21.0,"key":"PowerPotion"},{"floor":25.0,"key":"SpeedPotion"},{"floor":30.0,"key":"Energy Potion"},{"floor":33.0,"key":"Swift Potion"},{"floor":36,"key":"Explosive Potion"}],"is_trial":false,"path_per_floor":["M","?","?","M","M","E","R","M","T","M","E","?","R","$","R","B",null,"M","?","M","M","M","R","?","E","T","E","M","R","E","M","R","B",null,"M","M","?"],"character_chosen":"THE_BUGKNIGHT","items_purchased":["HollowMod:MothsMistake","HollowMod:CloakDash","Flash of Steel"],"campfire_rested":2,"item_purchase_floors":[14,14,14],"current_hp_per_floor":[75,75,75,75,75,58,58,59,59,35,14,14,49,49,49,17,68,68,68,47,41,37,37,37,24,24,39,20,55,61,38,38,25,82,68,42,0,0],"gold":163,"neow_bonus":"THREE_ENEMY_KILL","is_daily":false,"chose_seed":false,"campfire_upgraded":4,"win_rate":0.0,"timestamp":1612630511,"path_taken":["M","?","?","?","M","E","R","M","T","M","E","?","R","$","R","BOSS","M","?","M","M","M","R","?","E","T","E","?","R","E","M","R","BOSS","M","M","?"],"items_purchased_type":["Card","Card","Card"],"build_version":"2020-12-22","purchased_purges":0,"victory":false,"max_hp_per_floor":[75,75,75,75,75,75,75,75,75,75,75,68,68,68,68,68,68,68,68,68,68,68,68,68,68,68,68,68,68,68,68,68,68,82,82,82,82,82],"card_choices":[{"not_picked":["HollowMod:VengefulVoid","HollowMod:CloakDash"],"picked":"HollowMod:MothsMistake","floor":1.0},{"not_picked":["HollowMod:BaldurShell","HollowMod:GoodIntentions"],"picked":"HollowMod:TaintedHusks","floor":4.0},{"not_picked":["HollowMod:DashSlash","HollowMod:InfectedAttack"],"picked":"HollowMod:QuirrelsAssistance","floor":5.0},{"not_picked":["HollowMod:HowlingWraiths","HollowMod:SoulStrike"],"picked":"HollowMod:GreatSlash","floor":6.0},{"not_picked":["HollowMod:SiblingsShadow","HollowMod:ChannelNail"],"picked":"HollowMod:VengefulSpirit","floor":8.0},{"not_picked":["HollowMod:WraithStrike","HollowMod:SharpenedNail"],"picked":"HollowMod:LifebloodCocoon","floor":10.0},{"not_picked":["HollowMod:SoulStrike","HollowMod:VengefulVoid"],"picked":"HollowMod:LifebloodCore","floor":11.0},{"not_picked":["HollowMod:HornetsHelp","HollowMod:Weaversong"],"picked":"HollowMod:theNailsmith","floor":16.0},{"not_picked":["HollowMod:DesolateDive","HollowMod:SoulSplash"],"picked":"HollowMod:FastStrike+1","floor":18.0},{"not_picked":["HollowMod:GrimmsGift","HollowMod:Grubsong"],"picked":"HollowMod:GoodIntentions","floor":20.0},{"not_picked":["HollowMod:InfectedAttack","HollowMod:SoulStrike"],"picked":"HollowMod:InfectedCysts+1","floor":21.0},{"not_picked":["HollowMod:CycloneSlash+1","HollowMod:DescendingDark+1"],"picked":"HollowMod:GoodIntentions+1","floor":22.0},{"not_picked":["HollowMod:HowlingWraiths","HollowMod:GoodIntentions"],"picked":"HollowMod:Hiveblood","floor":25.0},{"not_picked":["HollowMod:PureVessel","HollowMod:SharpenedNail+1"],"picked":"HollowMod:BrokenVessel","floor":27.0},{"not_picked":["HollowMod:HowlingWraiths","HollowMod:HeavyBlow","HollowMod:Grubsong"],"picked":"SKIP","floor":28.0},{"not_picked":["HollowMod:HowlingWraiths+1","HollowMod:PerfectDash+1"],"picked":"HollowMod:InfectionAssault","floor":30.0},{"not_picked":["HollowMod:LifebloodCocoon","HollowMod:SharpenedNail","HollowMod:HeavyBlow"],"picked":"SKIP","floor":31.0},{"not_picked":["HollowMod:theNailsmith","HollowMod:ElderbugsWisdom"],"picked":"HollowMod:NewInfectedGuardian","floor":33.0},{"not_picked":["HollowMod:CornifersMapStart","HollowMod:TaintedHusks"],"picked":"HollowMod:CloakDash","floor":35.0},{"not_picked":["HollowMod:DesolateDive+1","HollowMod:SoulVessel+1"],"picked":"HollowMod:MawleksShell","floor":36}],"player_experience":321577,"relics_obtained":[{"floor":6.0,"key":"Regal Pillow"},{"floor":11.0,"key":"Bronze Scales"},{"floor":25.0,"key":"HollowMod:StagPassRelic"},{"floor":26.0,"key":"Smiling Mask"},{"floor":27.0,"key":"Tiny Chest"},{"floor":30.0,"key":"Anchor"},{"floor":34.0,"key":"Oddly Smooth Stone"},{"floor":34.0,"key":"Molten Egg 2"},{"floor":34.0,"key":"Mango"}],"event_choices":[],"is_beta":false,"boss_relics":[{"not_picked":["Astrolabe","Black Star"],"picked":"Ectoplasm"},{"not_picked":["Cursed Key","Busted Crown"],"picked":"Calling Bell"}],"items_purged_floors":[],"is_endless":false,"potions_floor_spawned":[4,6,10,20,21,25,30,33,36],"killed_by":"Hallownest:3_Siblings","ascension_level":1}}