{"host":"Qube","time":1612594191,"event":{"mods":["AchievementEnabler","BaseMod","Colored Map","Colored Powertips","Highlight Path","Minty Spire (QoL Compilation)","Permanent Neow","Quick Restart","Random Character Button","StSLib"],"gold_per_floor":[115,134,114,130,141,141,141],"floor_reached":6,"language":"ENG","playtime":418,"items_purged":[],"score":76,"play_id":"374775ef-2e4d-4553-b85d-85c88a602244","local_time":"20210205224951","is_ascension_mode":true,"campfire_choices":[],"circlet_count":0,"master_deck":["AscendersBane","Strike_G","Strike_G","Strike_G","Strike_G","Strike_G","Defend_G","Defend_G","Defend_G","Defend_G","Defend_G","Survivor","Neutralize","Blade Dance","Blur","Cloak And Dagger","Acrobatics"],"relics":["Fusion Hammer"],"acts_visited":["Exordium"],"potions_floor_usage":[5,6,6],"damage_taken":[{"damage":1,"enemies":"Cultist","floor":1,"turns":5},{"damage":1,"enemies":"Small Slimes","floor":2,"turns":3},{"damage":2,"enemies":"2 Louse","floor":4,"turns":2},{"damage":0,"enemies":"Large Slime","floor":5,"turns":7},{"damage":22,"enemies":"3 Sentries","floor":6,"turns":7}],"seed_played":"1716611788930876745","potions_obtained":[{"floor":2,"key":"Swift Potion"},{"floor":3,"key":"Poison Potion"},{"floor":5,"key":"Weak Potion"}],"is_trial":false,"path_per_floor":["M","M","?","M","M","E"],"character_chosen":"THE_SILENT","items_purchased":[],"campfire_rested":0,"item_purchase_floors":[],"current_hp_per_floor":[58,57,57,55,55,33,33],"gold":141,"neow_bonus":"BOSS_RELIC","is_daily":false,"chose_seed":false,"campfire_upgraded":0,"win_rate":0.0,"timestamp":1612594191,"path_taken":["M","M","?","M","M","E"],"items_purchased_type":[],"build_version":"2020-12-18","purchased_purges":0,"victory":false,"max_hp_per_floor":[66,66,66,66,66,66,66],"card_choices":[{"not_picked":["Underhanded Strike","Prepared"],"picked":"Blade Dance","floor":1},{"not_picked":["Cloak And Dagger","Dodge and Roll"],"picked":"Blur","floor":2},{"not_picked":["Concentrate","Sucker Punch"],"picked":"Cloak And Dagger","floor":4},{"not_picked":["Infinite Blades","Tactician"],"picked":"Acrobatics","floor":5}],"player_experience":1072619,"relics_obtained":[],"event_choices":[{"damage_healed":0,"gold_gain":0,"player_choice":"Bought 1 Potion","damage_taken":0,"max_hp_gain":0,"max_hp_loss":0,"event_name":"The Woman in Blue","floor":3,"gold_loss":0}],"is_beta":true,"boss_relics":[],"items_purged_floors":[],"is_endless":false,"potions_floor_spawned":[2,5],"killed_by":"3 Sentries","ascension_level":20}}