{"host":"8d3fefv2347kqkpz","time":1612587782,"event":{"mods":["AchievementEnabler","Act Like it!","Aspiration","BaseMod","Better Vampires","Colored Map","Colored Powertips","Conspire","GifTheSpireLib","Highlight Path","Hubris","Mimic Mod","Minty Spire (QoL Compilation)","Quick Restart","Rare Cards Sparkle","Relic Stats","Replay The Spire","Spicy Shops","StSLib","The Jungle","Waifu the Spire"],"gold_per_floor":[112,112,112,123,133,133,152,169,169,169,189,209,237,247,247,350,350,367,146,146,162,175,175,175,175],"floor_reached":24,"language":"ZHS","playtime":501,"items_purged":["conspire:GhostlyStrike","conspire:GhostlyStrike"],"score":237,"play_id":"e04ed771-ebd4-42f7-b0e2-128729c16d7a","local_time":"20210206130302","is_ascension_mode":true,"campfire_choices":[{"data":"PathToVictory","floor":6.0,"key":"SMITH"},{"data":"PathToVictory","floor":10.0,"key":"SMITH"},{"floor":15.0,"key":"REST"},{"data":"Replay:AtTheReady","floor":23,"key":"SMITH"}],"circlet_count":0,"master_deck":["conspire:GhostlyStrike","conspire:GhostlyStrike","conspire:GhostlyDefend","conspire:GhostlyDefend","conspire:GhostlyDefend","conspire:GhostlyDefend","Eruption","Vigilance+1","PathToVictory+1","PathToVictory+1","PathToVictory","Replay:AtTheReady+1"],"relics":["PureWater","NeowsBlessing","Bag of Marbles"],"acts_visited":["Exordium","TheCity"],"potions_floor_usage":[24],"damage_taken":[{"damage":0.0,"enemies":"Jaw Worm","floor":1.0,"turns":1.0},{"damage":0.0,"enemies":"2 Louse","floor":4.0,"turns":2.0},{"damage":0.0,"enemies":"Cultist","floor":5.0,"turns":1.0},{"damage":7.0,"enemies":"Gremlin Gang","floor":7.0,"turns":7.0},{"damage":0.0,"enemies":"Looter","floor":8.0,"turns":3.0},{"damage":8.0,"enemies":"2 Fungi Beasts","floor":11.0,"turns":3.0},{"damage":5.0,"enemies":"3 Louse","floor":12.0,"turns":3.0},{"damage":4.0,"enemies":"Lagavulin","floor":13.0,"turns":4.0},{"damage":4.0,"enemies":"Blue Slaver","floor":14.0,"turns":3.0},{"damage":27.0,"enemies":"Hexaghost","floor":16.0,"turns":5.0},{"damage":3.0,"enemies":"conspire:FuzzyDice","floor":18.0,"turns":5.0},{"damage":14,"enemies":"Spheric Guardian","floor":21,"turns":4},{"damage":11,"enemies":"Snake Plant","floor":22,"turns":3},{"damage":53,"enemies":"Slavers","floor":24,"turns":4}],"seed_played":"4847134854902922335","potions_obtained":[{"floor":5.0,"key":"AttackPotion"},{"floor":8.0,"key":"LiquidBronze"},{"floor":11.0,"key":"SteroidPotion"}],"is_trial":false,"path_per_floor":["M","?","?","M","M","R","M","M","T","R","M","M","E","M","R","B",null,"M","$","?","M","M","R","E"],"character_chosen":"WATCHER","items_purchased":["Replay:AtTheReady"],"campfire_rested":1,"item_purchase_floors":[19],"current_hp_per_floor":[72,72,72,72,72,72,65,65,65,65,57,52,48,44,65,38,72,69,69,69,55,44,44,0,0],"gold":175,"neow_bonus":"THREE_ENEMY_KILL","is_daily":false,"chose_seed":false,"campfire_upgraded":3,"win_rate":0.0,"timestamp":1612587782,"path_taken":["M","?","?","M","?","R","M","M","T","R","?","M","E","M","R","BOSS","M","$","?","M","?","R","E"],"items_purchased_type":["Card"],"build_version":"2020-12-22","purchased_purges":2,"victory":false,"max_hp_per_floor":[72,72,72,72,72,72,72,72,72,72,72,72,72,72,72,72,72,72,72,72,72,72,72,72,72],"relic_stats":{"counters":[14,48],"obtain_stats":[{"NeowsBlessing":0,"Bag of Marbles":13,"PureWater":0},{"NeowsBlessing":0,"Bag of Marbles":8,"PureWater":0},{"NeowsBlessing":0,"Bag of Marbles":24,"PureWater":0}]},"card_choices":[{"not_picked":["FlyingSleeves","Replay:Cycle","MentalFortress"],"picked":"SKIP","floor":1.0},{"not_picked":["Replay:Battleflow","FollowUp","Replay:Hum"],"picked":"SKIP","floor":4.0},{"not_picked":["FollowUp","Halt"],"picked":"PathToVictory","floor":5.0},{"not_picked":["ThirdEye","Consecrate"],"picked":"PathToVictory","floor":7.0},{"not_picked":["SashWhip","WreathOfFlame","Replay:BluntJabs"],"picked":"SKIP","floor":8.0},{"not_picked":["Ragnarok","ReachHeaven","Replay:BluntJabs"],"picked":"SKIP","floor":11.0},{"not_picked":["BowlingBash","Replay:Anticipation"],"picked":"PathToVictory","floor":12.0},{"not_picked":["CutThroughFate","ClearTheMind","WheelKick"],"picked":"SKIP","floor":13.0},{"not_picked":["FollowUp","CrushJoints","FlurryOfBlows"],"picked":"SKIP","floor":14.0},{"not_picked":["Consecrate","EmptyMind","EmptyBody"],"picked":"SKIP","floor":18.0},{"not_picked":["FlyingSleeves","ForeignInfluence+1","Replay:AtTheReady+1"],"picked":"SKIP","floor":21},{"not_picked":["EmptyMind","Meditate","FlurryOfBlows"],"picked":"SKIP","floor":22}],"player_experience":270979,"relics_obtained":[{"floor":13.0,"key":"Bag of Marbles"}],"event_choices":[{"damage_healed":0.0,"max_hp_gain":0.0,"max_hp_loss":0.0,"gold_gain":0.0,"event_name":"conspire:LoneGhost","player_choice":"Agree","floor":2.0,"gold_loss":0.0,"damage_taken":0.0},{"damage_healed":0.0,"max_hp_gain":0.0,"max_hp_loss":0.0,"gold_gain":0.0,"event_name":"Upgrade Shrine","player_choice":"Upgraded","floor":3.0,"gold_loss":0.0,"damage_taken":0.0,"cards_upgraded":["Vigilance"]},{"damage_healed":0,"gold_gain":0,"player_choice":"Bought 0 Potions","damage_taken":0,"max_hp_gain":0,"max_hp_loss":0,"event_name":"The Woman in Blue","floor":20,"gold_loss":0}],"is_beta":false,"boss_relics":[{"not_picked":["Replay:Wanted Poster","Replay:Drink Me","Snecko Heart"]}],"items_purged_floors":[19,19],"is_endless":false,"potions_floor_spawned":[5,8,11,13],"killed_by":"Slavers","ascension_level":1}}