{"host":"dn2xyj3kd3d9cfyb","time":1612595817,"event":{"mods":["BaseMod","Colored Powertips","Downfall","Hubris","Marisa£®ÏF”Í°°ƒß¿Ì…≥£©","Minty Spire (QoL Compilation)","Remilia£®¿Ÿ√◊¿Ú—«£©","Replay The Spire","Shop Mod","StSLib","The Animator","The Construct","The Cursed","The Mystic","Youmu£®ªÍ∆«—˝√Œ£©","Yuri Mod","Yuyuko"],"gold_per_floor":[249,269,349,100,100,135,146,181,181,181,29,54,86,96,96,213,213,226,19,19,19,1,26,53,88,88,121,150,14,66,123,123,228,328,363,404,95,120,120,171,241,88,113,166,13,64,108,171,171,274,349,404,437,77,121,321,321,388,423,448,147,147,186,64,108,108,266,366,111,136,177,223,275,275,275,275,324,324,356,356,237,282,282,297,297],"floor_reached":84,"language":"ZHS","playtime":4297,"items_purged":["animator:Berserker+1"],"score":3167,"play_id":"bf19fc28-9d01-4d8a-b12c-ea6542c79bfd","local_time":"20210206151657","daily_mods":["SealedDeck","Hoarder","Insanity","Specialized","Vintage","ControlledChaos","Allstar","Heirloom","Time Dilation","Flight","DeadlyEvents","Cursed Run","Elite Swarm"],"is_ascension_mode":true,"campfire_choices":[{"data":"animator:Gilgamesh+4","floor":32.0,"key":"SMITH"},{"data":"animator:HinaKagiyama","floor":49.0,"key":"SMITH"},{"data":"animator:Entoma+5","floor":57.0,"key":"SMITH"},{"data":"animator:Entoma+6","floor":62.0,"key":"SMITH"},{"data":"animator:Entoma+7","floor":66.0,"key":"SMITH"},{"data":"animator:Entoma+8","floor":74.0,"key":"SMITH"},{"data":"animator:Entoma+9","floor":76.0,"key":"SMITH"},{"data":"animator:Entoma+10","floor":78.0,"key":"SMITH"},{"data":"animator:Entoma+11","floor":80.0,"key":"SMITH"},{"data":"animator:Entoma+51","floor":83,"key":"SMITH"}],"circlet_count":0,"master_deck":["Demon Form","Wraith Form v2","Echo Form","DevaForm+1","bronze:Verify","construct:SiegeForm","sneckomod:SerpentMind","mysticmod:GeminiForm","Guardian:ConstructionForm","Slimebound:DuplicatedForm","BatForm","yuri:GhostForm+1","hexamod:HexaLevel","champ:GladiatorForm","animator:Konayuki","animator:Tyuule","animator:Ara","animator:DolaStephanie+1","animator:Priestess","animator:Shigure","animator:DwarfShaman","animator:DwarfShaman","animator:ChaikaBohdan","animator:Scar","animator:Ara+1","animator:Priestess","animator:MaesHughes+1","animator:MumenRider","animator:MumenRider","animator:Elsword","animator:Tyuule","animator:DolaRiku","animator:Bozes","animator:DolaStephanie+1","animator:Gluttony","animator:Tyuule","animator:Verdia","animator:Witch","animator:Shion","animator:Verdia","animator:ZankiKiguchi","animator:Rider","animator:Caster","animator:Layla","animator:Berserker","animator:Kuribayashi","animator:WinryRockbell","animator:Geryuganshoop","animator:Spearman","animator:OrikoMikuni","animator:UneriGinkaku","animator:Cocytus","animator:Shigure","animator:Sonic","animator:SilverFang","animator:SilverFang","animator:UneriGinkaku+1","animator:HighElfArcher","animator:Shinoa","animator:Ain","animator:ElricAlphonse","animator:Sloth+1","animator:Souei","animator:PandorasActor","animator:HiiragiShinya+1","animator:HiiragiShinya+1","animator:HiiragiShinya+1","animator:HiiragiShinya+1","animator:HiiragiShinya+1","animator:HiiragiShinya+1","animator:HiiragiShinya+1","animator:HiiragiShinya+1","animator:HiiragiShinya+1","animator:HiiragiShinya+1","animator:HiiragiShinya+1","animator:HiiragiShinya+1","animator:HiiragiShinya+1","animator:HiiragiShinya+1","animator:HiiragiShinya+1","animator:RoyMustang","animator:RoyMustang","animator:RoyMustang","animator:Sebas","animator:Sebas","animator:Sebas","animator:CowGirl","animator:CowGirl","animator:CowGirl","animator:Gluttony","animator:Gluttony","animator:Gluttony","animator:Sloth","animator:Sloth","animator:Sloth","animator:EmiyaShirou","animator:EmiyaShirou","animator:EmiyaShirou","animator:Tyuule","animator:Tyuule","animator:Tyuule","animator:PandorasActor","animator:PandorasActor","animator:PandorasActor","animator:RoyMustang","animator:RoyMustang","animator:RoyMustang","animator:Kaijin","animator:Kaijin","animator:Kaijin","animator:CowGirl+1","animator:CowGirl+1","animator:CowGirl+1","ManaRampage+1","ManaRampage+1","ManaRampage+1","animator:Curse_GriefSeed","animator:Curse_GriefSeed","animator:Curse_GriefSeed","animator:Shion","animator:Shion","animator:Shion","animator:Eris+1","animator:Eris+1","animator:WinryRockbell","animator:WinryRockbell","animator:WinryRockbell","animator:Verdia+1","animator:Verdia+1","animator:Verdia+1","animator:Caster+1","animator:Caster+1","animator:Caster+1","animator:Shigure","animator:Shigure","animator:Shigure","animator:KrulTepes","animator:KrulTepes","animator:KrulTepes","animator:TakanashiRikka+1","animator:TakanashiRikka+1","animator:TakanashiRikka+1","animator:MisakiNakahara+1","animator:MisakiNakahara+1","animator:MisakiNakahara+1","ManaRampage+1","ManaRampage+1","ManaRampage+1","All For One","All For One","All For One","Amnesia","Amnesia","Amnesia","animator:Ainz","animator:Ainz+1","animator:Ainz","animator:HinaKagiyama","animator:HinaKagiyama","animator:HinaKagiyama","animator:Curse_Dizziness","animator:Curse_Dizziness","animator:Curse_Dizziness","animator:HinaKagiyama","animator:HinaKagiyama","animator:HinaKagiyama+1","animator:Guren+1","animator:Guren+1","animator:Guren+1","animator:DolaStephanie+1","animator:DolaStephanie+1","animator:DolaStephanie+1","Mirror of Mind+1","Mirror of Mind+1","Mirror of Mind+1","construct:SpinDrive+1","construct:SpinDrive","construct:SpinDrive","Hallucinations","Hallucinations","Hallucinations","animator:ItamiYouji","animator:ItamiYouji","animator:ItamiYouji","animator:Gilgamesh+106","animator:Rimuru","animator:Rimuru","animator:Rimuru","animator:Shiro+1","animator:Shiro+1","animator:Shiro+1","animator:Eris+1","animator:Eris+1","animator:Eris+1","Clumsy","Clumsy","Clumsy","Injury","Injury","Injury","TheCursedMod:Dregs","TheCursedMod:Dregs","TheCursedMod:Dregs","animator:Wiz+1","animator:Wiz+1","animator:Wiz+1","animator:FeridBathory+1","animator:FeridBathory+1","animator:FeridBathory+1","Pain","Pain","Pain","animator:Shiro+1","animator:Shiro+1","animator:Shiro+1","animator:Albedo+1","animator:Albedo+1","animator:Albedo+1","animator:GoblinSlayer+1","animator:GoblinSlayer+1","animator:GoblinSlayer+1","Replay:Sluggish","Replay:Sluggish","Replay:Sluggish","animator:Shiro+1","animator:Shiro+1","animator:Shiro+1","animator:Entoma+52","hubris:Sloth","hubris:Sloth","hubris:Sloth","Clumsy","Clumsy","Clumsy","CurseOfTheBell","CurseOfTheBell","CurseOfTheBell","animator:Megumin+5","Madness","Madness","Madness","animator:Shiro+1","animator:Shiro+1","animator:Shiro+1"],"relics":["Cursed Key","Darkstone Periapt","Du-Vu Doll","Frozen Eye","Ring of Chaos","replay:Trail_Library","animator:PurgingStone","hubris:PeanutButter","Toxic Egg 2","hubris:TinFlute","champ:DuelingGlove","hubris:CrystalStatue","BargainBundle","animator:Buoy","Letter Opener","hexamod:Sixitude","Honey Jar","Gremlin Horn","MerchantsRug","CloakClasp","Sundial","Frozen Egg 2","champ:DeflectingBracers","hubris:TenFootPole","Ice Cream","hubris:Reverence","Thread and Needle","Replay:Ancient Bell","Tiny Chest","Chameleon Ring","Bird Faced Urn","Replay:Bottled Steam","Replay:Bottled Eggs","hubris:MedicalManual","hubris:Towel","Mercury Hourglass","MealTicket","Replay:Mystery Machine","hubris:ToyBattleship","Singing Bowl","Molten Egg 2","Replay:Wax Seal","PreservedInsect","The Courier","hubris:TerracottaHorce","Ring of Chaos","replay:Trail_Library","Philosopher\u0027s Stone","Blue Candle","Guide Book","Replay:Bandana","hubris:FruitBowl","hubris:EvacipatedBox","Boot","HandDrill","Toolbox","Replay:Rubber Ducky","Counterbalance","Bag of Marbles","Blood Vial","construct:RocketBooster","StoneCalendar","Chemical X","Calling Bell","MawBank","Slimebound:PreparedRelic","Lizard Tail","AntiCross","hubris:DisguiseKit","Matryoshka","DollysMirror"],"acts_visited":["Exordium","TheCity","TheBeyond","Exordium","TheCity"],"potions_floor_usage":[],"damage_taken":[{"damage":15.0,"enemies":"Jaw Worm","floor":2.0,"turns":5.0},{"damage":0.0,"enemies":"3 Sentries","floor":6.0,"turns":7.0},{"damage":0.0,"enemies":"Cultist","floor":7.0,"turns":5.0},{"damage":17.0,"enemies":"Lagavulin","floor":8.0,"turns":6.0},{"damage":0.0,"enemies":"3 Sentries","floor":12.0,"turns":4.0},{"damage":0.0,"enemies":"Gremlin Nob","floor":13.0,"turns":2.0},{"damage":0.0,"enemies":"2 Louse","floor":14.0,"turns":2.0},{"damage":0.0,"enemies":"Fading Forest","floor":16.0,"turns":11.0},{"damage":0.0,"enemies":"Spheric Guardian","floor":18.0,"turns":2.0},{"damage":0.0,"enemies":"Book of Stabbing","floor":23.0,"turns":2.0},{"damage":0.0,"enemies":"Slavers","floor":24.0,"turns":2.0},{"damage":9.0,"enemies":"Gremlin Leader","floor":25.0,"turns":4.0},{"damage":0.0,"enemies":"Book of Stabbing","floor":27.0,"turns":3.0},{"damage":0.0,"enemies":"Replay:Snechameleon","floor":28.0,"turns":2.0},{"damage":0.0,"enemies":"Slavers","floor":30.0,"turns":2.0},{"damage":0.0,"enemies":"animator:HornedBat","floor":31.0,"turns":3.0},{"damage":0.0,"enemies":"hubris:MusketHawk","floor":33.0,"turns":2.0},{"damage":0.0,"enemies":"3 Shapes","floor":35.0,"turns":1.0},{"damage":0.0,"enemies":"3 Darklings","floor":36.0,"turns":1.0},{"damage":0.0,"enemies":"Nemesis","floor":40.0,"turns":1.0},{"damage":0.0,"enemies":"Giant Head","floor":41.0,"turns":4.0},{"damage":0.0,"enemies":"Nemesis","floor":44.0,"turns":1.0},{"damage":0.0,"enemies":"Giant Head","floor":46.0,"turns":2.0},{"damage":0.0,"enemies":"Maw","floor":47.0,"turns":2.0},{"damage":0.0,"enemies":"Reptomancer","floor":48.0,"turns":1.0},{"damage":0.0,"enemies":"Time Eater","floor":50.0,"turns":5.0},{"damage":0.0,"enemies":"Gremlin Nob","floor":52.0,"turns":2.0},{"damage":0.0,"enemies":"3 Sentries","floor":53.0,"turns":2.0},{"damage":0.0,"enemies":"2 Louse","floor":55.0,"turns":1.0},{"damage":0.0,"enemies":"Gremlin Nob","floor":58.0,"turns":1.0},{"damage":7.0,"enemies":"Lagavulin","floor":59.0,"turns":2.0},{"damage":5.0,"enemies":"Gremlin Nob","floor":63.0,"turns":1.0},{"damage":0.0,"enemies":"Lagavulin","floor":65.0,"turns":1.0},{"damage":0.0,"enemies":"Fading Forest","floor":67.0,"turns":4.0},{"damage":0.0,"enemies":"Slavers","floor":71.0,"turns":1.0},{"damage":0.0,"enemies":"Book of Stabbing","floor":72.0,"turns":1.0},{"damage":0.0,"enemies":"3 Byrds","floor":73.0,"turns":1.0},{"damage":0.0,"enemies":"Slavers","floor":77.0,"turns":1.0},{"damage":0.0,"enemies":"Book of Stabbing","floor":79.0,"turns":1.0},{"damage":0,"enemies":"Slavers","floor":82,"turns":1},{"damage":878,"enemies":"hubris:MusketHawk","floor":84,"turns":1}],"seed_played":"3948342008608190772","potions_obtained":[{"floor":6.0,"key":"Guardian:BlockOnCardUsePotion"},{"floor":18.0,"key":"champ:CounterPotion"},{"floor":23.0,"key":"BlessingOfTheForge"},{"floor":25.0,"key":"Strength Potion"},{"floor":27.0,"key":"Fire Potion"},{"floor":30.0,"key":"Energy Potion"},{"floor":47.0,"key":"SteroidPotion"},{"floor":72.0,"key":"Elixir"}],"is_trial":true,"path_per_floor":["?","M","?","$","?","E","M","E","T","R","$","E","E","M","R","B",null,"M","$","?","?","$","E","E","E","T","E","E","$","E","E","R","B",null,"M","M","$","?","?","E","E","$","T","E","$","E","M","E","R","B",null,"E","E","$","M","$","R","E","E","T","$","R","E","$","E","R","B",null,"$","?","E","E","M","R","$","R","E","R","E","R","$","E","R","B"],"character_chosen":"THE_ANIMATOR","items_purchased":["Toxic Egg 2","BargainBundle","animator:WinryRockbell","animator:Verdia+1","animator:Caster+1","animator:Shigure","animator:KrulTepes","animator:TakanashiRikka+1","animator:MisakiNakahara+1","animator:Buoy","Slimebound:ThreeZeroPotion","MerchantsRug","Adrenaline Potion","animator:Guren+1","Ice Cream","hubris:MedicalManual","Replay:Mystery Machine","Molten Egg 2","Blue Candle","animator:Entoma+1","Guide Book","hubris:FruitBowl","hubris:EvacipatedBox","Boot","HandDrill","Toolbox","Replay:Rubber Ducky","Counterbalance","Bag of Marbles","StoneCalendar","Chemical X","animator:Megumin+1","AntiCross","DollysMirror"],"campfire_rested":0,"item_purchase_floors":[4,11,11,11,11,11,11,11,11,11,11,19,19,22,29,37,42,45,54,54,54,56,56,56,56,56,56,56,56,61,64,69,69,81],"current_hp_per_floor":[66,66,66,66,66,66,62,45,63,63,63,79,79,79,80,98,98,98,98,116,116,116,116,116,107,125,125,125,125,125,125,125,143,204,204,204,204,204,204,204,202,202,220,220,220,221,221,221,221,239,239,138,138,138,138,30,30,32,50,77,92,92,95,110,122,122,179,216,219,219,219,219,219,219,219,219,219,219,219,219,219,219,219,0,0],"gold":297,"neow_bonus":"","is_daily":false,"chose_seed":false,"campfire_upgraded":10,"win_rate":0.0,"timestamp":1612595817,"path_taken":["?","M","?","$","?","E","M","E","T","R","$","?","E","M","R","BOSS","M","$","?","?","$","E","E","E","T","E","E","$","?","E","R","BOSS","M","M","$","?","?","E","E","$","T","E","$","E","?","E","R","BOSS","?","?","$","?","?","R","?","E","T","$","R","E","$","E","R","BOSS","?","?","?","?","?","R","$","R","E","R","E","R","?","E","R","BOSS"],"items_purchased_type":["Relic","Relic","Card","Card","Card","Card","Card","Card","Card","Relic","Potion","Relic","Potion","Card","Relic","Relic","Relic","Relic","Relic","Card","Relic","Relic","Relic","Relic","Relic","Relic","Relic","Relic","Relic","Relic","Relic","Card","Relic","Relic"],"build_version":"2020-12-22","purchased_purges":1,"victory":false,"max_hp_per_floor":[66,66,66,66,66,66,62,62,80,80,80,80,80,80,80,98,98,98,98,116,116,116,116,116,116,134,132,132,132,132,132,132,150,204,204,204,204,204,204,204,202,202,220,220,220,221,221,221,221,239,239,138,138,138,138,138,138,138,138,165,165,165,165,165,165,165,192,219,219,219,219,219,219,219,219,219,219,219,219,219,219,219,219,219,219],"card_choices":[{"not_picked":["Sadistic Nature","animator:TukaLunaMarceau+1"],"picked":"animator:CowGirl+1","floor":6.0},{"not_picked":["animator:Assassin","animator:DolaRiku+1"],"picked":"ManaRampage+1","floor":8.0},{"not_picked":["mysticmod:Lunge+1","animator:Evileye+1"],"picked":"ManaRampage+1","floor":12.0},{"not_picked":["animator:Evileye+1","Slimebound:MassRepurpose+1"],"picked":"All For One","floor":13.0},{"not_picked":["animator:ItamiYouji","animator:Sora+1"],"picked":"animator:Ainz","floor":16.0},{"not_picked":["animator:Tyuule+1","Slimebound:MassRepurpose+1","animator:Caster+1"],"picked":"animator:DolaStephanie+1","floor":23.0},{"not_picked":["animator:RoyMustang","construct:ShieldBurst","animator:Yoichi+1"],"picked":"Mirror of Mind+1","floor":24.0},{"not_picked":["Supernatural Nether+1","animator:Lancer","Replay:Bag of Tricks+1"],"picked":"construct:SpinDrive","floor":25.0},{"not_picked":["animator:Demiurge+1","animator:Gluttony+1","animator:Lelouch+1"],"picked":"animator:ItamiYouji","floor":27.0},{"not_picked":["TheCursedMod:DemonSword","Chrysalis+1","Guardian:TimeSifter+1"],"picked":"animator:Gilgamesh","floor":28.0},{"not_picked":["animator:Saber","animator:Hans+1","animator:Sora+1"],"picked":"animator:Rimuru","floor":30.0},{"not_picked":["animator:Sora+1","animator:Greed+1","animator:Shizu"],"picked":"animator:Shiro+1","floor":31.0},{"not_picked":["animator:Hans+1","animator:Greed+1","animator:Envy+1"],"picked":"animator:Eris+1","floor":33.0},{"not_picked":["Voices","yuri:RhapsodyCurse","Languid"],"picked":"Clumsy","floor":34.0},{"not_picked":["downfall:Aged","downfall:Malfunctioning","hubris:Despair"],"picked":"Injury","floor":34.0},{"not_picked":["Replay:Hysterical Blindness","Delirium","hubris:Despair"],"picked":"TheCursedMod:Dregs","floor":34.0},{"not_picked":["animator:Shiro+1","animator:SwordMaiden+1","animator:Greed+1"],"picked":"animator:FeridBathory+1","floor":40.0},{"not_picked":["animator:Sora+1","animator:Sloth","animator:Envy+1"],"picked":"animator:Father+1","floor":41.0},{"not_picked":["animator:SwordMaiden+1","animator:Yoichi+1","animator:HiiragiShinya+1"],"picked":"animator:Shiro+1","floor":44.0},{"not_picked":["animator:SwordMaiden+1","animator:RoyMustang+1","animator:ShinjiMatou+1"],"picked":"animator:Albedo+1","floor":46.0},{"not_picked":["animator:DwarfShaman+1","animator:Kuribayashi+1","animator:SwordMaiden+1"],"picked":"animator:GoblinSlayer+1","floor":48.0},{"not_picked":["animator:ItamiYouji+1","animator:GoblinSlayer+1","animator:Shiro+1"],"picked":"animator:Gilgamesh+1","floor":50.0},{"not_picked":["animator:RoyMustang+1","animator:Kuribayashi+1","animator:Sora+1"],"picked":"animator:Gilgamesh+1","floor":52.0},{"not_picked":["animator:GoblinSlayer+1","animator:Sora+1","animator:NarberalGamma+1"],"picked":"animator:Shiro+1","floor":53.0},{"not_picked":["animator:Shiro+1","animator:Sora+1","animator:GoblinSlayer+1"],"picked":"animator:Gilgamesh+1","floor":58.0},{"not_picked":["animator:Shiro+1","animator:SwordMaiden+1","animator:Albedo+1"],"picked":"animator:Gilgamesh+1","floor":59.0},{"not_picked":["animator:Spearman+1","animator:Sora+1","animator:Shiro+1"],"picked":"animator:Gilgamesh+1","floor":63.0},{"not_picked":["animator:Shiro+1","animator:Sora+1","animator:SwordMaiden+1"],"picked":"animator:Gilgamesh+1","floor":65.0},{"not_picked":["animator:Albedo+1","animator:Shiro+1","animator:Sora+1"],"picked":"animator:Gilgamesh+1","floor":67.0},{"not_picked":["animator:Sora+1","animator:Shiro+1","animator:Albedo+1"],"picked":"animator:Gilgamesh+1","floor":71.0},{"not_picked":["animator:Albedo+1","animator:Sora+1","animator:SwordMaiden+1"],"picked":"animator:Gilgamesh+1","floor":72.0},{"not_picked":["animator:Shiro+1","animator:Albedo+1","animator:Sora+1"],"picked":"animator:Gilgamesh+1","floor":77.0},{"not_picked":["animator:Albedo+1","animator:Shiro+1","animator:SwordMaiden+1"],"picked":"animator:Gilgamesh+1","floor":79.0},{"not_picked":["animator:Sora+1","animator:Gilgamesh+1","animator:Albedo+1"],"picked":"animator:Shiro+1","floor":82}],"player_experience":634547,"relics_obtained":[{"floor":2.0,"key":"hubris:PeanutButter"},{"floor":6.0,"key":"hubris:TinFlute"},{"floor":7.0,"key":"Replay:Bottled Flurry"},{"floor":8.0,"key":"champ:DuelingGlove"},{"floor":9.0,"key":"hubris:CrystalStatue"},{"floor":12.0,"key":"Orichalcum"},{"floor":13.0,"key":"Letter Opener"},{"floor":14.0,"key":"hexamod:Sixitude"},{"floor":18.0,"key":"Gremlin Horn"},{"floor":23.0,"key":"CloakClasp"},{"floor":24.0,"key":"Toy Ornithopter"},{"floor":25.0,"key":"Sundial"},{"floor":26.0,"key":"Frozen Egg 2"},{"floor":27.0,"key":"champ:DeflectingBracers"},{"floor":28.0,"key":"hubris:TenFootPole"},{"floor":30.0,"key":"hubris:Reverence"},{"floor":31.0,"key":"Thread and Needle"},{"floor":35.0,"key":"Replay:Bottled Steam"},{"floor":36.0,"key":"Replay:Bottled Eggs"},{"floor":40.0,"key":"Mercury Hourglass"},{"floor":41.0,"key":"MealTicket"},{"floor":43.0,"key":"hubris:ToyBattleship"},{"floor":44.0,"key":"Singing Bowl"},{"floor":46.0,"key":"Replay:Wax Seal"},{"floor":47.0,"key":"PreservedInsect"},{"floor":48.0,"key":"The Courier"},{"floor":55.0,"key":"Replay:Bandana"},{"floor":58.0,"key":"Blood Vial"},{"floor":60.0,"key":"construct:RocketBooster"},{"floor":68.0,"key":"MawBank"},{"floor":68.0,"key":"Slimebound:PreparedRelic"},{"floor":68.0,"key":"Lizard Tail"},{"floor":73.0,"key":"Matryoshka"}],"event_choices":[{"damage_healed":0.0,"max_hp_gain":0.0,"max_hp_loss":0.0,"gold_gain":0.0,"event_name":"Wheel of Change","player_choice":"Full Heal","floor":5.0,"gold_loss":0.0,"damage_taken":0.0},{"damage_healed":0.0,"max_hp_gain":0.0,"max_hp_loss":0.0,"gold_gain":0.0,"event_name":"Duplicator","player_choice":"Copied","floor":21.0,"gold_loss":0.0,"damage_taken":0.0,"cards_obtained":["animator:HinaKagiyama"]}],"is_beta":false,"boss_relics":[{"not_picked":["Mark of Pain","Astrolabe"],"picked":"Honey Jar"},{"not_picked":["hubris:CrackedHourglass","hubris:ScarierMask"],"picked":"Replay:Ancient Bell"},{"not_picked":["hubris:SlimyHat","Red Skull"],"picked":"Tiny Chest"},{"not_picked":["Shuriken","construct:FoamFinger"],"picked":"Chameleon Ring"},{"not_picked":["CaptainsWheel","Unceasing Top"],"picked":"Bird Faced Urn"},{"not_picked":["Ring of Chaos","hubris:Stopwatch"],"picked":"hubris:TerracottaHorce"},{"not_picked":["animator:HolyGrailRelic","Replay:Bronze Core","Busted Crown"],"picked":"Calling Bell"}],"items_purged_floors":[61],"is_endless":true,"potions_floor_spawned":[6,13,18,23,25,27,30,36,41,44,47,53,58,63,72,79],"killed_by":"hubris:MusketHawk","ascension_level":1}}