{"host":"ormi09wwzv7sq47a","time":1612642679,"event":{"mods":["2.2 Compatiblity","AchievementEnabler","Act Like it!","BaseMod","Bestiary","Better Altar","Better Note","Better Sensory Stone","Better Silent Start","Better Skull","Better Third Choice","Better Vampires","BetterRewards","Block Reminder","Card Forge","Colored Map","Colored Powertips","Curses Come First","DeckTracker","Downfall","Highlight Path","Minty Spire (QoL Compilation)","Permanent Neow","Quick Restart","Rare Cards Sparkle","Relic Stats","Shop Mod","StSLib","The Jungle"],"gold_per_floor":[112,112,162,11,27,27,27,27,51,76,76,105,105,131,131,131,131,131],"floor_reached":16,"language":"ENG","playtime":6513,"items_purged":["Guardian:Strike_Guardian","Guardian:Defend_Guardian","Guardian:Defend_Guardian"],"score":280,"play_id":"344c9924-ff4e-4cda-9472-da9a4cf7adf2","local_time":"20210206181759","is_ascension_mode":true,"campfire_choices":[{"data":"Guardian:Suspension","floor":6.0,"key":"SMITH"},{"data":"Guardian:CurlUp","floor":8.0,"key":"SMITH"},{"data":"Guardian:CrystalBeam","floor":15,"key":"SMITH"}],"circlet_count":0,"master_deck":["AscendersBane","Guardian:Strike_Guardian","Guardian:Strike_Guardian","Guardian:Defend_Guardian","Guardian:Defend_Guardian","Guardian:CurlUp+1","Guardian:TwinSlam","Guardian:Suspension+1","Guardian:ChargeCore","Guardian:ArmoredProtocol","Guardian:CrystalBeam+1","Guardian:TemporalShield"],"relics":["Guardian:ModeShifter","Hammer of Thor","Seething Fire","Anvil of the Gods","Bag of Preparation","Ice Cream","champ:DeflectingBracers","Slimebound:PreparedRelic","Bag of Marbles","CeramicFish","Vajra"],"acts_visited":["Exordium"],"potions_floor_usage":[12,12],"damage_taken":[{"damage":4.0,"enemies":"Jaw Worm","floor":1.0,"turns":5.0},{"damage":1.0,"enemies":"Cultist","floor":5.0,"turns":3.0},{"damage":0.0,"enemies":"Small Slimes","floor":10.0,"turns":2.0},{"damage":0,"enemies":"Exordium Thugs","floor":12,"turns":3},{"damage":0,"enemies":"Looter","floor":14,"turns":3},{"damage":41,"enemies":"Slime Boss","floor":16,"turns":8}],"seed_played":"2253067550267556222","potions_obtained":[{"floor":1.0,"key":"hexamod:SoulburnPotion"}],"is_trial":false,"path_per_floor":["M","?","?","$","M","R","?","R","T","M","$","M","?","M","R","B"],"character_chosen":"GUARDIAN","items_purchased":["Bag of Preparation","Slimebound:PreparedRelic","Bag of Marbles","BlessingOfTheForge","Guardian:ChargeCore"],"campfire_rested":0,"item_purchase_floors":[0,0,0,0,4],"current_hp_per_floor":[40,40,40,40,39,39,28,28,28,28,28,28,28,28,28,0,0,0],"gold":131,"neow_bonus":"","is_daily":false,"chose_seed":false,"campfire_upgraded":3,"win_rate":0.0,"timestamp":1612642679,"path_taken":["M","?","?","$","?","R","?","R","T","M","?","M","?","M","R","BOSS"],"items_purchased_type":["Relic","Relic","Relic","Potion","Card"],"build_version":"2020-12-22","purchased_purges":3,"victory":false,"max_hp_per_floor":[72,72,72,72,72,72,72,72,72,72,72,72,72,72,72,72,72,72],"relic_stats":{"counters":[300,1380],"CeramicFish":27,"Bag of Preparation":[74],"obtain_stats":[{"Ginger":54,"Whetstone":54,"Bottled Tornado":44,"Boot":9,"Old Coin":24,"Guardian:PickAxe":3,"Blood Vial":43,"Sundial":42,"MealTicket":41,"Kunai":23,"Guardian:DefensiveModeMoreBlock":26,"MerchantsRug":53,"Blue Candle":40,"Eternal Feather":26,"Pen Nib":54,"Guardian:PocketSentry":8,"Akabeko":44,"Bird Faced Urn":0,"Pandora\u0027s Box":17,"StrikeDummy":48,"Unceasing Top":43,"Lantern":31,"Torii":0,"sneckomod:BlankCard":48,"Guardian:StasisCodex":9,"Bag of Preparation":20,"Ancient Tea Set":9,"Smiling Mask":24,"Matryoshka":20,"WingedGreaves":7,"Potion Belt":7,"Lee\u0027s Waffle":0,"Guardian:GemstoneGun":0,"bronze:DecasWashers":43,"Thread and Needle":0,"PreservedInsect":43,"The Courier":40,"champ:DeflectingBracers":0,"Omamori":7,"Seething Fire":0,"Frozen Egg 2":9,"MawBank":45,"bronze:BronzeIdol":11,"Ornamental Fan":7,"Art of War":40,"Bottled Lightning":20,"hexamod:BolsterEngine":30,"Ice Cream":37,"champ:DuelingGlove":29,"Gremlin Horn":0,"Nilry\u0027s Codex":19,"CeramicFish":7,"Vajra":9,"Hammer of Thor":0,"Sozu":17,"Lizard Tail":46,"Centennial Puzzle":46,"Strawberry":26,"Philosopher\u0027s Stone":17,"Toxic Egg 2":6,"Guardian:BottledStasis":41,"Happy Flower":54,"Astrolabe":17,"Guardian:ModeShifter":0,"Oddly Smooth Stone":42,"War Paint":0,"sneckomod:SneckoTalon":34,"Du-Vu Doll":46,"OrangePellets":45,"Bottled Flame":54,"Anvil of the Gods":0,"Shuriken":12,"Bronze Scales":23,"Molten Egg 2":7,"Slimebound:PreparedRelic":0,"Black Star":17,"Nloth\u0027s Gift":19,"bronze:MakeshiftBattery":17,"Meat on the Bone":29,"Pocketwatch":39,"Darkstone Periapt":25,"Guardian:ModeShifterPlus":34,"SacredBark":34,"Mango":0,"Incense Burner":36,"Juzu Bracelet":29,"ClockworkSouvenir":0,"Dream Catcher":27,"Nunchaku":55,"Mummified Hand":37,"Gambling Chip":0,"Tiny Chest":26,"Red Mask":47,"bronze:DonusWashers":0,"hexamod:Sixitude":27,"Orichalcum":44,"Odd Mushroom":10,"White Beast Statue":14,"Peace Pipe":0,"Guardian:StasisUpgradeRelic":0,"CaptainsWheel":44,"Anchor":46,"Coffee Dripper":34,"Bag of Marbles":0,"Membership Card":20,"FossilizedHelix":0,"TungstenRod":30},{"Ginger":60,"Whetstone":87,"Bottled Tornado":21,"Boot":92,"Old Coin":279,"Guardian:PickAxe":2,"Blood Vial":54,"Sundial":216,"MealTicket":54,"Kunai":12,"Guardian:DefensiveModeMoreBlock":279,"MerchantsRug":86,"Blue Candle":187,"Eternal Feather":48,"Pen Nib":60,"Guardian:PocketSentry":3,"Akabeko":55,"Bird Faced Urn":0,"Pandora\u0027s Box":124,"StrikeDummy":23,"Unceasing Top":111,"Lantern":16,"Torii":224,"sneckomod:BlankCard":220,"Guardian:StasisCodex":3,"Bag of Preparation":46,"Ancient Tea Set":39,"Smiling Mask":48,"Matryoshka":46,"WingedGreaves":30,"Potion Belt":92,"Lee\u0027s Waffle":249,"Guardian:GemstoneGun":194,"bronze:DecasWashers":216,"Thread and Needle":61,"PreservedInsect":21,"The Courier":110,"champ:DeflectingBracers":194,"Omamori":39,"Seething Fire":0,"Frozen Egg 2":254,"MawBank":137,"bronze:BronzeIdol":200,"Ornamental Fan":120,"Art of War":54,"Bottled Lightning":99,"hexamod:BolsterEngine":181,"Ice Cream":108,"champ:DuelingGlove":209,"Gremlin Horn":194,"Nilry\u0027s Codex":203,"CeramicFish":296,"Vajra":296,"Hammer of Thor":0,"Sozu":149,"Lizard Tail":57,"Centennial Puzzle":291,"Strawberry":129,"Philosopher\u0027s Stone":7,"Toxic Egg 2":171,"Guardian:BottledStasis":20,"Happy Flower":167,"Astrolabe":69,"Guardian:ModeShifter":0,"Oddly Smooth Stone":21,"War Paint":26,"sneckomod:SneckoTalon":241,"Du-Vu Doll":57,"OrangePellets":188,"Bottled Flame":25,"Anvil of the Gods":0,"Shuriken":94,"Bronze Scales":101,"Molten Egg 2":228,"Slimebound:PreparedRelic":294,"Black Star":44,"Nloth\u0027s Gift":125,"bronze:MakeshiftBattery":276,"Meat on the Bone":104,"Pocketwatch":186,"Darkstone Periapt":102,"Guardian:ModeShifterPlus":17,"SacredBark":263,"Mango":26,"Incense Burner":19,"Juzu Bracelet":49,"ClockworkSouvenir":61,"Dream Catcher":103,"Nunchaku":223,"Mummified Hand":134,"Gambling Chip":224,"Tiny Chest":206,"Red Mask":22,"bronze:DonusWashers":224,"hexamod:Sixitude":261,"Orichalcum":112,"Odd Mushroom":147,"White Beast Statue":68,"Peace Pipe":88,"Guardian:StasisUpgradeRelic":34,"CaptainsWheel":55,"Anchor":114,"Coffee Dripper":78,"Bag of Marbles":294,"Membership Card":71,"FossilizedHelix":88,"TungstenRod":131},{"Ginger":315,"Whetstone":428,"Bottled Tornado":118,"Boot":452,"Old Coin":1283,"Guardian:PickAxe":6,"Blood Vial":291,"Sundial":988,"MealTicket":291,"Kunai":60,"Guardian:DefensiveModeMoreBlock":1283,"MerchantsRug":424,"Blue Candle":852,"Eternal Feather":265,"Pen Nib":315,"Guardian:PocketSentry":9,"Akabeko":294,"Bird Faced Urn":0,"Pandora\u0027s Box":588,"StrikeDummy":135,"Unceasing Top":544,"Lantern":84,"Torii":1030,"sneckomod:BlankCard":1003,"Guardian:StasisCodex":9,"Bag of Preparation":258,"Ancient Tea Set":232,"Smiling Mask":265,"Matryoshka":258,"WingedGreaves":172,"Potion Belt":452,"Lee\u0027s Waffle":1159,"Guardian:GemstoneGun":896,"bronze:DecasWashers":988,"Thread and Needle":323,"PreservedInsect":118,"The Courier":540,"champ:DeflectingBracers":896,"Omamori":232,"Seething Fire":0,"Frozen Egg 2":1175,"MawBank":646,"bronze:BronzeIdol":923,"Ornamental Fan":575,"Art of War":291,"Bottled Lightning":488,"hexamod:BolsterEngine":822,"Ice Cream":532,"champ:DuelingGlove":953,"Gremlin Horn":896,"Nilry\u0027s Codex":934,"CeramicFish":1364,"Vajra":1364,"Hammer of Thor":0,"Sozu":700,"Lizard Tail":303,"Centennial Puzzle":1337,"Strawberry":609,"Philosopher\u0027s Stone":33,"Toxic Egg 2":784,"Guardian:BottledStasis":111,"Happy Flower":769,"Astrolabe":360,"Guardian:ModeShifter":0,"Oddly Smooth Stone":118,"War Paint":157,"sneckomod:SneckoTalon":1110,"Du-Vu Doll":303,"OrangePellets":858,"Bottled Flame":152,"Anvil of the Gods":0,"Shuriken":464,"Bronze Scales":497,"Molten Egg 2":1046,"Slimebound:PreparedRelic":1356,"Black Star":252,"Nloth\u0027s Gift":593,"bronze:MakeshiftBattery":1278,"Meat on the Bone":511,"Pocketwatch":845,"Darkstone Periapt":502,"Guardian:ModeShifterPlus":96,"SacredBark":1221,"Mango":157,"Incense Burner":108,"Juzu Bracelet":269,"ClockworkSouvenir":323,"Dream Catcher":506,"Nunchaku":1021,"Mummified Hand":634,"Gambling Chip":1030,"Tiny Chest":943,"Red Mask":126,"bronze:DonusWashers":1030,"hexamod:Sixitude":1209,"Orichalcum":549,"Odd Mushroom":693,"White Beast Statue":347,"Peace Pipe":437,"Guardian:StasisUpgradeRelic":201,"CaptainsWheel":294,"Anchor":555,"Coffee Dripper":393,"Bag of Marbles":1356,"Membership Card":368,"FossilizedHelix":437,"TungstenRod":618}]},"card_choices":[{"not_picked":["Guardian:CrystalBeam","Guardian:TemporalShield"],"picked":"Guardian:Suspension","floor":1.0},{"not_picked":["Guardian:ExploitGems","Guardian:Planning"],"picked":"Guardian:Gem_Cyan","floor":5.0},{"not_picked":["Guardian:PiercingHide","Guardian:BronzeArmor"],"picked":"Guardian:ArmoredProtocol","floor":10.0},{"not_picked":["Guardian:Incinerate","Guardian:TemporalStrike"],"picked":"Guardian:CrystalBeam","floor":12},{"not_picked":["Guardian:Recover","Guardian:VentSteam"],"picked":"Guardian:TemporalShield","floor":14}],"player_experience":1015255,"relics_obtained":[{"floor":9.0,"key":"Vajra"}],"event_choices":[{"cards_removed":["Guardian:Strike_Guardian"],"damage_healed":0.0,"max_hp_gain":0.0,"max_hp_loss":0.0,"gold_gain":0.0,"event_name":"Living Wall","player_choice":"Forget","floor":2.0,"gold_loss":0.0,"damage_taken":0.0},{"damage_healed":0.0,"max_hp_gain":0.0,"max_hp_loss":0.0,"gold_gain":50.0,"event_name":"Golden Shrine","player_choice":"Pray","floor":3.0,"gold_loss":0.0,"damage_taken":0.0},{"damage_healed":0.0,"max_hp_gain":0.0,"max_hp_loss":0.0,"gold_gain":1.0,"event_name":"betterThird:BetterScrap","player_choice":"Relic ","floor":7.0,"gold_loss":0.0,"damage_taken":11.0,"cards_obtained":["Reflex"]},{"damage_healed":0,"gold_gain":0,"player_choice":"Ignored","damage_taken":105,"max_hp_gain":0,"max_hp_loss":0,"event_name":"betterThird:BetterSerpent","floor":13,"gold_loss":0}],"is_beta":false,"boss_relics":[],"items_purged_floors":[0,0,4],"is_endless":false,"potions_floor_spawned":[1,5],"killed_by":"Slime Boss","ascension_level":20}}