{"host":"i8x3uekhioq8aaet","time":1612619500,"event":{"mods":["AchievementEnabler","BaseMod","Colored Map","Colored Powertips","DeckTracker","Minty Spire (QoL Compilation)","Relic Sorter","StSLib"],"gold_per_floor":[117,117,117,137,137,137,156,176,176,176,176,186,111,128,128,232,232,252,262,276,293,193,193,68,68,68,68,82,96,108,126,126,230,230,242,258,258,278,295,295,295,295,320,339,339,351,201,213,213,213,213],"floor_reached":50,"language":"ZHT","playtime":1424,"items_purged":["Strike_P","Strike_P","Strike_P","Defend_P"],"score":442,"play_id":"a8c4950f-63a6-4aa8-8846-cdb5c22b4322","local_time":"20210206215140","is_ascension_mode":false,"campfire_choices":[{"floor":6.0,"key":"REST"},{"data":"PathToVictory","floor":11.0,"key":"SMITH"},{"data":"PathToVictory","floor":15.0,"key":"SMITH"},{"data":"Defend_P","floor":23.0,"key":"SMITH"},{"data":"Defend_P","floor":25.0,"key":"SMITH"},{"floor":32.0,"key":"REST"},{"floor":40.0,"key":"REST"},{"floor":42.0,"key":"REST"},{"floor":49.0,"key":"REST"}],"circlet_count":0,"master_deck":["Strike_P","Defend_P+1","Defend_P+1","Defend_P+1","Vigilance+1","PathToVictory+1","PathToVictory+1","PathToVictory+1"],"relics":["PureWater"],"acts_visited":["Exordium","TheCity","TheBeyond"],"potions_floor_usage":[50,50,50],"damage_taken":[{"damage":8.0,"enemies":"Jaw Worm","floor":1.0,"turns":5.0},{"damage":12.0,"enemies":"Small Slimes","floor":4.0,"turns":6.0},{"damage":0.0,"enemies":"Cultist","floor":7.0,"turns":3.0},{"damage":5.0,"enemies":"2 Fungi Beasts","floor":8.0,"turns":5.0},{"damage":1.0,"enemies":"3 Louse","floor":12.0,"turns":5.0},{"damage":3.0,"enemies":"Gremlin Gang","floor":14.0,"turns":7.0},{"damage":37.0,"enemies":"Hexaghost","floor":16.0,"turns":6.0},{"damage":10.0,"enemies":"Chosen","floor":18.0,"turns":4.0},{"damage":0.0,"enemies":"Shell Parasite","floor":19.0,"turns":3.0},{"damage":0.0,"enemies":"Chosen and Byrds","floor":20.0,"turns":3.0},{"damage":4.0,"enemies":"Centurion and Healer","floor":21.0,"turns":4.0},{"damage":5.0,"enemies":"Snake Plant","floor":28.0,"turns":3.0},{"damage":2.0,"enemies":"Chosen and Byrds","floor":29.0,"turns":3.0},{"damage":5.0,"enemies":"Cultist and Chosen","floor":30.0,"turns":3.0},{"damage":8.0,"enemies":"Shelled Parasite and Fungi","floor":31.0,"turns":3.0},{"damage":42.0,"enemies":"Collector","floor":33.0,"turns":5.0},{"damage":2.0,"enemies":"Orb Walker","floor":35.0,"turns":3.0},{"damage":18.0,"enemies":"3 Darklings","floor":36.0,"turns":4.0},{"damage":12.0,"enemies":"Spire Growth","floor":38.0,"turns":4.0},{"damage":0.0,"enemies":"Transient","floor":39.0,"turns":5.0},{"damage":0.0,"enemies":"Writhing Mass","floor":44.0,"turns":3.0},{"damage":12.0,"enemies":"Jaw Worm Horde","floor":46.0,"turns":3.0},{"damage":16.0,"enemies":"4 Shapes","floor":48.0,"turns":6.0},{"damage":75,"enemies":"Time Eater","floor":50,"turns":9}],"seed_played":"5864973319244003642","potions_obtained":[{"floor":1.0,"key":"SkillPotion"},{"floor":12.0,"key":"GamblersBrew"},{"floor":14.0,"key":"SteroidPotion"},{"floor":16.0,"key":"SkillPotion"},{"floor":19.0,"key":"Ancient Potion"},{"floor":33.0,"key":"SteroidPotion"},{"floor":35.0,"key":"SpeedPotion"},{"floor":36.0,"key":"Block Potion"},{"floor":44.0,"key":"Block Potion"}],"is_trial":false,"path_per_floor":["M","?","?","M","?","R","M","M","T","?","R","M","$","M","R","B",null,"M","M","M","M","$","R","$","R","T","?","M","M","M","M","R","B",null,"M","M","?","M","M","R","?","R","T","M","?","M","$","M","R","B"],"character_chosen":"WATCHER","items_purchased":[],"campfire_rested":5,"item_purchase_floors":[],"current_hp_per_floor":[71,71,71,59,59,79,79,74,74,74,74,73,73,70,70,33,79,69,69,69,65,65,65,65,65,65,65,60,58,53,45,68,26,79,77,59,59,47,47,70,70,79,79,79,79,67,67,51,74,0,0],"gold":213,"neow_bonus":"TEN_PERCENT_HP_BONUS","is_daily":false,"chose_seed":false,"campfire_upgraded":4,"win_rate":0.0,"timestamp":1612619500,"path_taken":["M","?","?","?","?","R","M","M","T","?","R","M","$","M","R","BOSS","M","M","M","?","$","R","$","R","T","?","M","M","M","M","R","BOSS","M","M","?","?","M","R","?","R","T","?","?","M","$","?","R","BOSS"],"items_purchased_type":[],"build_version":"2020-12-22","purchased_purges":4,"victory":false,"max_hp_per_floor":[79,79,79,79,79,79,79,79,79,79,79,79,79,79,79,79,79,79,79,79,79,79,79,79,79,79,79,79,79,79,79,79,79,79,79,79,79,79,79,79,79,79,79,79,79,79,79,79,79,79,79],"card_choices":[{"not_picked":["SandsOfTime","ForeignInfluence","Consecrate"],"picked":"SKIP","floor":1.0},{"not_picked":["Crescendo","Wireheading","SashWhip"],"picked":"SKIP","floor":4.0},{"not_picked":["Blasphemy","ForeignInfluence","FlurryOfBlows"],"picked":"SKIP","floor":7.0},{"not_picked":["FlyingSleeves","Weave"],"picked":"PathToVictory","floor":8.0},{"not_picked":["JustLucky","Conclude","Wireheading"],"picked":"SKIP","floor":12.0},{"not_picked":["WaveOfTheHand","Worship"],"picked":"PathToVictory","floor":14.0},{"not_picked":["WaveOfTheHand+1","Evaluate+1","SandsOfTime"],"picked":"SKIP","floor":18.0},{"not_picked":["ThirdEye","Prostrate"],"picked":"PathToVictory+1","floor":19.0},{"not_picked":["CutThroughFate","Pray+1","Perseverance"],"picked":"SKIP","floor":20.0},{"not_picked":["SignatureMove","BowlingBash","Prostrate"],"picked":"SKIP","floor":21.0},{"not_picked":["Collect","Prostrate","Consecrate"],"picked":"SKIP","floor":28.0},{"not_picked":["CutThroughFate","Prostrate","BowlingBash"],"picked":"SKIP","floor":29.0},{"not_picked":["CutThroughFate","FlurryOfBlows+1","ClearTheMind"],"picked":"SKIP","floor":30.0},{"not_picked":["SashWhip","Ragnarok","Protect"],"picked":"SKIP","floor":31.0},{"not_picked":["ThirdEye","Vengeance+1","ClearTheMind+1"],"picked":"SKIP","floor":35.0},{"not_picked":["CrushJoints","CutThroughFate","Wireheading+1"],"picked":"SKIP","floor":36.0},{"not_picked":["JustLucky+1","SashWhip+1","TalkToTheHand"],"picked":"SKIP","floor":38.0},{"not_picked":["FlurryOfBlows+1","CrushJoints+1","Conclude+1"],"picked":"SKIP","floor":39.0},{"not_picked":["Indignation+1","ThirdEye","WheelKick+1"],"picked":"SKIP","floor":44.0},{"not_picked":["TalkToTheHand","Alpha","FlyingSleeves+1"],"picked":"SKIP","floor":46.0},{"not_picked":["ClearTheMind+1","ThirdEye+1","WaveOfTheHand+1"],"picked":"SKIP","floor":48.0}],"player_experience":324646,"relics_obtained":[],"event_choices":[{"damage_healed":0.0,"max_hp_gain":0.0,"max_hp_loss":0.0,"gold_gain":0.0,"event_name":"Scrap Ooze","player_choice":"Fled","floor":2.0,"gold_loss":0.0,"damage_taken":0.0},{"cards_removed":["Eruption"],"damage_healed":0.0,"max_hp_gain":0.0,"max_hp_loss":0.0,"gold_gain":0.0,"event_name":"Bonfire Elementals","player_choice":"Offered Basic","floor":3.0,"gold_loss":0.0,"damage_taken":0.0},{"damage_healed":0.0,"max_hp_gain":0.0,"max_hp_loss":0.0,"gold_gain":0.0,"event_name":"Shining Light","player_choice":"Ignored","floor":5.0,"gold_loss":0.0,"damage_taken":0.0},{"damage_healed":0.0,"max_hp_gain":0.0,"max_hp_loss":0.0,"gold_gain":0.0,"event_name":"Upgrade Shrine","player_choice":"Upgraded","floor":10.0,"gold_loss":0.0,"damage_taken":0.0,"cards_upgraded":["Vigilance"]},{"damage_healed":0.0,"max_hp_gain":0.0,"max_hp_loss":0.0,"gold_gain":0.0,"event_name":"Accursed Blacksmith","player_choice":"Forge","floor":27.0,"gold_loss":0.0,"damage_taken":0.0,"cards_upgraded":["Defend_P"]},{"damage_healed":0.0,"max_hp_gain":0.0,"max_hp_loss":0.0,"gold_gain":0.0,"event_name":"Duplicator","player_choice":"Ignored","floor":37.0,"gold_loss":0.0,"damage_taken":0.0},{"damage_healed":0.0,"max_hp_gain":0.0,"max_hp_loss":0.0,"gold_gain":0.0,"event_name":"The Woman in Blue","player_choice":"Bought 0 Potions","floor":41.0,"gold_loss":0.0,"damage_taken":0.0},{"damage_healed":0.0,"max_hp_gain":0.0,"max_hp_loss":0.0,"gold_gain":0.0,"event_name":"Match and Keep!","player_choice":"0 cards matched","floor":45.0,"gold_loss":0.0,"damage_taken":0.0,"cards_obtained":[]}],"is_beta":false,"boss_relics":[{"not_picked":["Empty Cage","Runic Pyramid","Busted Crown"]},{"not_picked":["SlaversCollar","SacredBark","Runic Dome"]}],"items_purged_floors":[13,22,24,47],"is_endless":false,"potions_floor_spawned":[1,12,14,16,19,28,29,33,35,36,44],"killed_by":"Time Eater","ascension_level":0}}