{"host":"mijx6czmnk03eucy","time":1612571067,"event":{"mods":["Aspiration","BaseMod","Better Altar","Better Skull","Better Third Choice","Better-Laid Plans","BetterRewards","Bossed Relics","Challenge The Spire","Colored Map","Colored Powertips","Conspire","Curses Come First","Debug Mod","Disable Question Mark Monsters","Displayed Cursed Tome","Energized Spire","Evolution","Force Act Four","Fox Events","GifTheSpireLib","Googly Eyes","Hermit","Highlight Path","Hubris","Infinite Spire","Jedi Mod","JesterMod","Mimic Mod","Minty Spire (QoL Compilation)","Quick Restart","Rare Cards Sparkle","Relic Filter","Relic Stats","Reliquary","Replay The Spire","SacredBarkPlus","Spicy Shops","Spire Arcade","StS++","StSLib","Stuff the Spire","The Blue Laboratory","The Jungle","Uncapped","Wandering Minibosses","Wide Potions"],"gold_per_floor":[119,119,129,129,26,26,46,74,124,124,24,24,50,85,85,198,198,231,268,302,542,542,542,556,556],"floor_reached":24,"language":"ENG","playtime":1015,"items_purged":["Strike_R","Injury"],"score":480,"play_id":"e6fac058-7ffa-475e-9ea2-aa23865f0256","local_time":"20210206002427","is_ascension_mode":true,"campfire_choices":[{"data":"Bash","floor":6.0,"key":"SMITH"},{"data":"Cleave","floor":12.0,"key":"SMITH"},{"data":"Pommel Strike","floor":15.0,"key":"SMITH"},{"data":"StuffTheSpire:Deluminance","floor":23,"key":"SMITH"}],"circlet_count":0,"master_deck":["Pommel Strike+1","ReplayTheSpireMod:Strike From Hell","Cleave+1","Defend_R","Defend_R","Defend_R","Defend_R","Bash+1","Clash+1","Anger+1","Body Slam+1","Cleave+1","Shame","Hallucinations","Iron Wave+1","Body Slam+1","hubris:Gluttony","Looming Evil","StuffTheSpire:Incineration+1","conspire:NecroticWound","hubris:Gluttony","StuffTheSpire:Deluminance","StuffTheSpire:Deluminance","StuffTheSpire:Deluminance+1","StuffTheSpire:Deluminance","StuffTheSpire:Deluminance"],"relics":["Burning Blood","EVO:Axolotl","Blue Doll","ReplayTheSpireMod:Ring of Collecting","Ring of Peace","hubris:DeckOfHolding","Strawberry","Ring of Greed","Tiny Chest","Replay:Bandana","Molten Egg 2","StuffTheSpire:RunicConfusion","StuffTheSpire:BlackoutCurse"],"acts_visited":["Exordium","TheCity"],"potions_floor_usage":[20],"damage_taken":[{"damage":0.0,"enemies":"Small Slimes","floor":1.0,"turns":3.0},{"damage":0.0,"enemies":"2 Louse","floor":3.0,"turns":2.0},{"damage":0.0,"enemies":"Jaw Worm","floor":7.0,"turns":2.0},{"damage":30.0,"enemies":"3 Sentries","floor":8.0,"turns":7.0},{"damage":0.0,"enemies":"3 Louse","floor":13.0,"turns":2.0},{"damage":0.0,"enemies":"Exordium Thugs","floor":14.0,"turns":3.0},{"damage":34.0,"enemies":"The Guardian","floor":16.0,"turns":7.0},{"damage":0.0,"enemies":"3 Byrds","floor":18.0,"turns":5.0},{"damage":11.0,"enemies":"2 Thieves","floor":19.0,"turns":4.0},{"damage":69,"enemies":"Centurion and Healer","floor":20,"turns":11},{"damage":32,"enemies":"Book of Stabbing","floor":24,"turns":4}],"seed_played":"-6147366857658126917","potions_obtained":[{"floor":8.0,"key":"blueLaboratory:FruitPreserves"},{"floor":13.0,"key":"SpeedPotion"},{"floor":16.0,"key":"blueLaboratory:NullPotion"},{"floor":20,"key":"blueLaboratory:HummingbirdPotion"}],"is_trial":false,"path_per_floor":["M","?","M","?","$","R","M","E","T","?","$","R","M","M","R","B",null,"M","M","M","?","?","R","E"],"character_chosen":"IRONCLAD","items_purchased":["Blue Doll","Clash+1","Anger+1"],"campfire_rested":0,"item_purchase_floors":[0,0,5],"current_hp_per_floor":[80,80,80,73,73,73,79,55,62,62,62,62,68,74,74,46,87,87,82,28,28,28,28,0,0],"gold":556,"neow_bonus":"","is_daily":false,"chose_seed":false,"campfire_upgraded":4,"win_rate":0.0,"timestamp":1612571067,"path_taken":["M","?","M","?","?","R","?","E","T","?","$","R","M","M","R","BOSS","M","M","M","?","?","R","E"],"items_purchased_type":["Relic","Card","Card"],"build_version":"2020-12-22","purchased_purges":2,"victory":false,"max_hp_per_floor":[80,80,80,80,80,80,80,80,87,87,87,87,87,87,87,87,87,87,87,87,87,87,87,87,87],"relic_stats":{"counters":[22,84],"Tiny Chest":0,"obtain_stats":[{"Replay:Accelerometer":11,"ReplayTheSpireMod:Ninjato":9,"NeowsBlessing":0,"StuffTheSpire:BlackoutCurse":22,"Blue Doll":0,"Pen Nib":10,"EVO:Axolotl":0,"Ring of Greed":9,"Boot":14,"Burning Blood":0,"StuffTheSpire:RunicConfusion":17,"Replay:Bandana":9,"ReplayTheSpireMod:Ring of Collecting":2,"Ring of Peace":2,"Strawberry":9,"hubris:DeckOfHolding":8,"Tiny Chest":9,"Molten Egg 2":10,"foxEvents:LuckyCharm":3,"hubris:TenFootPole":4,"StSpp:PileOfSugar":17,"InkBottle":6},{"Replay:Accelerometer":6,"ReplayTheSpireMod:Ninjato":6,"NeowsBlessing":0,"StuffTheSpire:BlackoutCurse":21,"Blue Doll":11,"Pen Nib":6,"EVO:Axolotl":0,"Ring of Greed":15,"Boot":8,"Burning Blood":0,"StuffTheSpire:RunicConfusion":18,"Replay:Bandana":15,"ReplayTheSpireMod:Ring of Collecting":12,"Ring of Peace":12,"Strawberry":15,"hubris:DeckOfHolding":15,"Tiny Chest":15,"Molten Egg 2":15,"foxEvents:LuckyCharm":3,"hubris:TenFootPole":3,"StSpp:PileOfSugar":9,"InkBottle":5},{"Replay:Accelerometer":13,"ReplayTheSpireMod:Ninjato":13,"NeowsBlessing":0,"StuffTheSpire:BlackoutCurse":80,"Blue Doll":34,"Pen Nib":13,"EVO:Axolotl":0,"Ring of Greed":48,"Boot":18,"Burning Blood":0,"StuffTheSpire:RunicConfusion":60,"Replay:Bandana":48,"ReplayTheSpireMod:Ring of Collecting":37,"Ring of Peace":37,"Strawberry":48,"hubris:DeckOfHolding":48,"Tiny Chest":48,"Molten Egg 2":48,"foxEvents:LuckyCharm":3,"hubris:TenFootPole":3,"StSpp:PileOfSugar":30,"InkBottle":10}],"Burning Blood":66},"card_choices":[{"not_picked":["Clothesline","True Grit","StSpp:TheBiggerTheyAre"],"picked":"SKIP","floor":1.0},{"not_picked":["Body Slam","StSpp:Sprint","Run Through"],"picked":"SKIP","floor":3.0},{"not_picked":["Run Through","Armaments","Barricade"],"picked":"SKIP","floor":7.0},{"not_picked":["hubris:ReadiedAction","Power Through","True Grit"],"picked":"SKIP","floor":8.0},{"not_picked":["True Grit","Searing Blow+1"],"picked":"Body Slam+1","floor":13.0},{"not_picked":["Wild Strike+1","ReplayTheSpireMod:Stacked"],"picked":"Cleave+1","floor":14.0},{"not_picked":["Burning Pact+1","StSpp:TheBiggerTheyAre+1"],"picked":"Iron Wave+1","floor":18.0},{"not_picked":["StSpp:Sprint","Twin Strike+1"],"picked":"Body Slam+1","floor":19.0},{"not_picked":["Body Slam+1","StuffTheSpire:RockThrow+1"],"picked":"StuffTheSpire:Incineration+1","floor":20}],"player_experience":741849,"relics_obtained":[{"floor":2.0,"key":"ReplayTheSpireMod:Ring of Collecting"},{"floor":2.0,"key":"Ring of Peace"},{"floor":8.0,"key":"hubris:DeckOfHolding"},{"floor":9.0,"key":"Strawberry"},{"floor":9.0,"key":"Ring of Greed"},{"floor":9.0,"key":"Tiny Chest"},{"floor":9.0,"key":"Replay:Bandana"}],"event_choices":[{"cards_removed":["Strike_R"],"damage_healed":0.0,"max_hp_gain":0.0,"max_hp_loss":0.0,"gold_gain":0.0,"event_name":"Golden Wing","player_choice":"Card Removal","floor":4.0,"gold_loss":0.0,"damage_taken":7.0}],"is_beta":false,"boss_relics":[{"not_picked":["Cursed Key","Velvet Choker"],"picked":"StuffTheSpire:RunicConfusion"}],"items_purged_floors":[5,11],"is_endless":false,"potions_floor_spawned":[8,13,16,20],"killed_by":"Book of Stabbing","ascension_level":4}}