{"host":"0cm5wy4nhuju7tij","time":1612646566,"event":{"mods":["100% Spire Juice","2.2 Compatiblity","AchievementEnabler","Aspiration","BaseMod","Better Third Choice","BetterRewards","CCEM2","CapriCore","Colored Powertips","Curses Come First","Displayed Cursed Tome","Downfall","Energized Spire","Evolution","Filter the Spire","Highlight Path","Jess\u0027s Bottle","Minty Spire (QoL Compilation)","Permanent Neow","Poor People Problems","Relic Filter Mod","Relic Stats","Shop Mod","Spicy Shops","StSLib","The Cursed","TheSurvivalist","Weighted Paths"],"gold_per_floor":[110,179,193,204,279,279,312,312,338,351,378,390,405,405,405],"floor_reached":14,"language":"ENG","playtime":936,"items_purged":[],"score":178,"play_id":"52e77ade-ba12-4a20-8d87-38167376630c","local_time":"20210206162246","is_ascension_mode":true,"campfire_choices":[{"data":"TheCursedMod:ParallelWorld","floor":6,"key":"SMITH"},{"data":"TheCursedMod:HellfireBreathing","floor":8,"key":"SMITH"}],"circlet_count":0,"master_deck":["TheCursedMod:CleanUpWorkshop","TheCursedMod:CursedAmulet","TheCursedMod:HellfireBreathing+1","TheCursedMod:HellfireBreathing","TheCursedMod:SpitefulPlan","TheCursedMod:LuckyCharm","TheCursedMod:CursedSpellbook","TheCursedMod:NeowsMight","TheCursedMod:ParallelWorld+1","TheCursedMod:CircleOfAbyss","TheCursedMod:AbyssShockwave","TheCursedMod:ReleasedStrength","TheCursedMod:CursedMace+1","TheCursedMod:SurpriseAttack+1","TheCursedMod:Obscuration","TheCursedMod:SpitefulStrike","TheCursedMod:Grudge","TheCursedMod:SpitefulPlan"],"relics":["TheCursedMod:BlackMagicAdvanced","EVO:Axolotl","CCEMRelics:Pendulum","Whetstone","Anchor"],"acts_visited":["Exordium"],"potions_floor_usage":[13],"damage_taken":[{"damage":1,"enemies":"Small Slimes","floor":1,"turns":2},{"damage":0,"enemies":"2 Louse","floor":3,"turns":3},{"damage":10,"enemies":"Cultist","floor":4,"turns":4},{"damage":16,"enemies":"Gremlin Nob","floor":7,"turns":4},{"damage":2,"enemies":"Red Slaver","floor":10,"turns":2},{"damage":10,"enemies":"Lagavulin","floor":11,"turns":4},{"damage":0,"enemies":"Large Slime","floor":12,"turns":5},{"damage":3,"enemies":"2 Fungi Beasts","floor":13,"turns":3},{"damage":20,"enemies":"3 Sentries","floor":14,"turns":2}],"seed_played":"9033164201428673225","potions_obtained":[{"floor":3,"key":"Regen Potion"},{"floor":4,"key":"SpeedPotion"},{"floor":11,"key":"SpeedPotion"}],"is_trial":false,"path_per_floor":["M","?","M","M","?","R","E","R","T","M","E","M","M","E"],"character_chosen":"THE_CURSED","items_purchased":[],"campfire_rested":0,"item_purchase_floors":[],"current_hp_per_floor":[67,67,67,57,46,46,30,30,30,28,18,18,20,0,0],"gold":405,"neow_bonus":"TRANSFORM_CARD","is_daily":false,"chose_seed":false,"campfire_upgraded":2,"win_rate":0.0,"timestamp":1612646566,"path_taken":["M","?","M","M","?","R","E","R","T","M","E","M","M","E"],"items_purchased_type":[],"build_version":"2020-12-22","purchased_purges":0,"victory":false,"max_hp_per_floor":[75,75,75,75,75,75,75,75,75,75,75,75,75,75,75],"relic_stats":{"counters":[9,27],"Whetstone":["TheCursedMod:CursedMace","TheCursedMod:SurpriseAttack"],"obtain_stats":[{"Anchor":11,"TheCursedMod:BlackMagicAdvanced":0,"CCEMRelics:Pendulum":7,"EVO:Axolotl":0,"Whetstone":9},{"Anchor":6,"TheCursedMod:BlackMagicAdvanced":0,"CCEMRelics:Pendulum":4,"EVO:Axolotl":0,"Whetstone":4},{"Anchor":18,"TheCursedMod:BlackMagicAdvanced":0,"CCEMRelics:Pendulum":12,"EVO:Axolotl":0,"Whetstone":12}]},"card_choices":[{"not_picked":["TheCursedMod:SpitefulStrike","TheCursedMod:CircleOfAmplification"],"picked":"TheCursedMod:AbyssShockwave","floor":1},{"not_picked":["TheCursedMod:Evocation","TheCursedMod:SpitefulStrike"],"picked":"TheCursedMod:ReleasedStrength","floor":3},{"not_picked":["TheCursedMod:RapidMovement","TheCursedMod:SurpriseAttack"],"picked":"TheCursedMod:CursedMace","floor":4},{"not_picked":["TheCursedMod:VitalStrike","TheCursedMod:Stigma"],"picked":"TheCursedMod:SurpriseAttack","floor":7},{"not_picked":["TheCursedMod:CircleOfCorruption","TheCursedMod:FleshFromBone"],"picked":"TheCursedMod:Obscuration","floor":10},{"not_picked":["TheCursedMod:CursedRelics","TheCursedMod:Torture"],"picked":"TheCursedMod:SpitefulStrike","floor":11},{"not_picked":["TheCursedMod:FuryStrike","TheCursedMod:CircleOfFocus"],"picked":"TheCursedMod:Grudge","floor":12},{"not_picked":["TheCursedMod:SoulCrush","TheCursedMod:RavingStaff"],"picked":"TheCursedMod:SpitefulPlan","floor":13}],"player_experience":280359,"relics_obtained":[{"floor":7,"key":"CCEMRelics:Pendulum"},{"floor":9,"key":"Whetstone"},{"floor":11,"key":"Anchor"}],"event_choices":[{"damage_healed":0,"gold_gain":69,"player_choice":"Gained Gold","damage_taken":0,"max_hp_gain":0,"max_hp_loss":0,"event_name":"Golden Wing","floor":2,"gold_loss":0},{"damage_healed":0,"gold_gain":75,"player_choice":"Gold","damage_taken":11,"max_hp_gain":0,"max_hp_loss":0,"event_name":"betterThird:BetterGoop","floor":5,"gold_loss":0}],"is_beta":false,"boss_relics":[],"items_purged_floors":[],"is_endless":false,"potions_floor_spawned":[3,4,10,11,12],"killed_by":"3 Sentries","ascension_level":8}}