{"host":"Kdaddybrian","time":1612635928,"event":{"mods":["AchievementEnabler","BaseMod","Bestiary","Colored Powertips","Minty Spire (QoL Compilation)","Potion Indicator Mod","Quick Restart","Rare Cards Sparkle","Relic Stats","StSLib","Uncapped"],"gold_per_floor":[115,132,132,190,205,243,258,299,323,323,337,337,353,394,394,520,520,540,540,50,50,50,83,83,83,135,175,175,191,230,230,230,329,329,349,365,25,43,43,43,118,118,118,195,50,50,79,79,79,79,79,79,1,26,26,26],"floor_reached":55,"language":"ENG","playtime":3088,"items_purged":[],"score":1314,"play_id":"751defb2-10d2-4ce4-9139-569d2227e0ed","local_time":"20210206132528","is_ascension_mode":true,"campfire_choices":[{"floor":10,"key":"REST"},{"data":"Alpha","floor":12,"key":"SMITH"},{"floor":15,"key":"REST"},{"floor":25,"key":"REST"},{"floor":32,"key":"REST"},{"floor":40,"key":"RECALL"},{"data":"Ghostly","floor":42,"key":"SMITH"},{"data":"Ghostly","floor":49,"key":"SMITH"},{"data":"Ghostly","floor":52,"key":"SMITH"}],"circlet_count":0,"master_deck":["Eruption","Vigilance","ReachHeaven","MentalFortress","Alpha+1","WheelKick","Sanctity","Consecrate","FlyingSleeves","Worship","Protect","CutThroughFate","CrushJoints","ThirdEye","EmptyBody","Prostrate","Devotion","Wish","Swivel+1","Ghostly+1","Ghostly+1","Ghostly+1","Ghostly","Ghostly","ForeignInfluence","ThirdEye+1","EmptyMind","Wish","Evaluate+1","Enlightenment","Nirvana","Worship+1"],"relics":["Pandora\u0027s Box","Bloody Idol","Ancient Tea Set","Juzu Bracelet","Toy Ornithopter","PreservedInsect","Runic Pyramid","Smiling Mask","Mango","ClockworkSouvenir","Pocketwatch","Orichalcum","Dead Branch","Shuriken","Busted Crown","OrangePellets","Centennial Puzzle","Calipers","Bottled Lightning","Boot","TeardropLocket","Damaru","Sundial"],"acts_visited":["Exordium","TheCity","TheBeyond","TheEnding"],"potions_floor_usage":[14,16,33,35,38,41,50,54,54,54,55],"damage_taken":[{"damage":0.0,"enemies":"Jaw Worm","floor":1.0,"turns":3.0},{"damage":2.0,"enemies":"Small Slimes","floor":2.0,"turns":3.0},{"damage":0.0,"enemies":"Cultist","floor":5.0,"turns":5.0},{"damage":10.0,"enemies":"Gremlin Nob","floor":6.0,"turns":3.0},{"damage":4.0,"enemies":"Exordium Wildlife","floor":7.0,"turns":3.0},{"damage":20,"enemies":"Lagavulin","floor":8,"turns":6},{"damage":1,"enemies":"Looter","floor":11,"turns":2},{"damage":2,"enemies":"Blue Slaver","floor":13,"turns":3},{"damage":36,"enemies":"Gremlin Nob","floor":14,"turns":5},{"damage":4,"enemies":"The Guardian","floor":16,"turns":7},{"damage":39,"enemies":"2 Thieves","floor":18,"turns":4},{"damage":26,"enemies":"Book of Stabbing","floor":23,"turns":6},{"damage":0,"enemies":"Slavers","floor":27,"turns":5},{"damage":1,"enemies":"Chosen","floor":29,"turns":10},{"damage":14,"enemies":"Book of Stabbing","floor":30,"turns":7},{"damage":0,"enemies":"Champ","floor":33,"turns":10},{"damage":28,"enemies":"3 Darklings","floor":35,"turns":6},{"damage":0,"enemies":"3 Shapes","floor":36,"turns":4},{"damage":6,"enemies":"Jaw Worm Horde","floor":38,"turns":6},{"damage":2,"enemies":"Mind Bloom Boss Battle","floor":41,"turns":7},{"damage":0,"enemies":"Nemesis","floor":44,"turns":7},{"damage":0,"enemies":"Reptomancer","floor":47,"turns":5},{"damage":38,"enemies":"Time Eater","floor":50,"turns":9},{"damage":27,"enemies":"Shield and Spear","floor":54,"turns":6},{"damage":26,"enemies":"The Heart","floor":55,"turns":5}],"seed_played":"2044991804092701917","potions_obtained":[{"floor":2.0,"key":"SkillPotion"},{"floor":5.0,"key":"Energy Potion"},{"floor":11,"key":"AttackPotion"},{"floor":13,"key":"Block Potion"},{"floor":18,"key":"Fire Potion"},{"floor":23,"key":"BottledMiracle"},{"floor":36,"key":"Energy Potion"},{"floor":38,"key":"Swift Potion"},{"floor":54,"key":"EssenceOfSteel"}],"is_trial":false,"path_per_floor":["M","M","?","?","M","E","M","E","T","R","M","R","M","E","R","B",null,"M","?","$","?","?","E","?","R","T","E","T","M","E","?","R","B",null,"M","M","$","M","?","R","?","R","T","E","$","T","E","?","R","B",null,"R","$","E","B"],"character_chosen":"WATCHER","items_purchased":["Mango","ClockworkSouvenir","PowerPotion","OrangePellets","Centennial Puzzle","BlessingOfTheForge","Enlightenment","SkillPotion","GamblersBrew"],"campfire_rested":4,"item_purchase_floors":[20,20,20,37,37,37,45,45,53],"current_hp_per_floor":[65,63,63,63,63,53,49,29,29,49,48,48,46,15,35,36,59,20,20,34,61,40,14,14,26,26,26,26,25,11,11,23,33,38,17,22,22,26,26,26,39,39,39,40,40,40,40,40,40,2,31,31,31,18,0,0],"gold":26,"neow_bonus":"BOSS_RELIC","is_daily":false,"chose_seed":false,"campfire_upgraded":4,"win_rate":0.0,"timestamp":1612635928,"path_taken":["M","M","?","?","M","E","M","E","T","R","M","R","M","E","R","BOSS","M","?","$","?","?","E","?","R","T","E","?","M","E","?","R","BOSS","M","M","$","M","?","R","?","R","T","E","$","?","E","?","R","BOSS","R","$","E","BOSS"],"items_purchased_type":["Relic","Relic","Potion","Relic","Relic","Potion","Card","Potion","Potion"],"build_version":"2020-12-18","purchased_purges":0,"victory":false,"max_hp_per_floor":[72,72,67,67,67,67,67,67,67,67,67,67,67,67,67,67,67,67,67,81,81,40,40,40,40,40,40,40,40,40,40,40,40,40,40,40,40,40,40,40,40,40,40,40,40,40,40,40,40,40,40,40,40,40,40,40],"relic_stats":{"counters":[25,137],"Dead Branch":[114],"PreservedInsect":316,"Juzu Bracelet":3,"Orichalcum":[156],"Smiling Mask":0,"Boot":[22],"OrangePellets":[0],"Centennial Puzzle":[8],"Busted Crown":14,"Shuriken":[20],"Sundial":[0],"Bloody Idol":36,"Pandora\u0027s Box":["ReachHeaven","MentalFortress","Alpha","WheelKick","Sanctity","Consecrate","FlyingSleeves","Worship"],"obtain_stats":[{"Calipers":41,"Mango":20,"Juzu Bracelet":8,"TeardropLocket":46,"Ancient Tea Set":6,"Smiling Mask":19,"Boot":44,"ClockworkSouvenir":20,"Centennial Puzzle":37,"Sundial":54,"Runic Pyramid":17,"Golden Idol":3,"Dead Branch":27,"Damaru":47,"PreservedInsect":14,"Orichalcum":26,"OrangePellets":37,"Busted Crown":34,"Shuriken":30,"Bloody Idol":31,"Pandora\u0027s Box":0,"Bottled Lightning":43,"PureWater":0,"Toy Ornithopter":9,"Pocketwatch":23},{"Calipers":20,"Mango":11,"Juzu Bracelet":6,"TeardropLocket":21,"Ancient Tea Set":4,"Smiling Mask":11,"Boot":21,"ClockworkSouvenir":11,"Centennial Puzzle":18,"Sundial":24,"Runic Pyramid":10,"Golden Idol":2,"Dead Branch":13,"Damaru":22,"PreservedInsect":9,"Orichalcum":12,"OrangePellets":18,"Busted Crown":16,"Shuriken":15,"Bloody Idol":15,"Pandora\u0027s Box":0,"Bottled Lightning":20,"PureWater":0,"Toy Ornithopter":6,"Pocketwatch":12},{"Calipers":105,"Mango":44,"Juzu Bracelet":23,"TeardropLocket":112,"Ancient Tea Set":14,"Smiling Mask":44,"Boot":112,"ClockworkSouvenir":44,"Centennial Puzzle":92,"Sundial":132,"Runic Pyramid":40,"Golden Idol":6,"Dead Branch":55,"Damaru":117,"PreservedInsect":33,"Orichalcum":50,"OrangePellets":92,"Busted Crown":82,"Shuriken":72,"Bloody Idol":72,"Pandora\u0027s Box":0,"Bottled Lightning":105,"PureWater":0,"Toy Ornithopter":23,"Pocketwatch":50}],"Toy Ornithopter":41,"Pocketwatch":[1]},"card_choices":[{"not_picked":["JustLucky","EmptyFist"],"picked":"Protect","floor":1.0},{"not_picked":["EmptyFist","Protect"],"picked":"CutThroughFate","floor":2.0},{"not_picked":["FollowUp","JustLucky"],"picked":"CrushJoints","floor":5.0},{"not_picked":["MasterReality","ReachHeaven"],"picked":"ThirdEye","floor":6.0},{"not_picked":["Vengeance","Consecrate"],"picked":"Halt","floor":7.0},{"not_picked":["Prostrate","Wireheading"],"picked":"EmptyBody","floor":8},{"not_picked":["Evaluate","BowlingBash"],"picked":"Prostrate","floor":11},{"not_picked":["SashWhip","EmptyFist"],"picked":"Devotion","floor":13},{"not_picked":["Consecrate","Collect"],"picked":"FollowUp","floor":14},{"not_picked":["LessonLearned","Alpha"],"picked":"Wish","floor":16},{"not_picked":["InnerPeace","Prostrate"],"picked":"Swivel+1","floor":18},{"not_picked":["SashWhip","Crescendo+1","Consecrate"],"picked":"SKIP","floor":23},{"not_picked":["EmptyBody","Worship"],"picked":"ForeignInfluence","floor":27},{"not_picked":["SashWhip","Pray"],"picked":"ThirdEye+1","floor":29},{"not_picked":["ReachHeaven","WreathOfFlame+1"],"picked":"EmptyMind","floor":30},{"not_picked":["Alpha","MasterReality"],"picked":"Wish","floor":33},{"not_picked":[],"picked":"Evaluate+1","floor":35},{"not_picked":["FollowUp"],"picked":"SKIP","floor":36},{"not_picked":["FlurryOfBlows"],"picked":"SKIP","floor":38},{"not_picked":["FlurryOfBlows+1"],"picked":"SKIP","floor":44},{"not_picked":["Collect+1"],"picked":"SKIP","floor":47},{"not_picked":[],"picked":"Worship+1","floor":54}],"player_experience":3023587,"relics_obtained":[{"floor":6.0,"key":"Ancient Tea Set"},{"floor":8,"key":"Juzu Bracelet"},{"floor":9,"key":"Toy Ornithopter"},{"floor":14,"key":"PreservedInsect"},{"floor":23,"key":"Pocketwatch"},{"floor":26,"key":"Orichalcum"},{"floor":27,"key":"Dead Branch"},{"floor":30,"key":"Shuriken"},{"floor":41,"key":"Calipers"},{"floor":43,"key":"Bottled Lightning"},{"floor":44,"key":"Boot"},{"floor":46,"key":"TeardropLocket"},{"floor":47,"key":"Damaru"},{"floor":54,"key":"Sundial"}],"event_choices":[{"damage_healed":0.0,"max_hp_gain":0.0,"max_hp_loss":5.0,"gold_gain":0.0,"event_name":"Golden Idol","player_choice":"Lose Max HP","floor":3.0,"gold_loss":0.0,"damage_taken":0.0,"relics_obtained":["Golden Idol"]},{"damage_healed":0.0,"max_hp_gain":0.0,"max_hp_loss":0.0,"gold_gain":58.0,"event_name":"Golden Wing","player_choice":"Gained Gold","floor":4.0,"gold_loss":0.0,"damage_taken":0.0},{"damage_healed":0,"gold_gain":0,"player_choice":"Gave Potion","damage_taken":0,"relics_obtained":["Smiling Mask"],"max_hp_gain":0,"max_hp_loss":0,"event_name":"WeMeetAgain","floor":19,"gold_loss":0},{"damage_healed":27,"gold_gain":0,"player_choice":"Heal","damage_taken":0,"max_hp_gain":0,"max_hp_loss":0,"event_name":"The Library","floor":21,"gold_loss":0},{"damage_healed":0,"gold_gain":0,"player_choice":"Became a Ghost","damage_taken":0,"max_hp_gain":0,"max_hp_loss":41,"event_name":"Ghosts","floor":22,"gold_loss":0,"cards_obtained":["Ghostly","Ghostly","Ghostly","Ghostly","Ghostly"]},{"damage_healed":0,"gold_gain":0,"player_choice":"Ignored","damage_taken":0,"max_hp_gain":0,"max_hp_loss":0,"event_name":"Beggar","floor":24,"gold_loss":0},{"damage_healed":0,"gold_gain":0,"player_choice":"Gave Idol","damage_taken":0,"relics_obtained":["Bloody Idol"],"max_hp_gain":0,"max_hp_loss":0,"event_name":"Forgotten Altar","floor":31,"relics_lost":["Golden Idol"],"gold_loss":0},{"cards_removed":["FollowUp"],"damage_healed":0,"gold_gain":0,"player_choice":"Removed Attack","damage_taken":0,"max_hp_gain":0,"max_hp_loss":0,"event_name":"Falling","floor":39,"gold_loss":0},{"damage_healed":0,"gold_gain":0,"player_choice":"Fight","damage_taken":0,"max_hp_gain":0,"max_hp_loss":0,"event_name":"MindBloom","floor":41,"gold_loss":0},{"damage_healed":0,"gold_gain":0,"cards_transformed":["Halt"],"player_choice":"Transformed","damage_taken":0,"max_hp_gain":0,"max_hp_loss":0,"event_name":"Transmorgrifier","floor":48,"gold_loss":0,"cards_obtained":["Nirvana"]}],"is_beta":true,"boss_relics":[{"not_picked":["Calling Bell","Tiny House"],"picked":"Runic Pyramid"},{"not_picked":["Black Star","SacredBark"],"picked":"Busted Crown"}],"items_purged_floors":[],"is_endless":false,"potions_floor_spawned":[2,5,11,13,18,23,36,38,47,54],"killed_by":"The Heart","ascension_level":9}}