{"host":"opg65mucj6ra7dr1","time":1612621447,"event":{"mods":["BaseMod","DeckTracker","Keyboard Shortcuts","Minty Spire (QoL Compilation)","Permanent Neow","Quick Restart","everything is the same but u backflip on backflip"],"gold_per_floor":[114,64,82,151,169,169,194,194,194,194,95,95,120,136,136,235,235,255,354,354,327,341,676,676,676,676],"floor_reached":25,"language":"KOR","playtime":869,"items_purged":["Strike_R"],"score":332,"play_id":"0fc849de-b76c-4d72-b22c-b9404a779f8f","local_time":"20210206232407","is_ascension_mode":true,"campfire_choices":[{"data":"Hemokinesis","floor":6.0,"key":"SMITH"},{"data":"Armaments","floor":8.0,"key":"SMITH"},{"data":"Evolve","floor":10.0,"key":"SMITH"},{"data":"Barricade","floor":15.0,"key":"SMITH"},{"floor":24.0,"key":"REST"}],"circlet_count":0,"master_deck":["Defend_R","Defend_R","Defend_R","Bash","Hemokinesis+1","Evolve+1","Headbutt","Armaments+1","Shrug It Off","Barricade+1","Entrench","Juggernaut","Shrug It Off","Body Slam","Shockwave"],"relics":["Burning Blood","Mummified Hand","Potion Belt","Toy Ornithopter","Empty Cage","Letter Opener","Old Coin"],"acts_visited":["Exordium","TheCity"],"potions_floor_usage":[],"damage_taken":[{"damage":0.0,"enemies":"Small Slimes","floor":1.0,"turns":3.0},{"damage":11.0,"enemies":"Jaw Worm","floor":3.0,"turns":3.0},{"damage":2.0,"enemies":"Cultist","floor":5.0,"turns":2.0},{"damage":46.0,"enemies":"Lagavulin","floor":7.0,"turns":4.0},{"damage":36.0,"enemies":"Gremlin Nob","floor":13.0,"turns":4.0},{"damage":17.0,"enemies":"Blue Slaver","floor":14.0,"turns":4.0},{"damage":15.0,"enemies":"Hexaghost","floor":16.0,"turns":18.0},{"damage":11.0,"enemies":"Chosen","floor":18.0,"turns":7.0},{"damage":26.0,"enemies":"2 Thieves","floor":21.0,"turns":5.0},{"damage":23.0,"enemies":"Sentry and Sphere","floor":22.0,"turns":11.0},{"damage":27.0,"enemies":"Book of Stabbing","floor":23.0,"turns":6.0},{"damage":33,"enemies":"3 Cultists","floor":25,"turns":8}],"seed_played":"8709452916876338789","potions_obtained":[{"floor":3.0,"key":"BloodPotion"},{"floor":5.0,"key":"LiquidBronze"},{"floor":14.0,"key":"Fire Potion"},{"floor":18.0,"key":"Energy Potion"},{"floor":22.0,"key":"EssenceOfSteel"}],"is_trial":false,"path_per_floor":["M","?","M","?","M","R","E","R","T","R","$","?","E","M","R","B",null,"M","?","?","M","M","E","R","M"],"character_chosen":"IRONCLAD","items_purchased":["Shrug It Off"],"campfire_rested":1,"item_purchase_floors":[11],"current_hp_per_floor":[78,78,73,73,77,77,37,37,37,37,37,37,23,12,12,8,62,57,57,57,37,20,9,33,0,0],"gold":676,"neow_bonus":"REMOVE_CARD","is_daily":false,"chose_seed":false,"campfire_upgraded":4,"win_rate":0.0,"timestamp":1612621447,"path_taken":["M","?","M","?","M","R","E","R","T","R","$","?","E","?","R","BOSS","M","?","?","M","?","E","R","M"],"items_purchased_type":["Card"],"build_version":"2020-12-22","purchased_purges":1,"victory":false,"max_hp_per_floor":[80,80,80,80,80,80,80,80,80,80,80,80,80,80,80,80,80,80,80,80,80,80,80,80,80,80],"card_choices":[{"not_picked":["Clothesline","Havoc"],"picked":"Hemokinesis","floor":1.0},{"not_picked":["Twin Strike","Perfected Strike"],"picked":"Evolve","floor":3.0},{"not_picked":["Wild Strike","Ghostly Armor"],"picked":"Headbutt","floor":5.0},{"not_picked":["Iron Wave","Evolve"],"picked":"Armaments","floor":7.0},{"not_picked":["Twin Strike","Havoc","Sword Boomerang"],"picked":"SKIP","floor":13.0},{"not_picked":["Armaments","Perfected Strike"],"picked":"Entrench","floor":14.0},{"not_picked":["Berserk","Limit Break"],"picked":"Juggernaut","floor":16.0},{"not_picked":["Spot Weakness","Evolve+1"],"picked":"Shrug It Off","floor":18.0},{"not_picked":["Heavy Blade","Shrug It Off"],"picked":"Body Slam","floor":21.0},{"not_picked":["Pummel+1","Rage","Twin Strike+1"],"picked":"SKIP","floor":22.0},{"not_picked":["Bloodletting","Flex"],"picked":"Shockwave","floor":23.0}],"player_experience":172211,"relics_obtained":[{"floor":7.0,"key":"Mummified Hand"},{"floor":9.0,"key":"Potion Belt"},{"floor":13.0,"key":"Toy Ornithopter"},{"floor":23.0,"key":"Old Coin"}],"event_choices":[{"cards_removed":["Strike_R"],"damage_healed":0.0,"max_hp_gain":0.0,"max_hp_loss":0.0,"gold_gain":0.0,"event_name":"The Cleric","player_choice":"Card Removal","floor":2.0,"gold_loss":50.0,"damage_taken":0.0},{"damage_healed":0.0,"max_hp_gain":0.0,"max_hp_loss":0.0,"gold_gain":69.0,"event_name":"Golden Wing","player_choice":"Gained Gold","floor":4.0,"gold_loss":0.0,"damage_taken":0.0},{"damage_healed":0.0,"max_hp_gain":0.0,"max_hp_loss":0.0,"gold_gain":0.0,"cards_transformed":["Defend_R"],"event_name":"Transmorgrifier","player_choice":"Transformed","floor":12.0,"gold_loss":0.0,"damage_taken":0.0,"cards_obtained":["Barricade"]},{"damage_healed":0.0,"max_hp_gain":0.0,"max_hp_loss":0.0,"gold_gain":99.0,"event_name":"Nest","player_choice":"Stole From Cult","floor":19.0,"gold_loss":0.0,"damage_taken":0.0},{"damage_healed":0.0,"max_hp_gain":0.0,"max_hp_loss":0.0,"gold_gain":0.0,"event_name":"WeMeetAgain","player_choice":"Gave Potion","floor":20.0,"gold_loss":0.0,"damage_taken":0.0,"relics_obtained":["Letter Opener"]}],"is_beta":false,"boss_relics":[{"not_picked":["Calling Bell","Philosopher\u0027s Stone"],"picked":"Empty Cage"}],"items_purged_floors":[11],"is_endless":false,"potions_floor_spawned":[3,5,14,18,22],"killed_by":"3 Cultists","ascension_level":9}}