{"host":"jys9955eae8vozk5","time":1612641059,"event":{"mods":["2.2 Compatiblity","Act Like it!","Aspiration","BaseMod","Beaked The Cultist","Better Note","Better Sensory Stone","Better Silent Start","Better Skull","Better Third Choice","Better Vampires","BetterRewards","Clockwork Mod","Colored Powertips","Colorless Booster Pack","Conspire","Custom Start","Defuse TimeMaze Blight","Disable Question Mark Monsters","Displayed Cursed Tome","Downfall","Elementarium","Emptier Cage","Energized Spire","Fox Events","Friendly Minions","Hermit","Hubris","Humility","Infinite Spire","Marked Mod","Menagerie","Minty Spire (QoL Compilation)","Monster B Gone","Poor People Problems","Quarter Circle Forward PUNCH!","Quick Restart","Reliquary","Replay The Spire","Retaliation","Shop Mod","Smile Girya","Spicy Shops","Spikes Relics","Spire Arcade","StS++","StSLib","Swap Starting Deck Mod","The Blackbeard","The Blue Laboratory","The Disciple","The Exordian Avenger","The Problem Sleuth","The Runesmith","The Wild Card","Uncapped","Useless Jewels Mod","Wide Potions","slay the spire mod where everything is the same but ironclad has a cowboy hat"],"gold_per_floor":[99,99,99,99,111,124,169,3,3,3,22,37,57,86,103,103,103,103],"floor_reached":16,"language":"ENG","playtime":2239,"items_purged":[],"score":102,"play_id":"a1b8a40c-bde8-44ff-b96b-a86fdbdc3f75","local_time":"20210206195059","is_ascension_mode":false,"campfire_choices":[{"floor":1,"key":"RECALL"}],"circlet_count":0,"master_deck":["Guardian:Strike_Guardian","Guardian:Strike_Guardian","Guardian:Strike_Guardian","Guardian:Strike_Guardian","Guardian:Defend_Guardian","Guardian:Defend_Guardian","Guardian:Defend_Guardian","Guardian:Defend_Guardian","Guardian:CurlUp+1","Guardian:TwinSlam","Guardian:ArmoredProtocol","Guardian:PrismaticBeam","Guardian:ShieldCharger","Guardian:PrimingBeam","Guardian:Gem_Lightblue","Guardian:BronzeArmor","Guardian:Gem_Blue","Guardian:Gem_Cyan","Guardian:FloatingOrbs"],"relics":["Guardian:ModeShifter","downfall:HeartsMalice","Blood Vial","qcfpunch:Not_Strongest_Fighting_Style_Guidebook","StSpp:WoodenStick"],"acts_visited":["Menagerie:Menagerie"],"potions_floor_usage":[14],"damage_taken":[{"damage":0,"enemies":"Menagerie:WhisperingWraith","floor":2,"turns":1},{"damage":0,"enemies":"Menagerie:2_RABBITS","floor":3,"turns":1},{"damage":0,"enemies":"Menagerie:MonstrousExperiment","floor":4,"turns":1},{"damage":7,"enemies":"Menagerie:KEEPER_AND_YOUNG_SUNEATER","floor":5,"turns":8},{"damage":5,"enemies":"Menagerie:3_RABBITS","floor":6,"turns":7},{"damage":5,"enemies":"downfall:FleeingMerchant","floor":8,"turns":4},{"damage":2,"enemies":"Menagerie:MENAGERIE_WILDLIFE","floor":11,"turns":4},{"damage":1,"enemies":"Menagerie:STYGIAN_BOAR_AND_RABBIT","floor":12,"turns":4},{"damage":0,"enemies":"Menagerie:MeltingSalamander","floor":13,"turns":6},{"damage":18,"enemies":"Menagerie:VoidReaper","floor":14,"turns":10},{"damage":10,"enemies":"Menagerie:KEEPER_AND_YOUNG_SUNEATER","floor":15,"turns":8},{"damage":82,"enemies":"DF_ARCHETYPE_STREAMLINE","floor":16,"turns":14}],"seed_played":"4346701842314928315","potions_obtained":[{"floor":5,"key":"Weak Potion"},{"floor":6,"key":"blueLaboratory:BottleOfVodka"},{"floor":13,"key":"PowerPotion"}],"is_trial":false,"path_per_floor":["R","M","M","M","M","M","T","$","?","?","M","M","M","E","M","B"],"character_chosen":"GUARDIAN","items_purchased":["qcfpunch:Not_Strongest_Fighting_Style_Guidebook","Guardian:PrimingBeam"],"campfire_rested":0,"item_purchase_floors":[8,8],"current_hp_per_floor":[80,80,80,80,73,68,68,65,65,73,73,74,76,60,52,0,0,0],"gold":103,"neow_bonus":"THREE_ENEMY_KILL","is_daily":false,"chose_seed":false,"campfire_upgraded":0,"win_rate":0.0,"timestamp":1612641059,"path_taken":["R","M","M","M","M","M","T","$","?","?","M","?","M","E","M","BOSS"],"items_purchased_type":["Relic","Card"],"build_version":"2020-12-22","purchased_purges":0,"victory":false,"max_hp_per_floor":[80,80,80,80,80,80,80,80,80,80,80,80,80,80,80,80,80,80],"card_choices":[{"not_picked":["Guardian:Incinerate","Guardian:TemporalStrike"],"picked":"Guardian:ArmoredProtocol","floor":2},{"not_picked":["Guardian:Gem_Cyan","Guardian:TimeCapacitor"],"picked":"Guardian:PrismaticBeam","floor":3},{"not_picked":["Guardian:DecasProtection","Guardian:Suspension"],"picked":"Guardian:ShieldCharger","floor":4},{"not_picked":["Guardian:WalkerClaw","Guardian:BronzeOrb","Guardian:Harden"],"picked":"SKIP","floor":5},{"not_picked":["Guardian:PrismaticBeam","Guardian:Preprogram","Guardian:Planning"],"picked":"SKIP","floor":6},{"not_picked":["Guardian:PrismaticBeam","Guardian:ShieldCharger","Guardian:ChargeCore"],"picked":"SKIP","floor":8},{"not_picked":["Guardian:Reroute","Guardian:DonusPower"],"picked":"Guardian:Gem_Lightblue","floor":11},{"not_picked":["Guardian:Gem_Lightblue","Guardian:BronzeOrb"],"picked":"Guardian:BronzeArmor","floor":12},{"not_picked":["Guardian:Gem_Green","Guardian:PiercingHide"],"picked":"Guardian:Gem_Blue","floor":13},{"not_picked":["Guardian:PrimingBeam","Guardian:TimeSifter"],"picked":"Guardian:Gem_Cyan","floor":14},{"not_picked":["Guardian:VentSteam","Guardian:Gem_Lightblue"],"picked":"Guardian:FloatingOrbs","floor":15}],"player_experience":890034,"relics_obtained":[{"floor":7,"key":"Blood Vial"},{"floor":14,"key":"StSpp:WoodenStick"}],"event_choices":[],"is_beta":false,"boss_relics":[],"items_purged_floors":[],"is_endless":false,"potions_floor_spawned":[5,6,11,12,13],"killed_by":"DF_ARCHETYPE_STREAMLINE","ascension_level":0,"is_humility":true}}