{"host":"vgmhxp0kxvybuvcq","time":1612646080,"event":{"mods":["BaseMod","Minty Spire (QoL Compilation)","Replay The Spire","StSLib"],"gold_per_floor":[112,132,147,166,182,182,209,227,227,259,259,224,258,333,333,438,438,452,470,170,189,204,235,235,247,247,273,273,292,309,328,328,426,426,446,817,143,155,155,155,188,188,259,286,301,333,346,366,366,366],"floor_reached":51,"language":"ENG","playtime":4249,"items_purged":["Skewer","Predator"],"score":1280,"play_id":"a4a42c41-84cd-4f6c-b653-a448343d480d","local_time":"20210206131440","is_ascension_mode":true,"campfire_choices":[{"data":"Cloak And Dagger","floor":6,"key":"SMITH"},{"floor":11,"key":"REST"},{"floor":15,"key":"REST"},{"data":"Infinite Blades","floor":24,"key":"SMITH"},{"data":"Cloak And Dagger","floor":32,"key":"SMITH"},{"data":"Cloak And Dagger","floor":32,"key":"SMITH"},{"data":"Dramatic Entrance","floor":40,"key":"SMITH"},{"data":"Night Terror","floor":40,"key":"SMITH"},{"data":"Tools of the Trade","floor":42,"key":"SMITH"},{"data":"Venomology","floor":42,"key":"SMITH"},{"data":"A Thousand Cuts","floor":49,"key":"SMITH"},{"data":"Cloak And Dagger","floor":49,"key":"SMITH"}],"circlet_count":0,"master_deck":["AscendersBane","Survivor","Neutralize","PiercingWail","Cloak And Dagger+1","Hidden Blade","Dagger Throw","Finisher","Fluid Movement","Backflip","After Image","A Thousand Cuts+1","Calculated Gamble","Night Terror+1","Masterful Stab","ReplayTheSpireMod:From All Sides","Venomology+1","Tools of the Trade+1","Deflect","PiercingWail+1","ReplayTheSpireMod:Splinters","Infinite Blades+1","Cloak And Dagger+1","Deflect+1","Cloak And Dagger+1","Tactician","Cloak And Dagger+1","Noxious Fumes","Setup+1","Crippling Poison","Venomology","Tactician","Slice","Infinite Blades+1","Dramatic Entrance+1","Deflect+1","Acrobatics","Blur+1","Storm of Steel","Cloak And Dagger+1","Cloak And Dagger+1"],"relics":["WristBlade","Toy Ornithopter","Replay:WaspNest","Replay:Baseball","Replay:Rubber Ducky","Pandora\u0027s Box","ReplayTheSpireMod:CursedCoin","Letter Opener","Blue Candle","Replay:Arrowhead","Matryoshka","Ring of Fury","Replay:Drink Me","BargainBundle","ReplayTheSpireMod:TigerMarble","Lizard Tail","Pocketwatch","Replay:Mystery Machine","Onion Ring","Ancient Tea Set","The Specimen"],"acts_visited":["Exordium","TheCity","TheBeyond"],"potions_floor_usage":[7,16,18,21,22,23,25,27,27,27,27,29,30,31,33,33,38,41,41,44,44,44,44,44,45,46,47,48,50,50],"damage_taken":[{"damage":0,"enemies":"Small Slimes","floor":1,"turns":3},{"damage":0,"enemies":"2 Louse","floor":2,"turns":4},{"damage":0,"enemies":"Jaw Worm","floor":3,"turns":4},{"damage":2,"enemies":"Large Slime","floor":4,"turns":7},{"damage":0,"enemies":"2 Fungi Beasts","floor":5,"turns":3},{"damage":24,"enemies":"3 Sentries","floor":7,"turns":11},{"damage":0,"enemies":"Looter","floor":8,"turns":4},{"damage":27,"enemies":"Gremlin Nob","floor":10,"turns":5},{"damage":9,"enemies":"Replay:BlueRogue","floor":13,"turns":5},{"damage":22,"enemies":"The Guardian","floor":16,"turns":9},{"damage":10,"enemies":"2 Thieves","floor":18,"turns":4},{"damage":9,"enemies":"Shell Parasite","floor":19,"turns":3},{"damage":6,"enemies":"3 Cultists","floor":21,"turns":5},{"damage":3,"enemies":"Cultist and Chosen","floor":22,"turns":4},{"damage":16,"enemies":"Gremlin Leader","floor":23,"turns":7},{"damage":19,"enemies":"Centurion and Healer","floor":25,"turns":5},{"damage":12,"enemies":"Slavers","floor":27,"turns":5},{"damage":5,"enemies":"Snecko","floor":29,"turns":3},{"damage":2,"enemies":"Cultist and Chosen","floor":30,"turns":5},{"damage":4,"enemies":"Chosen and Byrds","floor":31,"turns":3},{"damage":23,"enemies":"Automaton","floor":33,"turns":9},{"damage":1,"enemies":"Orb Walker","floor":35,"turns":2},{"damage":17,"enemies":"3 Shapes","floor":38,"turns":3},{"damage":4,"enemies":"Reptomancer","floor":41,"turns":6},{"damage":0,"enemies":"Nemesis","floor":44,"turns":5},{"damage":4,"enemies":"Spire Growth","floor":45,"turns":3},{"damage":1,"enemies":"Reptomancer","floor":46,"turns":3},{"damage":1,"enemies":"Transient","floor":47,"turns":5},{"damage":17,"enemies":"Writhing Mass","floor":48,"turns":4},{"damage":9,"enemies":"Donu and Deca","floor":50,"turns":6}],"seed_played":"4312460536042087224","potions_obtained":[{"floor":3,"key":"Adrenaline Potion"},{"floor":4,"key":"SpeedPotion"},{"floor":10,"key":"PowerPotion"},{"floor":13,"key":"Explosive Potion"},{"floor":19,"key":"Explosive Potion"},{"floor":21,"key":"Poison Potion"},{"floor":25,"key":"EntropicBrew"},{"floor":29,"key":"Adrenaline Potion"},{"floor":31,"key":"Poison Potion"},{"floor":33,"key":"Languid Potion"},{"floor":35,"key":"SkillPotion"},{"floor":46,"key":"Energy Potion"}],"is_trial":false,"path_per_floor":["M","M","M","M","M","R","E","M","T","E","R","?","E","?","R","B",null,"M","M","$","M","M","E","R","M","T","E","?","M","M","M","R","B",null,"M","?","$","M","?","R","E","R","T","E","M","E","M","M","R","B",null],"character_chosen":"THE_SILENT","items_purchased":["ReplayTheSpireMod:CursedCoin","Letter Opener","Infinite Blades","Cloak And Dagger","BargainBundle","ReplayTheSpireMod:TigerMarble","FairyPotion","Lizard Tail"],"campfire_rested":2,"item_purchase_floors":[20,20,20,20,37,37,37,37],"current_hp_per_floor":[63,63,63,61,61,61,37,37,37,10,31,48,39,28,49,32,61,56,47,47,46,48,37,37,23,23,45,45,45,48,49,49,36,49,48,35,35,23,23,23,29,29,29,53,53,53,52,40,40,41],"gold":366,"neow_bonus":"BOSS_RELIC","is_daily":false,"chose_seed":false,"campfire_upgraded":10,"win_rate":0.0,"timestamp":1612646080,"path_taken":["M","M","M","M","M","R","E","M","T","E","R","?","E","?","R","BOSS","M","M","$","M","M","E","R","M","T","E","?","M","M","M","R","BOSS","M","?","$","M","?","R","E","R","T","E","M","E","?","?","R","BOSS"],"items_purchased_type":["Relic","Relic","Card","Card","Relic","Relic","Potion","Relic"],"build_version":"2020-12-22","purchased_purges":2,"victory":true,"max_hp_per_floor":[70,70,70,70,70,70,70,70,70,70,70,70,70,70,70,70,70,70,70,70,70,70,70,70,70,70,70,70,70,70,70,70,70,53,53,53,53,53,53,53,53,53,53,53,53,53,53,53,53,53],"card_choices":[{"not_picked":["ReplayTheSpireMod:Exploit Weakness","Draining Mist"],"picked":"PiercingWail","floor":1},{"not_picked":["Outmaneuver","Backflip"],"picked":"Cloak And Dagger","floor":2},{"not_picked":["Slice","PiercingWail"],"picked":"Hidden Blade","floor":3},{"not_picked":["Riddle With Holes","Skewer"],"picked":"Dagger Throw","floor":4},{"not_picked":["Outmaneuver","Choke"],"picked":"Expertise","floor":5},{"not_picked":["Well Laid Plans","Quick Slash"],"picked":"Finisher","floor":7},{"not_picked":["ReplayTheSpireMod:Shiv Toss","Poisoned Stab"],"picked":"Fluid Movement","floor":8},{"not_picked":["Footwork","Sneak Up"],"picked":"Backflip","floor":10},{"not_picked":["ReplayTheSpireMod:Shiv Toss","Dagger Throw"],"picked":"After Image","floor":13},{"not_picked":["Adrenaline","Storm of Steel"],"picked":"A Thousand Cuts","floor":16},{"not_picked":["Dash","Draining Mist","Dagger Spray"],"picked":"SKIP","floor":18},{"not_picked":["Quick Slash+1","ReplayTheSpireMod:The Works"],"picked":"PiercingWail+1","floor":19},{"not_picked":["Flying Knee+1","Sucker Punch"],"picked":"Deflect+1","floor":21},{"not_picked":["Calculated Gamble+1","Underhanded Strike"],"picked":"Cloak And Dagger","floor":22},{"not_picked":["ReplayTheSpireMod:Exploit Weakness","Quick Slash+1"],"picked":"Tactician","floor":23},{"not_picked":["ReplayTheSpireMod:Exploit Weakness","Tactician","Dagger Throw"],"picked":"SKIP","floor":25},{"not_picked":["Doppelganger","Flying Knee"],"picked":"Cloak And Dagger+1","floor":27},{"not_picked":["Bane","PiercingWail"],"picked":"Noxious Fumes","floor":29},{"not_picked":["Blur","Replay:Poison Smokescreen"],"picked":"Setup+1","floor":30},{"not_picked":["Dagger Spray","Hidden Blade"],"picked":"Crippling Poison","floor":31},{"not_picked":["ReplayTheSpireMod:From All Sides","Replay:Bag of Tricks"],"picked":"Venomology","floor":33},{"not_picked":["PiercingWail+1","Dagger Throw"],"picked":"Tactician","floor":35},{"not_picked":["Dodge and Roll+1","Deadly Poison+1"],"picked":"Slice","floor":36},{"not_picked":["Catalyst","Tools of the Trade"],"picked":"Infinite Blades+1","floor":38},{"not_picked":["Swift Strike","Impatience"],"picked":"Dramatic Entrance","floor":39},{"not_picked":["ReplayTheSpireMod:Exploit Weakness+1","Deadly Poison+1"],"picked":"Deflect+1","floor":41},{"not_picked":["Well Laid Plans","Masterful Stab"],"picked":"Acrobatics","floor":44},{"not_picked":["Deadly Poison","Expertise+1"],"picked":"Blur+1","floor":45},{"not_picked":["Hidden Blade+1","Deflect+1"],"picked":"Storm of Steel","floor":46},{"not_picked":["Quick Slash+1","Deflect"],"picked":"Cloak And Dagger","floor":47},{"not_picked":["Flechettes","Distraction"],"picked":"Cloak And Dagger+1","floor":48}],"player_experience":300122,"relics_obtained":[{"floor":7,"key":"Toy Ornithopter"},{"floor":9,"key":"Replay:WaspNest"},{"floor":10,"key":"Replay:Baseball"},{"floor":13,"key":"Replay:Rubber Ducky"},{"floor":23,"key":"Blue Candle"},{"floor":26,"key":"Replay:Arrowhead"},{"floor":27,"key":"Matryoshka"},{"floor":28,"key":"Ring of Fury"},{"floor":41,"key":"Pocketwatch"},{"floor":43,"key":"Replay:Mystery Machine"},{"floor":43,"key":"Onion Ring"},{"floor":44,"key":"Ancient Tea Set"},{"floor":46,"key":"The Specimen"}],"event_choices":[{"damage_healed":17,"gold_gain":0,"player_choice":"Healed","damage_taken":0,"max_hp_gain":0,"max_hp_loss":0,"event_name":"The Cleric","floor":12,"gold_loss":35},{"damage_healed":0,"gold_gain":75,"player_choice":"Gather Gold","damage_taken":11,"max_hp_gain":0,"max_hp_loss":0,"event_name":"World of Goop","floor":14,"gold_loss":0},{"damage_healed":0,"gold_gain":0,"player_choice":"Memory 1","damage_taken":0,"max_hp_gain":0,"max_hp_loss":0,"event_name":"SensoryStone","floor":39,"gold_loss":0}],"is_beta":false,"boss_relics":[{"not_picked":["Fusion Hammer","Coffee Dripper"],"picked":"Pandora\u0027s Box"},{"not_picked":["Cursed Key","Kintsugi"],"picked":"Replay:Drink Me"}],"items_purged_floors":[20,37],"is_endless":false,"potions_floor_spawned":[3,4,10,13,19,21,25,29,30,31,33,35,46,48],"ascension_level":10}}