{"host":"6pfj0wha12yu6wq3","time":1612581678,"event":{"mods":["AchievementEnabler","BaseMod","Colored Map","Colored Powertips","Curses Come First","DeckTracker","Minty Spire (QoL Compilation)","RNG Fix","Relic Sorter","Relic Stats","StSLib","UnlockEverythingMod","ojb\u0027s Better Paths Mod","ojb\u0027s Info Mod"],"gold_per_floor":[111,71,71,71,81,81,107,124,202,202,227,227,262,187,187,262,262,274,17,17,35,35,66,80,80,80,80,94,129,156,168,168,242,242,253,87,103,119,139,167,184,209,293,359,400,427,471,496,508,520,532,544,556,52,77,77],"floor_reached":57,"language":"ENG","playtime":5601,"items_purged":["Strike_G","Defend_G","Writhe"],"score":3410,"play_id":"a9da83c6-eb72-42bf-802f-518f8c63c22c","local_time":"20210205222118","is_ascension_mode":true,"campfire_choices":[{"data":"Predator","floor":6.0,"key":"SMITH"},{"data":"Cloak And Dagger","floor":12.0,"key":"SMITH"},{"data":"Burst","floor":15.0,"key":"SMITH"},{"data":"Ghostly","floor":27,"key":"SMITH"},{"data":"Phantasmal Killer","floor":32,"key":"SMITH"},{"floor":49,"key":"RECALL"},{"data":"Wraith Form v2","floor":53,"key":"SMITH"}],"circlet_count":0,"master_deck":["AscendersBane","Strike_G","Strike_G","Strike_G","Strike_G","Defend_G","Defend_G+1","Defend_G","Defend_G","Survivor","Neutralize","Dagger Throw","Predator+1","Cloak And Dagger+1","Burst+1","After Image","Masterful Stab","Phantasmal Killer+1","Dagger Spray","Backflip","Ghostly+1","Ghostly","Ghostly","Backflip+1","Blur","Endless Agony","Endless Agony","Terror","Escape Plan","Blur","Blade Dance+1","Endless Agony","Tools of the Trade","Concentrate","Phantasmal Killer+1","Dagger Throw+1","Blur","Wraith Form v2+1","Blade Dance","Escape Plan","Calculated Gamble","Blade Dance","Burst","Outmaneuver+1","Backflip+1","Blur","Backflip","Acrobatics","Blade Dance","Well Laid Plans","Night Terror"],"relics":["Ring of the Snake","Sundial","InkBottle","NeowsBlessing","Kunai","MealTicket","HornCleat","Eternal Feather","Orichalcum","Prayer Wheel","SlaversCollar","Potion Belt","Tingsha","Ninja Scroll","PreservedInsect","HoveringKite","DollysMirror","Art of War","MawBank","Mummified Hand","Du-Vu Doll","StrikeDummy","Darkstone Periapt","War Paint"],"acts_visited":["Exordium","TheCity","TheBeyond","TheEnding"],"potions_floor_usage":[22,23,28,29,33,35,50,56,56,56,56],"damage_taken":[{"damage":0.0,"enemies":"Jaw Worm","floor":1.0,"turns":1.0},{"damage":0.0,"enemies":"2 Louse","floor":5.0,"turns":1.0},{"damage":0.0,"enemies":"Gremlin Nob","floor":7.0,"turns":1.0},{"damage":0.0,"enemies":"Small Slimes","floor":8.0,"turns":2.0},{"damage":20.0,"enemies":"Lagavulin","floor":11.0,"turns":10.0},{"damage":7.0,"enemies":"3 Sentries","floor":13.0,"turns":9.0},{"damage":13.0,"enemies":"The Guardian","floor":16.0,"turns":18.0},{"damage":15.0,"enemies":"Shell Parasite","floor":18.0,"turns":4.0},{"damage":0,"enemies":"Chosen","floor":21,"turns":3},{"damage":24,"enemies":"Slavers","floor":23,"turns":9},{"damage":0,"enemies":"Snecko","floor":24,"turns":7},{"damage":10,"enemies":"3 Cultists","floor":28,"turns":5},{"damage":0,"enemies":"Book of Stabbing","floor":29,"turns":5},{"damage":0,"enemies":"Snake Plant","floor":31,"turns":5},{"damage":34,"enemies":"Champ","floor":33,"turns":19},{"damage":0,"enemies":"3 Darklings","floor":35,"turns":8},{"damage":0,"enemies":"3 Shapes","floor":37,"turns":4},{"damage":0,"enemies":"3 Darklings","floor":38,"turns":8},{"damage":9,"enemies":"Writhing Mass","floor":39,"turns":10},{"damage":0,"enemies":"Nemesis","floor":40,"turns":3},{"damage":0,"enemies":"Sphere and 2 Shapes","floor":41,"turns":8},{"damage":0,"enemies":"Giant Head","floor":42,"turns":4},{"damage":18,"enemies":"2 Orb Walkers","floor":44,"turns":4},{"damage":0,"enemies":"Nemesis","floor":45,"turns":3},{"damage":0,"enemies":"Spire Growth","floor":46,"turns":2},{"damage":0,"enemies":"Giant Head","floor":47,"turns":2},{"damage":0,"enemies":"Jaw Worm Horde","floor":48,"turns":4},{"damage":16,"enemies":"Time Eater","floor":50,"turns":11},{"damage":0,"enemies":"Donu and Deca","floor":51,"turns":9},{"damage":0,"enemies":"Shield and Spear","floor":55,"turns":9},{"damage":30,"enemies":"The Heart","floor":56,"turns":9}],"seed_played":"-6818009303291423374","potions_obtained":[{"floor":2.0,"key":"Block Potion"},{"floor":2.0,"key":"Explosive Potion"},{"floor":8.0,"key":"LiquidMemories"},{"floor":11.0,"key":"Fruit Juice"},{"floor":21,"key":"DistilledChaos"},{"floor":22,"key":"PowerPotion"},{"floor":22,"key":"SneckoOil"},{"floor":24,"key":"EssenceOfSteel"},{"floor":29,"key":"AttackPotion"},{"floor":33,"key":"Fire Potion"},{"floor":37,"key":"ColorlessPotion"},{"floor":40,"key":"PowerPotion"},{"floor":42,"key":"FearPotion"},{"floor":45,"key":"Energy Potion"},{"floor":48,"key":"CunningPotion"},{"floor":55,"key":"Strength Potion"}],"is_trial":false,"path_per_floor":["M","?","?","T","M","R","E","M","T","?","E","R","E","$","R","B",null,"M","$","?","M","?","E","M","?","T","R","M","E","T","M","R","B",null,"M","$","M","M","M","E","M","E","T","?","E","M","E","M","R","B","B",null,"R","$","E","B",null],"character_chosen":"THE_SILENT","items_purchased":["Potion Belt","DollysMirror","War Paint","Blade Dance","DuplicationPotion","Well Laid Plans"],"campfire_rested":0,"item_purchase_floors":[19,36,54,54,54,54],"current_hp_per_floor":[59,59,59,59,59,59,59,59,59,59,39,48,41,56,65,52,63,48,63,33,33,38,14,14,14,14,29,19,19,19,19,37,3,29,29,38,38,38,29,29,29,29,29,11,11,11,11,11,38,22,22,34,38,38,38,8],"gold":77,"neow_bonus":"THREE_ENEMY_KILL","is_daily":false,"chose_seed":false,"campfire_upgraded":6,"win_rate":0.0,"timestamp":1612581678,"path_taken":["M","?","?","?","?","R","E","M","T","?","E","R","E","$","R","BOSS","M","$","?","M","?","E","M","?","T","R","M","E","?","?","R","BOSS","M","$","M","M","M","E","M","E","T","?","E","M","E","M","R","BOSS","BOSS","R","$","E","BOSS"],"items_purchased_type":["Relic","Relic","Relic","Card","Potion","Card"],"build_version":"2020-12-22","purchased_purges":3,"victory":true,"max_hp_per_floor":[66,66,66,66,66,66,66,66,66,66,66,66,66,66,66,66,66,66,66,33,33,38,38,38,38,38,38,38,38,38,38,38,38,38,38,38,38,38,38,38,38,38,38,38,38,38,38,38,38,38,38,38,38,38,38,38],"relic_stats":{"Darkstone Periapt":0,"counters":[31,197],"HoveringKite":[69],"Eternal Feather":82,"Tingsha":[429],"PreservedInsect":437,"Orichalcum":[84],"War Paint":["Defend_G","Backflip"],"MawBank":144,"Sundial":[0],"Mummified Hand":[30],"MealTicket":39,"Prayer Wheel":13,"Art of War":[4],"Kunai":[170],"obtain_stats":[{"Potion Belt":19,"Darkstone Periapt":47,"NeowsBlessing":0,"HoveringKite":34,"Eternal Feather":10,"Tingsha":23,"PreservedInsect":30,"Orichalcum":11,"War Paint":54,"MawBank":42,"Du-Vu Doll":44,"SlaversCollar":17,"HornCleat":9,"Ninja Scroll":29,"DollysMirror":36,"Mummified Hand":43,"Sundial":55,"MealTicket":7,"Prayer Wheel":13,"Art of War":40,"Kunai":4,"StrikeDummy":45,"InkBottle":25,"Ring of the Snake":0},{"Potion Belt":8,"Darkstone Periapt":26,"NeowsBlessing":0,"HoveringKite":15,"Eternal Feather":4,"Tingsha":10,"PreservedInsect":13,"Orichalcum":5,"War Paint":29,"MawBank":22,"Du-Vu Doll":23,"SlaversCollar":7,"HornCleat":4,"Ninja Scroll":13,"DollysMirror":16,"Mummified Hand":22,"Sundial":30,"MealTicket":3,"Prayer Wheel":6,"Art of War":20,"Kunai":1,"StrikeDummy":24,"InkBottle":11,"Ring of the Snake":0},{"Potion Belt":46,"Darkstone Periapt":155,"NeowsBlessing":0,"HoveringKite":99,"Eternal Feather":5,"Tingsha":58,"PreservedInsect":75,"Orichalcum":15,"War Paint":179,"MawBank":144,"Du-Vu Doll":148,"SlaversCollar":42,"HornCleat":5,"Ninja Scroll":75,"DollysMirror":107,"Mummified Hand":144,"Sundial":188,"MealTicket":3,"Prayer Wheel":24,"Art of War":132,"Kunai":1,"StrikeDummy":151,"InkBottle":65,"Ring of the Snake":0}],"InkBottle":[108],"Ring of the Snake":[59]},"card_choices":[{"not_picked":["Crippling Poison","Underhanded Strike"],"picked":"Dagger Throw","floor":1.0},{"not_picked":["Slice","Deflect"],"picked":"Predator","floor":5.0},{"not_picked":["Cloak And Dagger","Concentrate","Expertise"],"picked":"SKIP","floor":7.0},{"not_picked":["Concentrate","Expertise"],"picked":"Cloak And Dagger","floor":7.0},{"not_picked":["Outmaneuver","Dagger Throw"],"picked":"Burst","floor":8.0},{"not_picked":["Blade Dance","Choke"],"picked":"After Image","floor":11.0},{"not_picked":["Underhanded Strike","Reflex"],"picked":"Masterful Stab","floor":13.0},{"not_picked":["Burst","Envenom"],"picked":"Phantasmal Killer","floor":16.0},{"not_picked":["Distraction","Dagger Throw"],"picked":"Dagger Spray","floor":18},{"not_picked":["Dagger Spray","Deflect"],"picked":"Backflip","floor":18},{"not_picked":["Quick Slash+1","Prepared"],"picked":"Backflip+1","floor":21},{"not_picked":["Caltrops","Slice+1"],"picked":"Blur","floor":21},{"not_picked":["Riddle With Holes","Backflip"],"picked":"Endless Agony","floor":23},{"not_picked":["Footwork","Eviscerate"],"picked":"Endless Agony","floor":24},{"not_picked":["Endless Agony","Deadly Poison"],"picked":"Terror","floor":24},{"not_picked":["Eviscerate","PiercingWail"],"picked":"Escape Plan","floor":28},{"not_picked":["Well Laid Plans","Eviscerate","Reflex"],"picked":"SKIP","floor":28},{"not_picked":["Well Laid Plans","Eviscerate","Reflex"],"picked":"SKIP","floor":28},{"not_picked":["Envenom","Infinite Blades+1"],"picked":"Blur","floor":29},{"not_picked":["Leg Sweep","Dash"],"picked":"Blade Dance+1","floor":31},{"not_picked":["Skewer","Well Laid Plans"],"picked":"Endless Agony","floor":31},{"not_picked":["A Thousand Cuts","Storm of Steel"],"picked":"Tools of the Trade","floor":33},{"not_picked":["Deflect+1","Prepared"],"picked":"Concentrate","floor":35},{"not_picked":["Dagger Spray","Dagger Throw","PiercingWail"],"picked":"SKIP","floor":35},{"not_picked":["Deadly Poison","Bane+1"],"picked":"Dagger Throw+1","floor":37},{"not_picked":["Distraction","Outmaneuver"],"picked":"Blur","floor":37},{"not_picked":["Backflip","Deflect"],"picked":"Wraith Form v2","floor":38},{"not_picked":["Deadly Poison+1","Slice","Dash"],"picked":"SKIP","floor":38},{"not_picked":["Flying Knee","Backstab+1"],"picked":"Blade Dance","floor":39},{"not_picked":["Flying Knee","Catalyst","Deadly Poison"],"picked":"SKIP","floor":39},{"not_picked":["Setup","Die Die Die"],"picked":"Escape Plan","floor":40},{"not_picked":["Cloak And Dagger","Choke"],"picked":"Calculated Gamble","floor":41},{"not_picked":["Deadly Poison","PiercingWail+1"],"picked":"Blade Dance","floor":41},{"not_picked":["Backflip","Bane"],"picked":"Burst","floor":42},{"not_picked":["Eviscerate","Poisoned Stab+1"],"picked":"Outmaneuver+1","floor":44},{"not_picked":["Doppelganger","Masterful Stab","Underhanded Strike"],"picked":"SKIP","floor":45},{"not_picked":["Poisoned Stab+1","Dagger Spray+1"],"picked":"Backflip","floor":46},{"not_picked":["Underhanded Strike+1","Outmaneuver","Heel Hook"],"picked":"SKIP","floor":46},{"not_picked":["Outmaneuver","Predator"],"picked":"Blur","floor":47},{"not_picked":["Distraction","Flechettes"],"picked":"Backflip","floor":48},{"not_picked":["Terror","Footwork"],"picked":"Acrobatics","floor":48},{"not_picked":["Blade Dance+1","Sucker Punch+1"],"picked":"Night Terror","floor":55}],"player_experience":650049,"relics_obtained":[{"floor":4.0,"key":"Kunai"},{"floor":7.0,"key":"MealTicket"},{"floor":9.0,"key":"HornCleat"},{"floor":11.0,"key":"Orichalcum"},{"floor":13.0,"key":"Prayer Wheel"},{"floor":23,"key":"Tingsha"},{"floor":29,"key":"Ninja Scroll"},{"floor":30,"key":"PreservedInsect"},{"floor":40,"key":"Art of War"},{"floor":42,"key":"MawBank"},{"floor":43,"key":"Mummified Hand"},{"floor":44,"key":"Du-Vu Doll"},{"floor":45,"key":"StrikeDummy"},{"floor":47,"key":"Darkstone Periapt"},{"floor":55,"key":"Sundial"}],"event_choices":[{"damage_healed":0.0,"max_hp_gain":0.0,"max_hp_loss":0.0,"gold_gain":0.0,"event_name":"The Woman in Blue","player_choice":"Bought 3 Potions","floor":2.0,"gold_loss":0.0,"damage_taken":0.0},{"damage_healed":0.0,"max_hp_gain":0.0,"max_hp_loss":0.0,"gold_gain":0.0,"event_name":"Liars Game","player_choice":"Ignored","floor":3.0,"gold_loss":0.0,"damage_taken":0.0},{"damage_healed":0.0,"max_hp_gain":0.0,"max_hp_loss":0.0,"gold_gain":0.0,"event_name":"Dead Adventurer","player_choice":"Searched \u00272\u0027 times","floor":10.0,"gold_loss":0.0,"damage_taken":0.0,"relics_obtained":["Eternal Feather"]},{"damage_healed":0,"gold_gain":0,"player_choice":"Became a Ghost","damage_taken":0,"max_hp_gain":0,"max_hp_loss":33,"event_name":"Ghosts","floor":20,"gold_loss":0,"cards_obtained":["Ghostly","Ghostly","Ghostly"]},{"damage_healed":0,"gold_gain":0,"player_choice":"Got Potions","damage_taken":0,"max_hp_gain":0,"max_hp_loss":0,"event_name":"Lab","floor":22,"gold_loss":0},{"damage_healed":0,"gold_gain":0,"player_choice":"Opened","damage_taken":0,"relics_obtained":["InkBottle"],"max_hp_gain":0,"max_hp_loss":0,"event_name":"The Mausoleum","floor":25,"gold_loss":0,"cards_obtained":["Writhe"]},{"damage_healed":0,"gold_gain":0,"player_choice":"Fight","damage_taken":0,"max_hp_gain":0,"max_hp_loss":0,"event_name":"Mysterious Sphere","floor":44,"gold_loss":0}],"is_beta":false,"boss_relics":[{"not_picked":["Ring of the Serpent","Sozu"],"picked":"SlaversCollar"},{"not_picked":["Calling Bell","Tiny House"],"picked":"HoveringKite"}],"items_purged_floors":[14,19,54],"is_endless":false,"potions_floor_spawned":[8,11,21,24,29,33,37,40,42,45,48,55],"ascension_level":20}}