{"host":"xp5rvh2jwe2ejyfm","time":1612622945,"event":{"mods":["2.2 Compatiblity","Aspiration","BaseMod","BetterRewards","Colored Powertips","Conspire","Downfall","GifTheSpireLib","Gremlin Mod","Hermit","Hubris","Jorbs\u0027s Wanderer Trilogy","Minty Spire (QoL Compilation)","Quick Restart","Replay The Spire","Robot Space Explorer","Shade Mod","Somnambulant","StSLib","The Bug Knight","The Clintock","The Construct","The Cursed","The Disciple","The Forsaken","The Hierophant","The Necromancer","The Runesmith","The Servant 0.9.4","The Valiant","The Witch","TheFirefly","thorton"],"gold_per_floor":[119,0,0,20,30,30,63,63,63,75,0,31,43,55,67,180,192,220,78,78,78,18,18],"floor_reached":22,"language":"ENG","playtime":635,"items_purged":[],"score":190,"play_id":"477fed09-9623-479b-aa8a-9ed7a9762d8e","local_time":"20210206094905","is_ascension_mode":false,"campfire_choices":[{"data":"thefirefly:LaserMail","floor":6,"key":"SMITH"},{"floor":8,"key":"REST"},{"floor":15,"key":"REST"}],"circlet_count":0,"master_deck":["thefirefly:Strike","thefirefly:Strike","thefirefly:Strike","thefirefly:Strike","thefirefly:Defend","thefirefly:Defend","thefirefly:Defend","thefirefly:Defend","thefirefly:StealthMode","thefirefly:PhotonBlast","thefirefly:InterceptingShot","thefirefly:LaserMail+1","thefirefly:FlakCannon","thefirefly:Distort","thefirefly:Quine+1","thefirefly:Regeneration","thefirefly:Rend","thefirefly:LaserBarrage","thefirefly:Lamentation","thefirefly:RerouteCircuit","thefirefly:PotentAmmunition","thefirefly:SteadyAim","Sadistic Nature","ReplayTheSpireMod:Necrogeddon","Jack Of All Trades"],"relics":["thefirefly:StealthSystem","NeowsBlessing","Winged Necklace","MawBank","aspiration:SilentSkillbook","ReplayTheSpireMod:ShopPack","hubris:GlazedTorus"],"acts_visited":["Exordium","TheCity"],"potions_floor_usage":[12,16,18],"damage_taken":[{"damage":0,"enemies":"Cultist","floor":1,"turns":1},{"damage":0,"enemies":"2 Louse","floor":4,"turns":1},{"damage":0,"enemies":"Small Slimes","floor":5,"turns":2},{"damage":35,"enemies":"Lagavulin","floor":7,"turns":10},{"damage":0,"enemies":"Looter","floor":10,"turns":4},{"damage":1,"enemies":"Gremlin Nob","floor":12,"turns":4},{"damage":22,"enemies":"Hexaghost","floor":16,"turns":11},{"damage":30,"enemies":"Shell Parasite","floor":18,"turns":8},{"damage":30,"enemies":"2 Thieves","floor":22,"turns":2}],"seed_played":"8609394197767432664","potions_obtained":[{"floor":10,"key":"hexamod:SoulburnPotion"},{"floor":12,"key":"DistilledChaos"},{"floor":16,"key":"BlessingOfTheForge"}],"is_trial":false,"path_per_floor":["M","$","$","M","M","R","E","R","T","M","$","E","?","$","R","B",null,"M","$","?","?","M"],"character_chosen":"THE_FIREFLY","items_purchased":["thefirefly:LaserMail","thefirefly:FlakCannon","thefirefly:LaserBarrage","ReplayTheSpireMod:ShopPack","thefirefly:SteadyAim"],"campfire_rested":2,"item_purchase_floors":[2,2,11,19,19],"current_hp_per_floor":[55,55,55,55,55,55,20,36,36,36,36,35,35,35,51,29,55,25,25,25,25,0,0],"gold":18,"neow_bonus":"THREE_ENEMY_KILL","is_daily":false,"chose_seed":false,"campfire_upgraded":1,"win_rate":0.0,"timestamp":1612622945,"path_taken":["M","?","$","M","M","R","E","R","T","M","$","E","?","$","R","BOSS","M","$","?","?","M"],"items_purchased_type":["Card","Card","Card","Relic","Card"],"build_version":"2020-12-22","purchased_purges":0,"victory":false,"max_hp_per_floor":[55,55,55,55,55,55,55,55,55,55,55,55,55,55,55,55,55,55,55,55,55,55,55],"card_choices":[{"not_picked":["thefirefly:EMP","thefirefly:Flight"],"picked":"thefirefly:InterceptingShot","floor":1},{"not_picked":["thefirefly:ChargedLaser","thefirefly:SteadyAim"],"picked":"thefirefly:Distort","floor":4},{"not_picked":["thefirefly:LifeSupport","thefirefly:InterceptingShot"],"picked":"thefirefly:Quine","floor":5},{"not_picked":["thefirefly:Rend","thefirefly:Boost"],"picked":"thefirefly:Regeneration","floor":7},{"not_picked":["thefirefly:FlakCannon","thefirefly:SteadyAim"],"picked":"thefirefly:Rend","floor":10},{"not_picked":["thefirefly:ErraticMotions","thefirefly:HyperFocus"],"picked":"thefirefly:Lamentation","floor":12},{"not_picked":["thefirefly:Unweft","thefirefly:MindControl"],"picked":"thefirefly:RerouteCircuit","floor":16},{"not_picked":["Dagger Throw","thefirefly:Preload","conspire:PoisonWeapons"],"picked":"thefirefly:PotentAmmunition","floor":18},{"not_picked":["Crow Ritual","Panache","ReplayUltimateDefense"],"picked":"Sadistic Nature","floor":19},{"not_picked":["Impatience","Dramatic Entrance","Replay:Parry"],"picked":"ReplayTheSpireMod:Necrogeddon","floor":19},{"not_picked":["ReplayTheSpireMod:Uncanny Aura","Thinking Ahead","Panacea"],"picked":"Jack Of All Trades","floor":19}],"player_experience":442106,"relics_obtained":[{"floor":7,"key":"Winged Necklace"},{"floor":12,"key":"MawBank"}],"event_choices":[{"damage_healed":0,"gold_gain":0,"player_choice":"Stole Relic","damage_taken":0,"relics_obtained":["hubris:GlazedTorus"],"max_hp_gain":0,"max_hp_loss":0,"event_name":"Addict","floor":20,"gold_loss":0,"cards_obtained":["Shame"]},{"cards_removed":["Shame"],"damage_healed":0,"gold_gain":0,"player_choice":"Removed Curses","damage_taken":0,"max_hp_gain":0,"max_hp_loss":0,"event_name":"Fountain of Cleansing","floor":21,"gold_loss":0}],"is_beta":false,"boss_relics":[{"not_picked":["Replay:Wanted Poster","hubris:CrackedHourglass"],"picked":"aspiration:SilentSkillbook"}],"items_purged_floors":[],"is_endless":false,"potions_floor_spawned":[10,12,16],"killed_by":"2 Thieves","ascension_level":0}}