{"host":"s5d39dhq0ddhxhke","time":1612629734,"event":{"mods":["AchievementEnabler","BaseMod","Colored Map","Minty Spire (QoL Compilation)","Smile Girya","SuperFastMode"],"gold_per_floor":[116,266,279,204,204,51,79,79,79,79,94,129,129,159,159,235,235,235,235,235,73,73,73,73,73,73,73,73,73,73,73,73,73,73,73,73,73,73,73,73,73,73,73,73,73,73,73,19,19,19,19,19],"floor_reached":51,"language":"ENG","playtime":1730,"items_purged":["Strike_R"],"score":1392,"play_id":"98992d1b-34b6-405e-b5a6-09eb7bba2937","local_time":"20210206184214","is_ascension_mode":true,"campfire_choices":[{"data":"Bash","floor":8.0,"key":"SMITH"},{"data":"Inflame","floor":10.0,"key":"SMITH"},{"data":"Heavy Blade","floor":13.0,"key":"SMITH"},{"data":"Berserk","floor":15.0,"key":"SMITH"},{"floor":24,"key":"REST"},{"floor":32,"key":"REST"},{"floor":41,"key":"REST"},{"data":"Corruption","floor":44,"key":"SMITH"},{"floor":46,"key":"REST"},{"floor":49,"key":"REST"}],"circlet_count":0,"master_deck":["AscendersBane","Bash+1","Heavy Blade+1","Anger","Inflame+1","Shrug It Off","Berserk+1","Impervious","Necronomicurse","Metallicize","Inflame+1","Brutality","Corruption+1","Exhume","Rage","Reckless Charge","Pommel Strike","Dual Wield","Reckless Charge","Entrench","Battle Trance","Inflame+1","Shrug It Off+1"],"relics":["Burning Blood","Vajra","Odd Mushroom","TungstenRod","InkBottle","White Beast Statue","Ectoplasm","Necronomicon","Brimstone","Pocketwatch","Thread and Needle","Gambling Chip","Matryoshka","Orichalcum","Pandora\u0027s Box","Oddly Smooth Stone","PreservedInsect","Juzu Bracelet","Mango"],"acts_visited":["Exordium","TheCity","TheBeyond"],"potions_floor_usage":[23,23,29,30,33,35,50],"damage_taken":[{"damage":6.0,"enemies":"Jaw Worm","floor":1.0,"turns":5.0},{"damage":4.0,"enemies":"Small Slimes","floor":3.0,"turns":4.0},{"damage":24.0,"enemies":"The Mushroom Lair","floor":7.0,"turns":4.0},{"damage":0.0,"enemies":"2 Louse","floor":11.0,"turns":2.0},{"damage":11.0,"enemies":"Lagavulin","floor":12.0,"turns":4.0},{"damage":23.0,"enemies":"3 Sentries","floor":14.0,"turns":6.0},{"damage":23.0,"enemies":"Hexaghost","floor":16.0,"turns":7.0},{"damage":5.0,"enemies":"3 Byrds","floor":18.0,"turns":5.0},{"damage":7.0,"enemies":"Shell Parasite","floor":20.0,"turns":3.0},{"damage":6.0,"enemies":"Centurion and Healer","floor":22.0,"turns":4.0},{"damage":28,"enemies":"Gremlin Leader","floor":23,"turns":2},{"damage":15,"enemies":"Snake Plant","floor":25,"turns":2},{"damage":0,"enemies":"Colosseum Slavers","floor":29,"turns":3},{"damage":0,"enemies":"Colosseum Nobs","floor":29,"turns":4},{"damage":17,"enemies":"Book of Stabbing","floor":30,"turns":3},{"damage":26,"enemies":"Automaton","floor":33,"turns":6},{"damage":1,"enemies":"3 Shapes","floor":35,"turns":4},{"damage":30,"enemies":"3 Darklings","floor":37,"turns":4},{"damage":31,"enemies":"Spire Growth","floor":38,"turns":3},{"damage":3,"enemies":"Giant Head","floor":40,"turns":4},{"damage":3,"enemies":"4 Shapes","floor":42,"turns":5},{"damage":29,"enemies":"3 Darklings","floor":45,"turns":5},{"damage":18,"enemies":"Maw","floor":47,"turns":4},{"damage":30,"enemies":"Donu and Deca","floor":50,"turns":6},{"damage":107,"enemies":"Awakened One","floor":51,"turns":2}],"seed_played":"-8767090815983622338","potions_obtained":[{"floor":3.0,"key":"CultistPotion"},{"floor":7.0,"key":"BlessingOfTheForge"},{"floor":14.0,"key":"BloodPotion"},{"floor":16.0,"key":"ColorlessPotion"},{"floor":18.0,"key":"Swift Potion"},{"floor":20.0,"key":"Strength Potion"},{"floor":22.0,"key":"Swift Potion"},{"floor":23,"key":"ColorlessPotion"},{"floor":25,"key":"LiquidMemories"},{"floor":29,"key":"Dexterity Potion"},{"floor":30,"key":"DuplicationPotion"},{"floor":33,"key":"Strength Potion"},{"floor":35,"key":"PowerPotion"},{"floor":36,"key":"FairyPotion"}],"is_trial":false,"path_per_floor":["M","?","M","?","?","$","?","R","T","R","M","E","R","E","R","B",null,"M","?","M","$","M","E","R","M","T","?","$","?","E","?","R","B",null,"M","?","M","M","?","E","R","M","T","R","M","R","M","?","R","B","B"],"character_chosen":"IRONCLAD","items_purchased":["Inflame","Brimstone"],"campfire_rested":5,"item_purchase_floors":[6,21],"current_hp_per_floor":[68,68,70,70,70,70,52,52,52,52,58,53,53,36,36,19,61,62,45,44,44,59,37,59,50,50,50,50,62,51,51,73,53,70,75,75,51,26,26,29,51,54,54,54,31,53,41,55,81,57,0,0],"gold":19,"neow_bonus":"RANDOM_COMMON_RELIC","is_daily":false,"chose_seed":false,"campfire_upgraded":5,"win_rate":0.0,"timestamp":1612629734,"path_taken":["M","?","M","?","?","$","?","R","T","R","M","E","R","E","R","BOSS","M","?","M","$","M","E","R","M","T","?","$","?","E","?","R","BOSS","M","?","?","M","?","E","R","?","T","R","M","R","M","?","R","BOSS","BOSS"],"items_purchased_type":["Card","Relic"],"build_version":"2020-12-22","purchased_purges":1,"victory":false,"max_hp_per_floor":[75,75,75,75,75,75,75,75,75,75,75,75,75,75,75,75,75,75,75,75,75,75,75,75,75,75,75,75,75,75,75,75,75,75,75,75,75,75,75,75,75,75,75,75,75,75,75,89,89,89,89,89],"card_choices":[{"not_picked":["True Grit","Flame Barrier"],"picked":"Heavy Blade","floor":1.0},{"not_picked":["Infernal Blade","Wild Strike"],"picked":"Anger","floor":3.0},{"not_picked":["Carnage","Burning Pact"],"picked":"Shrug It Off","floor":7.0},{"not_picked":["Uppercut","Rage","Entrench"],"picked":"SKIP","floor":11.0},{"not_picked":["Sword Boomerang","Anger","True Grit"],"picked":"SKIP","floor":12.0},{"not_picked":["Fire Breathing","Rage"],"picked":"Berserk","floor":14.0},{"not_picked":["Offering","Barricade"],"picked":"Impervious","floor":16.0},{"not_picked":["Thunderclap","Warcry","Body Slam"],"picked":"SKIP","floor":18.0},{"not_picked":["Headbutt+1","Thunderclap+1"],"picked":"Metallicize","floor":20.0},{"not_picked":["Armaments+1","Carnage","Infernal Blade"],"picked":"SKIP","floor":22.0},{"not_picked":["Wild Strike","Clothesline"],"picked":"Inflame+1","floor":23},{"not_picked":["Power Through","Iron Wave"],"picked":"Brutality","floor":25},{"not_picked":["True Grit","Twin Strike","Perfected Strike"],"picked":"SKIP","floor":30},{"not_picked":["Brutality","Berserk"],"picked":"Corruption","floor":33},{"not_picked":["Pommel Strike","Shrug It Off","Intimidate+1"],"picked":"SKIP","floor":35},{"not_picked":["Heavy Blade","Pommel Strike+1","Twin Strike"],"picked":"SKIP","floor":37},{"not_picked":["Heavy Blade","Cleave"],"picked":"Battle Trance","floor":38},{"not_picked":["Clash","Havoc","Fire Breathing"],"picked":"SKIP","floor":40},{"not_picked":["Sentinel","Burning Pact+1"],"picked":"Shrug It Off+1","floor":42},{"not_picked":["Infernal Blade+1","Bloodletting+1","Flex"],"picked":"SKIP","floor":45},{"not_picked":["Perfected Strike+1","Blood for Blood+1","Cleave"],"picked":"SKIP","floor":47}],"player_experience":483604,"relics_obtained":[{"floor":7.0,"key":"Odd Mushroom"},{"floor":9.0,"key":"TungstenRod"},{"floor":12.0,"key":"InkBottle"},{"floor":14.0,"key":"White Beast Statue"},{"floor":19.0,"key":"Necronomicon"},{"floor":23,"key":"Pocketwatch"},{"floor":26,"key":"Thread and Needle"},{"floor":29,"key":"Gambling Chip"},{"floor":29,"key":"Matryoshka"},{"floor":30,"key":"Orichalcum"},{"floor":40,"key":"Oddly Smooth Stone"},{"floor":43,"key":"PreservedInsect"},{"floor":43,"key":"Juzu Bracelet"}],"event_choices":[{"damage_healed":0.0,"max_hp_gain":0.0,"max_hp_loss":0.0,"gold_gain":150.0,"event_name":"Liars Game","player_choice":"AGREE","floor":2.0,"gold_loss":0.0,"damage_taken":0.0,"cards_obtained":["Doubt"]},{"cards_removed":["Doubt"],"damage_healed":0.0,"max_hp_gain":0.0,"max_hp_loss":0.0,"gold_gain":0.0,"event_name":"The Cleric","player_choice":"Card Removal","floor":4.0,"gold_loss":75.0,"damage_taken":0.0},{"cards_removed":["Strike_R"],"damage_healed":0.0,"max_hp_gain":0.0,"max_hp_loss":0.0,"gold_gain":0.0,"event_name":"Living Wall","player_choice":"Forget","floor":5.0,"gold_loss":0.0,"damage_taken":0.0},{"damage_healed":0.0,"max_hp_gain":0.0,"max_hp_loss":0.0,"gold_gain":0.0,"event_name":"Mushrooms","player_choice":"Fought Mushrooms","floor":7.0,"gold_loss":0.0,"damage_taken":0.0},{"damage_healed":0.0,"max_hp_gain":0.0,"max_hp_loss":0.0,"gold_gain":0.0,"event_name":"Cursed Tome","player_choice":"Obtained Book","floor":19.0,"gold_loss":0.0,"damage_taken":21.0},{"damage_healed":0,"gold_gain":50,"player_choice":"Stole From Cult","damage_taken":0,"max_hp_gain":0,"max_hp_loss":0,"event_name":"Nest","floor":27,"gold_loss":0},{"damage_healed":0,"gold_gain":0,"player_choice":"Fight","damage_taken":0,"max_hp_gain":0,"max_hp_loss":0,"event_name":"Colosseum","floor":29,"gold_loss":0},{"damage_healed":0,"gold_gain":0,"player_choice":"Fought Nobs","damage_taken":0,"max_hp_gain":0,"max_hp_loss":0,"event_name":"Colosseum","floor":29,"gold_loss":0},{"damage_healed":0,"gold_gain":0,"player_choice":"Leave","damage_taken":0,"max_hp_gain":0,"max_hp_loss":0,"event_name":"FaceTrader","floor":31,"gold_loss":0},{"damage_healed":0,"gold_gain":0,"player_choice":"Got Potions","damage_taken":0,"max_hp_gain":0,"max_hp_loss":0,"event_name":"Lab","floor":36,"gold_loss":0},{"damage_healed":0,"gold_gain":0,"player_choice":"Copied","damage_taken":0,"max_hp_gain":0,"max_hp_loss":0,"event_name":"Duplicator","floor":39,"gold_loss":0,"cards_obtained":["Inflame"]},{"damage_healed":0,"gold_gain":0,"player_choice":"Paid Gold","damage_taken":0,"relics_obtained":["Mango"],"max_hp_gain":0,"max_hp_loss":0,"event_name":"WeMeetAgain","floor":48,"gold_loss":54}],"is_beta":false,"boss_relics":[{"not_picked":["Philosopher\u0027s Stone","Snecko Eye"],"picked":"Ectoplasm"},{"not_picked":["Black Star","Calling Bell"],"picked":"Pandora\u0027s Box"}],"items_purged_floors":[6],"is_endless":false,"potions_floor_spawned":[3,7,14,16,18,20,22,23,25,29,29,30,33,35,37,38,40,42,45,47],"killed_by":"Awakened One","ascension_level":20}}