{"host":"bg8va46pgqgvtzim","time":1612600600,"event":{"mods":["BaseMod","Minty Spire (QoL Compilation)","Quick Restart","StSLib","SuperFastMode"],"gold_per_floor":[111,121,46,64,75,75,93,119,119,151,101,129,140,167,196,215,249,249,249,259,293,304,314,314,416,416,428,428,447,347,358,370,370,370,388,388,421,421,433,447,481,553,565,606,636,648,672,664,691,715,369,369,369,464,464,474,493,493,510,522,537,387,387,387,420,420,432,432,467,487,503,503,503,174,193,207,241,241,241,241,241,85,117,117],"floor_reached":85,"language":"ZHS","playtime":2556,"items_purged":["Defend_P","Strike_P","Strike_P","Defend_P+1","Strike_P+1"],"score":1946,"play_id":"573ab0d7-2732-410d-8a82-c1c51fea9bb6","local_time":"20210206163640","is_ascension_mode":true,"campfire_choices":[{"data":"Eruption","floor":9.0,"key":"SMITH"},{"data":"CrushJoints","floor":19.0,"key":"SMITH"},{"data":"TalkToTheHand","floor":24.0,"key":"SMITH"},{"floor":36,"key":"RECALL"},{"floor":38,"key":"REST"},{"floor":46,"key":"REST"},{"floor":52,"key":"REST"},{"floor":53,"key":"REST"},{"floor":64,"key":"REST"},{"floor":73,"key":"REST"},{"floor":78,"key":"REST"},{"floor":81,"key":"REST"}],"circlet_count":0,"master_deck":["Defend_P+1","Eruption+1","Vigilance+1","Scrawl+1","Prostrate+1","Adaptation+1","Halt+1","SandsOfTime+1","CrushJoints+1","TalkToTheHand+1","FlurryOfBlows+1","Devotion+1","Adaptation+1","Establishment+1","DeceiveReality+1","Fasting2+1","LessonLearned+1","Prostrate+1","SpiritShield+1","Meditate+1","Tantrum+1","TalkToTheHand+1","Omniscience+1","Prostrate+1","EmptyMind+1","Study+1","Impatience+1","Study+1","Omniscience+1","MentalFortress+1","TalkToTheHand+1"],"relics":["PureWater","Ice Cream","Regal Pillow","Yang","MealTicket","Matryoshka","Akabeko","Damaru","Gambling Chip","Bag of Preparation","Fusion Hammer","Dream Catcher","Boot","MawBank","Mummified Hand","TeardropLocket","StoneCalendar","TheAbacus","Philosopher\u0027s Stone","Calipers","Bottled Tornado","Eternal Feather","Anchor","Blood Vial","OrangePellets","Letter Opener"],"acts_visited":["Exordium","TheCity","TheBeyond","TheEnding"],"potions_floor_usage":[37,66,71,84,84],"damage_taken":[{"damage":0.0,"enemies":"Cultist","floor":1.0,"turns":2.0},{"damage":3.0,"enemies":"2 Louse","floor":2.0,"turns":3.0},{"damage":0.0,"enemies":"Jaw Worm","floor":4.0,"turns":5.0},{"damage":0.0,"enemies":"2 Fungi Beasts","floor":5.0,"turns":3.0},{"damage":0.0,"enemies":"Large Slime","floor":7.0,"turns":2.0},{"damage":8.0,"enemies":"Lagavulin","floor":8.0,"turns":7.0},{"damage":4.0,"enemies":"3 Sentries","floor":10.0,"turns":5.0},{"damage":4.0,"enemies":"Gremlin Nob","floor":12.0,"turns":3.0},{"damage":0.0,"enemies":"Looter","floor":13.0,"turns":2.0},{"damage":2.0,"enemies":"3 Sentries","floor":15.0,"turns":3.0},{"damage":0.0,"enemies":"2 Fungi Beasts","floor":16.0,"turns":4.0},{"damage":0.0,"enemies":"Lagavulin","floor":17.0,"turns":4.0},{"damage":0.0,"enemies":"Exordium Thugs","floor":20.0,"turns":2.0},{"damage":0.0,"enemies":"Gremlin Nob","floor":21.0,"turns":2.0},{"damage":0.0,"enemies":"Gremlin Gang","floor":22.0,"turns":2.0},{"damage":0.0,"enemies":"2 Fungi Beasts","floor":23.0,"turns":2.0},{"damage":5.0,"enemies":"Hexaghost","floor":25.0,"turns":6.0},{"damage":0.0,"enemies":"Spheric Guardian","floor":27.0,"turns":3.0},{"damage":0.0,"enemies":"Chosen","floor":29.0,"turns":4.0},{"damage":13,"enemies":"Snake Plant","floor":31,"turns":2},{"damage":0,"enemies":"3 Cultists","floor":32,"turns":3},{"damage":0,"enemies":"Snecko","floor":35,"turns":5},{"damage":4,"enemies":"Slavers","floor":37,"turns":5},{"damage":0,"enemies":"Centurion and Healer","floor":39,"turns":4},{"damage":2,"enemies":"3 Cultists","floor":40,"turns":4},{"damage":13,"enemies":"Gremlin Leader","floor":41,"turns":6},{"damage":3,"enemies":"Book of Stabbing","floor":44,"turns":3},{"damage":0,"enemies":"Snake Plant","floor":45,"turns":2},{"damage":0,"enemies":"Centurion and Healer","floor":47,"turns":1},{"damage":0,"enemies":"3 Cultists","floor":49,"turns":1},{"damage":0,"enemies":"Chosen and Byrds","floor":50,"turns":3},{"damage":7,"enemies":"Automaton","floor":54,"turns":3},{"damage":0,"enemies":"3 Darklings","floor":56,"turns":3},{"damage":0,"enemies":"Orb Walker","floor":57,"turns":2},{"damage":3,"enemies":"Writhing Mass","floor":59,"turns":3},{"damage":0,"enemies":"Spire Growth","floor":60,"turns":2},{"damage":0,"enemies":"4 Shapes","floor":61,"turns":1},{"damage":3,"enemies":"Giant Head","floor":65,"turns":3},{"damage":0,"enemies":"Writhing Mass","floor":67,"turns":3},{"damage":0,"enemies":"Reptomancer","floor":69,"turns":3},{"damage":15,"enemies":"Jaw Worm Horde","floor":70,"turns":2},{"damage":0,"enemies":"Transient","floor":71,"turns":3},{"damage":0,"enemies":"3 Darklings","floor":75,"turns":3},{"damage":0,"enemies":"Spire Growth","floor":76,"turns":1},{"damage":0,"enemies":"Nemesis","floor":77,"turns":2},{"damage":0,"enemies":"Donu and Deca","floor":79,"turns":2},{"damage":0,"enemies":"Shield and Spear","floor":83,"turns":2},{"damage":0,"enemies":"The Heart","floor":84,"turns":6}],"seed_played":"-8492450291462184680","potions_obtained":[{"floor":4.0,"key":"Dexterity Potion"},{"floor":5.0,"key":"BottledMiracle"},{"floor":10.0,"key":"FearPotion"},{"floor":15.0,"key":"Regen Potion"},{"floor":21.0,"key":"ColorlessPotion"},{"floor":44,"key":"Explosive Potion"},{"floor":48,"key":"LiquidMemories"},{"floor":49,"key":"Ambrosia"},{"floor":65,"key":"DuplicationPotion"},{"floor":66,"key":"Fruit Juice"},{"floor":66,"key":"LiquidMemories"},{"floor":71,"key":"Weak Potion"}],"is_trial":false,"path_per_floor":["M","M","$","M","M","?","M","E","R","E","?","E","M","T","E","M","E","T","R","M","E","M","M","R","B",null,"M","?","M","$","M","M","?","?","M","R","E","R","M","M","E","T","T","E","M","R","M","?","M","M","$","R","R","B",null,"M","M","?","M","M","M","$","?","R","E","?","M","T","E","M","M","T","R","$","M","M","E","R","B",null,"R","$","E","B",null],"character_chosen":"WATCHER","items_purchased":["TheAbacus","Impatience","Anchor","OrangePellets"],"campfire_rested":8,"item_purchase_floors":[51,51,74,82],"current_hp_per_floor":[72,69,69,69,69,55,55,47,47,43,43,39,39,39,37,37,37,37,37,37,37,37,37,37,32,72,72,72,72,72,59,59,59,59,59,59,69,72,72,70,57,57,57,54,54,72,72,72,72,72,72,72,72,65,72,72,72,72,69,69,69,72,72,72,69,74,74,74,74,59,59,59,77,77,77,77,77,77,77,77,77,77,77,77],"gold":117,"neow_bonus":"ONE_RANDOM_RARE_CARD","is_daily":false,"chose_seed":false,"campfire_upgraded":3,"win_rate":0.0,"timestamp":1612600600,"path_taken":["M","M","?","M","M","?","M","E","R","E","?","E","M","T","E","M","E","?","R","M","E","M","?","R","BOSS","M","?","M","$","M","M","?","?","M","R","E","R","M","M","E","T","T","E","M","R","M","?","M","M","$","R","R","BOSS","M","M","?","M","M","?","$","?","R","E","?","?","T","E","M","M","?","R","$","M","M","E","R","BOSS","R","$","E","BOSS"],"items_purchased_type":["Relic","Card","Relic","Relic"],"build_version":"2020-12-22","purchased_purges":5,"victory":true,"max_hp_per_floor":[72,72,72,72,72,72,72,72,72,72,72,72,72,72,72,72,72,72,72,72,72,72,72,72,72,72,72,72,72,72,72,72,72,72,72,72,72,72,72,72,72,72,72,72,72,72,72,72,72,72,72,72,72,72,72,72,72,72,72,72,72,72,72,72,72,77,77,77,77,77,77,77,77,77,77,77,77,77,77,77,77,77,77,77],"card_choices":[{"not_picked":["ClearTheMind","SashWhip"],"picked":"Prostrate","floor":1.0},{"not_picked":["Nirvana","DeceiveReality"],"picked":"Adaptation","floor":2.0},{"not_picked":["SashWhip","FollowUp","EmptyBody"],"picked":"SKIP","floor":4.0},{"not_picked":["Wish","Evaluate"],"picked":"Halt","floor":5.0},{"not_picked":["ClearTheMind","CrushJoints"],"picked":"SandsOfTime","floor":7.0},{"not_picked":["Brilliance","ThirdEye"],"picked":"CrushJoints","floor":8.0},{"not_picked":["Fasting2","Crescendo"],"picked":"TalkToTheHand","floor":10.0},{"not_picked":["FlyingSleeves","WaveOfTheHand"],"picked":"FlurryOfBlows","floor":12.0},{"not_picked":["Evaluate","ClearTheMind"],"picked":"Devotion","floor":13.0},{"not_picked":["SashWhip","CrushJoints"],"picked":"Adaptation","floor":15.0},{"not_picked":["Evaluate","ClearTheMind","Worship"],"picked":"SKIP","floor":16.0},{"not_picked":["Alpha","Prostrate"],"picked":"Establishment","floor":17.0},{"not_picked":["BowlingBash","Sanctity"],"picked":"DeceiveReality","floor":20.0},{"not_picked":["WreathOfFlame","BowlingBash","SandsOfTime"],"picked":"SKIP","floor":21.0},{"not_picked":["BowlingBash","SashWhip","Perseverance"],"picked":"SKIP","floor":22.0},{"not_picked":["Tantrum","PathToVictory"],"picked":"Fasting2","floor":23.0},{"not_picked":["Wish","Brilliance"],"picked":"LessonLearned","floor":25.0},{"not_picked":["ForeignInfluence+1","EmptyBody+1"],"picked":"Prostrate+1","floor":27.0},{"not_picked":["FlyingSleeves","Evaluate+1","EmptyBody"],"picked":"SKIP","floor":29.0},{"not_picked":["CrushJoints+1","Crescendo","ThirdEye"],"picked":"SKIP","floor":31},{"not_picked":["FollowUp","PathToVictory"],"picked":"SpiritShield","floor":32},{"not_picked":["PathToVictory","ClearTheMind","Consecrate+1"],"picked":"SKIP","floor":35},{"not_picked":["Halt","InnerPeace"],"picked":"Meditate","floor":37},{"not_picked":["FlyingSleeves","Worship"],"picked":"Tantrum","floor":38},{"not_picked":["WindmillStrike","BattleHymn"],"picked":"TalkToTheHand+1","floor":39},{"not_picked":["SashWhip","FlyingSleeves","CrushJoints"],"picked":"SKIP","floor":40},{"not_picked":["CutThroughFate","DeceiveReality"],"picked":"Omniscience","floor":41},{"not_picked":["Meditate+1","SpiritShield"],"picked":"Prostrate+1","floor":44},{"not_picked":["Consecrate+1","FlurryOfBlows","SashWhip+1"],"picked":"SKIP","floor":45},{"not_picked":["ClearTheMind","FollowUp"],"picked":"EmptyMind","floor":47},{"not_picked":["Halt","EmptyFist"],"picked":"Study+1","floor":49},{"not_picked":["Evaluate","InnerPeace","DeceiveReality"],"picked":"SKIP","floor":50},{"not_picked":["Prostrate+1","WindmillStrike+1","Swivel"],"picked":"SKIP","floor":56},{"not_picked":["Halt","FlyingSleeves+1"],"picked":"Study+1","floor":57},{"not_picked":["ClearTheMind+1","ThirdEye","Weave"],"picked":"SKIP","floor":59},{"not_picked":["EmptyFist","WaveOfTheHand+1","SashWhip"],"picked":"SKIP","floor":60},{"not_picked":["EmptyFist","SashWhip","FearNoEvil+1"],"picked":"SKIP","floor":61},{"not_picked":["CutThroughFate","WheelKick"],"picked":"Omniscience","floor":65},{"not_picked":["FollowUp","EmptyFist","Evaluate"],"picked":"SKIP","floor":67},{"not_picked":["FlurryOfBlows","Evaluate","WindmillStrike"],"picked":"SKIP","floor":69},{"not_picked":["Conclude+1","TalkToTheHand+1","ClearTheMind"],"picked":"SKIP","floor":70},{"not_picked":["Protect","Prostrate+1","WaveOfTheHand"],"picked":"SKIP","floor":71},{"not_picked":["BowlingBash","Blasphemy"],"picked":"MentalFortress+1","floor":73},{"not_picked":["ThirdEye","FollowUp","Consecrate"],"picked":"SKIP","floor":75},{"not_picked":["Worship+1","WaveOfTheHand+1","Halt+1"],"picked":"SKIP","floor":76},{"not_picked":["Pray","CrushJoints+1","SandsOfTime"],"picked":"SKIP","floor":77},{"not_picked":["Evaluate+1","FollowUp"],"picked":"TalkToTheHand+1","floor":78},{"not_picked":["Devotion","Protect+1","Vengeance+1"],"picked":"SKIP","floor":83}],"player_experience":2403847,"relics_obtained":[{"floor":8.0,"key":"Ice Cream"},{"floor":10.0,"key":"Regal Pillow"},{"floor":12.0,"key":"Yang"},{"floor":14.0,"key":"MealTicket"},{"floor":15.0,"key":"Matryoshka"},{"floor":17.0,"key":"Akabeko"},{"floor":18.0,"key":"Damaru"},{"floor":18.0,"key":"Gambling Chip"},{"floor":21.0,"key":"Bag of Preparation"},{"floor":37,"key":"Dream Catcher"},{"floor":41,"key":"Boot"},{"floor":42,"key":"MawBank"},{"floor":42,"key":"Mummified Hand"},{"floor":43,"key":"TeardropLocket"},{"floor":44,"key":"StoneCalendar"},{"floor":65,"key":"Calipers"},{"floor":69,"key":"Bottled Tornado"},{"floor":72,"key":"Eternal Feather"},{"floor":77,"key":"Blood Vial"},{"floor":83,"key":"Letter Opener"}],"event_choices":[{"damage_healed":0.0,"max_hp_gain":0.0,"max_hp_loss":0.0,"gold_gain":0.0,"event_name":"Shining Light","player_choice":"Entered Light","floor":6.0,"gold_loss":0.0,"damage_taken":14.0,"cards_upgraded":["Vigilance","Scrawl"]},{"cards_removed":["Defend_P"],"damage_healed":0.0,"max_hp_gain":0.0,"max_hp_loss":0.0,"gold_gain":0.0,"event_name":"The Cleric","player_choice":"Card Removal","floor":11.0,"gold_loss":50.0,"damage_taken":0.0},{"damage_healed":0.0,"max_hp_gain":0.0,"max_hp_loss":0.0,"gold_gain":0.0,"event_name":"The Mausoleum","player_choice":"Ignored","floor":28.0,"gold_loss":0.0,"damage_taken":0.0},{"cards_removed":["Strike_P"],"damage_healed":0,"gold_gain":0,"player_choice":"Elegance","damage_taken":0,"max_hp_gain":0,"max_hp_loss":0,"event_name":"Back to Basics","floor":33,"gold_loss":0},{"damage_healed":0,"gold_gain":0,"player_choice":"Ignored","damage_taken":0,"max_hp_gain":0,"max_hp_loss":0,"event_name":"Ghosts","floor":34,"gold_loss":0},{"damage_healed":0,"gold_gain":0,"player_choice":"Bought 1 Potion","damage_taken":0,"max_hp_gain":0,"max_hp_loss":0,"event_name":"The Woman in Blue","floor":48,"gold_loss":0},{"damage_healed":0,"gold_gain":0,"player_choice":"Ignored","damage_taken":0,"max_hp_gain":0,"max_hp_loss":0,"event_name":"NoteForYourself","floor":58,"gold_loss":0},{"damage_healed":0,"gold_gain":0,"player_choice":"Ignored","damage_taken":0,"max_hp_gain":0,"max_hp_loss":0,"event_name":"Tomb of Lord Red Mask","floor":63,"gold_loss":0},{"damage_healed":0,"gold_gain":0,"player_choice":"Got Potions","damage_taken":0,"max_hp_gain":0,"max_hp_loss":0,"event_name":"Lab","floor":66,"gold_loss":0}],"is_beta":false,"boss_relics":[{"not_picked":["Cursed Key","Sozu"],"picked":"Fusion Hammer"},{"not_picked":["SacredBark","Runic Pyramid"],"picked":"Philosopher\u0027s Stone"}],"items_purged_floors":[3,30,51,62,74],"is_endless":false,"potions_floor_spawned":[4,5,10,15,16,21,22,23,31,35,44,45,47,49,61,65,69,70,71,76],"ascension_level":1}}