{"host":"w4b7hmige5bnqipq","time":1612645280,"event":{"mods":["2.2 Compatiblity","BaseMod","Colored Map","DeckTracker","Keyboard Shortcuts","Minty Spire (QoL Compilation)","Permanent Neow","Rare Cards Sparkle","SuperFastMode","everything is the same but u backflip on backflip","slay the spire mod where everything is the same but ironclad has a cowboy hat"],"gold_per_floor":[110,121,37,53,66,66,92,102,127,152,164,176,201,238,250,262,262],"floor_reached":16,"language":"KOR","playtime":439,"items_purged":[],"score":328,"play_id":"c3df8e6e-3df3-42cd-b176-8c60e351637f","local_time":"20210207060120","is_ascension_mode":true,"campfire_choices":[{"data":"Riddle With Holes","floor":6,"key":"SMITH"},{"data":"Deadly Poison","floor":12,"key":"SMITH"},{"data":"Catalyst","floor":15,"key":"SMITH"}],"circlet_count":0,"master_deck":["AscendersBane","Strike_G","Strike_G","Strike_G","Strike_G","Strike_G","Defend_G","Defend_G","Defend_G","Defend_G","Defend_G","Survivor","Neutralize","Deadly Poison+1","Dash","Riddle With Holes+1","Infinite Blades","Backflip","Catalyst+1","Predator","Crippling Poison","Night Terror"],"relics":["Ring of the Snake","Orichalcum","Bag of Preparation","Blood Vial","MawBank","Golden Idol"],"acts_visited":["Exordium"],"potions_floor_usage":[7,10],"damage_taken":[{"damage":0,"enemies":"Cultist","floor":1,"turns":4},{"damage":1,"enemies":"2 Louse","floor":2,"turns":4},{"damage":2,"enemies":"Small Slimes","floor":4,"turns":4},{"damage":3,"enemies":"Looter","floor":5,"turns":3},{"damage":17,"enemies":"Gremlin Nob","floor":7,"turns":5},{"damage":6,"enemies":"Exordium Wildlife","floor":8,"turns":4},{"damage":13,"enemies":"3 Sentries","floor":10,"turns":10},{"damage":3,"enemies":"Blue Slaver","floor":13,"turns":4},{"damage":1,"enemies":"Looter","floor":14,"turns":3},{"damage":22,"enemies":"The Guardian","floor":16,"turns":2}],"seed_played":"-6737998328102384016","potions_obtained":[{"floor":2,"key":"Block Potion"},{"floor":8,"key":"PowerPotion"},{"floor":14,"key":"Weak Potion"}],"is_trial":false,"path_per_floor":["M","M","$","M","M","R","E","M","T","E","?","R","M","M","R","B"],"character_chosen":"THE_SILENT","items_purchased":["Riddle With Holes"],"campfire_rested":0,"item_purchase_floors":[3],"current_hp_per_floor":[59,58,58,56,53,53,36,30,30,19,19,19,18,19,19,0,0],"gold":262,"neow_bonus":"RANDOM_COMMON_RELIC","is_daily":false,"chose_seed":false,"campfire_upgraded":3,"win_rate":0.0,"timestamp":1612645280,"path_taken":["M","M","?","M","M","R","E","M","T","E","?","R","M","M","R","BOSS"],"items_purchased_type":["Card"],"build_version":"2020-12-22","purchased_purges":0,"victory":false,"max_hp_per_floor":[66,66,66,66,66,66,66,66,66,66,60,60,60,60,60,60,60],"card_choices":[{"not_picked":["Quick Slash","Acrobatics"],"picked":"Deadly Poison","floor":1},{"not_picked":["Flying Knee","Underhanded Strike"],"picked":"Dash","floor":2},{"not_picked":["Outmaneuver","Dodge and Roll"],"picked":"Infinite Blades","floor":4},{"not_picked":["Bane","Quick Slash"],"picked":"Backflip","floor":5},{"not_picked":["Deflect","Flechettes","Concentrate"],"picked":"SKIP","floor":7},{"not_picked":["Noxious Fumes","Reflex"],"picked":"Catalyst","floor":8},{"not_picked":["Cloak And Dagger","Eviscerate"],"picked":"Predator","floor":10},{"not_picked":["Underhanded Strike","Outmaneuver"],"picked":"Crippling Poison","floor":13},{"not_picked":["Masterful Stab","Finisher"],"picked":"Night Terror","floor":14}],"player_experience":718115,"relics_obtained":[{"floor":7,"key":"Bag of Preparation"},{"floor":9,"key":"Blood Vial"},{"floor":10,"key":"MawBank"}],"event_choices":[{"damage_healed":0,"gold_gain":0,"player_choice":"Lose Max HP","damage_taken":0,"relics_obtained":["Golden Idol"],"max_hp_gain":0,"max_hp_loss":6,"event_name":"Golden Idol","floor":11,"gold_loss":0}],"is_beta":false,"boss_relics":[],"items_purged_floors":[],"is_endless":false,"potions_floor_spawned":[2,8,14],"killed_by":"The Guardian","ascension_level":20}}