{"host":"mulvwr6fzlda1d2f","time":1612604681,"event":{"mods":["BaseMod","Colored Powertips","Downfall","Hermit","Marisa????????","Minty Spire (QoL Compilation)","Quick Restart","Remove Card Discount Mod","Replay The Spire","StSLib","The Bladedancer","egg"],"gold_per_floor":[119,119,69,144,16,16,16,16,16,26,61,80,80,93,93,93,93],"floor_reached":16,"language":"ENG","playtime":461,"items_purged":[],"score":98,"play_id":"cd2a6689-d464-4ef3-b2a7-1d3c1defeca7","local_time":"20210206014441","is_ascension_mode":false,"campfire_choices":[{"floor":6,"key":"REST"},{"floor":8,"key":"RECALL"},{"data":"hermit:LoneWolf","floor":15,"key":"SMITH"}],"circlet_count":0,"master_deck":["hermit:Strike_Hermit","hermit:Strike_Hermit","hermit:Strike_Hermit","hermit:Defend_Hermit","hermit:Defend_Hermit+1","hermit:Defend_Hermit+1","hermit:Defend_Hermit","hermit:Snapshot","hermit:Covet","hermit:Snipe+1","hermit:Gestalt","Panacea","hermit:Horror","hermit:Headshot","hermit:LoneWolf+1"],"relics":["hermit:Momento","War Paint","Chameleon Ring"],"acts_visited":["Exordium"],"potions_floor_usage":[16,16],"damage_taken":[{"damage":3,"enemies":"2 Louse","floor":1,"turns":3},{"damage":0,"enemies":"Small Slimes","floor":10,"turns":3},{"damage":38,"enemies":"Lagavulin","floor":11,"turns":12},{"damage":1,"enemies":"Cultist","floor":12,"turns":4},{"damage":1,"enemies":"Blue Slaver","floor":14,"turns":3},{"damage":45,"enemies":"Hexaghost","floor":16,"turns":14}],"seed_played":"2149087912777835607","potions_obtained":[{"floor":12,"key":"Weak Potion"},{"floor":13,"key":"Death Potion"},{"floor":13,"key":"Languid Potion"}],"is_trial":false,"path_per_floor":["M","?","?","?","$","R","?","R","T","M","E","M","R","M","R","B"],"character_chosen":"HERMIT","items_purchased":["hermit:Gestalt","Panacea"],"campfire_rested":1,"item_purchase_floors":[5,5],"current_hp_per_floor":[79,76,76,65,65,82,82,82,82,82,44,43,43,42,42,0,0],"gold":93,"neow_bonus":"TEN_PERCENT_HP_BONUS","is_daily":false,"chose_seed":false,"campfire_upgraded":1,"win_rate":0.0,"timestamp":1612604681,"path_taken":["M","?","?","?","$","R","?","R","T","M","E","M","R","M","R","BOSS"],"items_purchased_type":["Card","Card"],"build_version":"2020-12-22","purchased_purges":0,"victory":false,"max_hp_per_floor":[82,82,82,82,82,82,82,82,82,82,82,82,82,82,82,82,82],"card_choices":[{"not_picked":["hermit:HoleUp","hermit:CalledShot"],"picked":"hermit:Snipe","floor":1},{"not_picked":["hermit:Midnight","hermit:Vantage"],"picked":"hermit:Horror","floor":10},{"not_picked":["hermit:Roulette","hermit:FullyLoaded","hermit:HoleUp"],"picked":"SKIP","floor":11},{"not_picked":["hermit:HoleUp","hermit:LowProfile"],"picked":"hermit:Headshot","floor":12},{"not_picked":["hermit:GoldenBullet","hermit:Misfire"],"picked":"hermit:LoneWolf","floor":14}],"player_experience":262390,"relics_obtained":[{"floor":11,"key":"Chameleon Ring"}],"event_choices":[{"damage_healed":0,"gold_gain":0,"player_choice":"Success","damage_taken":3,"relics_obtained":["War Paint"],"max_hp_gain":0,"max_hp_loss":0,"event_name":"Scrap Ooze","floor":2,"gold_loss":0},{"cards_removed":["hermit:Strike_Hermit"],"damage_healed":0,"gold_gain":0,"player_choice":"Card Removal","damage_taken":0,"max_hp_gain":0,"max_hp_loss":0,"event_name":"The Cleric","floor":3,"gold_loss":50},{"damage_healed":0,"gold_gain":75,"player_choice":"Gather Gold","damage_taken":11,"max_hp_gain":0,"max_hp_loss":0,"event_name":"World of Goop","floor":4,"gold_loss":0},{"damage_healed":0,"gold_gain":0,"player_choice":"Forge","damage_taken":0,"max_hp_gain":0,"max_hp_loss":0,"event_name":"Accursed Blacksmith","floor":7,"gold_loss":0,"cards_upgraded":["hermit:Snipe"]}],"is_beta":false,"boss_relics":[],"items_purged_floors":[],"is_endless":false,"potions_floor_spawned":[12],"killed_by":"Hexaghost","ascension_level":0}}