{"host":"iphsb0ccnjx0pfn6","time":1612606200,"event":{"mods":["2.2 Compatiblity","AchievementEnabler","BaseMod","Colored Map","DeckTracker","Keyboard Shortcuts","Minty Spire (QoL Compilation)","Permanent Neow","Quick Restart","Relic Stats","StSLib","SuperFastMode","Uncapped","everything is the same but u backflip on backflip"],"gold_per_floor":[115,133,133,133,156,189,202,202,202,202,222,247,263,113,113,207,207,223,123,123,123,123,123,123,152,152,152,152],"floor_reached":27,"language":"KOR","playtime":397,"items_purged":["Strike_B","Defend_B"],"score":608,"play_id":"5f48d9a2-edd5-4cf7-b830-92398767c2b3","local_time":"20210206191000","is_ascension_mode":true,"campfire_choices":[{"data":"Consume","floor":8.0,"key":"SMITH"},{"data":"Rainbow","floor":10.0,"key":"SMITH"},{"floor":15.0,"key":"REST"},{"floor":23.0,"key":"REST"}],"circlet_count":0,"master_deck":["AscendersBane","Strike_B+1","Strike_B+1","Strike_B+1","Defend_B+1","Defend_B","Defend_B","Zap","Dualcast","Consume+1","Capacitor","Rainbow+1","Recycle","Ball Lightning","Cold Snap","Turbo","Capacitor","Multi-Cast","Chaos"],"relics":["Cracked Core","NeowsBlessing","Bloody Idol","Whetstone","Symbiotic Virus","Letter Opener","Fusion Hammer","Mummified Hand","FossilizedHelix"],"acts_visited":["Exordium","TheCity"],"potions_floor_usage":[],"damage_taken":[{"damage":0.0,"enemies":"Small Slimes","floor":1.0,"turns":1.0},{"damage":0.0,"enemies":"2 Louse","floor":2.0,"turns":1.0},{"damage":0.0,"enemies":"Gremlin Nob","floor":6.0,"turns":1.0},{"damage":4.0,"enemies":"Jaw Worm","floor":7.0,"turns":2.0},{"damage":16.0,"enemies":"Exordium Thugs","floor":11.0,"turns":4.0},{"damage":15.0,"enemies":"Gremlin Gang","floor":12.0,"turns":4.0},{"damage":0.0,"enemies":"Large Slime","floor":13.0,"turns":3.0},{"damage":0.0,"enemies":"Slime Boss","floor":16.0,"turns":5.0},{"damage":15.0,"enemies":"Spheric Guardian","floor":18.0,"turns":4.0},{"damage":58.0,"enemies":"Book of Stabbing","floor":25.0,"turns":5.0},{"damage":7,"enemies":"Slavers","floor":27,"turns":1}],"seed_played":"8142286307993363631","potions_obtained":[{"floor":1.0,"key":"AttackPotion"},{"floor":6.0,"key":"DistilledChaos"},{"floor":11.0,"key":"Swift Potion"},{"floor":12.0,"key":"AttackPotion"},{"floor":18.0,"key":"Strength Potion"}],"is_trial":false,"path_per_floor":["M","M","?","?","T","E","M","R","T","R","M","M","M","$","R","B",null,"M","$","?","$","?","R","?","E","T","E"],"character_chosen":"DEFECT","items_purchased":["Capacitor"],"campfire_rested":2,"item_purchase_floors":[14],"current_hp_per_floor":[64,64,43,43,43,43,39,39,39,39,23,8,8,8,27,27,55,40,40,40,40,40,59,59,6,6,0,0],"gold":152,"neow_bonus":"THREE_ENEMY_KILL","is_daily":false,"chose_seed":false,"campfire_upgraded":2,"win_rate":0.0,"timestamp":1612606200,"path_taken":["M","M","?","?","?","E","M","R","T","R","M","?","?","$","R","BOSS","M","$","?","$","?","R","?","E","T","E"],"items_purchased_type":["Card"],"build_version":"2020-12-22","purchased_purges":2,"victory":false,"max_hp_per_floor":[71,71,71,64,64,64,64,64,64,64,64,64,64,64,64,64,64,64,64,64,64,64,64,64,64,64,64,64],"relic_stats":{"counters":[11,31],"Mummified Hand":[3],"Bloody Idol":5,"Whetstone":["Strike_B","Strike_B"],"Letter Opener":[22],"obtain_stats":[{"NeowsBlessing":0,"Golden Idol":4,"Mummified Hand":25,"Bloody Idol":24,"Fusion Hammer":17,"Whetstone":5,"Letter Opener":9,"Cracked Core":0,"Symbiotic Virus":6,"FossilizedHelix":26},{"NeowsBlessing":0,"Golden Idol":2,"Mummified Hand":10,"Bloody Idol":9,"Fusion Hammer":8,"Whetstone":2,"Letter Opener":4,"Cracked Core":0,"Symbiotic Virus":3,"FossilizedHelix":10},{"NeowsBlessing":0,"Golden Idol":2,"Mummified Hand":30,"Bloody Idol":25,"Fusion Hammer":21,"Whetstone":2,"Letter Opener":5,"Cracked Core":0,"Symbiotic Virus":3,"FossilizedHelix":30}]},"card_choices":[{"not_picked":["Recycle","Steam"],"picked":"Consume","floor":1.0},{"not_picked":["BootSequence","Sweeping Beam"],"picked":"Capacitor","floor":2.0},{"not_picked":["Defragment","Fission"],"picked":"Rainbow","floor":6.0},{"not_picked":["Hologram","Melter"],"picked":"Recycle","floor":7.0},{"not_picked":["Fusion","Force Field"],"picked":"Ball Lightning","floor":11.0},{"not_picked":["Streamline","Scrape"],"picked":"Cold Snap","floor":12.0},{"not_picked":["Rainbow","Coolheaded"],"picked":"Turbo","floor":13.0},{"not_picked":["Creative AI","Biased Cognition"],"picked":"Multi-Cast","floor":16.0},{"not_picked":["Go for the Eyes","Barrage","Fusion"],"picked":"SKIP","floor":18.0},{"not_picked":["Go for the Eyes","Barrage","Fusion"],"picked":"SKIP","floor":18.0},{"not_picked":["Rebound","Sweeping Beam"],"picked":"Chaos","floor":25.0}],"player_experience":1300487,"relics_obtained":[{"floor":5.0,"key":"Whetstone"},{"floor":6.0,"key":"Symbiotic Virus"},{"floor":9.0,"key":"Letter Opener"},{"floor":25.0,"key":"Mummified Hand"},{"floor":26.0,"key":"FossilizedHelix"}],"event_choices":[{"damage_healed":0.0,"max_hp_gain":0.0,"max_hp_loss":0.0,"gold_gain":0.0,"event_name":"Shining Light","player_choice":"Entered Light","floor":3.0,"gold_loss":0.0,"damage_taken":21.0,"cards_upgraded":["Strike_B","Defend_B"]},{"damage_healed":0.0,"max_hp_gain":0.0,"max_hp_loss":7.0,"gold_gain":0.0,"event_name":"Golden Idol","player_choice":"Lose Max HP","floor":4.0,"gold_loss":0.0,"damage_taken":0.0,"relics_obtained":["Golden Idol"]},{"damage_healed":0.0,"max_hp_gain":0.0,"max_hp_loss":0.0,"gold_gain":0.0,"event_name":"Cursed Tome","player_choice":"Ignored","floor":20.0,"gold_loss":0.0,"damage_taken":0.0},{"damage_healed":0.0,"max_hp_gain":0.0,"max_hp_loss":0.0,"gold_gain":0.0,"event_name":"The Mausoleum","player_choice":"Ignored","floor":22.0,"gold_loss":0.0,"damage_taken":0.0},{"damage_healed":0.0,"max_hp_gain":0.0,"max_hp_loss":0.0,"gold_gain":0.0,"event_name":"Forgotten Altar","player_choice":"Gave Idol","floor":24.0,"relics_lost":["Golden Idol"],"gold_loss":0.0,"damage_taken":0.0,"relics_obtained":["Bloody Idol"]}],"is_beta":false,"boss_relics":[{"not_picked":["Black Star","Tiny House"],"picked":"Fusion Hammer"}],"items_purged_floors":[14,19],"is_endless":false,"potions_floor_spawned":[1,6,7,11,12,18],"killed_by":"Slavers","ascension_level":20}}