{"host":"at5b10nm0iti0w4x","time":1612654589,"event":{"mods":["AchievementEnabler","BaseMod","Bestiary","Block Reminder","Colored Map","Colored Powertips","Highlight Path","Keyboard Shortcuts","Minty Spire (QoL Compilation)","Relic Stats","StSLib","SuperFastMode"],"gold_per_floor":[117,42,52,52,71,71,100,100,100,100,115,129,142,155,155,260,260,273,169,186,32,44,79,105,133,133,133,133,146,146,163,163,267,267,282,282,301,301,314,314,361,361,361,374,192,192,192,210,210,210],"floor_reached":51,"language":"ENG","playtime":2052,"items_purged":["Strike_B"],"score":764,"play_id":"45f62f9e-09be-44f5-bbd5-a0906b2d6c99","local_time":"20210206183629","is_ascension_mode":false,"campfire_choices":[{"floor":6,"key":"REST"},{"floor":8,"key":"REST"},{"data":"Electrodynamics","floor":15,"key":"SMITH"},{"data":"Consume","floor":27,"key":"SMITH"},{"data":"Streamline","floor":30,"key":"SMITH"},{"data":"Capacitor","floor":32,"key":"SMITH"},{"data":"Machine Learning","floor":40,"key":"SMITH"},{"floor":42,"key":"REST"},{"data":"Chaos","floor":47,"key":"SMITH"},{"floor":49,"key":"REST"}],"circlet_count":0,"master_deck":["Strike_B","Strike_B","Defend_B","Defend_B","Defend_B","Defend_B","Zap","Dualcast","Electrodynamics+1","Streamline+1","Gash","Rebound","Glacier","Beam Cell","Leap","Capacitor+1","All For One","Defragment+1","Consume+1","Capacitor","Gash","Gash","Melter+1","BootSequence","Machine Learning+1","Skim+1","Doom and Gloom","Chaos+1","Cold Snap","Defragment+1","Chill","Madness","Madness","Auto Shields"],"relics":["Cracked Core","Thread and Needle","Oddly Smooth Stone","Bird Faced Urn","Nunchaku","Sozu","Membership Card","Lantern","PreservedInsect","Lizard Tail","Bottled Tornado","SlaversCollar","Gambling Chip","Gremlin Horn","DollysMirror","MealTicket"],"acts_visited":["Exordium","TheCity","TheBeyond"],"potions_floor_usage":[20,23,33],"damage_taken":[{"damage":12,"enemies":"Small Slimes","floor":1,"turns":3},{"damage":1,"enemies":"Cultist","floor":3,"turns":3},{"damage":2,"enemies":"Jaw Worm","floor":5,"turns":2},{"damage":16,"enemies":"3 Sentries","floor":7,"turns":5},{"damage":10,"enemies":"3 Louse","floor":11,"turns":2},{"damage":0,"enemies":"Blue Slaver","floor":12,"turns":4},{"damage":0,"enemies":"Large Slime","floor":13,"turns":4},{"damage":0,"enemies":"Looter","floor":14,"turns":3},{"damage":0,"enemies":"Slime Boss","floor":16,"turns":6},{"damage":0,"enemies":"Chosen","floor":18,"turns":4},{"damage":6,"enemies":"3 Byrds","floor":20,"turns":3},{"damage":31,"enemies":"Snecko","floor":22,"turns":6},{"damage":0,"enemies":"Slavers","floor":23,"turns":6},{"damage":13,"enemies":"Gremlin Leader","floor":25,"turns":5},{"damage":3,"enemies":"Chosen and Byrds","floor":29,"turns":5},{"damage":17,"enemies":"Snake Plant","floor":31,"turns":3},{"damage":16,"enemies":"Champ","floor":33,"turns":9},{"damage":3,"enemies":"Orb Walker","floor":35,"turns":3},{"damage":0,"enemies":"3 Shapes","floor":37,"turns":3},{"damage":14,"enemies":"Maw","floor":39,"turns":8},{"damage":72,"enemies":"2 Orb Walkers","floor":41,"turns":7},{"damage":6,"enemies":"4 Shapes","floor":44,"turns":3},{"damage":43,"enemies":"Spire Growth","floor":48,"turns":5},{"damage":15,"enemies":"Awakened One","floor":50,"turns":13}],"seed_played":"-4923941719208275509","potions_obtained":[{"floor":1,"key":"LiquidMemories"},{"floor":12,"key":"SteroidPotion"},{"floor":14,"key":"DistilledChaos"},{"floor":16,"key":"BlessingOfTheForge"}],"is_trial":false,"path_per_floor":["M","$","M","?","M","R","E","R","T","?","M","M","M","M","R","B",null,"M","$","M","$","M","E","T","E","T","R","?","M","R","M","R","B",null,"M","?","M","?","M","R","?","R","T","M","$","?","R","M","R","B",null],"character_chosen":"DEFECT","items_purchased":["Consume","Capacitor","Membership Card","Gash","DollysMirror","MealTicket","Chill"],"campfire_rested":4,"item_purchase_floors":[19,19,21,21,45,45,45],"current_hp_per_floor":[42,42,41,29,27,49,33,55,55,55,47,47,49,49,49,53,75,75,75,71,71,46,50,50,43,43,43,68,71,71,58,58,50,75,72,72,75,75,64,64,37,59,59,61,61,52,52,17,39,36],"gold":210,"neow_bonus":"THREE_RARE_CARDS","is_daily":false,"chose_seed":false,"campfire_upgraded":6,"win_rate":0.0,"timestamp":1612654589,"path_taken":["M","$","M","?","M","R","E","R","T","?","M","M","M","M","R","BOSS","M","?","M","$","M","E","?","E","T","R","?","M","R","M","R","BOSS","M","?","M","?","M","R","?","R","T","M","$","?","R","?","R","BOSS"],"items_purchased_type":["Card","Card","Relic","Card","Relic","Relic","Card"],"build_version":"2020-12-22","purchased_purges":1,"victory":true,"max_hp_per_floor":[75,75,75,75,75,75,75,75,75,75,75,75,75,75,75,75,75,75,75,75,75,75,75,75,75,75,75,75,75,75,75,75,75,75,75,75,75,75,75,75,75,75,75,75,75,75,75,75,75,75],"relic_stats":{"Sozu":6,"Nunchaku":[19],"Lizard Tail":37,"Gremlin Horn":[6,6],"counters":[24,115],"Bird Faced Urn":[86],"Gambling Chip":[5],"MealTicket":0,"PreservedInsect":58,"obtain_stats":[{"Lantern":23,"Gremlin Horn":43,"Oddly Smooth Stone":7,"Thread and Needle":4,"PreservedInsect":24,"Bottled Tornado":26,"Sozu":17,"SlaversCollar":34,"Nunchaku":10,"Lizard Tail":25,"DollysMirror":45,"Bird Faced Urn":9,"Gambling Chip":41,"MealTicket":45,"Membership Card":21,"Cracked Core":0},{"Lantern":13,"Gremlin Horn":21,"Oddly Smooth Stone":4,"Thread and Needle":2,"PreservedInsect":13,"Bottled Tornado":14,"Sozu":9,"SlaversCollar":17,"Nunchaku":4,"Lizard Tail":14,"DollysMirror":22,"Bird Faced Urn":4,"Gambling Chip":21,"MealTicket":22,"Membership Card":11,"Cracked Core":0},{"Lantern":51,"Gremlin Horn":94,"Oddly Smooth Stone":13,"Thread and Needle":6,"PreservedInsect":51,"Bottled Tornado":56,"Sozu":32,"SlaversCollar":73,"Nunchaku":13,"Lizard Tail":56,"DollysMirror":97,"Bird Faced Urn":13,"Gambling Chip":94,"MealTicket":97,"Membership Card":39,"Cracked Core":0}]},"card_choices":[{"not_picked":["Machine Learning","Meteor Strike"],"picked":"Electrodynamics","floor":0},{"not_picked":["Tempest","Steam"],"picked":"Streamline","floor":1},{"not_picked":["Static Discharge","Hologram"],"picked":"Gash","floor":3},{"not_picked":["Ball Lightning","Reinforced Body","Storm"],"picked":"SKIP","floor":5},{"not_picked":["Streamline","Conserve Battery"],"picked":"Rebound","floor":7},{"not_picked":["Go for the Eyes","Reprogram"],"picked":"Glacier","floor":11},{"not_picked":["Steam","Chill"],"picked":"Beam Cell","floor":12},{"not_picked":["Beam Cell","Heatsinks"],"picked":"Leap","floor":13},{"not_picked":["Barrage","Ball Lightning"],"picked":"Capacitor","floor":14},{"not_picked":["Hyperbeam","Amplify"],"picked":"All For One","floor":16},{"not_picked":["Chaos","Rebound"],"picked":"Defragment+1","floor":18},{"not_picked":["Redo","Go for the Eyes","Sweeping Beam"],"picked":"SKIP","floor":20},{"not_picked":["Cold Snap+1","Stack"],"picked":"Gash","floor":22},{"not_picked":["Steam","Fusion"],"picked":"Melter+1","floor":23},{"not_picked":["Seek","Streamline"],"picked":"BootSequence","floor":25},{"not_picked":["Leap","Go for the Eyes","Hologram"],"picked":"SKIP","floor":29},{"not_picked":["Leap","Steam Power","Stack"],"picked":"SKIP","floor":31},{"not_picked":["Core Surge","Electrodynamics"],"picked":"Machine Learning","floor":33},{"not_picked":["Barrage","Chaos"],"picked":"Skim+1","floor":35},{"not_picked":["Stack+1","Barrage+1"],"picked":"Doom and Gloom","floor":37},{"not_picked":["Aggregate+1","Barrage","Go for the Eyes"],"picked":"SKIP","floor":39},{"not_picked":["Turbo","Hologram+1"],"picked":"Chaos","floor":41},{"not_picked":["Loop","Leap"],"picked":"Cold Snap","floor":44},{"not_picked":["Compile Driver+1","Coolheaded"],"picked":"Auto Shields","floor":48}],"player_experience":58395,"relics_obtained":[{"floor":7,"key":"Oddly Smooth Stone"},{"floor":9,"key":"Bird Faced Urn"},{"floor":10,"key":"Nunchaku"},{"floor":23,"key":"Lantern"},{"floor":24,"key":"PreservedInsect"},{"floor":25,"key":"Lizard Tail"},{"floor":26,"key":"Bottled Tornado"},{"floor":41,"key":"Gambling Chip"},{"floor":43,"key":"Gremlin Horn"}],"event_choices":[{"damage_healed":0,"gold_gain":0,"player_choice":"Success","damage_taken":12,"relics_obtained":["Thread and Needle"],"max_hp_gain":0,"max_hp_loss":0,"event_name":"Scrap Ooze","floor":4,"gold_loss":0},{"damage_healed":0,"gold_gain":0,"player_choice":"Relic","damage_taken":0,"max_hp_gain":0,"max_hp_loss":0,"event_name":"Wheel of Change","floor":10,"gold_loss":0},{"damage_healed":25,"gold_gain":0,"player_choice":"Heal","damage_taken":0,"max_hp_gain":0,"max_hp_loss":0,"event_name":"The Library","floor":28,"gold_loss":0},{"damage_healed":0,"gold_gain":0,"player_choice":"Ignored","damage_taken":0,"max_hp_gain":0,"max_hp_loss":0,"event_name":"Tomb of Lord Red Mask","floor":36,"gold_loss":0},{"cards_removed":["Strike_B"],"damage_healed":0,"gold_gain":0,"player_choice":"Removed Attack","damage_taken":0,"max_hp_gain":0,"max_hp_loss":0,"event_name":"Falling","floor":38,"gold_loss":0},{"damage_healed":0,"gold_gain":0,"player_choice":"Fight","damage_taken":0,"max_hp_gain":0,"max_hp_loss":0,"event_name":"Mysterious Sphere","floor":41,"gold_loss":0},{"damage_healed":0,"gold_gain":0,"player_choice":"Embrace Madness","damage_taken":9,"max_hp_gain":0,"max_hp_loss":0,"event_name":"Winding Halls","floor":46,"gold_loss":0,"cards_obtained":["Madness","Madness"]}],"is_beta":false,"boss_relics":[{"not_picked":["FrozenCore","Calling Bell"],"picked":"Sozu"},{"not_picked":["Astrolabe","Cursed Key"],"picked":"SlaversCollar"}],"items_purged_floors":[2],"is_endless":false,"potions_floor_spawned":[1,12,14,16,18,20,29,31,33,39,44],"ascension_level":0}}