{"host":"l5zfpd2l2htson6l","time":1612594269,"event":{"mods":["AchievementEnabler","BaseMod","Colored Map","Colored Powertips","Minty Spire (QoL Compilation)","Permanent Neow","Quick Restart","Rare Cards Sparkle","Relic Stats","SuperFastMode"],"gold_per_floor":[99,99,99,59,59,59,59,59,59,59,59,59,59,59,59,59,59,59,59,59,59,59,59,59,59,59,59,59,59,59,59,59,59,59],"floor_reached":33,"language":"ENG","playtime":1390,"items_purged":[],"score":838,"play_id":"b38fb9c3-3abb-46a8-b24e-cd7fe33c313a","local_time":"20210205225109","is_ascension_mode":true,"campfire_choices":[{"data":"Immolate","floor":7.0,"key":"SMITH"},{"data":"True Grit","floor":10.0,"key":"SMITH"},{"data":"Perfected Strike","floor":12.0,"key":"SMITH"},{"data":"Burning Pact","floor":15.0,"key":"SMITH"},{"data":"Bash","floor":23.0,"key":"SMITH"},{"data":"Shrug It Off","floor":30.0,"key":"SMITH"},{"data":"Pommel Strike","floor":32.0,"key":"SMITH"}],"circlet_count":0,"master_deck":["AscendersBane","Strike_R","Strike_R","Strike_R","Strike_R","Defend_R","Defend_R","Bash+1","Pommel Strike+1","Iron Wave","Wild Strike","True Grit+1","Immolate+1","Perfected Strike+1","Impervious","Burning Pact+1","Offering","Bloodletting+1","Blood for Blood+1","Metallicize+1","Battle Trance","Shrug It Off+1","Rage+1"],"relics":["Ectoplasm","Toy Ornithopter","Singing Bowl","HornCleat","Meat on the Bone","Bag of Preparation","Astrolabe","Pen Nib","Oddly Smooth Stone","PreservedInsect"],"acts_visited":["Exordium","TheCity"],"potions_floor_usage":[],"damage_taken":[{"damage":0.0,"enemies":"Cultist","floor":1.0,"turns":4.0},{"damage":4.0,"enemies":"Jaw Worm","floor":2.0,"turns":3.0},{"damage":0.0,"enemies":"2 Louse","floor":3.0,"turns":3.0},{"damage":1.0,"enemies":"Looter","floor":4.0,"turns":3.0},{"damage":29.0,"enemies":"Lagavulin","floor":6.0,"turns":6.0},{"damage":0.0,"enemies":"Gremlin Nob","floor":8.0,"turns":3.0},{"damage":0.0,"enemies":"3 Sentries","floor":11.0,"turns":2.0},{"damage":8.0,"enemies":"Lagavulin","floor":13.0,"turns":3.0},{"damage":0.0,"enemies":"2 Fungi Beasts","floor":14.0,"turns":1.0},{"damage":42.0,"enemies":"Hexaghost","floor":16.0,"turns":11.0},{"damage":17.0,"enemies":"3 Byrds","floor":18.0,"turns":4.0},{"damage":0.0,"enemies":"Spheric Guardian","floor":20.0,"turns":3.0},{"damage":28.0,"enemies":"Cultist and Chosen","floor":21.0,"turns":6.0},{"damage":5.0,"enemies":"Snecko","floor":22.0,"turns":4.0},{"damage":0.0,"enemies":"Gremlin Leader","floor":24.0,"turns":3.0},{"damage":19.0,"enemies":"Centurion and Healer","floor":27.0,"turns":4.0},{"damage":6.0,"enemies":"Cultist and Chosen","floor":28.0,"turns":3.0},{"damage":3.0,"enemies":"Snake Plant","floor":29.0,"turns":3.0},{"damage":6.0,"enemies":"Book of Stabbing","floor":31.0,"turns":3.0},{"damage":87,"enemies":"Collector","floor":33,"turns":10}],"seed_played":"-314490285998719182","potions_obtained":[{"floor":3.0,"key":"DuplicationPotion"},{"floor":4.0,"key":"DuplicationPotion"},{"floor":8.0,"key":"FearPotion"},{"floor":14.0,"key":"FearPotion"},{"floor":18.0,"key":"Block Potion"},{"floor":20.0,"key":"FairyPotion"}],"is_trial":false,"path_per_floor":["M","M","M","M","$","E","R","E","T","R","E","R","E","M","R","B",null,"M","?","M","M","M","R","E","T","T","M","M","M","R","E","R","B"],"character_chosen":"IRONCLAD","items_purchased":[],"campfire_rested":0,"item_purchase_floors":[],"current_hp_per_floor":[68,64,64,63,63,34,34,41,41,41,46,46,43,43,43,13,61,46,46,48,34,43,43,45,45,45,40,46,55,55,51,51,0,0],"gold":59,"neow_bonus":"BOSS_RELIC","is_daily":false,"chose_seed":false,"campfire_upgraded":7,"win_rate":0.0,"timestamp":1612594269,"path_taken":["M","M","M","M","$","E","R","E","T","R","E","R","E","M","R","BOSS","M","?","M","M","M","R","E","?","T","M","?","M","R","E","R","BOSS"],"items_purchased_type":[],"build_version":"2020-12-22","purchased_purges":0,"victory":false,"max_hp_per_floor":[75,75,75,75,75,75,75,77,77,77,77,77,77,77,77,77,77,79,79,81,83,85,85,87,87,87,89,89,89,89,91,91,91,91],"relic_stats":{"Singing Bowl":16,"counters":[20,82],"Astrolabe":["Bloodletting","Blood for Blood","Metallicize"],"Ectoplasm":552,"Pen Nib":[5],"PreservedInsect":0,"Bag of Preparation":[24],"obtain_stats":[{"HornCleat":9,"Singing Bowl":8,"Astrolabe":17,"Oddly Smooth Stone":26,"Ectoplasm":0,"Pen Nib":24,"PreservedInsect":31,"Bag of Preparation":13,"Burning Blood":0,"Toy Ornithopter":6,"Meat on the Bone":11},{"HornCleat":6,"Singing Bowl":6,"Astrolabe":10,"Oddly Smooth Stone":15,"Ectoplasm":0,"Pen Nib":15,"PreservedInsect":19,"Bag of Preparation":8,"Burning Blood":0,"Toy Ornithopter":5,"Meat on the Bone":7},{"HornCleat":22,"Singing Bowl":22,"Astrolabe":39,"Oddly Smooth Stone":59,"Ectoplasm":0,"Pen Nib":59,"PreservedInsect":72,"Bag of Preparation":27,"Burning Blood":0,"Toy Ornithopter":19,"Meat on the Bone":24}],"Toy Ornithopter":15,"Meat on the Bone":72},"card_choices":[{"not_picked":["Clash","Reckless Charge"],"picked":"Pommel Strike","floor":1.0},{"not_picked":["Metallicize","Sword Boomerang"],"picked":"Iron Wave","floor":2.0},{"not_picked":["Combust","Rage"],"picked":"Wild Strike","floor":3.0},{"not_picked":["Warcry","Pummel"],"picked":"True Grit","floor":4.0},{"not_picked":["Iron Wave","Brutality"],"picked":"Immolate","floor":6.0},{"not_picked":["Heavy Blade","Body Slam","Warcry"],"picked":"Singing Bowl","floor":8.0},{"not_picked":["Headbutt","True Grit"],"picked":"Perfected Strike","floor":11.0},{"not_picked":["Ghostly Armor","True Grit"],"picked":"Impervious","floor":13.0},{"not_picked":["Perfected Strike","Feel No Pain"],"picked":"Burning Pact","floor":14.0},{"not_picked":["Fiend Fire","Barricade"],"picked":"Offering","floor":16.0},{"not_picked":["Thunderclap","Sever Soul","Heavy Blade"],"picked":"Singing Bowl","floor":18.0},{"not_picked":["Carnage","Sword Boomerang","Burning Pact"],"picked":"Singing Bowl","floor":20.0},{"not_picked":["Burning Pact+1","Intimidate","Perfected Strike"],"picked":"Singing Bowl","floor":21.0},{"not_picked":["Reckless Charge","Sword Boomerang","Heavy Blade"],"picked":"Singing Bowl","floor":22.0},{"not_picked":["Dropkick","Bloodletting","Iron Wave"],"picked":"Singing Bowl","floor":24.0},{"not_picked":["Flex","Anger","Pommel Strike"],"picked":"Singing Bowl","floor":27.0},{"not_picked":["True Grit","Wild Strike"],"picked":"Shrug It Off","floor":28.0},{"not_picked":["Impervious","Armaments+1"],"picked":"Rage+1","floor":29.0},{"not_picked":["Heavy Blade","Sever Soul","Cleave"],"picked":"Singing Bowl","floor":31.0}],"player_experience":913469,"relics_obtained":[{"floor":6.0,"key":"Toy Ornithopter"},{"floor":8.0,"key":"Singing Bowl"},{"floor":9.0,"key":"HornCleat"},{"floor":11.0,"key":"Meat on the Bone"},{"floor":13.0,"key":"Bag of Preparation"},{"floor":24.0,"key":"Pen Nib"},{"floor":26.0,"key":"Oddly Smooth Stone"},{"floor":31.0,"key":"PreservedInsect"}],"event_choices":[{"damage_healed":0.0,"max_hp_gain":0.0,"max_hp_loss":0.0,"gold_gain":0.0,"event_name":"The Library","player_choice":"Read","floor":19.0,"gold_loss":0.0,"damage_taken":0.0,"cards_obtained":["Battle Trance"]}],"is_beta":false,"boss_relics":[{"not_picked":["Busted Crown","SacredBark"],"picked":"Astrolabe"}],"items_purged_floors":[],"is_endless":false,"potions_floor_spawned":[3,4,8,14,18,20,27],"killed_by":"Collector","ascension_level":20}}