{"host":"6drv1qzpbnls60z2","time":1612595999,"event":{"mods":["ATMod(°¢èªMod)","Act Like it!","Arknights","BaseMod","Hallownest","Jedi Mod","Minty Spire (QoL Compilation)","Reliquary","Replay The Spire","Shop Mod","Spicy Shops","StSLib","Uncapped","¡¾ÒÅÎï¿¨ÅÆ¡¿REMEMod","²ÐÁôÖ®Îï","óô»ðÖ¸ÄÏ"],"gold_per_floor":[134,134,163,163,192,192,222,293,389,349,378,427,455,484,2,89,89,137,166,231,262,15,15,15,15],"floor_reached":24,"language":"ZHS","playtime":1707,"items_purged":["ats:Song Of Battle"],"score":600,"play_id":"40043e43-5d87-476d-ac07-222026336c37","local_time":"20210206151959","daily_mods":["Draft","Heirloom","DeadlyEvents"],"is_ascension_mode":true,"campfire_choices":[{"data":"ats:Encircling Forest","floor":6,"key":"SMITH"},{"data":"AT_MachinaRedman","floor":23,"key":"SMITH"}],"circlet_count":0,"master_deck":["AscendersBane","AT_MachinaRedman+1","Devotion","ats:Neurotoxin","ats:Closed Bolt Burst Fire","ats:Explosion Area Strengthen","ats:Apocalypse","ats:Healing Drone","ats:Apocalypse","ats:Shell Defense","ats:Consecutive Shot Auto","ats:Poison Spread","ats:Flexible Camouflage","ats:Composite Medical Shells+1","ats:Revitalization","ats:Shell Defense","ats:Revitalization","ats:Song Of Battle","ats:Encircling Forest+1","ats:Assault Order","ats:Healing Strengthening+1","ats:Apocalypse","ats:Phantom+1","ats:Sword Rain","ats:Counter Healing Mode+1","ats:Part Time Job+1","ats:Assault Order","Sadistic Nature+1","ats:Guard Mode","ats:Disruption Kick","AT_EmpoweredMortalDraw","ats:Thermite Blade","ats:Hook Shot","ats:Roar Of Ursus+1"],"relics":["ats:Sanity","AT_ATBox","REME_ComplimentaryCards","ats:Gyao","jedi:shrinkray","Frozen Egg 2","ats:Originium","reliquary:PorcupineQuills","AT_SilvercatRing","AT_MortalBlade","AT_SunfireAegis"],"acts_visited":["Exordium","TheCity"],"potions_floor_usage":[8,16,16,18],"damage_taken":[{"damage":4,"enemies":"Small Slimes","floor":1,"turns":3},{"damage":9,"enemies":"2 Louse","floor":3,"turns":3},{"damage":12,"enemies":"Jaw Worm","floor":5,"turns":3},{"damage":18,"enemies":"Large Slime","floor":7,"turns":3},{"damage":22,"enemies":"Gremlin Nob","floor":8,"turns":4},{"damage":14,"enemies":"Looter","floor":10,"turns":4},{"damage":14,"enemies":"2 Fungi Beasts","floor":11,"turns":3},{"damage":19,"enemies":"Lagavulin","floor":12,"turns":6},{"damage":24,"enemies":"Exordium Wildlife","floor":13,"turns":3},{"damage":26,"enemies":"Blue Slaver","floor":14,"turns":3},{"damage":65,"enemies":"Fading Forest","floor":16,"turns":13},{"damage":37,"enemies":"2 Thieves","floor":18,"turns":4},{"damage":0,"enemies":"Spheric Guardian","floor":19,"turns":2},{"damage":23,"enemies":"Centurion and Healer","floor":21,"turns":3},{"damage":45,"enemies":"Book of Stabbing","floor":24,"turns":3}],"seed_played":"-647977799198206818","potions_obtained":[{"floor":7,"key":"Fire Potion"},{"floor":8,"key":"BlessingOfTheForge"},{"floor":14,"key":"DistilledChaos"},{"floor":16,"key":"AttackPotion"},{"floor":21,"key":"SteroidPotion"}],"is_trial":true,"path_per_floor":["M","$","M","?","M","R","M","?","T","M","M","E","M","M","R","B",null,"M","M","?","M","$","R","E"],"character_chosen":"DOCTOR_CLASS","items_purchased":["Sadistic Nature+1","AT_SilvercatRing","ats:Guard Mode","AT_SunfireAegis"],"campfire_rested":0,"item_purchase_floors":[15,15,15,22],"current_hp_per_floor":[67,67,66,66,64,64,57,35,35,46,45,50,28,16,16,71,72,49,51,51,34,34,34,0,0],"gold":15,"neow_bonus":"","is_daily":false,"chose_seed":false,"campfire_upgraded":2,"win_rate":0.0,"timestamp":1612595999,"path_taken":["M","$","M","?","M","R","M","?","T","M","M","E","?","M","R","BOSS","M","M","?","M","$","R","E"],"items_purchased_type":["Card","Relic","Card","Relic"],"build_version":"2020-12-22","purchased_purges":1,"victory":false,"max_hp_per_floor":[72,72,72,72,72,72,72,72,72,72,72,72,72,72,72,72,72,72,72,72,72,72,72,72,72],"card_choices":[{"not_picked":["ats:Cat Scratch","ats:Curse Doll"],"picked":"ats:Neurotoxin","floor":0},{"not_picked":["ats:Cat Scratch","ats:Shell Defense"],"picked":"ats:Closed Bolt Burst Fire","floor":0},{"not_picked":["ats:Consecutive Shot Auto","ats:Leaping Hammer"],"picked":"ats:Explosion Area Strengthen","floor":0},{"not_picked":["ats:LN2 Cannon","ats:Hammer On"],"picked":"ats:Apocalypse","floor":0},{"not_picked":["ats:Blood Oath","ats:Curse Doll"],"picked":"ats:Healing Drone","floor":0},{"not_picked":["ats:Blood Oath","ats:Consecutive Shot Auto"],"picked":"ats:Apocalypse","floor":0},{"not_picked":["ats:Guard Mode","ats:Explosion Area Strengthen"],"picked":"ats:Song Of Battle","floor":0},{"not_picked":["ats:Powerful Strike","ats:Consecutive Shot Auto"],"picked":"ats:Shell Defense","floor":0},{"not_picked":["ats:Guard Mode","ats:Guardian Obelisk"],"picked":"ats:Consecutive Shot Auto","floor":0},{"not_picked":["ats:Revitalization","ats:Very Hot Blade"],"picked":"ats:Poison Spread","floor":0},{"not_picked":["ats:Consecutive Shot Auto","ats:Serious Mode"],"picked":"ats:Flexible Camouflage","floor":0},{"not_picked":["ats:LN2 Cannon","ats:Apocalypse"],"picked":"ats:Composite Medical Shells","floor":0},{"not_picked":["ats:Powerful Strike","ats:Cat Scratch"],"picked":"ats:Revitalization","floor":0},{"not_picked":["ats:Powerful Strike","ats:Curse Doll"],"picked":"ats:Shell Defense","floor":0},{"not_picked":["ats:Guard Mode","ats:Powerful Strike"],"picked":"ats:Revitalization","floor":0},{"not_picked":["ats:Guardian Obelisk","ats:Defend Order"],"picked":"ats:Song Of Battle","floor":1},{"not_picked":["ats:Part Time Job","ats:Composite Medical Shells"],"picked":"ats:Encircling Forest","floor":3},{"not_picked":["ats:Poison Spread","ats:Revitalization"],"picked":"ats:Assault Order","floor":5},{"not_picked":["ats:Very Hot Blade","ats:Shell Defense"],"picked":"ats:Healing Strengthening","floor":7},{"not_picked":["ats:Explosion Area Strengthen","ats:Revitalization"],"picked":"ats:Apocalypse","floor":8},{"not_picked":["ats:Apocalypse","ats:Durian"],"picked":"ats:Phantom+1","floor":10},{"not_picked":["ats:Blood Oath","ats:Defend Order+1"],"picked":"ats:Sword Rain","floor":11},{"not_picked":["ats:Support Order","ats:Very Hot Blade"],"picked":"ats:Counter Healing Mode+1","floor":12},{"not_picked":["ats:Steam Pump","ats:Apocalypse"],"picked":"ats:Part Time Job+1","floor":13},{"not_picked":["ats:Closed Bolt Burst Fire","ats:Composite Medical Shells+1"],"picked":"ats:Assault Order","floor":14},{"not_picked":["ats:Volcano","ats:Fractured Body"],"picked":"ats:Disruption Kick","floor":16},{"not_picked":["ats:Blood Oath","ats:Revitalization"],"picked":"ats:Thermite Blade","floor":18},{"not_picked":["ats:Powerful Strike","ats:Poison Spread"],"picked":"ats:Hook Shot","floor":19},{"not_picked":["ats:Hammer On","ats:Very Hot Blade"],"picked":"ats:Roar Of Ursus+1","floor":21}],"player_experience":186320,"relics_obtained":[{"floor":9,"key":"Frozen Egg 2"},{"floor":12,"key":"ats:Originium"},{"floor":12,"key":"reliquary:PorcupineQuills"}],"event_choices":[{"damage_healed":0,"gold_gain":0,"player_choice":"Grow","damage_taken":0,"max_hp_gain":0,"max_hp_loss":0,"event_name":"Living Wall","floor":4,"gold_loss":0,"cards_upgraded":["ats:Composite Medical Shells"]},{"damage_healed":0,"gold_gain":0,"player_choice":"Searched \u00273\u0027 times","damage_taken":0,"relics_obtained":["jedi:shrinkray"],"max_hp_gain":0,"max_hp_loss":0,"event_name":"Dead Adventurer","floor":8,"gold_loss":0},{"damage_healed":0,"gold_gain":50,"player_choice":"Stole From Cult","damage_taken":0,"max_hp_gain":0,"max_hp_loss":0,"event_name":"Nest","floor":20,"gold_loss":0}],"is_beta":false,"boss_relics":[{"not_picked":["Tiny House","Fusion Hammer"],"picked":"AT_MortalBlade"}],"items_purged_floors":[22],"is_endless":true,"potions_floor_spawned":[7,8,14,16,21],"killed_by":"Book of Stabbing","ascension_level":20}}