{"host":"0t49mrxx90xkfqmj","time":1612626964,"event":{"mods":["AchievementEnabler","BaseMod","Colored Map","Colored Powertips","Minty Spire (QoL Compilation)","Relic Stats","Synergy Search"],"gold_per_floor":[114,114,132,132,150,181,181,196,196,230,250,267,232,232,232],"floor_reached":14,"language":"ENG","playtime":937,"items_purged":[],"score":137,"play_id":"341314ba-5237-4bfb-be3a-506b13b00634","local_time":"20210206175604","is_ascension_mode":true,"campfire_choices":[{"floor":7,"key":"RECALL"}],"circlet_count":0,"master_deck":["Strike_G+1","Strike_G","Strike_G+1","Strike_G","Strike_G","Defend_G","Defend_G","Defend_G","Defend_G","Defend_G","Survivor","Neutralize","Cloak And Dagger","Regret","Escape Plan","Noxious Fumes"],"relics":["Ring of the Snake","Anchor","Pear","Whetstone","Bag of Marbles","Oddly Smooth Stone"],"acts_visited":["Exordium"],"potions_floor_usage":[6,10],"damage_taken":[{"damage":3,"enemies":"Small Slimes","floor":1,"turns":5},{"damage":5,"enemies":"2 Louse","floor":3,"turns":5},{"damage":6,"enemies":"Jaw Worm","floor":5,"turns":5},{"damage":23,"enemies":"3 Sentries","floor":6,"turns":12},{"damage":6,"enemies":"Lots of Slimes","floor":8,"turns":5},{"damage":13,"enemies":"Gremlin Nob","floor":10,"turns":5},{"damage":3,"enemies":"Gremlin Gang","floor":11,"turns":4},{"damage":6,"enemies":"Red Slaver","floor":12,"turns":5},{"damage":43,"enemies":"3 Sentries","floor":14,"turns":4}],"seed_played":"3404011178212567177","potions_obtained":[{"floor":3,"key":"LiquidBronze"},{"floor":5,"key":"Weak Potion"},{"floor":8,"key":"CultistPotion"},{"floor":11,"key":"LiquidMemories"}],"is_trial":false,"path_per_floor":["M","?","M","?","M","E","R","M","T","E","M","M","?","E"],"character_chosen":"THE_SILENT","items_purchased":[],"campfire_rested":0,"item_purchase_floors":[],"current_hp_per_floor":[74,74,69,72,66,43,43,37,37,24,21,15,36,0,0],"gold":232,"neow_bonus":"TEN_PERCENT_HP_BONUS","is_daily":false,"chose_seed":false,"campfire_upgraded":0,"win_rate":0.0,"timestamp":1612626964,"path_taken":["M","?","M","?","M","E","R","M","T","E","M","M","?","E"],"items_purchased_type":[],"build_version":"2020-12-22","purchased_purges":0,"victory":false,"max_hp_per_floor":[77,77,77,87,87,87,87,87,87,87,87,87,87,87,87],"relic_stats":{"counters":[9,50],"Whetstone":["Strike_G","Strike_G"],"obtain_stats":[{"Anchor":2,"Pear":4,"Oddly Smooth Stone":10,"Bag of Marbles":9,"Whetstone":6,"Ring of the Snake":0},{"Anchor":1,"Pear":2,"Oddly Smooth Stone":6,"Bag of Marbles":5,"Whetstone":4,"Ring of the Snake":0},{"Anchor":5,"Pear":10,"Oddly Smooth Stone":37,"Bag of Marbles":32,"Whetstone":27,"Ring of the Snake":0}],"Ring of the Snake":[18]},"card_choices":[{"not_picked":["Dodge and Roll","Setup"],"picked":"Cloak And Dagger","floor":1},{"not_picked":["Acrobatics","Tactician","Dodge and Roll"],"picked":"SKIP","floor":3},{"not_picked":["Acrobatics","Masterful Stab","Deadly Poison"],"picked":"SKIP","floor":5},{"not_picked":["Dagger Throw","Backflip","Corpse Explosion"],"picked":"SKIP","floor":6},{"not_picked":["Outmaneuver","Bane"],"picked":"Escape Plan","floor":8},{"not_picked":["Dagger Throw","Prepared","Masterful Stab"],"picked":"SKIP","floor":10},{"not_picked":["Reflex","Bane","Slice"],"picked":"SKIP","floor":11},{"not_picked":["Bane","Slice"],"picked":"Noxious Fumes","floor":12}],"player_experience":205833,"relics_obtained":[{"floor":6,"key":"Whetstone"},{"floor":9,"key":"Bag of Marbles"},{"floor":10,"key":"Oddly Smooth Stone"}],"event_choices":[{"damage_healed":0,"gold_gain":0,"player_choice":"Box","damage_taken":0,"relics_obtained":["Anchor"],"max_hp_gain":0,"max_hp_loss":0,"event_name":"Big Fish","floor":2,"gold_loss":0,"cards_obtained":["Regret"]},{"damage_healed":0,"gold_gain":0,"player_choice":"Success","damage_taken":7,"relics_obtained":["Pear"],"max_hp_gain":0,"max_hp_loss":0,"event_name":"Scrap Ooze","floor":4,"gold_loss":0},{"damage_healed":21,"gold_gain":0,"player_choice":"Healed","damage_taken":0,"max_hp_gain":0,"max_hp_loss":0,"event_name":"The Cleric","floor":13,"gold_loss":35}],"is_beta":false,"boss_relics":[],"items_purged_floors":[],"is_endless":false,"potions_floor_spawned":[3,5,8,11],"killed_by":"3 Sentries","ascension_level":2}}