{"host":"5n1fl7z5i1vf7jan","time":1612569652,"event":{"mods":["BaseMod","Minty Spire (QoL Compilation)","Quick Restart","Relic Stats"],"gold_per_floor":[119,119,134,43,55,86,86,5,5,15,29,29,63,77,77,148,148,163,163,0,14,14,14],"floor_reached":22,"language":"ENG","playtime":749,"items_purged":[],"score":363,"play_id":"8bbc93f1-c9ec-47f2-8176-57e6102b9bdc","local_time":"20210205160052","is_ascension_mode":true,"campfire_choices":[{"floor":12.0,"key":"REST"},{"floor":15.0,"key":"REST"}],"circlet_count":0,"master_deck":["AscendersBane","Strike_R","Strike_R","Strike_R+1","Strike_R","Defend_R","Defend_R","Defend_R","Defend_R","Bash","Dropkick+1","Cleave","Flame Barrier","Sword Boomerang","Thunderclap","Spot Weakness","True Grit","Rage","Uppercut","Brutality","Rupture","Entrench"],"relics":["Burning Blood","NeowsBlessing","Peace Pipe","Paper Frog","Juzu Bracelet","Mark of Pain","Art of War"],"acts_visited":["Exordium","TheCity"],"potions_floor_usage":[],"damage_taken":[{"damage":0.0,"enemies":"Jaw Worm","floor":1.0,"turns":1.0},{"damage":0.0,"enemies":"2 Louse","floor":3.0,"turns":1.0},{"damage":0.0,"enemies":"Cultist","floor":5.0,"turns":1.0},{"damage":32.0,"enemies":"Gremlin Nob","floor":6.0,"turns":4.0},{"damage":18.0,"enemies":"Large Slime","floor":10.0,"turns":5.0},{"damage":16.0,"enemies":"Exordium Thugs","floor":11.0,"turns":3.0},{"damage":13.0,"enemies":"Lagavulin","floor":13.0,"turns":4.0},{"damage":0.0,"enemies":"2 Fungi Beasts","floor":14.0,"turns":2.0},{"damage":17.0,"enemies":"The Guardian","floor":16.0,"turns":9.0},{"damage":10.0,"enemies":"Chosen","floor":18.0,"turns":4.0},{"damage":39,"enemies":"Spheric Guardian","floor":21,"turns":6},{"damage":39,"enemies":"Snecko","floor":22,"turns":4}],"seed_played":"2810933060456294138","potions_obtained":[{"floor":1.0,"key":"Explosive Potion"},{"floor":3.0,"key":"Ancient Potion"},{"floor":11.0,"key":"Explosive Potion"}],"is_trial":false,"path_per_floor":["M","?","M","$","M","E","?","$","T","M","M","R","E","M","R","B",null,"M","?","?","M","M"],"character_chosen":"IRONCLAD","items_purchased":["Cleave","Flame Barrier","Spot Weakness"],"campfire_rested":2,"item_purchase_floors":[4,4,8],"current_hp_per_floor":[74,51,57,57,63,37,30,30,30,18,8,30,23,29,51,40,66,62,62,62,29,0,0],"gold":14,"neow_bonus":"THREE_ENEMY_KILL","is_daily":false,"chose_seed":false,"campfire_upgraded":0,"win_rate":0.0,"timestamp":1612569652,"path_taken":["M","?","M","$","M","E","?","$","T","M","M","R","E","M","R","BOSS","M","?","?","M","M"],"items_purchased_type":["Card","Card","Card"],"build_version":"2020-12-22","purchased_purges":0,"victory":false,"max_hp_per_floor":[75,75,75,75,75,75,75,75,75,75,75,75,75,75,75,75,75,75,75,75,75,75,75],"relic_stats":{"Peace Pipe":0,"counters":[12,44],"Juzu Bracelet":1,"Art of War":[0],"obtain_stats":[{"Peace Pipe":6,"NeowsBlessing":0,"Mark of Pain":17,"Juzu Bracelet":13,"Art of War":19,"Burning Blood":0,"Paper Frog":9},{"Peace Pipe":4,"NeowsBlessing":0,"Mark of Pain":9,"Juzu Bracelet":7,"Art of War":10,"Burning Blood":0,"Paper Frog":4},{"Peace Pipe":7,"NeowsBlessing":0,"Mark of Pain":30,"Juzu Bracelet":19,"Art of War":34,"Burning Blood":0,"Paper Frog":7}],"Burning Blood":66},"card_choices":[{"not_picked":["Inflame","Dark Embrace"],"picked":"Dropkick","floor":1.0},{"not_picked":["Infernal Blade","Iron Wave"],"picked":"Twin Strike","floor":3.0},{"not_picked":["Warcry","Juggernaut"],"picked":"Sword Boomerang","floor":5.0},{"not_picked":["Twin Strike","Rampage"],"picked":"Thunderclap","floor":6.0},{"not_picked":["Infernal Blade","Rupture"],"picked":"True Grit","floor":10.0},{"not_picked":["Twin Strike","Clash"],"picked":"Rage","floor":11.0},{"not_picked":["Entrench","Thunderclap"],"picked":"Uppercut","floor":13.0},{"not_picked":["Warcry","Havoc","Pummel"],"picked":"SKIP","floor":14.0},{"not_picked":["Fiend Fire","Berserk"],"picked":"Brutality","floor":16.0},{"not_picked":["Havoc","Flex"],"picked":"Rupture","floor":18.0},{"not_picked":["Body Slam","Headbutt"],"picked":"Entrench","floor":21}],"player_experience":322461,"relics_obtained":[{"floor":6.0,"key":"Peace Pipe"},{"floor":9.0,"key":"Paper Frog"},{"floor":13.0,"key":"Juzu Bracelet"}],"event_choices":[{"damage_healed":0.0,"max_hp_gain":0.0,"max_hp_loss":0.0,"gold_gain":0.0,"event_name":"Shining Light","player_choice":"Entered Light","floor":2.0,"gold_loss":0.0,"damage_taken":23.0,"cards_upgraded":["Strike_R","Dropkick"]},{"cards_removed":["Strike_R"],"damage_healed":0.0,"max_hp_gain":0.0,"max_hp_loss":0.0,"gold_gain":0.0,"event_name":"Golden Wing","player_choice":"Card Removal","floor":7.0,"gold_loss":0.0,"damage_taken":7.0},{"cards_removed":["Twin Strike"],"damage_healed":0.0,"max_hp_gain":0.0,"max_hp_loss":0.0,"gold_gain":0.0,"event_name":"WeMeetAgain","player_choice":"Gave Card","floor":19.0,"gold_loss":0.0,"damage_taken":0.0,"relics_obtained":["Art of War"]},{"damage_healed":0,"gold_gain":0,"player_choice":"Paid Fearfully","damage_taken":0,"max_hp_gain":0,"max_hp_loss":0,"event_name":"Masked Bandits","floor":20,"gold_loss":163}],"is_beta":false,"boss_relics":[{"not_picked":["Runic Cube","Fusion Hammer"],"picked":"Mark of Pain"}],"items_purged_floors":[],"is_endless":false,"potions_floor_spawned":[1,3,11],"killed_by":"Snecko","ascension_level":17}}