{"host":"qc268ltokmxwqyrx","time":1612583024,"event":{"mods":["BaseMod","Colored Map","Colored Powertips","Minty Spire (QoL Compilation)","Relic Stats","Slay the Relics Exporter","StSLib","ojb\u0027s Info Mod"],"gold_per_floor":[115,115,132,149,13,43,43,74,74,74,102,27,44,57,57,133,133,147,147,147,171,171,197,197,225,248,248,265,265,293,321,321,321,321],"floor_reached":33,"language":"ENG","playtime":1677,"items_purged":["Strike_G"],"score":713,"play_id":"05035aa6-fa13-46e6-bf4e-fd109e9da57d","local_time":"20210205214344","is_ascension_mode":true,"campfire_choices":[{"data":"Dash","floor":7,"key":"SMITH"},{"data":"1","floor":10,"key":"LIFT"},{"data":"2","floor":15,"key":"LIFT"},{"data":"3","floor":24,"key":"LIFT"},{"data":"Footwork","floor":27,"key":"SMITH"},{"floor":29,"key":"REST"},{"data":"Well Laid Plans","floor":32,"key":"SMITH"}],"circlet_count":0,"master_deck":["AscendersBane","Strike_G","Strike_G","Strike_G","Strike_G","Defend_G","Defend_G","Defend_G","Defend_G","Defend_G","Survivor","Neutralize","Dash+1","Dagger Spray+1","Well Laid Plans+1","PiercingWail","Quick Slash","After Image","Footwork+1","Corpse Explosion","Predator+1","Leg Sweep","Backflip+1","Bouncing Flask","Deflect+1","Expertise"],"relics":["Velvet Choker","CaptainsWheel","White Beast Statue","Girya","Ornamental Fan","PreservedInsect","Black Star","Whetstone","Pantograph","Mango","Nunchaku","Strawberry","Oddly Smooth Stone","StrikeDummy","Toy Ornithopter","Red Mask"],"acts_visited":["Exordium","TheCity"],"potions_floor_usage":[6,8,11,13,16,18,23,25,25,31,33,33],"damage_taken":[{"damage":4,"enemies":"Jaw Worm","floor":1,"turns":5},{"damage":0,"enemies":"Cultist","floor":3,"turns":4},{"damage":0,"enemies":"2 Louse","floor":4,"turns":4},{"damage":20,"enemies":"3 Sentries","floor":6,"turns":11},{"damage":0,"enemies":"Gremlin Nob","floor":8,"turns":4},{"damage":11,"enemies":"Lagavulin","floor":11,"turns":7},{"damage":4,"enemies":"Large Slime","floor":13,"turns":5},{"damage":0,"enemies":"Blue Slaver","floor":14,"turns":4},{"damage":16,"enemies":"Hexaghost","floor":16,"turns":16},{"damage":8,"enemies":"2 Thieves","floor":18,"turns":2},{"damage":5,"enemies":"Book of Stabbing","floor":23,"turns":6},{"damage":16,"enemies":"Slavers","floor":25,"turns":3},{"damage":1,"enemies":"Spheric Guardian","floor":28,"turns":5},{"damage":2,"enemies":"Book of Stabbing","floor":30,"turns":6},{"damage":0,"enemies":"Masked Bandits","floor":31,"turns":2},{"damage":116,"enemies":"Champ","floor":33,"turns":17}],"seed_played":"-4341055208117748950","potions_obtained":[{"floor":4,"key":"Explosive Potion"},{"floor":6,"key":"ColorlessPotion"},{"floor":8,"key":"SkillPotion"},{"floor":11,"key":"SkillPotion"},{"floor":13,"key":"Block Potion"},{"floor":16,"key":"Poison Potion"},{"floor":18,"key":"BlessingOfTheForge"},{"floor":23,"key":"Weak Potion"},{"floor":25,"key":"AttackPotion"},{"floor":28,"key":"Block Potion"},{"floor":31,"key":"LiquidMemories"}],"is_trial":false,"path_per_floor":["M","?","M","M","$","E","R","E","T","R","E","$","M","M","R","B",null,"M","?","?","T","?","E","R","E","T","R","M","R","E","?","R","B"],"character_chosen":"THE_SILENT","items_purchased":["Well Laid Plans","PowerPotion"],"campfire_rested":1,"item_purchase_floors":[5,5],"current_hp_per_floor":[55,55,55,55,55,35,35,35,35,35,24,24,20,20,20,4,51,43,43,25,25,25,34,34,25,25,25,24,51,49,54,54,0,0],"gold":321,"neow_bonus":"BOSS_RELIC","is_daily":false,"chose_seed":false,"campfire_upgraded":3,"win_rate":0.0,"timestamp":1612583024,"path_taken":["M","?","M","M","$","E","R","E","T","R","E","$","M","?","R","BOSS","M","?","?","?","?","E","R","E","T","R","M","R","E","?","R","BOSS"],"items_purchased_type":["Card","Potion"],"build_version":"2020-12-22","purchased_purges":1,"victory":false,"max_hp_per_floor":[66,66,66,66,66,66,66,66,66,66,66,66,66,66,66,66,66,66,66,71,71,71,85,85,92,92,92,92,92,92,92,92,92,92],"relic_stats":{"Nunchaku":[4],"counters":[16,101],"Ornamental Fan":[76],"Pantograph":25,"PreservedInsect":127,"Black Star":3,"Whetstone":["Dagger Spray","Predator"],"obtain_stats":[{"Girya":8,"Velvet Choker":0,"Oddly Smooth Stone":26,"Mango":23,"PreservedInsect":11,"Whetstone":21,"White Beast Statue":6,"CaptainsWheel":2,"Nunchaku":25,"Ornamental Fan":9,"Pantograph":23,"Strawberry":25,"Black Star":17,"Red Mask":31,"StrikeDummy":30,"Toy Ornithopter":30,"Ring of the Snake":0},{"Girya":5,"Velvet Choker":0,"Oddly Smooth Stone":12,"Mango":11,"PreservedInsect":6,"Whetstone":10,"White Beast Statue":4,"CaptainsWheel":1,"Nunchaku":12,"Ornamental Fan":5,"Pantograph":11,"Strawberry":12,"Black Star":9,"Red Mask":15,"StrikeDummy":14,"Toy Ornithopter":14,"Ring of the Snake":0},{"Girya":28,"Velvet Choker":0,"Oddly Smooth Stone":71,"Mango":68,"PreservedInsect":35,"Whetstone":62,"White Beast Statue":24,"CaptainsWheel":5,"Nunchaku":71,"Ornamental Fan":28,"Pantograph":68,"Strawberry":71,"Black Star":60,"Red Mask":84,"StrikeDummy":82,"Toy Ornithopter":82,"Ring of the Snake":0}],"Toy Ornithopter":15},"card_choices":[{"not_picked":["PiercingWail","Sucker Punch"],"picked":"Choke","floor":1},{"not_picked":["Backflip","Cloak And Dagger"],"picked":"Dash","floor":3},{"not_picked":["Blur","Doppelganger"],"picked":"Dagger Spray","floor":4},{"not_picked":["Prepared","Backflip"],"picked":"PiercingWail","floor":6},{"not_picked":["Outmaneuver","Blade Dance"],"picked":"Quick Slash","floor":8},{"not_picked":["Accuracy","Caltrops"],"picked":"After Image","floor":11},{"not_picked":["Quick Slash","Slice"],"picked":"Footwork","floor":13},{"not_picked":["Slice","Quick Slash","Dash"],"picked":"SKIP","floor":14},{"not_picked":["Night Terror","Malaise"],"picked":"Corpse Explosion","floor":16},{"not_picked":["Footwork","Blade Dance"],"picked":"Predator","floor":18},{"not_picked":["Sucker Punch","Caltrops"],"picked":"Backflip+1","floor":23},{"not_picked":["PiercingWail","Die Die Die"],"picked":"Bouncing Flask","floor":25},{"not_picked":["Slice","Accuracy"],"picked":"Deflect+1","floor":28},{"not_picked":["Flying Knee","Blade Dance"],"picked":"Expertise","floor":30}],"player_experience":1789457,"relics_obtained":[{"floor":6,"key":"White Beast Statue"},{"floor":8,"key":"Girya"},{"floor":9,"key":"Ornamental Fan"},{"floor":11,"key":"PreservedInsect"},{"floor":21,"key":"Whetstone"},{"floor":23,"key":"Pantograph"},{"floor":23,"key":"Mango"},{"floor":25,"key":"Nunchaku"},{"floor":25,"key":"Strawberry"},{"floor":26,"key":"Oddly Smooth Stone"},{"floor":30,"key":"StrikeDummy"},{"floor":30,"key":"Toy Ornithopter"},{"floor":31,"key":"Red Mask"}],"event_choices":[{"cards_removed":["Choke"],"damage_healed":0,"gold_gain":0,"player_choice":"Gave Card","damage_taken":0,"relics_obtained":["CaptainsWheel"],"max_hp_gain":0,"max_hp_loss":0,"event_name":"WeMeetAgain","floor":2,"gold_loss":0},{"damage_healed":0,"gold_gain":0,"player_choice":"Read","damage_taken":0,"max_hp_gain":0,"max_hp_loss":0,"event_name":"The Library","floor":19,"gold_loss":0,"cards_obtained":["Leg Sweep"]},{"damage_healed":0,"gold_gain":0,"player_choice":"Shed Blood","damage_taken":23,"max_hp_gain":5,"max_hp_loss":0,"event_name":"Forgotten Altar","floor":20,"gold_loss":0},{"damage_healed":0,"gold_gain":0,"player_choice":"Ignored","damage_taken":0,"max_hp_gain":0,"max_hp_loss":0,"event_name":"The Mausoleum","floor":22,"gold_loss":0},{"damage_healed":0,"gold_gain":0,"player_choice":"Fought Bandits","damage_taken":0,"max_hp_gain":0,"max_hp_loss":0,"event_name":"Masked Bandits","floor":31,"gold_loss":0}],"is_beta":false,"boss_relics":[{"not_picked":["Empty Cage","Ectoplasm"],"picked":"Black Star"}],"items_purged_floors":[12],"is_endless":false,"potions_floor_spawned":[4,6,8,11,13,14,16,18,23,25,28,30,31],"killed_by":"Champ","ascension_level":20}}