{"host":"rng0zyo66qdcpyr0","time":1612584536,"event":{"mods":["Ascension Reborn","BaseMod","Lobotomy","LobotomyExtend","Minty Spire (QoL Compilation)","Nova Terra(诺娃・泰拉)","Reimu（博丽灵梦）","Remilia（蕾米莉亚）","RumiaBox-露米娅的神秘盒子","StSLib","TestMod","WarShipGirlsR/战舰少女R mod","Yakumo Yukari mod","[GremlinLeader]The Maniac","【功能Mod】混沌之环修复补丁","【遗物卡牌】REMEMod"],"gold_per_floor":[117,132,132,132,149,156,61,71,71,79,75,75,75,86,86,181,181,194,194,213,312,312,312,337,364,439,455,485,499,581,597,597,698,698,713,713,713,728,738,738,738],"floor_reached":40,"language":"ZHS","playtime":4121,"items_purged":[],"score":716,"play_id":"856dfaa4-8e47-477c-b25d-050e63356912","local_time":"20210206120856","daily_mods":["Diverse","Heirloom","Time Dilation","Flight"],"is_ascension_mode":true,"campfire_choices":[{"data":"Limit Break","floor":13.0,"key":"SMITH"},{"floor":15.0,"key":"REST"},{"data":"Electrodynamics","floor":23.0,"key":"SMITH"},{"floor":32.0,"key":"REST"}],"circlet_count":0,"master_deck":["maniac:AbyssShackle+1","testmod-LimitFlipper+1","Free:ReiMu","Distraction+1"],"relics":["maniac:DamagedAnvil","maniac:BrokenHorn","REME_ComplimentaryCards","testmod-TestBox","testmod-BouquetWithThorns","SecretRecord","LetterFromLob","YidongShenshe:ReiMu","testmod-HeartOfDaVinci","Champion Belt","testmod-Muramasa","Anchor","Inserter","Boot","Shuriken","maniac:MarkerPen","Du-Vu Doll","Symbiotic Virus","testmod-Prudence"],"acts_visited":["Exordium","TheCity","TheBeyond"],"potions_floor_usage":[],"damage_taken":[{"damage":7.0,"enemies":"2 Louse","floor":1.0,"turns":3.0},{"damage":0.0,"enemies":"Jaw Worm","floor":2.0,"turns":1.0},{"damage":2.0,"enemies":"Cultist","floor":5.0,"turns":4.0},{"damage":14.0,"enemies":"3 Sentries","floor":6.0,"turns":5.0},{"damage":10.0,"enemies":"Lagavulin","floor":8.0,"turns":4.0},{"damage":15.0,"enemies":"3 Sentries","floor":10.0,"turns":4.0},{"damage":2.0,"enemies":"Exordium Thugs","floor":11.0,"turns":5.0},{"damage":2.0,"enemies":"Red Slaver","floor":14.0,"turns":3.0},{"damage":10.0,"enemies":"Hexaghost","floor":16.0,"turns":5.0},{"damage":4.0,"enemies":"Shell Parasite","floor":18.0,"turns":3.0},{"damage":7.0,"enemies":"3 Byrds","floor":20.0,"turns":2.0},{"damage":5.0,"enemies":"REME_1_Revenger","floor":24.0,"turns":5.0},{"damage":8.0,"enemies":"Book of Stabbing","floor":25.0,"turns":5.0},{"damage":12.0,"enemies":"3 Cultists","floor":27.0,"turns":4.0},{"damage":9.0,"enemies":"Slavers","floor":28.0,"turns":3.0},{"damage":8.0,"enemies":"Shelled Parasite and Fungi","floor":29.0,"turns":5.0},{"damage":4.0,"enemies":"Chosen and Byrds","floor":31.0,"turns":3.0},{"damage":0.0,"enemies":"Champ","floor":33.0,"turns":6.0},{"damage":5.0,"enemies":"3 Darklings","floor":35.0,"turns":2.0},{"damage":10.0,"enemies":"Orb Walker","floor":38.0,"turns":2.0},{"damage":47,"enemies":"Transient","floor":39,"turns":5},{"damage":23,"enemies":"Giant Head","floor":40,"turns":4}],"seed_played":"2235721210652152194","potions_obtained":[{"floor":1.0,"key":"DistilledChaos"},{"floor":5.0,"key":"SkillPotion"},{"floor":11.0,"key":"ZuzhouPotion:ReiMu"},{"floor":20.0,"key":"FearPotion"},{"floor":24.0,"key":"REME_GoldPotion"},{"floor":25.0,"key":"DuplicationPotion"},{"floor":29.0,"key":"Strength Potion"},{"floor":38.0,"key":"SpeedPotion"},{"floor":39,"key":"GamblersBrew"}],"is_trial":true,"path_per_floor":["M","M","?","?","M","E","$","E","T","E","M","?","R","M","R","B",null,"M","?","M","?","?","R","E","E","T","M","E","M","T","M","R","B",null,"M","?","?","M","M","E"],"character_chosen":"THE_MANIAC","items_purchased":["testmod-LimitFlipper"],"campfire_rested":2,"item_purchase_floors":[7],"current_hp_per_floor":[73,73,73,73,71,57,57,47,47,32,30,30,30,28,52,42,80,76,76,69,69,69,69,66,62,62,53,45,38,38,38,62,78,80,76,76,80,70,23,0,0],"gold":738,"neow_bonus":"","is_daily":false,"chose_seed":false,"campfire_upgraded":2,"win_rate":0.0,"timestamp":1612584536,"path_taken":["M","M","?","?","?","E","?","E","T","E","?","?","R","M","R","BOSS","M","?","M","?","?","R","E","E","T","?","E","?","?","?","R","BOSS","M","?","?","M","M","E"],"items_purchased_type":["Card"],"build_version":"2020-12-22","purchased_purges":0,"victory":false,"max_hp_per_floor":[80,80,80,80,80,80,80,80,80,80,80,80,80,80,80,80,80,80,80,80,80,80,80,80,80,80,80,80,80,80,80,80,80,80,80,80,80,80,80,80,80],"card_choices":[{"not_picked":["UnderTheZenith","AdvanceAttack_purple","maniac:SpectralKnives"],"picked":"SKIP","floor":1.0},{"not_picked":["Hypocrisy","rmod:fuelsupply","Noise"],"picked":"SKIP","floor":2.0},{"not_picked":["Poisoned Stab","rmod:overbreakdown"],"picked":"White Noise","floor":5.0},{"not_picked":["rmod:supportaircraftcarrier","Tantrum"],"picked":"Core Surge","floor":6.0},{"not_picked":["BowlingBash","CrushJoints"],"picked":"Pommel Strike","floor":8.0},{"not_picked":["Catalyst","SomewhereSpear","NovaMod:HoloDecoy"],"picked":"SKIP","floor":10.0},{"not_picked":["Tough","FourthMatchFlame","Hornet"],"picked":"SKIP","floor":11.0},{"not_picked":["SharpContractionReality_purple","REME_MusicOfDeath","Leap"],"picked":"SKIP","floor":14.0},{"not_picked":["rmod:highspeedmaneuver","After Image"],"picked":"Twilight","floor":16.0},{"not_picked":["NovaMod:Snipe","maniac:Infuriate+1"],"picked":"VampireKiss","floor":18.0},{"not_picked":["Lantern","maniac:BladesInCloak"],"picked":"Shrug It Off","floor":20.0},{"not_picked":["EmergencyTakeOff:ReiMu","OrbThrow:ReiMu","Line_surface_state_purple"],"picked":"SKIP","floor":24.0},{"not_picked":["Perfected Strike","Flechettes+1"],"picked":"Pray","floor":25.0},{"not_picked":["Conquer:ReiMu","Vault"],"picked":"NightDance+1","floor":27.0},{"not_picked":["Tough+1","NovaMod:RadiationShooting","NovaMod:Detonation"],"picked":"SKIP","floor":28.0},{"not_picked":["ScarletImprint","SubcavityInstant:ReiMu+1","BombardNight+1"],"picked":"SKIP","floor":29.0},{"not_picked":["ScarletImprint","SubcavityInstant:ReiMu+1","BombardNight+1"],"picked":"SKIP","floor":29.0},{"not_picked":["Worldmountain_purple","Line_surface_state_purple+1"],"picked":"rmod:ridicule","floor":31.0},{"not_picked":["Fiend Fire","maniac:ExceedEnchantment"],"picked":"Free:ReiMu","floor":33.0},{"not_picked":["Charmbait_purple","WonderfulDomain:ReiMu","Weave"],"picked":"SKIP","floor":35.0},{"not_picked":["Rebound","Cloak And Dagger","Deflect+1"],"picked":"SKIP","floor":38.0},{"not_picked":["Flame Barrier","Blizzard"],"picked":"Distraction+1","floor":39}],"player_experience":122971,"relics_obtained":[{"floor":1.0,"key":"LetterFromLob"},{"floor":6.0,"key":"testmod-HeartOfDaVinci"},{"floor":8.0,"key":"Champion Belt"},{"floor":9.0,"key":"testmod-Muramasa"},{"floor":10.0,"key":"Anchor"},{"floor":24.0,"key":"Boot"},{"floor":25.0,"key":"Shuriken"},{"floor":26.0,"key":"maniac:MarkerPen"},{"floor":28.0,"key":"Du-Vu Doll"},{"floor":30.0,"key":"Symbiotic Virus"}],"event_choices":[{"damage_healed":0.0,"max_hp_gain":0.0,"max_hp_loss":0.0,"gold_gain":0.0,"event_name":"yidonshenshe","player_choice":"带走神社","floor":3.0,"gold_loss":0.0,"damage_taken":0.0,"relics_obtained":["YidongShenshe:ReiMu"],"cards_obtained":["Poor:ReiMu"]},{"damage_healed":0.0,"max_hp_gain":0.0,"max_hp_loss":0.0,"gold_gain":0.0,"event_name":"Upgrade Shrine","player_choice":"Upgraded","floor":4.0,"gold_loss":0.0,"damage_taken":0.0,"cards_upgraded":["LessonLearned"]},{"cards_removed":["Poor:ReiMu"],"damage_healed":0.0,"max_hp_gain":0.0,"max_hp_loss":0.0,"gold_gain":0.0,"event_name":"Living Wall","player_choice":"Forget","floor":12.0,"gold_loss":0.0,"damage_taken":0.0},{"damage_healed":0.0,"max_hp_gain":0.0,"max_hp_loss":0.0,"gold_gain":0.0,"event_name":"Ghosts","player_choice":"Ignored","floor":19.0,"gold_loss":0.0,"damage_taken":0.0},{"damage_healed":0.0,"max_hp_gain":0.0,"max_hp_loss":0.0,"gold_gain":99.0,"event_name":"Nest","player_choice":"Stole From Cult","floor":21.0,"gold_loss":0.0,"damage_taken":0.0},{"damage_healed":0.0,"max_hp_gain":0.0,"max_hp_loss":0.0,"gold_gain":0.0,"event_name":"Vampires","player_choice":"Ignored","floor":22.0,"gold_loss":0.0,"damage_taken":0.0},{"cards_removed":["maniac:Strike"],"damage_healed":0.0,"max_hp_gain":0.0,"max_hp_loss":0.0,"gold_gain":0.0,"event_name":"Falling","player_choice":"Removed Attack","floor":36.0,"gold_loss":0.0,"damage_taken":0.0}],"is_beta":false,"boss_relics":[{"not_picked":["testmod-PortableAltar","Sozu"],"picked":"Inserter"},{"not_picked":["testmod-Nine","APieceOfRedMist"],"picked":"testmod-Prudence"}],"items_purged_floors":[],"is_endless":true,"potions_floor_spawned":[1,5,11,20,24,25,29,38,39],"killed_by":"Giant Head","ascension_level":0}}