{"host":"xgo7i0560n9mwvr8","time":1612588250,"event":{"mods":["BaseMod","Colored Map","Downfall","Minty Spire (QoL Compilation)","Permanent Neow","StSLib"],"gold_per_floor":[199,210,221,281,297,145,172,182,82,182,182,200,200,220,236,337,337,337,352,45,57,70,70,70,105,121,133,83,96,116,127,142,246,246,46,66,1065,1078,456,456,502,537,103,120,120,120,120,132,147,147,147,176,2,2,2,2,2,2],"floor_reached":56,"language":"ENG","playtime":12715,"items_purged":["Normality","Normality"],"score":847,"play_id":"fc31597c-d934-43a5-8dad-662bb8fd8725","local_time":"20210206001050","is_ascension_mode":false,"campfire_choices":[{"data":"Slimebound:Split","floor":1.0,"key":"SMITH"},{"data":"Slimebound:GoopSpray","floor":9.0,"key":"SMITH"},{"data":"Slimebound:FirmFortitude","floor":13.0,"key":"SMITH"},{"floor":18.0,"key":"RECALL"},{"data":"Slimebound:SlimeBarrage","floor":23.0,"key":"SMITH"},{"data":"Slimebound:MinionMaster","floor":35.0,"key":"SMITH"},{"data":"Apotheosis","floor":40.0,"key":"SMITH"},{"floor":47.0,"key":"REST"},{"floor":54.0,"key":"REST"}],"circlet_count":0,"master_deck":["Slimebound:Tackle","Slimebound:Split+1","Slimebound:CorrosiveSpit","Slimebound:SamplingLick","Slimebound:FinishingTackle","Slimebound:SplitAcid","Slimebound:PressTheAttack","Slimebound:FirmFortitude+1","Slimebound:GoopSpray+1","Slimebound:SpikyOuterGoop","Slimebound:ItLooksTasty","Slimebound:SplitAcid","Slimebound:LeechEnergy","Slimebound:SplitLeeching","Slimebound:SplitMire","Slimebound:OozeBath","CurseOfTheBell","Slimebound:Replication","Slimebound:FinishingTackle+1","Slimebound:LeadByExample+1","Slimebound:SlimeBarrage+1","Slimebound:GoopSpray+1","Slimebound:AcidTongue+1","Slimebound:MinionMaster+1","Slimebound:ProtectTheBoss","Slimebound:LivingWall+1","Slimebound:SplitBruiser+1","Slimebound:SlimeBarrage","Slimebound:ViciousTackle","Slimebound:Teamwork","Slimebound:Chomp","Slimebound:SlimeTap","Slimebound:FirmFortitude","Slimebound:SplitLeeching","Slimebound:Gluttony","Slimebound:SplitAcid","Slimebound:GoopTackle","Slimebound:LivingWall","Slimebound:SplitBruiser+1","Slimebound:Prepare+1","Apotheosis+1","Slimebound:Prepare+1","Slimebound:SplitMire+1","expansioncontent:QuickStudy","Slimebound:Equalize","Slimebound:RainOfGoop+1","Slimebound:Prepare","Pain","Slimebound:BestDefense","Slimebound:LeechLife","Slimebound:Equalize+1","Slimebound:Repurpose+1"],"relics":["Slimebound:AbsorbEndCombat","Dream Catcher","downfall:HeartBlessingBlue","Blue Candle","Calling Bell","Toy Ornithopter","White Beast Statue","FossilizedHelix","Strange Spoon","Potion Belt","Unceasing Top","Smiling Mask","Pandora\u0027s Box","downfall:HeartBlessingRed","downfall:HeartBlessingGreen","Anchor","DollysMirror","Oddly Smooth Stone","HornCleat","Slimebound:SelfDamagePreventRelic","Art of War","WarpedTongs","Strawberry"],"acts_visited":["Exordium","TheCity","TheBeyond","TheEnding"],"potions_floor_usage":[56,56],"damage_taken":[{"damage":2.0,"enemies":"Jaw Worm","floor":2.0,"turns":4.0},{"damage":3.0,"enemies":"Small Slimes","floor":3.0,"turns":3.0},{"damage":34.0,"enemies":"3 Sentries","floor":4.0,"turns":9.0},{"damage":0.0,"enemies":"2 Louse","floor":5.0,"turns":2.0},{"damage":4.0,"enemies":"downfall:FleeingMerchant","floor":6.0,"turns":4.0},{"damage":3.0,"enemies":"2 Fungi Beasts","floor":8.0,"turns":2.0},{"damage":14.0,"enemies":"Exordium Thugs","floor":12.0,"turns":4.0},{"damage":9.0,"enemies":"Blue Slaver","floor":14.0,"turns":3.0},{"damage":6.0,"enemies":"Large Slime","floor":15.0,"turns":4.0},{"damage":23.0,"enemies":"WA_ARCHETYPE_RETAIN","floor":16.0,"turns":7.0},{"damage":21.0,"enemies":"Shell Parasite","floor":19.0,"turns":5.0},{"damage":0.0,"enemies":"downfall:FleeingMerchant","floor":20.0,"turns":4.0},{"damage":9.0,"enemies":"3 Byrds","floor":21.0,"turns":3.0},{"damage":22.0,"enemies":"3 Cultists","floor":22.0,"turns":4.0},{"damage":16.0,"enemies":"Gremlin Leader","floor":25.0,"turns":5.0},{"damage":33.0,"enemies":"Shelled Parasite and Fungi","floor":26.0,"turns":6.0},{"damage":27.0,"enemies":"Sentry and Sphere","floor":27.0,"turns":6.0},{"damage":16.0,"enemies":"downfall:FleeingMerchant","floor":28.0,"turns":4.0},{"damage":0.0,"enemies":"Snecko","floor":29.0,"turns":5.0},{"damage":23.0,"enemies":"Snake Plant","floor":30.0,"turns":4.0},{"damage":0.0,"enemies":"Shelled Parasite and Fungi","floor":31.0,"turns":4.0},{"damage":13.0,"enemies":"Cultist and Chosen","floor":32.0,"turns":6.0},{"damage":33.0,"enemies":"IC_MUSHROOM_ARCHETYPE","floor":33.0,"turns":9.0},{"damage":5.0,"enemies":"3 Shapes","floor":36.0,"turns":4.0},{"damage":2.0,"enemies":"Orb Walker","floor":38.0,"turns":4.0},{"damage":13.0,"enemies":"downfall:FleeingMerchant","floor":39.0,"turns":4.0},{"damage":62.0,"enemies":"Reptomancer","floor":42.0,"turns":6.0},{"damage":0.0,"enemies":"downfall:FleeingMerchant","floor":43.0,"turns":3.0},{"damage":0.0,"enemies":"Jaw Worm Horde","floor":44.0,"turns":4.0},{"damage":10.0,"enemies":"Jaw Worm Horde","floor":45.0,"turns":6.0},{"damage":0.0,"enemies":"4 Shapes","floor":48.0,"turns":5.0},{"damage":7.0,"enemies":"Sphere and 2 Shapes","floor":49.0,"turns":5.0},{"damage":137.0,"enemies":"SI_POISON_ARCHETYPE","floor":50.0,"turns":6.0},{"damage":121.0,"enemies":"downfall:CharBossMerchant","floor":52.0,"turns":8.0},{"damage":25.0,"enemies":"downfall:NeowBoss","floor":55.0,"turns":13.0},{"damage":82,"enemies":"downfall:NeowBossFinal","floor":56,"turns":9}],"seed_played":"-6844502108060086732","potions_obtained":[{"floor":3.0,"key":"Weak Potion"},{"floor":5.0,"key":"Ancient Potion"},{"floor":8.0,"key":"Regen Potion"},{"floor":12.0,"key":"hexamod:SoulburnPotion"},{"floor":19.0,"key":"SteroidPotion"},{"floor":20.0,"key":"LiquidBronze"},{"floor":21.0,"key":"Slimebound:SlimedPotion"},{"floor":22.0,"key":"Slimebound:ThreeZeroPotion"},{"floor":25.0,"key":"Energy Potion"},{"floor":26.0,"key":"CultistPotion"},{"floor":27.0,"key":"SteroidPotion"},{"floor":28.0,"key":"Swift Potion"},{"floor":29.0,"key":"Slimebound:SpawnSlimePotion"},{"floor":30.0,"key":"hexamod:SoulburnPotion"},{"floor":31.0,"key":"EssenceOfSteel"},{"floor":32.0,"key":"EntropicBrew"},{"floor":33.0,"key":"Block Potion"},{"floor":36.0,"key":"SneckoOil"},{"floor":38.0,"key":"Slimebound:SlimyTonguePotion"},{"floor":39.0,"key":"EssenceOfSteel"},{"floor":42.0,"key":"FearPotion"},{"floor":43.0,"key":"SpeedPotion"},{"floor":44.0,"key":"Energy Potion"},{"floor":45.0,"key":"Regen Potion"},{"floor":48.0,"key":"DuplicationPotion"},{"floor":49.0,"key":"hexamod:SoulburnPotion"},{"floor":52.0,"key":"Swift Potion"}],"is_trial":false,"path_per_floor":["R","M","M","?","M","$","T","M","R","?","?","M","R","M","M","B",null,"R","M","$","M","M","R","T","E","M","M","$","M","M","M","M","B",null,"R","M","?","M","$","R","T","E","$","M","?","?","R","M","M","B",null,"E","$","R","B","B"],"character_chosen":"SLIMEBOUND","items_purchased":["Slimebound:GoopSpray","Slimebound:SpikyOuterGoop","Slimebound:ItLooksTasty","Strange Spoon","Potion Belt","Slimebound:ProtectTheBoss","Anchor","Apotheosis","DollysMirror","Slimebound:SpawnSlimePotion","expansioncontent:QuickStudy","Slimebound:Equalize","Slimebound:SelfDamagePreventRelic","Art of War","GamblersBrew","Weak Potion","bronze:BurnAndBuffPotion","GamblersBrew","Dexterity Potion","champ:CounterPotion"],"campfire_rested":2,"item_purchase_floors":[6,6,6,20,20,28,39,39,39,39,43,43,43,43,43,43,43,53,53,53],"current_hp_per_floor":[65,65,65,33,37,41,41,42,52,52,47,39,39,34,34,19,75,75,60,64,62,44,44,44,60,40,17,17,40,24,33,26,39,75,75,72,72,74,62,62,62,24,31,47,56,56,75,75,75,20,75,30,30,54,65,0,0,0],"gold":2,"neow_bonus":"HUNDRED_GOLD","is_daily":false,"chose_seed":false,"campfire_upgraded":6,"win_rate":0.0,"timestamp":1612588250,"path_taken":["R","M","M","?","M","$","T","M","R","?","?","M","R","M","M","BOSS","R","M","$","M","M","R","T","E","M","M","$","M","M","M","M","BOSS","R","M","?","M","$","R","T","E","$","M","?","?","R","?","M","BOSS","E","$","R","BOSS","BOSS"],"items_purchased_type":["Card","Card","Card","Relic","Relic","Card","Relic","Card","Relic","Potion","Card","Card","Relic","Relic","Potion","Potion","Potion","Potion","Potion","Potion"],"build_version":"2020-12-22","purchased_purges":2,"victory":false,"max_hp_per_floor":[65,65,65,65,65,65,65,65,75,75,75,75,75,75,75,75,75,75,75,75,75,75,75,75,75,75,75,75,75,75,75,75,75,75,75,75,75,75,75,75,75,75,75,75,75,75,75,75,75,75,75,82,82,82,82,82,82,82],"card_choices":[{"not_picked":["Slimebound:ProtectTheBoss","Slimebound:FlameTackle"],"picked":"Slimebound:SamplingLick","floor":2.0},{"not_picked":["Slimebound:Gluttony","Slimebound:PressTheAttack"],"picked":"Slimebound:FinishingTackle","floor":3.0},{"not_picked":["Slimebound:ItLooksTasty","Slimebound:GrowthPunch"],"picked":"Slimebound:SplitAcid","floor":4.0},{"not_picked":["Slimebound:SplitMire","Slimebound:TongueLash"],"picked":"Slimebound:PressTheAttack","floor":5.0},{"not_picked":["Slimebound:SamplingLick","Slimebound:SlimeSpikes"],"picked":"Slimebound:FirmFortitude","floor":6.0},{"not_picked":["Slimebound:SamplingLick","Slimebound:GoopSpray"],"picked":"Slimebound:SplitAcid","floor":8.0},{"not_picked":["Slimebound:FinishingTackle","Slimebound:RainOfGoop"],"picked":"Slimebound:LeechEnergy","floor":12.0},{"not_picked":["Slimebound:SplitMire","Slimebound:LeechingTouch"],"picked":"Slimebound:SplitLeeching","floor":14.0},{"not_picked":["Slimebound:TongueLash","Slimebound:LeechEnergy"],"picked":"Slimebound:SplitMire","floor":15.0},{"not_picked":["Slimebound:MassFeed","Slimebound:FirmFortitude"],"picked":"Slimebound:OozeBath","floor":16.0},{"not_picked":["Slimebound:SplitMire","Slimebound:ProtectTheBoss"],"picked":"Slimebound:Replication","floor":19.0},{"not_picked":["Slimebound:GoopTackle","Slimebound:SplitMire"],"picked":"Slimebound:FinishingTackle+1","floor":20.0},{"not_picked":["Slimebound:LeechingTouch+1","Slimebound:Dissolve"],"picked":"Slimebound:LeadByExample+1","floor":21.0},{"not_picked":["Slimebound:Repurpose","Slimebound:Grow"],"picked":"Slimebound:SlimeBarrage","floor":22.0},{"not_picked":["Slimebound:Grow","Slimebound:OozeBath"],"picked":"Slimebound:GoopSpray+1","floor":25.0},{"not_picked":["Slimebound:GoopTackle","Slimebound:Schlurp+1"],"picked":"Slimebound:AcidTongue+1","floor":26.0},{"not_picked":["Slimebound:Schlurp","Slimebound:HauntingLick+1","Slimebound:SplitAcid"],"picked":"SKIP","floor":27.0},{"not_picked":["Slimebound:FlameTackle","Slimebound:SplitBruiser"],"picked":"Slimebound:MinionMaster","floor":28.0},{"not_picked":["Slimebound:LevelUp+1","Slimebound:ItLooksTasty"],"picked":"Slimebound:LivingWall+1","floor":29.0},{"not_picked":["Slimebound:ComboTackle","Slimebound:LevelUp"],"picked":"Slimebound:SplitBruiser+1","floor":30.0},{"not_picked":["Slimebound:SpikyOuterGoop","Slimebound:RollThrough"],"picked":"Slimebound:SlimeBarrage","floor":31.0},{"not_picked":["Slimebound:SplitBruiser","Slimebound:HauntingLick"],"picked":"Slimebound:ViciousTackle","floor":32.0},{"not_picked":["Slimebound:OneTwoCombo","Slimebound:MassFeed"],"picked":"Slimebound:Teamwork","floor":33.0},{"not_picked":["Slimebound:SplitLeeching+1","Slimebound:HauntingLick"],"picked":"Slimebound:LivingWall","floor":36.0},{"not_picked":["Slimebound:LevelUp","Slimebound:FormOfPuddle"],"picked":"Slimebound:SplitBruiser+1","floor":38.0},{"not_picked":["Slimebound:SplitAcid+1","Slimebound:SplitBruiser+1"],"picked":"Slimebound:Prepare+1","floor":39.0},{"not_picked":["Slimebound:PressTheAttack+1","Slimebound:GoopSpray"],"picked":"Slimebound:SplitMire+1","floor":42.0},{"not_picked":["Slimebound:Gluttony","Slimebound:Schlurp","Slimebound:GoopTackle+1"],"picked":"SKIP","floor":43.0},{"not_picked":["Slimebound:SplitMire","Slimebound:SamplingLick+1"],"picked":"Slimebound:RainOfGoop+1","floor":44.0},{"not_picked":["Slimebound:SlimeSpikes+1","Slimebound:RollThrough+1"],"picked":"Slimebound:Prepare","floor":45.0},{"not_picked":["Slimebound:GoopTackle","Slimebound:RejuvenatingLick"],"picked":"Slimebound:BestDefense","floor":47.0},{"not_picked":["Slimebound:SlimeBrawl","Slimebound:SplitAcid"],"picked":"Slimebound:LeechLife","floor":48.0},{"not_picked":["Slimebound:AcidTongue","Slimebound:LeechingTouch+1"],"picked":"Slimebound:Equalize+1","floor":49.0},{"not_picked":["Slimebound:DisruptingSlam","Slimebound:FormOfPuddle","Slimebound:SplitLeeching"],"picked":"SKIP","floor":52.0},{"not_picked":["Slimebound:ProtectTheBoss+1","Slimebound:SlimeSpikes"],"picked":"Slimebound:Repurpose+1","floor":54.0}],"player_experience":994552,"relics_obtained":[{"floor":4.0,"key":"Dream Catcher"},{"floor":17.0,"key":"Toy Ornithopter"},{"floor":17.0,"key":"White Beast Statue"},{"floor":17.0,"key":"FossilizedHelix"},{"floor":24.0,"key":"Unceasing Top"},{"floor":25.0,"key":"Smiling Mask"},{"floor":41.0,"key":"Oddly Smooth Stone"},{"floor":42.0,"key":"HornCleat"},{"floor":52.0,"key":"Strawberry"}],"event_choices":[{"damage_healed":0.0,"max_hp_gain":0.0,"max_hp_loss":0.0,"gold_gain":0.0,"event_name":"Accursed Blacksmith","player_choice":"Rummage","floor":46.0,"gold_loss":0.0,"damage_taken":0.0,"relics_obtained":["WarpedTongs"],"cards_obtained":["Pain"]}],"is_beta":false,"boss_relics":[{"not_picked":["Tiny House","SacredBark"],"picked":"Calling Bell"},{"not_picked":["SlaversCollar","Sozu"],"picked":"Pandora\u0027s Box"}],"items_purged_floors":[39,43],"is_endless":false,"potions_floor_spawned":[3,5,8,12,14,16,19,20,21,22,25,26,27,28,29,30,31,32,33,36,38,39,42,43,44,45,48,49,52],"killed_by":"downfall:NeowBossFinal","ascension_level":0}}