{"host":"l5zfpd2l2htson6l","time":1612585799,"event":{"mods":["AchievementEnabler","BaseMod","Colored Map","Colored Powertips","Minty Spire (QoL Compilation)","Permanent Neow","Quick Restart","Rare Cards Sparkle","Relic Stats","SuperFastMode"],"gold_per_floor":[19,30,30,30,45,78,78,78,148,148,181,202,202,242,242,333,333,346,346,331,351,374,374,374,374],"floor_reached":24,"language":"ENG","playtime":2025,"items_purged":[],"score":432,"play_id":"681074a2-fd51-4b47-9e60-8b477327c8f1","local_time":"20210205202959","is_ascension_mode":true,"campfire_choices":[{"data":"Bash","floor":7,"key":"SMITH"},{"data":"Berserk","floor":10,"key":"SMITH"},{"floor":15,"key":"REST"},{"data":"Whirlwind","floor":23,"key":"SMITH"}],"circlet_count":0,"master_deck":["AscendersBane","Strike_R","Strike_R","Strike_R","Defend_R","Defend_R","Defend_R","Defend_R","Bash+1","Iron Wave","Fire Breathing","Berserk+1","Twin Strike","Double Tap","Power Through","Clothesline","Carnage","Feed","Whirlwind+1","Spot Weakness"],"relics":["Burning Blood","Gambling Chip","Golden Idol","Bag of Preparation","Question Card","Vajra","Paper Frog","Coffee Dripper"],"acts_visited":["Exordium","TheCity"],"potions_floor_usage":[16,21],"damage_taken":[{"damage":2,"enemies":"2 Louse","floor":1,"turns":3},{"damage":9,"enemies":"Jaw Worm","floor":2,"turns":4},{"damage":4,"enemies":"Small Slimes","floor":5,"turns":3},{"damage":15,"enemies":"3 Sentries","floor":6,"turns":5},{"damage":34,"enemies":"Lagavulin","floor":11,"turns":8},{"damage":6,"enemies":"Red Slaver","floor":12,"turns":4},{"damage":20,"enemies":"3 Sentries","floor":14,"turns":5},{"damage":8,"enemies":"Slime Boss","floor":16,"turns":5},{"damage":0,"enemies":"Chosen","floor":18,"turns":2},{"damage":11,"enemies":"2 Thieves","floor":20,"turns":4},{"damage":32,"enemies":"Shelled Parasite and Fungi","floor":21,"turns":4},{"damage":31,"enemies":"Snake Plant","floor":22,"turns":5},{"damage":23,"enemies":"Book of Stabbing","floor":24,"turns":3}],"seed_played":"5334146132249743069","potions_obtained":[{"floor":1,"key":"SteroidPotion"},{"floor":2,"key":"DuplicationPotion"},{"floor":16,"key":"PowerPotion"},{"floor":20,"key":"SneckoOil"},{"floor":21,"key":"Strength Potion"}],"is_trial":false,"path_per_floor":["M","M","?","?","M","E","R","?","T","R","E","M","?","E","R","B",null,"M","?","M","M","M","R","E"],"character_chosen":"IRONCLAD","items_purchased":[],"campfire_rested":1,"item_purchase_floors":[],"current_hp_per_floor":[72,69,69,68,68,59,59,59,59,59,31,31,31,17,37,35,60,69,69,64,41,16,16,0,0],"gold":374,"neow_bonus":"ONE_RARE_RELIC","is_daily":false,"chose_seed":false,"campfire_upgraded":3,"win_rate":0.0,"timestamp":1612585799,"path_taken":["M","M","?","?","M","E","R","?","T","R","E","?","?","E","R","BOSS","M","?","M","?","M","R","E"],"items_purchased_type":[],"build_version":"2020-12-22","purchased_purges":0,"victory":false,"max_hp_per_floor":[75,75,75,68,68,68,68,68,68,68,68,68,68,68,68,68,68,71,71,71,74,74,74,74,74],"relic_stats":{"counters":[13,55],"Golden Idol":64,"Gambling Chip":[38],"Bag of Preparation":[18],"Question Card":8,"obtain_stats":[{"Golden Idol":4,"Gambling Chip":0,"Vajra":11,"Bag of Preparation":6,"Coffee Dripper":17,"Question Card":9,"Burning Blood":0,"Paper Frog":14},{"Golden Idol":2,"Gambling Chip":0,"Vajra":5,"Bag of Preparation":4,"Coffee Dripper":8,"Question Card":4,"Burning Blood":0,"Paper Frog":7},{"Golden Idol":7,"Gambling Chip":0,"Vajra":23,"Bag of Preparation":15,"Coffee Dripper":37,"Question Card":15,"Burning Blood":0,"Paper Frog":32}],"Burning Blood":70},"card_choices":[{"not_picked":["Dual Wield","Thunderclap"],"picked":"Iron Wave","floor":1},{"not_picked":["Feel No Pain","Havoc"],"picked":"Fire Breathing","floor":2},{"not_picked":["Clash","Heavy Blade","Anger"],"picked":"SKIP","floor":5},{"not_picked":["Combust","Spot Weakness"],"picked":"Twin Strike","floor":6},{"not_picked":["Havoc","Juggernaut","Feel No Pain"],"picked":"Power Through","floor":11},{"not_picked":["Iron Wave","Body Slam","Anger"],"picked":"Clothesline","floor":12},{"not_picked":["Pommel Strike","Uppercut","Wild Strike"],"picked":"Carnage","floor":14},{"not_picked":["Fiend Fire","Barricade","Bludgeon"],"picked":"Feed","floor":16},{"not_picked":["Ghostly Armor","True Grit","Perfected Strike"],"picked":"Whirlwind","floor":18},{"not_picked":["Heavy Blade","Metallicize","Armaments"],"picked":"Spot Weakness","floor":20},{"not_picked":["Pommel Strike","Iron Wave+1","Havoc","Clothesline"],"picked":"SKIP","floor":21},{"not_picked":["Heavy Blade","Armaments","Sword Boomerang","Twin Strike"],"picked":"SKIP","floor":22}],"player_experience":908345,"relics_obtained":[{"floor":6,"key":"Bag of Preparation"},{"floor":9,"key":"Question Card"},{"floor":11,"key":"Vajra"},{"floor":14,"key":"Paper Frog"}],"event_choices":[{"damage_healed":0,"gold_gain":0,"cards_transformed":["Strike_R"],"player_choice":"Change","damage_taken":0,"max_hp_gain":0,"max_hp_loss":0,"event_name":"Living Wall","floor":3,"gold_loss":0,"cards_obtained":["Berserk"]},{"damage_healed":0,"gold_gain":0,"player_choice":"Lose Max HP","damage_taken":0,"relics_obtained":["Golden Idol"],"max_hp_gain":0,"max_hp_loss":7,"event_name":"Golden Idol","floor":4,"gold_loss":0},{"damage_healed":0,"gold_gain":0,"player_choice":"1 cards matched","damage_taken":0,"max_hp_gain":0,"max_hp_loss":0,"event_name":"Match and Keep!","floor":8,"gold_loss":0,"cards_obtained":["Double Tap"]},{"damage_healed":0,"gold_gain":0,"player_choice":"Ignored","damage_taken":0,"max_hp_gain":0,"max_hp_loss":0,"event_name":"Shining Light","floor":13,"gold_loss":0},{"cards_removed":["Strike_R"],"damage_healed":0,"gold_gain":0,"player_choice":"Offered Basic","damage_taken":0,"max_hp_gain":0,"max_hp_loss":0,"event_name":"Bonfire Elementals","floor":19,"gold_loss":0}],"is_beta":false,"boss_relics":[{"not_picked":["Calling Bell","Black Blood"],"picked":"Coffee Dripper"}],"items_purged_floors":[],"is_endless":false,"potions_floor_spawned":[1,2,6,16,20,21],"killed_by":"Book of Stabbing","ascension_level":20}}