{"host":"6to8m083wj0ro91z","time":1612638978,"event":{"mods":["BaseMod","Better Third Choice","BetterRewards","CatGirl Mod","ChefMod","Friendly Minions","Hubris","Mad Scientist","Marisa????????","Minty Spire (QoL Compilation)","Robot Space Explorer","Shade Mod","Spicy Shops","StSLib","The Blackbeard","The Death Knight","The Forsaken","The Gatherer","The Marked","The Mystic","The Necromancer","The Runesmith","The Servant 0.9.4","The Showman","The Vixen","Yohane!"],"gold_per_floor":[116,40,54,67,81,116,116,116,139,139,150,164,198,214,214,310,310,325,345,345,360,380,380,392,403,403,403,435,451,58,75,75,75,75],"floor_reached":33,"language":"ENG","playtime":1863,"items_purged":["Yohane:Strike_Grey","Yohane:Strike_Grey"],"score":310,"play_id":"6d0f7656-aebd-4502-994f-5cbd6e05a919","local_time":"20210206201618","is_ascension_mode":false,"campfire_choices":[{"data":"Yohane:Hell_Zone","floor":7.0,"key":"SMITH"},{"data":"Yohane:Prideful_Crash","floor":10.0,"key":"SMITH"},{"data":"Yohane:Little_Demon_Lily","floor":15.0,"key":"SMITH"},{"data":"Yohane:Little_Demon_Hanamaru","floor":23.0,"key":"SMITH"},{"data":"Yohane:Grand_Entrance","floor":27,"key":"SMITH"},{"data":"Yohane:Lailapse","floor":32,"key":"SMITH"}],"circlet_count":0,"master_deck":["Yohane:Strike_Grey","Yohane:Defend_Grey","Yohane:Defend_Grey","Yohane:Defend_Grey","Yohane:Defend_Grey","Yohane:Little_Demon_Lily+1","Yohane:Well_Laid_Ambush","Yohane:Grand_Entrance","Yohane:Hakodate","Yohane:Little_Demon_Hanamaru+1","Yohane:Lailapse+1","Yohane:Hell_Zone+1","Yohane:Prideful_Crash+1","Yohane:Grand_Entrance+1","Yohane:Dark_Rest","Yohane:Hakodate","Yohane:My_Mai_Tonight+1","Yohane:Grace_Under_Fire","Yohane:Little_Demon_Hanamaru+1"],"relics":["Yohane:AngelWings","hubris:Potato","Oddly Smooth Stone","TheAbacus","Ancient Tea Set","theForsaken:Gavel","Coffee Dripper","Art of War","Bronze Scales","MealTicket","Orichalcum","hubris:CrystalStatue"],"acts_visited":["Exordium","TheCity"],"potions_floor_usage":[25,25],"damage_taken":[{"damage":0.0,"enemies":"Cultist","floor":1.0,"turns":3.0},{"damage":1.0,"enemies":"Jaw Worm","floor":3.0,"turns":4.0},{"damage":0.0,"enemies":"2 Louse","floor":4.0,"turns":2.0},{"damage":1.0,"enemies":"Red Slaver","floor":5.0,"turns":3.0},{"damage":5.0,"enemies":"3 Sentries","floor":6.0,"turns":6.0},{"damage":0.0,"enemies":"Exordium Wildlife","floor":11.0,"turns":1.0},{"damage":0.0,"enemies":"Exordium Thugs","floor":12.0,"turns":1.0},{"damage":0.0,"enemies":"Gremlin Nob","floor":13.0,"turns":3.0},{"damage":0.0,"enemies":"3 Louse","floor":14.0,"turns":2.0},{"damage":7.0,"enemies":"Hexaghost","floor":16.0,"turns":8.0},{"damage":0.0,"enemies":"Chosen","floor":18.0,"turns":2.0},{"damage":4.0,"enemies":"2 Thieves","floor":19.0,"turns":3.0},{"damage":0.0,"enemies":"Snecko","floor":21.0,"turns":2.0},{"damage":10.0,"enemies":"Centurion and Healer","floor":22.0,"turns":4.0},{"damage":4.0,"enemies":"Shelled Parasite and Fungi","floor":24.0,"turns":3.0},{"damage":0,"enemies":"3 Cultists","floor":25,"turns":4},{"damage":17,"enemies":"Gremlin Leader","floor":28,"turns":4},{"damage":15,"enemies":"Snake Plant","floor":29,"turns":2},{"damage":0,"enemies":"Cultist and Chosen","floor":31,"turns":3},{"damage":32,"enemies":"Collector","floor":33,"turns":5}],"seed_played":"1165777786994004451","potions_obtained":[{"floor":1.0,"key":"AttackPotion"},{"floor":4.0,"key":"Fire Potion"},{"floor":6.0,"key":"FearPotion"},{"floor":12.0,"key":"SteroidPotion"},{"floor":24.0,"key":"Energy Potion"}],"is_trial":false,"path_per_floor":["M","$","M","M","M","E","R","?","T","R","M","M","E","M","R","B",null,"M","M","?","M","M","R","M","M","T","R","E","M","$","M","R","B"],"character_chosen":"FallenAngel","items_purchased":["Yohane:Grand_Entrance","Yohane:Hakodate","hubris:Potato","Oddly Smooth Stone","Yohane:Little_Demon_Hanamaru","Block Potion","TheAbacus","Orichalcum","hubris:CrystalStatue","Yohane:Grace_Under_Fire"],"campfire_rested":0,"item_purchase_floors":[0,0,0,0,0,0,2,30,30,30],"current_hp_per_floor":[33,33,32,32,31,26,26,26,26,26,26,26,26,26,26,19,60,60,56,56,56,46,46,42,42,42,42,25,10,25,25,25,0,0],"gold":75,"neow_bonus":"","is_daily":false,"chose_seed":false,"campfire_upgraded":6,"win_rate":0.0,"timestamp":1612638978,"path_taken":["M","?","M","M","M","E","R","?","T","R","M","M","E","M","R","BOSS","M","M","?","M","M","R","M","M","T","R","E","M","$","M","R","BOSS"],"items_purchased_type":["Card","Card","Relic","Relic","Card","Potion","Relic","Relic","Relic","Card"],"build_version":"2020-12-22","purchased_purges":2,"victory":false,"max_hp_per_floor":[60,60,60,60,60,60,60,60,60,60,60,60,60,60,60,60,60,60,60,60,60,60,60,60,60,60,60,60,60,60,60,60,60,60],"card_choices":[{"not_picked":["Yohane:Soul_Peek","Yohane:Dark_Rest"],"picked":"Yohane:Lailapse","floor":1.0},{"not_picked":["Yohane:Excitement","Yohane:Ice_Cream_Assault","Yohane:Backfoot"],"picked":"SKIP","floor":3.0},{"not_picked":["Yohane:Misfortune","Yohane:Dark_Rest"],"picked":"Yohane:Hell_Zone","floor":4.0},{"not_picked":["Yohane:Gluttony","Yohane:Little_Demon_Recruit","Yohane:Livestream_Donation"],"picked":"SKIP","floor":5.0},{"not_picked":["Yohane:Mijuku_Dreamer","Yohane:Witch_Trick"],"picked":"Yohane:Prideful_Crash","floor":6.0},{"not_picked":["Yohane:Little_Demon_Chika","Yohane:Miracle_Wave"],"picked":"Yohane:Grand_Entrance","floor":11.0},{"not_picked":["Yohane:Gluttony","Yohane:Impressive_Display"],"picked":"Yohane:Dark_Rest","floor":12.0},{"not_picked":["Yohane:Miracle_Wave","Yohane:Lailapse"],"picked":"Yohane:Hakodate","floor":13.0},{"not_picked":["Yohane:Debut","Yohane:Little_Demon_Ruby","Yohane:Inspiration"],"picked":"SKIP","floor":14.0},{"not_picked":["Yohane:Envious+1","Yohane:Energy_Change","Yohane:Gluttony+1"],"picked":"SKIP","floor":18.0},{"not_picked":["Yohane:Wrath","Yohane:Gluttony+1","Yohane:Ice_Cream_Assault"],"picked":"SKIP","floor":19.0},{"not_picked":["Yohane:Dark_Shield","Yohane:Lailapse","Yohane:Curse_The_Heavens"],"picked":"SKIP","floor":21.0},{"not_picked":["Yohane:Backfoot","Yohane:Angel_Tears","Yohane:Kowareyasuki"],"picked":"SKIP","floor":22.0},{"not_picked":["Yohane:Backfoot","Yohane:Kowareyasuki","Yohane:Miracle_Wave"],"picked":"SKIP","floor":24.0},{"not_picked":["Yohane:Lailapse+1","Yohane:Wrath","Yohane:Impressive_Display"],"picked":"SKIP","floor":25},{"not_picked":["Yohane:Runaway_Umbrella","Yohane:Energy_Change+1","Yohane:Perfection"],"picked":"SKIP","floor":28},{"not_picked":["Yohane:Lailapse","Yohane:Angel_Tears"],"picked":"Yohane:My_Mai_Tonight+1","floor":29},{"not_picked":["Yohane:Witch_Trick","Yohane:Guilty_Kiss"],"picked":"Yohane:Little_Demon_Hanamaru+1","floor":31}],"player_experience":1106645,"relics_obtained":[{"floor":6.0,"key":"Ancient Tea Set"},{"floor":13.0,"key":"theForsaken:Gavel"},{"floor":26,"key":"Bronze Scales"},{"floor":28,"key":"MealTicket"}],"event_choices":[{"cards_removed":["Yohane:Strike_Grey"],"damage_healed":0.0,"max_hp_gain":0.0,"max_hp_loss":0.0,"gold_gain":0.0,"event_name":"Bonfire Elementals","player_choice":"Offered Basic","floor":8.0,"gold_loss":0.0,"damage_taken":0.0},{"damage_healed":0.0,"max_hp_gain":0.0,"max_hp_loss":0.0,"gold_gain":0.0,"event_name":"The Mausoleum","player_choice":"Opened","floor":20.0,"gold_loss":0.0,"damage_taken":0.0,"relics_obtained":["Art of War"]}],"is_beta":false,"boss_relics":[{"not_picked":["SacredBark","hubris:TerracottaHorce"],"picked":"Coffee Dripper"}],"items_purged_floors":[0,0],"is_endless":false,"potions_floor_spawned":[1,4,6,12,13,21,22,24],"killed_by":"Collector","ascension_level":0}}