{"host":"lg52aq764g9v2r4m","time":1612585413,"event":{"mods":["2.2 Compatiblity","BaseMod","Minty Spire (QoL Compilation)"],"gold_per_floor":[117,292,345,364,47,47,81,36,118,16,35,35,112,127,127,224,224,241,241,156,167,167,197,197,224,294,312,328,361,372,372,372,470,470,488,488,507,518,536,565,308,308,335,350,115,115,143,157,157,157],"floor_reached":51,"language":"ENG","playtime":7423,"items_purged":["Doubt","Pummel"],"score":770,"play_id":"22d0ea5d-dd8e-4935-81ca-b2bf43c8a669","local_time":"20210205232333","is_ascension_mode":false,"campfire_choices":[{"data":"Bash","floor":6,"key":"SMITH"},{"data":"Dual Wield","floor":12,"key":"SMITH"},{"data":"Defend_R","floor":15,"key":"SMITH"},{"data":"Barricade","floor":24,"key":"SMITH"},{"data":"Defend_R","floor":32,"key":"SMITH"},{"data":"Entrench","floor":46,"key":"SMITH"},{"floor":49,"key":"REST"}],"circlet_count":0,"master_deck":["Strike_R+1","Strike_R","Strike_R","Strike_R","Strike_R+1","Defend_R+1","Defend_R+1","Defend_R+1","Bash+1","Dual Wield+1","Thunderclap+1","Perfected Strike+1","Perfected Strike+1","Iron Wave+1","Iron Wave+1","Perfected Strike+1","Barricade+1","Cleave+1","Necronomicurse","Pommel Strike+1","Metallicize","Pommel Strike+1","Feed+1","Iron Wave+1","Blind","Entrench+1"],"relics":["Burning Blood","Centennial Puzzle","Bag of Preparation","Molten Egg 2","Whetstone","Sundial","Busted Crown","Necronomicon","Ginger","Oddly Smooth Stone","StoneCalendar","InkBottle","Bottled Tornado","Red Mask","Runic Dome","White Beast Statue","Membership Card","Orichalcum","Potion Belt","Toolbox","Unceasing Top"],"acts_visited":["Exordium","TheCity","TheBeyond"],"potions_floor_usage":[7,23,30,33,40,47,50,50,50,50],"damage_taken":[{"damage":1,"enemies":"2 Louse","floor":1,"turns":3},{"damage":11,"enemies":"Jaw Worm","floor":4,"turns":5},{"damage":6,"enemies":"Gremlin Nob","floor":7,"turns":3},{"damage":0,"enemies":"Small Slimes","floor":11,"turns":2},{"damage":5,"enemies":"Blue Slaver","floor":14,"turns":2},{"damage":31,"enemies":"Hexaghost","floor":16,"turns":8},{"damage":0,"enemies":"Spheric Guardian","floor":18,"turns":3},{"damage":0,"enemies":"Chosen","floor":21,"turns":1},{"damage":2,"enemies":"Slavers","floor":23,"turns":3},{"damage":6,"enemies":"Book of Stabbing","floor":25,"turns":3},{"damage":0,"enemies":"3 Cultists","floor":27,"turns":3},{"damage":7,"enemies":"Snecko","floor":28,"turns":3},{"damage":5,"enemies":"Masked Bandits","floor":29,"turns":3},{"damage":0,"enemies":"Chosen and Byrds","floor":30,"turns":1},{"damage":4,"enemies":"Automaton","floor":33,"turns":5},{"damage":12,"enemies":"3 Shapes","floor":35,"turns":3},{"damage":3,"enemies":"Orb Walker","floor":37,"turns":2},{"damage":0,"enemies":"Transient","floor":38,"turns":5},{"damage":0,"enemies":"Maw","floor":39,"turns":4},{"damage":3,"enemies":"Nemesis","floor":40,"turns":3},{"damage":4,"enemies":"4 Shapes","floor":44,"turns":4},{"damage":25,"enemies":"Reptomancer","floor":47,"turns":4},{"damage":14,"enemies":"Sphere and 2 Shapes","floor":48,"turns":3},{"damage":0,"enemies":"Time Eater","floor":50,"turns":6}],"seed_played":"-8006809914301932195","potions_obtained":[{"floor":1,"key":"LiquidMemories"},{"floor":4,"key":"BloodPotion"},{"floor":16,"key":"Block Potion"},{"floor":21,"key":"BlessingOfTheForge"},{"floor":27,"key":"Energy Potion"},{"floor":28,"key":"EssenceOfSteel"},{"floor":29,"key":"HeartOfIron"},{"floor":37,"key":"AttackPotion"},{"floor":40,"key":"ColorlessPotion"},{"floor":44,"key":"BlessingOfTheForge"},{"floor":47,"key":"DistilledChaos"},{"floor":48,"key":"SteroidPotion"}],"is_trial":false,"path_per_floor":["M","?","T","M","$","R","E","$","T","$","M","R","?","M","R","B",null,"M","?","?","M","?","E","R","E","T","M","M","?","M","?","R","B",null,"M","?","M","M","M","E","$","?","T","M","$","R","E","M","R","B",null],"character_chosen":"IRONCLAD","items_purchased":["Molten Egg 2","Perfected Strike+1","Perfected Strike+1","Iron Wave+1","Membership Card","Metallicize","Pommel Strike+1","Potion Belt","Blind","Toolbox","Entrench"],"campfire_rested":1,"item_purchase_floors":[5,8,10,10,41,41,41,45,45,45,45],"current_hp_per_floor":[80,80,80,75,75,75,75,75,75,75,80,80,80,80,80,55,80,80,64,64,70,70,74,74,74,74,80,79,80,80,80,80,80,80,74,74,77,80,80,80,80,80,80,84,84,84,65,61,87,88],"gold":157,"neow_bonus":"RANDOM_COMMON_RELIC","is_daily":false,"chose_seed":false,"campfire_upgraded":6,"win_rate":0.0,"timestamp":1612585413,"path_taken":["M","?","?","M","?","R","E","$","T","$","M","R","?","M","R","BOSS","M","?","?","M","?","E","R","E","T","M","M","?","M","?","R","BOSS","M","?","?","M","M","E","$","?","T","M","$","R","E","M","R","BOSS"],"items_purchased_type":["Relic","Card","Card","Card","Relic","Card","Card","Relic","Card","Relic","Card"],"build_version":"2020-12-22","purchased_purges":2,"victory":true,"max_hp_per_floor":[80,80,80,80,80,80,80,80,80,80,80,80,80,80,80,80,80,80,80,80,80,80,80,80,80,80,80,80,80,80,80,80,80,80,80,80,80,80,80,80,80,80,80,84,84,84,84,88,88,88],"card_choices":[{"not_picked":["Battle Trance","Rupture"],"picked":"Pummel","floor":1},{"not_picked":["Armaments","Headbutt"],"picked":"Dual Wield","floor":4},{"not_picked":["Sword Boomerang+1","Cleave+1"],"picked":"Thunderclap+1","floor":7},{"not_picked":["Impervious","Cleave+1"],"picked":"Iron Wave+1","floor":11},{"not_picked":["Power Through","Clash+1"],"picked":"Perfected Strike+1","floor":14},{"not_picked":["Brutality","Impervious"],"picked":"Barricade","floor":16},{"not_picked":[],"picked":"Cleave+1","floor":18},{"not_picked":["Armaments"],"picked":"SKIP","floor":21},{"not_picked":["Blood for Blood+1"],"picked":"SKIP","floor":23},{"not_picked":["Anger+1"],"picked":"SKIP","floor":25},{"not_picked":["Armaments"],"picked":"SKIP","floor":27},{"not_picked":["Sword Boomerang+1"],"picked":"SKIP","floor":28},{"not_picked":["Clothesline+1"],"picked":"SKIP","floor":30},{"not_picked":["Combust+1"],"picked":"SKIP","floor":35},{"not_picked":["Fire Breathing"],"picked":"SKIP","floor":37},{"not_picked":["Clash+1"],"picked":"SKIP","floor":38},{"not_picked":["Dark Embrace+1"],"picked":"SKIP","floor":39},{"not_picked":["Infernal Blade"],"picked":"SKIP","floor":40},{"not_picked":[],"picked":"Iron Wave+1","floor":44},{"not_picked":["Clothesline+1"],"picked":"SKIP","floor":47},{"not_picked":["True Grit"],"picked":"SKIP","floor":48}],"player_experience":35435,"relics_obtained":[{"floor":3,"key":"Bag of Preparation"},{"floor":7,"key":"Whetstone"},{"floor":9,"key":"Sundial"},{"floor":19,"key":"Necronomicon"},{"floor":23,"key":"StoneCalendar"},{"floor":25,"key":"InkBottle"},{"floor":26,"key":"Bottled Tornado"},{"floor":29,"key":"Red Mask"},{"floor":40,"key":"White Beast Statue"},{"floor":43,"key":"Orichalcum"},{"floor":47,"key":"Unceasing Top"}],"event_choices":[{"damage_healed":0,"gold_gain":175,"player_choice":"AGREE","damage_taken":0,"max_hp_gain":0,"max_hp_loss":0,"event_name":"Liars Game","floor":2,"gold_loss":0,"cards_obtained":["Doubt"]},{"damage_healed":0,"gold_gain":77,"player_choice":"Gained Gold","damage_taken":0,"max_hp_gain":0,"max_hp_loss":0,"event_name":"Golden Wing","floor":13,"gold_loss":0},{"damage_healed":0,"gold_gain":0,"player_choice":"Obtained Book","damage_taken":16,"max_hp_gain":0,"max_hp_loss":0,"event_name":"Cursed Tome","floor":19,"gold_loss":0},{"damage_healed":0,"gold_gain":0,"player_choice":"Obtained Relic","damage_taken":0,"relics_obtained":["Ginger"],"max_hp_gain":0,"max_hp_loss":0,"event_name":"Addict","floor":20,"gold_loss":85},{"damage_healed":0,"gold_gain":0,"player_choice":"Opened","damage_taken":0,"relics_obtained":["Oddly Smooth Stone"],"max_hp_gain":0,"max_hp_loss":0,"event_name":"The Mausoleum","floor":22,"gold_loss":0},{"damage_healed":0,"gold_gain":0,"player_choice":"Fought Bandits","damage_taken":0,"max_hp_gain":0,"max_hp_loss":0,"event_name":"Masked Bandits","floor":29,"gold_loss":0},{"damage_healed":0,"gold_gain":0,"player_choice":"Read","damage_taken":0,"max_hp_gain":0,"max_hp_loss":0,"event_name":"The Library","floor":31,"gold_loss":0,"cards_obtained":["Pommel Strike"]},{"damage_healed":0,"gold_gain":0,"player_choice":"Upgraded","damage_taken":0,"max_hp_gain":0,"max_hp_loss":0,"event_name":"Upgrade Shrine","floor":36,"gold_loss":0,"cards_upgraded":["Defend_R"]},{"damage_healed":0,"gold_gain":0,"cards_transformed":["Defend_R"],"player_choice":"Transformed","damage_taken":0,"max_hp_gain":0,"max_hp_loss":0,"event_name":"Transmorgrifier","floor":42,"gold_loss":0,"cards_obtained":["Feed"]}],"is_beta":false,"boss_relics":[{"not_picked":["Empty Cage","SlaversCollar"],"picked":"Busted Crown"},{"not_picked":["SacredBark","Velvet Choker"],"picked":"Runic Dome"}],"items_purged_floors":[5,41],"is_endless":false,"potions_floor_spawned":[1,4,16,21,27,28,29,37,40,44,47,48],"ascension_level":0}}