{"host":"bf5upntvbdompq33","time":1612652980,"event":{"mods":["BaseMod","Colored Map","Colored Powertips","Curses Come First","Minty Spire (QoL Compilation)","StSLib","The Dragon Tamer","The Hierophant","The Marked","The Mystic","The Servant 0.9.4"],"gold_per_floor":[111,111,111,125,50,82,82,114,114,128,128,128,41,66,66,197,197,220,71,91,19,19,19,19],"floor_reached":23,"language":"ENG","playtime":953,"items_purged":["Strike_B"],"score":333,"play_id":"8d0eb59e-36fc-4712-86fe-e43f53cd9637","local_time":"20210206160940","is_ascension_mode":true,"campfire_choices":[{"data":"Zap","floor":7,"key":"SMITH"},{"data":"Dualcast","floor":15,"key":"SMITH"}],"circlet_count":0,"master_deck":["AscendersBane","Strike_B","Defend_B","Defend_B","Defend_B","Defend_B","Zap+1","Dualcast+1","Ball Lightning","Streamline","Undo","Buffer+1","Cold Snap","Defragment+1","Ball Lightning","Glacier","Echo Form+1","Rebound","Static Discharge+1"],"relics":["Cracked Core","NeowsBlessing","Darkstone Periapt","Frozen Egg 2","Mummified Hand","Golden Idol","Runic Pyramid","TheAbacus","Bag of Marbles"],"acts_visited":["Exordium","TheCity"],"potions_floor_usage":[16,20],"damage_taken":[{"damage":0,"enemies":"Small Slimes","floor":1,"turns":1},{"damage":0,"enemies":"Jaw Worm","floor":4,"turns":1},{"damage":0,"enemies":"Lagavulin","floor":6,"turns":1},{"damage":38,"enemies":"Gremlin Nob","floor":8,"turns":4},{"damage":0,"enemies":"Cultist","floor":10,"turns":3},{"damage":0,"enemies":"Red Slaver","floor":14,"turns":3},{"damage":8,"enemies":"Hexaghost","floor":16,"turns":8},{"damage":0,"enemies":"Spheric Guardian","floor":18,"turns":5},{"damage":8,"enemies":"3 Byrds","floor":20,"turns":5},{"damage":50,"enemies":"Slavers","floor":23,"turns":3}],"seed_played":"5688963383562642270","potions_obtained":[{"floor":6,"key":"SpeedPotion"},{"floor":8,"key":"Strength Potion"},{"floor":10,"key":"Explosive Potion"},{"floor":16,"key":"SteroidPotion"}],"is_trial":false,"path_per_floor":["M","?","?","M","$","E","R","E","T","M","?","?","$","M","R","B",null,"M","$","M","$","T","E"],"character_chosen":"DEFECT","items_purchased":["Defragment+1","Ball Lightning","TheAbacus","Static Discharge+1"],"campfire_rested":0,"item_purchase_floors":[13,13,19,21],"current_hp_per_floor":[68,61,61,61,61,61,61,23,23,23,23,23,23,23,23,15,56,56,56,48,48,48,0,0],"gold":19,"neow_bonus":"THREE_ENEMY_KILL","is_daily":false,"chose_seed":false,"campfire_upgraded":2,"win_rate":0.0,"timestamp":1612652980,"path_taken":["M","?","?","?","?","E","R","E","T","M","?","?","$","M","R","BOSS","M","$","M","$","?","E"],"items_purchased_type":["Card","Card","Relic","Card"],"build_version":"2020-12-22","purchased_purges":1,"victory":false,"max_hp_per_floor":[75,75,75,75,75,75,75,75,75,75,69,69,69,69,69,69,69,69,69,69,69,69,69,69],"card_choices":[{"not_picked":["Redo","Leap"],"picked":"Ball Lightning","floor":1},{"not_picked":["Conserve Battery","Blizzard"],"picked":"Streamline","floor":4},{"not_picked":["Stack","Coolheaded"],"picked":"Undo","floor":6},{"not_picked":["Sunder","Gash"],"picked":"Buffer+1","floor":8},{"not_picked":["Storm+1","Rebound"],"picked":"Cold Snap","floor":10},{"not_picked":["Leap","Rebound"],"picked":"Glacier","floor":14},{"not_picked":["Buffer+1","Machine Learning+1"],"picked":"Echo Form+1","floor":16},{"not_picked":["Stack","Streamline+1"],"picked":"Rebound","floor":18},{"not_picked":["Ball Lightning","Redo","FTL"],"picked":"SKIP","floor":20}],"player_experience":1473036,"relics_obtained":[{"floor":6,"key":"Darkstone Periapt"},{"floor":8,"key":"Frozen Egg 2"},{"floor":9,"key":"Mummified Hand"},{"floor":22,"key":"Bag of Marbles"}],"event_choices":[{"cards_removed":["Strike_B"],"damage_healed":0,"gold_gain":0,"player_choice":"Card Removal","damage_taken":7,"max_hp_gain":0,"max_hp_loss":0,"event_name":"Golden Wing","floor":2,"gold_loss":0},{"cards_removed":["Strike_B"],"damage_healed":0,"gold_gain":0,"player_choice":"Purged","damage_taken":0,"max_hp_gain":0,"max_hp_loss":0,"event_name":"Purifier","floor":3,"gold_loss":0},{"damage_healed":0,"gold_gain":0,"player_choice":"Lose Max HP","damage_taken":0,"relics_obtained":["Golden Idol"],"max_hp_gain":0,"max_hp_loss":6,"event_name":"Golden Idol","floor":11,"gold_loss":0},{"damage_healed":0,"gold_gain":0,"player_choice":"Bought 0 Potions","damage_taken":0,"max_hp_gain":0,"max_hp_loss":0,"event_name":"The Woman in Blue","floor":12,"gold_loss":0}],"is_beta":false,"boss_relics":[{"not_picked":["Runic Dome","Astrolabe"],"picked":"Runic Pyramid"}],"items_purged_floors":[5],"is_endless":false,"potions_floor_spawned":[6,8,10,14,16,18],"killed_by":"Slavers","ascension_level":10}}