{"host":"ishme5wb80o83upk","time":1612603503,"event":{"mods":["BaseMod","HololiveMod","Minty Spire (QoL Compilation)","StSLib"],"gold_per_floor":[77,77,91,106,56,87,110,154,154,166,206,206,233,259,259,352,352,388,417,516,431,431,466,505,557,557,592,611,611,642,678,678,752,752,784,784,818,843,878,878,919,944,970,1070,1070,1070,1111,1122,1122,1132,1132,1132,590,623,629],"floor_reached":56,"language":"KOR","playtime":3245,"items_purged":["Hololive_BeCareful+1"],"score":2622,"play_id":"7128ff31-4f83-4a62-9ce9-3699ff51fbff","local_time":"20210206182503","is_ascension_mode":true,"campfire_choices":[{"data":"Hololive_Nanodesu","floor":15.0,"key":"SMITH"},{"data":"Hololive_DDD","floor":29.0,"key":"SMITH"},{"data":"Hololive_FlareMind","floor":32.0,"key":"SMITH"},{"data":"Hololive_FlareMind","floor":40.0,"key":"SMITH"},{"floor":46.0,"key":"RECALL"},{"data":"Hololive_ILoveYou","floor":49.0,"key":"SMITH"},{"data":"Hololive_CallSpadeEcho","floor":52.0,"key":"SMITH"}],"circlet_count":0,"master_deck":["AscendersBane","Hololive_SoulCatcher","Hololive_CallYozoraMel","Hololive_CallRosalyn","Hololive_CallHimemoriLuna","Hololive_CallRosalyn","Hololive_CallYogiri","Hololive_CallFriendA","Hololive_DurableLive+1","Hololive_CallSpadeEcho+1","Hololive_CallCivia","Hololive_CallMinatoAqua","Hololive_CallShirakamiFubuki","Hololive_Nanodesu+1","Hololive_CallHoushouMarine","Hololive_ILoveYou+1","Hololive_SummonFox","Hololive_FlareMind+1","Hololive_CallMurasakiShion","Hololive_FlareMind+1","Hololive_DDD+1","Hololive_CallAkaiHaato","Hololive_CallAZKi+1","Hololive_CallUruhaRushia+1","Hololive_CallUsadaPekora+1","Hololive_DurableLive","Hololive_SummonFox","Hololive_CallOzoraSubaru+1","Parasite","Hololive_CallHoushouMarine+1","Hololive_CallAZKi+1","Hololive_FlyingPonyTail+1","Hololive_CallOkamiMio+1"],"relics":["Hololive_TheStar","Bronze Scales","Ancient Tea Set","Ornamental Fan","Black Star","MealTicket","Dead Branch","War Paint","Frozen Egg 2","Turnip","Blue Candle","Torii","Juzu Bracelet","Hololive_Finger","Mercury Hourglass","Vajra","Akabeko","Potion Belt","Blood Vial","Molten Egg 2","TheAbacus","Pen Nib","Strawberry","HornCleat"],"acts_visited":["Exordium","TheCity","TheBeyond","TheEnding"],"potions_floor_usage":[55,55],"damage_taken":[{"damage":0.0,"enemies":"2 Louse","floor":1.0,"turns":2.0},{"damage":0.0,"enemies":"Jaw Worm","floor":3.0,"turns":4.0},{"damage":0.0,"enemies":"Small Slimes","floor":4.0,"turns":3.0},{"damage":0.0,"enemies":"3 Sentries","floor":6.0,"turns":6.0},{"damage":0.0,"enemies":"2 Fungi Beasts","floor":7.0,"turns":3.0},{"damage":0.0,"enemies":"Gremlin Nob","floor":8.0,"turns":3.0},{"damage":0.0,"enemies":"Red Slaver","floor":10.0,"turns":2.0},{"damage":0.0,"enemies":"3 Sentries","floor":11.0,"turns":3.0},{"damage":4.0,"enemies":"3 Louse","floor":13.0,"turns":2.0},{"damage":0.0,"enemies":"Exordium Thugs","floor":14.0,"turns":3.0},{"damage":0.0,"enemies":"Hexaghost","floor":16.0,"turns":4.0},{"damage":0.0,"enemies":"3 Byrds","floor":18.0,"turns":3.0},{"damage":0.0,"enemies":"Chosen","floor":19.0,"turns":4.0},{"damage":0.0,"enemies":"Slavers","floor":23.0,"turns":2.0},{"damage":0.0,"enemies":"3 Cultists","floor":24.0,"turns":4.0},{"damage":11.0,"enemies":"Gremlin Leader","floor":25.0,"turns":5.0},{"damage":0.0,"enemies":"Snecko","floor":27.0,"turns":3.0},{"damage":0.0,"enemies":"Chosen and Byrds","floor":28.0,"turns":3.0},{"damage":0.0,"enemies":"Slavers","floor":30.0,"turns":3.0},{"damage":1.0,"enemies":"Centurion and Healer","floor":31.0,"turns":4.0},{"damage":0.0,"enemies":"Automaton","floor":33.0,"turns":6.0},{"damage":0.0,"enemies":"Orb Walker","floor":35.0,"turns":4.0},{"damage":1.0,"enemies":"3 Shapes","floor":37.0,"turns":4.0},{"damage":0.0,"enemies":"3 Darklings","floor":38.0,"turns":5.0},{"damage":0.0,"enemies":"Writhing Mass","floor":39.0,"turns":5.0},{"damage":0.0,"enemies":"Reptomancer","floor":41.0,"turns":4.0},{"damage":0.0,"enemies":"Nemesis","floor":47.0,"turns":5.0},{"damage":19.0,"enemies":"4 Shapes","floor":48.0,"turns":3.0},{"damage":0.0,"enemies":"Awakened One","floor":50.0,"turns":6.0},{"damage":0,"enemies":"Shield and Spear","floor":54,"turns":4},{"damage":0,"enemies":"The Heart","floor":55,"turns":8}],"seed_played":"-5755514143914527228","potions_obtained":[{"floor":1.0,"key":"Explosive Potion"},{"floor":3.0,"key":"Energy Potion"},{"floor":6.0,"key":"DistilledChaos"},{"floor":16.0,"key":"SteroidPotion"},{"floor":18.0,"key":"Block Potion"},{"floor":23.0,"key":"Swift Potion"},{"floor":24.0,"key":"AttackPotion"},{"floor":27.0,"key":"GamblersBrew"},{"floor":48.0,"key":"DistilledChaos"}],"is_trial":false,"path_per_floor":["M","?","M","M","?","E","M","E","T","M","E","?","M","M","R","B",null,"M","M","?","?","?","E","M","E","T","M","M","R","E","M","R","B",null,"M","?","M","M","M","R","E","T","T","?","?","R","E","M","R","B",null,"R","$","E","B",null],"character_chosen":"Hololive_HololiveCharacter","items_purchased":["TheAbacus","Hololive_CallOkamiMio+1","FearPotion","Swift Potion","Pen Nib"],"campfire_rested":0,"item_purchase_floors":[53,53,53,53,53],"current_hp_per_floor":[27,27,27,27,27,27,27,27,27,27,27,32,28,28,28,28,33,33,33,33,33,33,33,33,22,22,22,22,22,22,21,21,21,32,32,32,31,31,31,31,31,31,31,31,31,31,31,14,14,16,30,30,35,42,42],"gold":629,"neow_bonus":"REMOVE_CARD","is_daily":false,"chose_seed":false,"campfire_upgraded":6,"win_rate":0.0,"timestamp":1612603503,"path_taken":["M","?","M","M","?","E","M","E","T","M","E","?","M","?","R","BOSS","M","M","?","?","?","E","M","E","T","M","?","R","E","M","R","BOSS","M","?","M","M","M","R","E","?","T","?","?","R","E","M","R","BOSS","R","$","E","BOSS"],"items_purchased_type":["Relic","Card","Potion","Potion","Relic"],"build_version":"2020-12-22","purchased_purges":1,"victory":true,"max_hp_per_floor":[30,30,30,30,30,30,30,30,30,30,30,35,35,35,35,35,35,35,35,35,35,35,35,35,35,35,35,35,35,35,35,35,35,35,35,35,35,35,35,35,35,35,35,35,35,35,35,35,35,35,35,35,35,42,42],"card_choices":[{"not_picked":["Hololive_OvertimeWork","Hololive_DevilCharm","Hololive_CallYukihanaLamy"],"picked":"Hololive_CallFriendA","floor":1.0},{"not_picked":["Hololive_HuntDinosaur","Hololive_Rebound","Hololive_Breathe"],"picked":"Hololive_CallSpadeEcho","floor":3.0},{"not_picked":["Hololive_StrengthChampion","Hololive_OvertimeWork","Hololive_CallYogiri"],"picked":"Hololive_CallCivia","floor":4.0},{"not_picked":["Hololive_HighAtkLowDef","Hololive_LuckPotion","Hololive_StrengthChampion"],"picked":"Hololive_BeCareful","floor":6.0},{"not_picked":["Hololive_HuntDinosaur","Hololive_Psychosis","Hololive_Drill"],"picked":"Hololive_CallMinatoAqua","floor":7.0},{"not_picked":["Hololive_Psychosis","Hololive_Sequa","Hololive_StrengthChampion"],"picked":"Hololive_CallShirakamiFubuki","floor":8.0},{"not_picked":["Hololive_Spy","Hololive_FlyingPonyTail","Hololive_Breathe"],"picked":"Hololive_Nanodesu","floor":10.0},{"not_picked":["Hololive_AWSL","Hololive_Sequa","Hololive_ManjiGathering"],"picked":"Hololive_CallHoushouMarine","floor":11.0},{"not_picked":["Hololive_DevilCharm","Hololive_ManjiGathering","Hololive_Spy"],"picked":"Hololive_ILoveYou","floor":13.0},{"not_picked":["Hololive_CallMurasakiShion","Hololive_Psychosis","Hololive_LuckPotion"],"picked":"Hololive_SummonFox","floor":14.0},{"not_picked":["Hololive_Thief","Hololive_Recruit","Hololive_Nanodesu"],"picked":"Hololive_FlareMind","floor":16.0},{"not_picked":["Hololive_Psychosis","Hololive_CallSpadeEcho","Hololive_Rebound"],"picked":"Hololive_CallMurasakiShion","floor":18.0},{"not_picked":["Hololive_StrengthChampion","Hololive_Psychosis","Hololive_HuntDinosaur","Hololive_Sequa"],"picked":"SKIP","floor":19.0},{"not_picked":["Hololive_StrengthChampion","Hololive_Psychosis","Hololive_HuntDinosaur","Hololive_Sequa"],"picked":"SKIP","floor":19.0},{"not_picked":["Hololive_Breathe","Hololive_SoulCatcher","Hololive_CocoNews+1"],"picked":"Hololive_DDD","floor":23.0},{"not_picked":["Hololive_Drill","Hololive_Trident","Hololive_OvertimeWork"],"picked":"Hololive_CallAkaiHaato","floor":24.0},{"not_picked":["Hololive_CallAyundaRisu+1","Hololive_Psychosis","Hololive_Rebound","Hololive_CallManoAloe+1"],"picked":"SKIP","floor":25.0},{"not_picked":["Hololive_BringToTrial","Hololive_Psychosis","Hololive_MaximGun"],"picked":"Hololive_CallAZKi+1","floor":27.0},{"not_picked":["Hololive_Rebound","Hololive_CallCivia+1","Hololive_CocoNews","Hololive_Breathe"],"picked":"SKIP","floor":28.0},{"not_picked":["Hololive_OvertimeWork","Hololive_WolfAndLamb","Hololive_Teleport"],"picked":"Hololive_CallUruhaRushia+1","floor":30.0},{"not_picked":["Hololive_Psychosis","Hololive_LuckPotion","Hololive_Sequa"],"picked":"Hololive_CallUsadaPekora+1","floor":31.0},{"not_picked":["Hololive_ASMR","Hololive_DiamondStrike","Hololive_ScarfAndHalo"],"picked":"Hololive_DurableLive","floor":33.0},{"not_picked":["Hololive_Drill+1","Hololive_Rebound+1","Hololive_Psychosis","Hololive_SummonFox"],"picked":"SKIP","floor":35.0},{"not_picked":["Hololive_Drill+1","Hololive_Rebound+1","Hololive_Psychosis"],"picked":"Hololive_SummonFox","floor":35.0},{"not_picked":["Hololive_CocoNews+1","Hololive_LuckPotion","Hololive_Sequa+1","Hololive_StrengthChampion"],"picked":"SKIP","floor":37.0},{"not_picked":["Hololive_OvertimeWork","Hololive_Breathe","Hololive_StrengthChampion"],"picked":"Hololive_CallOzoraSubaru+1","floor":38.0},{"not_picked":["Hololive_Breathe","Hololive_CallFriendA+1","Hololive_Sequa"],"picked":"Hololive_CallHoushouMarine+1","floor":39.0},{"not_picked":["Hololive_RevenueBasedLive","Hololive_Trident","Hololive_Psychosis"],"picked":"Hololive_CallAZKi+1","floor":41.0},{"not_picked":["Hololive_Teleport","Hololive_HuntDinosaur+1","Hololive_LuckPotion","Hololive_AWSL"],"picked":"SKIP","floor":47.0},{"not_picked":["Hololive_Drill+1","Hololive_Rebound","Hololive_LuckPotion"],"picked":"Hololive_FlyingPonyTail+1","floor":48.0},{"not_picked":["Hololive_DevilCharm","Hololive_Trident+1","Hololive_Rebound","Hololive_CocoNews+1"],"picked":"SKIP","floor":54}],"player_experience":1109301,"relics_obtained":[{"floor":6.0,"key":"Bronze Scales"},{"floor":8.0,"key":"Ancient Tea Set"},{"floor":11.0,"key":"Ornamental Fan"},{"floor":23.0,"key":"Dead Branch"},{"floor":23.0,"key":"War Paint"},{"floor":25.0,"key":"Frozen Egg 2"},{"floor":25.0,"key":"Turnip"},{"floor":26.0,"key":"Blue Candle"},{"floor":30.0,"key":"Torii"},{"floor":30.0,"key":"Juzu Bracelet"},{"floor":41.0,"key":"Mercury Hourglass"},{"floor":41.0,"key":"Vajra"},{"floor":42.0,"key":"Akabeko"},{"floor":43.0,"key":"Potion Belt"},{"floor":47.0,"key":"Blood Vial"},{"floor":47.0,"key":"Molten Egg 2"},{"floor":54,"key":"Strawberry"},{"floor":54,"key":"HornCleat"}],"event_choices":[{"damage_healed":0.0,"max_hp_gain":0.0,"max_hp_loss":0.0,"gold_gain":0.0,"cards_transformed":["Hololive_Defend"],"event_name":"Living Wall","player_choice":"Change","floor":2.0,"gold_loss":0.0,"damage_taken":0.0,"cards_obtained":["Hololive_DurableLive"]},{"cards_removed":["Hololive_Defend"],"damage_healed":0.0,"max_hp_gain":0.0,"max_hp_loss":0.0,"gold_gain":0.0,"event_name":"The Cleric","player_choice":"Card Removal","floor":5.0,"gold_loss":50.0,"damage_taken":0.0},{"damage_healed":0.0,"max_hp_gain":5.0,"max_hp_loss":0.0,"gold_gain":0.0,"event_name":"Big Fish","player_choice":"Donut","floor":12.0,"gold_loss":0.0,"damage_taken":0.0},{"damage_healed":0.0,"max_hp_gain":0.0,"max_hp_loss":0.0,"gold_gain":99.0,"event_name":"Nest","player_choice":"Stole From Cult","floor":20.0,"gold_loss":0.0,"damage_taken":0.0},{"damage_healed":0.0,"max_hp_gain":0.0,"max_hp_loss":0.0,"gold_gain":0.0,"event_name":"Addict","player_choice":"Obtained Relic","floor":21.0,"gold_loss":85.0,"damage_taken":0.0,"relics_obtained":["MealTicket"]},{"damage_healed":0.0,"max_hp_gain":0.0,"max_hp_loss":0.0,"gold_gain":0.0,"event_name":"Duplicator","player_choice":"Copied","floor":22.0,"gold_loss":0.0,"damage_taken":0.0,"cards_obtained":["Hololive_FlareMind"]},{"damage_healed":0.0,"max_hp_gain":0.0,"max_hp_loss":0.0,"gold_gain":0.0,"event_name":"Tomb of Lord Red Mask","player_choice":"Ignored","floor":36.0,"gold_loss":0.0,"damage_taken":0.0},{"damage_healed":0.0,"max_hp_gain":0.0,"max_hp_loss":0.0,"gold_gain":100.0,"event_name":"Golden Shrine","player_choice":"Pray","floor":44.0,"gold_loss":0.0,"damage_taken":0.0},{"cards_removed":["Hololive_Strike"],"damage_healed":0.0,"max_hp_gain":0.0,"max_hp_loss":0.0,"gold_gain":0.0,"event_name":"Falling","player_choice":"Removed Attack","floor":45.0,"gold_loss":0.0,"damage_taken":0.0}],"is_beta":false,"boss_relics":[{"not_picked":["Ectoplasm","Hololive_ChaosS"],"picked":"Black Star"},{"not_picked":["Empty Cage","Cursed Key"],"picked":"Hololive_Finger"}],"items_purged_floors":[53],"is_endless":false,"potions_floor_spawned":[1,3,6,7,16,18,23,24,27,37,38,48,54],"ascension_level":14}}