{"host":"19tvufa8xx4wr4o1","time":1612581358,"event":{"mods":["AchievementEnabler","BaseMod","Better Sensory Stone","Better Third Choice","Highlight Path","Minty Spire (QoL Compilation)","Relic Stats","StSLib"],"gold_per_floor":[112,132,132,132,132,166,166,193,193,223,253,253,263,273,273,351,351,369,369,395,9,35,69,69,83,83,110,110,127,145,173,173,247,247,260,277,302,315,5,40,40,40,40,75,75,101,101,120,120,120],"floor_reached":51,"language":"ENG","playtime":2239,"items_purged":["Regret"],"score":2156,"play_id":"cfd90688-d3a7-4076-a6c1-626071d9b47e","local_time":"20210205211558","daily_mods":["SealedDeck","Heirloom","DeadlyEvents","Cursed Run","Elite Swarm"],"is_ascension_mode":true,"campfire_choices":[{"data":"True Grit","floor":7.0,"key":"SMITH"},{"data":"Limit Break","floor":12.0,"key":"SMITH"},{"data":"Armaments","floor":15.0,"key":"SMITH"},{"floor":24,"key":"REST"},{"data":"Double Tap","floor":28,"key":"SMITH"},{"floor":32,"key":"REST"},{"data":"Shockwave","floor":41,"key":"SMITH"},{"data":"True Grit","floor":42,"key":"SMITH"},{"data":"Limit Break","floor":45,"key":"SMITH"},{"data":"Double Tap","floor":47,"key":"SMITH"},{"data":"Metallicize","floor":49,"key":"SMITH"}],"circlet_count":0,"master_deck":["AscendersBane","Carnage","Metallicize+1","Clothesline","Pommel Strike","Armaments+1","True Grit+1","Shrug It Off","Shrug It Off","Battle Trance","Immolate","Injury","Limit Break+1","Demon Form+1","Pain","Brutality+1","True Grit+1","Corruption+1","Fiend Fire","Disarm","Doubt","Double Tap+1","Feel No Pain+1","Reaper","Injury","Juggernaut+1","Uppercut+1","Shockwave+1","Barricade+1","Doubt","Limit Break+1","Double Tap+1","Feel No Pain+1","Clumsy"],"relics":["Cursed Key","Darkstone Periapt","Du-Vu Doll","Dead Branch","HornCleat","Bottled Tornado","Mercury Hourglass","White Beast Statue","Frozen Egg 2","Sundial","Runic Cube","Red Mask","Question Card","Bag of Marbles","Bird Faced Urn","StrikeDummy","Prayer Wheel","Anchor","Snecko Eye","WingedGreaves","Champion Belt","Pantograph","Regal Pillow","Peace Pipe","Smiling Mask"],"acts_visited":["Exordium","TheCity","TheBeyond"],"potions_floor_usage":[27,33,50,50],"damage_taken":[{"damage":0.0,"enemies":"Small Slimes","floor":1.0,"turns":2.0},{"damage":0.0,"enemies":"Cultist","floor":2.0,"turns":2.0},{"damage":14.0,"enemies":"3 Sentries","floor":6.0,"turns":5.0},{"damage":0.0,"enemies":"Lagavulin","floor":8.0,"turns":5.0},{"damage":0.0,"enemies":"Gremlin Nob","floor":10.0,"turns":3.0},{"damage":10.0,"enemies":"3 Sentries","floor":11.0,"turns":4.0},{"damage":4.0,"enemies":"Jaw Worm","floor":13.0,"turns":2.0},{"damage":0.0,"enemies":"Blue Slaver","floor":14.0,"turns":3.0},{"damage":17.0,"enemies":"Hexaghost","floor":16.0,"turns":4.0},{"damage":17.0,"enemies":"2 Thieves","floor":18.0,"turns":2.0},{"damage":15.0,"enemies":"Masked Bandits","floor":20.0,"turns":3.0},{"damage":17.0,"enemies":"Slavers","floor":22.0,"turns":4.0},{"damage":4.0,"enemies":"Gremlin Leader","floor":23.0,"turns":4.0},{"damage":10,"enemies":"Chosen","floor":25,"turns":2},{"damage":25,"enemies":"Slavers","floor":27,"turns":3},{"damage":5,"enemies":"3 Cultists","floor":29,"turns":2},{"damage":3,"enemies":"Sentry and Sphere","floor":30,"turns":2},{"damage":8,"enemies":"Gremlin Leader","floor":31,"turns":4},{"damage":10,"enemies":"Champ","floor":33,"turns":6},{"damage":1,"enemies":"Orb Walker","floor":35,"turns":2},{"damage":5,"enemies":"3 Shapes","floor":36,"turns":4},{"damage":0,"enemies":"Mind Bloom Boss Battle","floor":37,"turns":1},{"damage":7,"enemies":"Transient","floor":38,"turns":3},{"damage":9,"enemies":"Nemesis","floor":40,"turns":1},{"damage":4,"enemies":"Giant Head","floor":44,"turns":5},{"damage":8,"enemies":"Reptomancer","floor":46,"turns":2},{"damage":10,"enemies":"Maw","floor":48,"turns":2},{"damage":6,"enemies":"Awakened One","floor":50,"turns":5}],"seed_played":"-4014486485768573248","potions_obtained":[{"floor":2.0,"key":"Energy Potion"},{"floor":8.0,"key":"Strength Potion"},{"floor":13.0,"key":"BloodPotion"},{"floor":22.0,"key":"Fruit Juice"},{"floor":23,"key":"ColorlessPotion"},{"floor":27,"key":"Energy Potion"},{"floor":30,"key":"CultistPotion"},{"floor":33,"key":"Ancient Potion"}],"is_trial":true,"path_per_floor":["M","M","?","$","T","E","R","E","T","E","E","R","M","M","R","B",null,"M","?","?","$","E","E","R","M","T","E","R","M","M","E","R","B",null,"M","M","?","M","$","E","R","R","T","E","R","E","R","M","R","B",null],"character_chosen":"IRONCLAD","items_purchased":["True Grit","Question Card","Champion Belt"],"campfire_rested":2,"item_purchase_floors":[21,21,39],"current_hp_per_floor":[68,68,73,73,79,65,65,65,71,71,61,61,57,57,57,46,81,64,64,49,49,55,51,80,74,80,61,61,62,63,65,96,110,110,109,108,110,110,110,105,105,105,111,116,116,112,112,112,112,122],"gold":120,"neow_bonus":"","is_daily":false,"chose_seed":false,"campfire_upgraded":9,"win_rate":0.0,"timestamp":1612581358,"path_taken":["M","M","?","?","?","E","R","E","T","?","E","R","?","?","R","BOSS","M","?","?","?","?","E","R","?","T","E","R","M","?","?","R","BOSS","M","M","?","M","$","E","R","R","T","E","R","E","R","M","R","BOSS"],"items_purchased_type":["Card","Relic","Relic"],"build_version":"2020-12-22","purchased_purges":1,"victory":true,"max_hp_per_floor":[75,75,75,75,81,81,81,81,87,87,87,87,87,87,87,93,93,93,93,93,93,98,98,98,98,104,104,104,104,104,104,104,110,110,110,110,110,110,110,110,110,110,116,116,116,116,116,116,116,122],"relic_stats":{"Darkstone Periapt":42,"Regal Pillow":0,"counters":[28,86],"Dead Branch":[269],"Cursed Key":4,"Question Card":23,"Smiling Mask":0,"Mercury Hourglass":[320],"Peace Pipe":0,"Sundial":[12],"Bird Faced Urn":[83],"Pantograph":4,"Snecko Eye":[52,44,63,47],"Prayer Wheel":6,"Champion Belt":[22],"obtain_stats":[{"Darkstone Periapt":0,"Regal Pillow":43,"Bottled Tornado":6,"Cursed Key":0,"Smiling Mask":46,"HornCleat":5,"Sundial":11,"Pantograph":40,"Prayer Wheel":27,"WingedGreaves":37,"Red Mask":20,"Runic Cube":17,"Dead Branch":0,"Frozen Egg 2":10,"Question Card":21,"White Beast Statue":9,"Mercury Hourglass":8,"Du-Vu Doll":0,"Peace Pipe":44,"Anchor":31,"Bird Faced Urn":23,"Snecko Eye":34,"Bag of Marbles":22,"Champion Belt":39,"StrikeDummy":26},{"Darkstone Periapt":0,"Regal Pillow":24,"Bottled Tornado":3,"Cursed Key":0,"Smiling Mask":26,"HornCleat":2,"Sundial":6,"Pantograph":24,"Prayer Wheel":15,"WingedGreaves":22,"Red Mask":11,"Runic Cube":9,"Dead Branch":0,"Frozen Egg 2":5,"Question Card":11,"White Beast Statue":4,"Mercury Hourglass":4,"Du-Vu Doll":0,"Peace Pipe":25,"Anchor":18,"Bird Faced Urn":13,"Snecko Eye":19,"Bag of Marbles":12,"Champion Belt":23,"StrikeDummy":14},{"Darkstone Periapt":0,"Regal Pillow":72,"Bottled Tornado":9,"Cursed Key":0,"Smiling Mask":79,"HornCleat":4,"Sundial":21,"Pantograph":72,"Prayer Wheel":47,"WingedGreaves":68,"Red Mask":34,"Runic Cube":30,"Dead Branch":0,"Frozen Egg 2":17,"Question Card":34,"White Beast Statue":14,"Mercury Hourglass":14,"Du-Vu Doll":0,"Peace Pipe":77,"Anchor":55,"Bird Faced Urn":42,"Snecko Eye":61,"Bag of Marbles":38,"Champion Belt":71,"StrikeDummy":44}],"Runic Cube":[95]},"card_choices":[{"not_picked":["Cleave","Sever Soul","Iron Wave"],"picked":"SKIP","floor":1.0},{"not_picked":["Power Through","Body Slam","Dropkick"],"picked":"SKIP","floor":2.0},{"not_picked":["Exhume","Impervious"],"picked":"Immolate","floor":6.0},{"not_picked":["Brutality","Barricade","Demon Form"],"picked":"SKIP","floor":8.0},{"not_picked":["Feed","Immolate"],"picked":"Limit Break","floor":10.0},{"not_picked":["Impervious","Exhume"],"picked":"Demon Form+1","floor":11.0},{"not_picked":["Pommel Strike","Spot Weakness","Headbutt"],"picked":"SKIP","floor":13.0},{"not_picked":["Thunderclap","Twin Strike","Iron Wave"],"picked":"SKIP","floor":14.0},{"not_picked":["Immolate","Fiend Fire"],"picked":"Brutality+1","floor":16.0},{"not_picked":["Sword Boomerang","Headbutt","Shrug It Off"],"picked":"SKIP","floor":18.0},{"not_picked":["Barricade+1","Juggernaut+1","Reaper"],"picked":"Corruption+1","floor":22.0},{"not_picked":["Immolate","Corruption+1","Barricade+1"],"picked":"Fiend Fire","floor":23},{"not_picked":["Flex","Evolve+1","Cleave+1"],"picked":"Disarm","floor":25},{"not_picked":["Corruption+1","Fiend Fire","Limit Break"],"picked":"Double Tap","floor":27},{"not_picked":["Uppercut","Searing Blow+1","Thunderclap","Sentinel+1"],"picked":"SKIP","floor":29},{"not_picked":["Entrench","Clothesline","Rampage","Sword Boomerang"],"picked":"SKIP","floor":29},{"not_picked":["Reckless Charge","Sword Boomerang","Clash"],"picked":"Feel No Pain+1","floor":30},{"not_picked":["Wild Strike","Combust+1","Intimidate","Infernal Blade"],"picked":"SKIP","floor":30},{"not_picked":["Brutality+1","Juggernaut+1","Double Tap"],"picked":"Reaper","floor":31},{"not_picked":["Double Tap","Feed","Fiend Fire"],"picked":"Juggernaut+1","floor":33},{"not_picked":["Anger+1","Havoc+1","Shrug It Off"],"picked":"Uppercut+1","floor":35},{"not_picked":["Dark Embrace+1","Thunderclap","Clothesline","Brutality+1"],"picked":"SKIP","floor":35},{"not_picked":["Sword Boomerang","Dual Wield","Cleave","Heavy Blade"],"picked":"SKIP","floor":36},{"not_picked":["Dropkick+1","Carnage","True Grit","Pommel Strike"],"picked":"SKIP","floor":36},{"not_picked":["Fire Breathing+1","Combust+1","Uppercut"],"picked":"Shockwave","floor":38},{"not_picked":["Inflame+1","Rupture+1","Sever Soul","Shrug It Off"],"picked":"SKIP","floor":38},{"not_picked":["Reaper","Offering","Immolate"],"picked":"Barricade+1","floor":40},{"not_picked":["Corruption+1","Bludgeon","Double Tap"],"picked":"Limit Break","floor":44},{"not_picked":["Immolate","Barricade+1","Brutality+1"],"picked":"Double Tap","floor":46},{"not_picked":["Clothesline","Power Through+1","Pommel Strike"],"picked":"Feel No Pain+1","floor":48},{"not_picked":["Thunderclap","Sword Boomerang","Reckless Charge","Searing Blow"],"picked":"SKIP","floor":48},{"not_picked":["Thunderclap","Sword Boomerang","Reckless Charge","Searing Blow"],"picked":"SKIP","floor":48}],"player_experience":622953,"relics_obtained":[{"floor":5.0,"key":"HornCleat"},{"floor":6.0,"key":"Bottled Tornado"},{"floor":8.0,"key":"Mercury Hourglass"},{"floor":9.0,"key":"White Beast Statue"},{"floor":10.0,"key":"Frozen Egg 2"},{"floor":11.0,"key":"Sundial"},{"floor":20.0,"key":"Red Mask"},{"floor":22.0,"key":"Bag of Marbles"},{"floor":23,"key":"Bird Faced Urn"},{"floor":26,"key":"StrikeDummy"},{"floor":27,"key":"Prayer Wheel"},{"floor":31,"key":"Anchor"},{"floor":37,"key":"WingedGreaves"},{"floor":40,"key":"Pantograph"},{"floor":43,"key":"Regal Pillow"},{"floor":44,"key":"Peace Pipe"},{"floor":46,"key":"Smiling Mask"}],"event_choices":[{"cards_removed":["Iron Wave"],"damage_healed":5.0,"max_hp_gain":0.0,"max_hp_loss":0.0,"gold_gain":0.0,"event_name":"Bonfire Elementals","player_choice":"Offered Common","floor":3.0,"gold_loss":0.0,"damage_taken":0.0},{"cards_removed":["Iron Wave"],"damage_healed":5.0,"max_hp_gain":0.0,"max_hp_loss":0.0,"gold_gain":0.0,"event_name":"Bonfire Elementals","player_choice":"Offered Special","floor":3.0,"gold_loss":0.0,"damage_taken":0.0},{"damage_healed":0.0,"max_hp_gain":0.0,"max_hp_loss":0.0,"gold_gain":0.0,"event_name":"Ghosts","player_choice":"Ignored","floor":19.0,"gold_loss":0.0,"damage_taken":0.0},{"damage_healed":0.0,"max_hp_gain":0.0,"max_hp_loss":0.0,"gold_gain":0.0,"event_name":"Masked Bandits","player_choice":"Fought Bandits","floor":20.0,"gold_loss":0.0,"damage_taken":0.0},{"damage_healed":0,"gold_gain":0,"player_choice":"Fight","damage_taken":0,"max_hp_gain":0,"max_hp_loss":0,"event_name":"MindBloom","floor":37,"gold_loss":0}],"is_beta":false,"boss_relics":[{"not_picked":["Calling Bell","SlaversCollar"],"picked":"Runic Cube"},{"not_picked":["Busted Crown","Black Star"],"picked":"Snecko Eye"}],"items_purged_floors":[21],"is_endless":false,"potions_floor_spawned":[2,8,10,11,13,14,16,18,20,22,23,25,27,29,30,31,33,35,36,37,38,40,44,46,48],"ascension_level":15}}