{"host":"5sge6gv1nm0vflk2","time":1612608330,"event":{"mods":["AchievementEnabler","Aspiration","Bard","BaseMod","Beaked The Cultist","Better Third Choice","BetterRewards","Challenge The Spire","Colored Powertips","Conspire","Curses Come First","Downfall","Halation","Hubris","Infinite Spire","Minty Spire (QoL Compilation)","Relic Stats","Shade Mod","Shop Mod","Spicy Shops","StSLib","The Construct","The Cursed","The Disciple","The Hierophant","The Runesmith","The Servant 0.9.4"],"gold_per_floor":[109,109,34,0,0,0,13,13,85,85,103,132,142,142,142,237,237,255,255,274,18,18,18,44,60,85,85,110,122,151,165,165,269,269,285,302,349,212,231,258,258,292,315,315,315,315,315,332,332,332],"floor_reached":51,"language":"ENG","playtime":5444,"items_purged":["Injury","downfall:Bewildered","WasteNot"],"score":836,"play_id":"0e7348dc-cbaf-46c4-98b8-927b97288dac","local_time":"20210206044530","is_ascension_mode":false,"campfire_choices":[{"data":"Enlightenment","floor":6.0,"key":"SMITH"},{"data":"Rearm","floor":8.0,"key":"SMITH"},{"data":"Potential","floor":10.0,"key":"SMITH"},{"floor":15.0,"key":"REST"},{"data":"FlawlessForm","floor":23.0,"key":"SMITH"},{"data":"Replace","floor":32.0,"key":"SMITH"},{"floor":44,"key":"REST"},{"data":"SilverBlades","floor":49,"key":"SMITH"}],"circlet_count":0,"master_deck":["KidneyShot","Exchange","Starlight","Rearm+1","PendulumOfEternity","Enlightenment+1","Potential+1","TimeWarp","Ricochet","Rewind+1","FlawlessForm+1","TimeTheft","Desolation","Luminosity","Embodiment","SilverMatrix","Advance","InstantArmor+1","FastForward+1","hierophant:Encroach","SurpressingFire","Unruled","Spin","ShatteredReality","Rearm","Comet+1","Replace+1","Initiator","Revamp+1","SilverBlades+1","Moonlight+1","Alleviate","BottledTime","hubris:InfiniteBlow","Orbit"],"relics":["Uniform","halation:Toothbrush","Broom","MerchantsRug","Eternal Feather","sneckomod:BabySnecko","FaceOfCleric","sneckomod:BlankCard","Bag of Preparation","hubris:Backtick","hubris:64BitClover","conspire:TreasureMap","Lantern","Blood Vial","PaperSwan","hubris:SlimyHat","hubris:Towel","Bird Faced Urn","aspiration:HummingbirdHeart"],"acts_visited":["Exordium","TheCity","TheBeyond"],"potions_floor_usage":[50],"damage_taken":[{"damage":3.0,"enemies":"Small Slimes","floor":1.0,"turns":4.0},{"damage":5.0,"enemies":"2 Louse","floor":7.0,"turns":2.0},{"damage":6.0,"enemies":"Jaw Worm","floor":11.0,"turns":3.0},{"damage":11.0,"enemies":"Lagavulin","floor":12.0,"turns":5.0},{"damage":0.0,"enemies":"2 Fungi Beasts","floor":13.0,"turns":3.0},{"damage":49.0,"enemies":"Hexaghost","floor":16.0,"turns":15.0},{"damage":0.0,"enemies":"3 Byrds","floor":18.0,"turns":4.0},{"damage":0.0,"enemies":"Spheric Guardian","floor":20.0,"turns":3.0},{"damage":7.0,"enemies":"Shelled Parasite and Fungi","floor":25.0,"turns":3.0},{"damage":0.0,"enemies":"conspire:Head Lice","floor":28.0,"turns":6.0},{"damage":0.0,"enemies":"Centurion and Healer","floor":29.0,"turns":3.0},{"damage":0.0,"enemies":"conspire:SneckoGhost","floor":30.0,"turns":4.0},{"damage":3.0,"enemies":"3 Cultists","floor":31.0,"turns":4.0},{"damage":1.0,"enemies":"conspire:MysteriousRune","floor":33.0,"turns":6.0},{"damage":0.0,"enemies":"Orb Walker","floor":35.0,"turns":4.0},{"damage":13.0,"enemies":"3 Darklings","floor":36.0,"turns":3.0},{"damage":40.0,"enemies":"2 Orb Walkers","floor":37.0,"turns":5.0},{"damage":27.0,"enemies":"Transient","floor":39.0,"turns":5.0},{"damage":15.0,"enemies":"conspire:MimicChest","floor":40.0,"turns":5.0},{"damage":5,"enemies":"Reptomancer","floor":42,"turns":5},{"damage":1,"enemies":"Spire Growth","floor":48,"turns":3},{"damage":60,"enemies":"Awakened One","floor":50,"turns":11}],"seed_played":"465995951288181405","potions_obtained":[{"floor":1.0,"key":"Guardian:BlockOnCardUsePotion"},{"floor":13.0,"key":"Guardian:BlockOnCardUsePotion"},{"floor":16.0,"key":"FairyPotion"},{"floor":28.0,"key":"Energy Potion"},{"floor":31.0,"key":"infinitespire:BlackPotion"},{"floor":37.0,"key":"GamblersBrew"},{"floor":40.0,"key":"Guardian:BlockOnCardUsePotion"},{"floor":42,"key":"ColorlessPotion"},{"floor":48,"key":"GamblersBrew"}],"is_trial":true,"path_per_floor":["M","?","$","?","$","R","M","R","T","R","M","E","M","?","R","B",null,"M","?","M","$","?","R","$","M","T","?","E","M","E","M","R","B",null,"M","M","?","$","M","?","$","E","T","R","?","AVR","T","M","R","B",null],"character_chosen":"THE_SERVANT","items_purchased":["PendulumOfEternity","MerchantsRug","Eternal Feather","SurpressingFire","Unruled","conspire:TreasureMap","Blood Vial"],"campfire_rested":2,"item_purchase_floors":[3,21,21,21,21,38,41],"current_hp_per_floor":[62,62,62,68,68,68,63,63,63,63,57,46,46,49,71,22,74,74,66,66,69,69,77,77,70,70,70,71,72,73,71,81,81,82,83,71,32,35,9,27,17,15,15,60,60,63,63,69,90,38],"gold":332,"neow_bonus":"","is_daily":false,"chose_seed":true,"campfire_upgraded":6,"win_rate":0.0,"timestamp":1612608330,"path_taken":["M","?","$","?","?","R","M","R","T","R","M","E","?","?","R","BOSS","M","?","M","$","?","R","?","M","T","?","E","?","E","M","R","BOSS","M","M","?","$","M","?","?","E","T","R","?","AVR","?","M","R","BOSS"],"items_purchased_type":["Card","Relic","Relic","Card","Card","Relic","Relic"],"build_version":"2020-12-22","purchased_purges":3,"victory":true,"max_hp_per_floor":[65,65,65,71,71,71,71,71,71,71,71,71,71,74,74,74,74,74,74,74,77,77,77,77,77,77,77,78,79,80,81,81,82,82,83,84,85,88,89,90,90,91,91,91,91,94,94,95,95,96],"relic_stats":{"Blood Vial":6,"FaceOfCleric":13,"counters":[22,106],"Bird Faced Urn":[9],"Eternal Feather":57,"Bag of Preparation":[20],"obtain_stats":[{"MerchantsRug":21,"conspire:TreasureMap":38,"Lantern":40,"hubris:64BitClover":34,"sneckomod:BlankCard":28,"Eternal Feather":21,"Uniform":0,"Broom":12,"Bag of Preparation":30,"hubris:SlimyHat":43,"aspiration:HummingbirdHeart":47,"PaperSwan":42,"War Paint":26,"hubris:Towel":45,"PrismaticShard":19,"Blood Vial":41,"sneckomod:BabySnecko":22,"hubris:Backtick":34,"FaceOfCleric":27,"Gambling Chip":37,"Bird Faced Urn":46,"Pandora\u0027s Box":17,"halation:Toothbrush":9},{"MerchantsRug":8,"conspire:TreasureMap":17,"Lantern":19,"hubris:64BitClover":14,"sneckomod:BlankCard":10,"Eternal Feather":8,"Uniform":0,"Broom":4,"Bag of Preparation":12,"hubris:SlimyHat":20,"aspiration:HummingbirdHeart":20,"PaperSwan":20,"War Paint":9,"hubris:Towel":20,"PrismaticShard":7,"Blood Vial":19,"sneckomod:BabySnecko":8,"hubris:Backtick":14,"FaceOfCleric":9,"Gambling Chip":17,"Bird Faced Urn":20,"Pandora\u0027s Box":6,"halation:Toothbrush":2},{"MerchantsRug":39,"conspire:TreasureMap":77,"Lantern":87,"hubris:64BitClover":65,"sneckomod:BlankCard":48,"Eternal Feather":39,"Uniform":0,"Broom":14,"Bag of Preparation":55,"hubris:SlimyHat":92,"aspiration:HummingbirdHeart":92,"PaperSwan":92,"War Paint":42,"hubris:Towel":92,"PrismaticShard":36,"Blood Vial":87,"sneckomod:BabySnecko":39,"hubris:Backtick":65,"FaceOfCleric":42,"Gambling Chip":77,"Bird Faced Urn":92,"Pandora\u0027s Box":32,"halation:Toothbrush":6}]},"card_choices":[{"not_picked":["Unruled","TimeTheft"],"picked":"Starlight","floor":1.0},{"not_picked":["Foresight","BottledTime"],"picked":"Potential","floor":7.0},{"not_picked":["FastForward","Revamp"],"picked":"TimeWarp","floor":11.0},{"not_picked":["TimeWarp","Starlight"],"picked":"Ricochet","floor":12.0},{"not_picked":["Starlight","Potential"],"picked":"Rewind","floor":13.0},{"not_picked":["Duplication","PendulumOfEternity"],"picked":"FlawlessForm","floor":16.0},{"not_picked":["FanOfKnives","Reset"],"picked":"InstantArmor+1","floor":18.0},{"not_picked":["Luminosity","TimeWarp"],"picked":"FastForward","floor":19.0},{"not_picked":["Shade:Excise","JustLucky"],"picked":"hierophant:Encroach","floor":20.0},{"not_picked":["Desolation","Moondial"],"picked":"Spin","floor":25.0},{"not_picked":["Deny","FastForward+1"],"picked":"ShatteredReality","floor":28.0},{"not_picked":["TimeWarp","Desolation+1"],"picked":"Rearm","floor":29.0},{"not_picked":["RealityMarble+1","FlawlessForm"],"picked":"Comet+1","floor":30.0},{"not_picked":["Revamp","DoubleEdge+1"],"picked":"Replace","floor":31.0},{"not_picked":["Sunlight","TrueSight"],"picked":"Initiator","floor":33.0},{"not_picked":["Shuttle+1","BottledTime+1"],"picked":"Revamp+1","floor":35.0},{"not_picked":["Ricochet","ShatteredReality+1","Manipulate"],"picked":"SKIP","floor":36.0},{"not_picked":["TimeWarp+1","Starlight+1"],"picked":"SilverBlades","floor":37.0},{"not_picked":["Ricochet+1","Deadline"],"picked":"Moonlight+1","floor":39.0},{"not_picked":["Luminosity","SurpressingFire+1"],"picked":"Alleviate","floor":40.0},{"not_picked":["Starlight+1","TrueSight"],"picked":"BottledTime","floor":42},{"not_picked":["Ricochet","Rewind"],"picked":"Orbit","floor":48}],"player_experience":478527,"relics_obtained":[{"floor":9.0,"key":"halation:Toothbrush"},{"floor":12.0,"key":"Broom"},{"floor":19.0,"key":"PrismaticShard"},{"floor":26.0,"key":"War Paint"},{"floor":28.0,"key":"sneckomod:BlankCard"},{"floor":30.0,"key":"Bag of Preparation"},{"floor":37.0,"key":"Gambling Chip"},{"floor":40.0,"key":"Lantern"},{"floor":42,"key":"PaperSwan"},{"floor":43,"key":"hubris:SlimyHat"},{"floor":47,"key":"aspiration:HummingbirdHeart"}],"event_choices":[{"damage_healed":0.0,"max_hp_gain":0.0,"max_hp_loss":0.0,"gold_gain":0.0,"event_name":"betterThird:BetterSerpent","player_choice":"RENOUNCE","floor":4.0,"gold_loss":34.0,"damage_taken":34.0,"cards_obtained":["Enlightenment"]},{"cards_removed":["Strike_S"],"damage_healed":0.0,"max_hp_gain":0.0,"max_hp_loss":0.0,"gold_gain":0.0,"event_name":"Bonfire Elementals","player_choice":"Offered Basic","floor":14.0,"gold_loss":0.0,"damage_taken":0.0},{"damage_healed":0.0,"max_hp_gain":0.0,"max_hp_loss":0.0,"gold_gain":0.0,"event_name":"FaceTrader","player_choice":"Trade","floor":27.0,"gold_loss":0.0,"damage_taken":0.0,"relics_obtained":["FaceOfCleric"]},{"damage_healed":0.0,"max_hp_gain":0.0,"max_hp_loss":0.0,"gold_gain":0.0,"event_name":"Mysterious Sphere","player_choice":"Fight","floor":37.0,"gold_loss":0.0,"damage_taken":0.0}],"is_beta":false,"boss_relics":[{"not_picked":["hubris:BlackHole","beaked:SacredDeck"],"picked":"Pandora\u0027s Box"},{"not_picked":["aspiration:RunicSpoon","expansioncontent:StudyCardRelic"],"picked":"hubris:Backtick"}],"items_purged_floors":[21,38,46],"is_endless":false,"potions_floor_spawned":[1,13,16,28,31,37,40,42,48],"ascension_level":0}}