{"host":"at5b10nm0iti0w4x","time":1612645625,"event":{"mods":["AchievementEnabler","BaseMod","Bestiary","Block Reminder","Colored Map","Colored Powertips","Highlight Path","Keyboard Shortcuts","Minty Spire (QoL Compilation)","Relic Stats","StSLib","SuperFastMode"],"gold_per_floor":[114,127,138,25,37,37,62,62,85,85,96,121,135,150,150,246,246,265,265,180,105,92,92,125,142,142,162,172,29,63,83,83,183,183,200,200,200,200,250,285,285,300,300,310,665,676,676,16,16,16],"floor_reached":51,"language":"ENG","playtime":2802,"items_purged":["Strike_B"],"score":829,"play_id":"9c7fe645-b78e-452d-aeee-96aec7743e09","local_time":"20210206160705","is_ascension_mode":false,"campfire_choices":[{"data":"Genetic Algorithm","floor":6,"key":"SMITH"},{"data":"Defragment","floor":8,"key":"SMITH"},{"data":"Zap","floor":15,"key":"SMITH"},{"floor":23,"key":"REST"},{"data":"Machine Learning","floor":32,"key":"SMITH"},{"data":"Mayhem","floor":41,"key":"SMITH"},{"floor":49,"key":"REST"}],"circlet_count":0,"master_deck":["Strike_B","Defend_B","Defend_B","Defend_B","Defend_B","Zap+1","Dualcast","Redo","Beam Cell","Self Repair","Genetic Algorithm+1","Fusion+1","Sweeping Beam","Defragment+1","Self Repair","Darkness","Aggregate","Gash","Leap+1","Gash+1","Go for the Eyes","Compile Driver+1","Steam+1","Machine Learning+1","Force Field+1","Melter","Seek","Barrage","Panacea","Mayhem+1","Electrodynamics","White Noise+1","Streamline+1","Gash","White Noise","Mayhem+1","Heatsinks+1","Chill+1"],"relics":["Cracked Core","Potion Belt","Blood Vial","Bag of Marbles","PreservedInsect","Black Star","Nilry\u0027s Codex","Juzu Bracelet","Lantern","Unceasing Top","Bird Faced Urn","Meat on the Bone","Question Card","Inserter","CaptainsWheel","Letter Opener","Darkstone Periapt","Frozen Egg 2","Old Coin","Ancient Tea Set","Toolbox","Dream Catcher"],"acts_visited":["Exordium","TheCity","TheBeyond"],"potions_floor_usage":[7,7,16,16,24,30,30,33,33,33,50,50,50,50],"damage_taken":[{"damage":6,"enemies":"Jaw Worm","floor":1,"turns":4},{"damage":0,"enemies":"Cultist","floor":2,"turns":3},{"damage":0,"enemies":"2 Louse","floor":3,"turns":2},{"damage":6,"enemies":"2 Fungi Beasts","floor":5,"turns":4},{"damage":5,"enemies":"Gremlin Nob","floor":7,"turns":3},{"damage":26,"enemies":"Large Slime","floor":11,"turns":3},{"damage":43,"enemies":"3 Sentries","floor":12,"turns":7},{"damage":10,"enemies":"Looter","floor":13,"turns":4},{"damage":8,"enemies":"Red Slaver","floor":14,"turns":4},{"damage":40,"enemies":"The Guardian","floor":16,"turns":10},{"damage":22,"enemies":"Shell Parasite","floor":18,"turns":5},{"damage":12,"enemies":"2 Thieves","floor":22,"turns":4},{"damage":55,"enemies":"Book of Stabbing","floor":24,"turns":7},{"damage":0,"enemies":"Chosen and Byrds","floor":25,"turns":6},{"damage":21,"enemies":"Snecko","floor":27,"turns":8},{"damage":13,"enemies":"Centurion and Healer","floor":28,"turns":6},{"damage":62,"enemies":"Gremlin Leader","floor":30,"turns":7},{"damage":18,"enemies":"Snake Plant","floor":31,"turns":6},{"damage":46,"enemies":"Collector","floor":33,"turns":8},{"damage":16,"enemies":"3 Darklings","floor":35,"turns":7},{"damage":52,"enemies":"Mind Bloom Boss Battle","floor":39,"turns":8},{"damage":43,"enemies":"Giant Head","floor":40,"turns":7},{"damage":4,"enemies":"3 Shapes","floor":42,"turns":4},{"damage":0,"enemies":"Jaw Worm Horde","floor":44,"turns":3},{"damage":65,"enemies":"2 Orb Walkers","floor":45,"turns":4},{"damage":23,"enemies":"3 Darklings","floor":46,"turns":4},{"damage":0,"enemies":"Donu and Deca","floor":50,"turns":4}],"seed_played":"-2477919230783228884","potions_obtained":[{"floor":2,"key":"BlessingOfTheForge"},{"floor":3,"key":"AttackPotion"},{"floor":11,"key":"EssenceOfSteel"},{"floor":13,"key":"Swift Potion"},{"floor":14,"key":"SteroidPotion"},{"floor":16,"key":"SpeedPotion"},{"floor":18,"key":"BlessingOfTheForge"},{"floor":22,"key":"LiquidMemories"},{"floor":28,"key":"Regen Potion"},{"floor":30,"key":"Ancient Potion"},{"floor":33,"key":"Fire Potion"},{"floor":40,"key":"Fire Potion"},{"floor":42,"key":"BlessingOfTheForge"},{"floor":45,"key":"ColorlessPotion"},{"floor":46,"key":"LiquidBronze"},{"floor":47,"key":"Regen Potion"},{"floor":47,"key":"PowerPotion"},{"floor":47,"key":"SkillPotion"}],"is_trial":false,"path_per_floor":["M","M","M","$","M","R","E","R","T","?","M","E","M","M","R","B",null,"M","?","?","?","M","R","E","M","T","M","M","$","E","M","R","B",null,"M","?","?","?","?","E","R","M","T","M","?","M","?","$","R","B",null],"character_chosen":"DEFECT","items_purchased":["Genetic Algorithm","Fusion","Machine Learning","Mayhem+1","Ancient Tea Set","Toolbox","Dream Catcher","Heatsinks+1"],"campfire_rested":2,"item_purchase_floors":[4,4,29,48,48,48,48,48],"current_hp_per_floor":[69,69,69,69,70,70,72,72,72,72,55,28,34,42,42,18,75,67,51,51,51,48,70,31,40,40,43,58,58,38,52,52,46,75,75,75,65,85,63,60,60,73,73,85,49,68,68,68,85,85],"gold":16,"neow_bonus":"RANDOM_COMMON_RELIC","is_daily":false,"chose_seed":false,"campfire_upgraded":5,"win_rate":0.0,"timestamp":1612645625,"path_taken":["M","M","M","$","M","R","E","R","T","?","M","E","M","M","R","BOSS","M","?","?","?","M","R","E","M","T","M","M","$","E","M","R","BOSS","M","?","?","?","?","E","R","M","T","M","?","M","?","$","R","BOSS"],"items_purchased_type":["Card","Card","Card","Card","Relic","Relic","Relic","Card"],"build_version":"2020-12-22","purchased_purges":1,"victory":true,"max_hp_per_floor":[75,75,75,75,75,75,75,75,75,75,75,75,75,75,75,75,75,75,75,75,75,75,75,75,75,75,75,75,75,75,75,75,75,75,75,75,75,85,85,85,85,85,85,85,85,85,85,85,85,85],"relic_stats":{"Darkstone Periapt":0,"Inserter":[20],"counters":[27,142],"PreservedInsect":211,"Juzu Bracelet":1,"Letter Opener":[132],"Question Card":13,"Blood Vial":34,"Dream Catcher":1,"Bird Faced Urn":[138],"Black Star":3,"obtain_stats":[{"Potion Belt":0,"Darkstone Periapt":40,"Lantern":24,"Inserter":34,"Nilry\u0027s Codex":19,"PreservedInsect":12,"Juzu Bracelet":20,"Letter Opener":40,"Frozen Egg 2":43,"Question Card":30,"Ancient Tea Set":48,"Old Coin":45,"Blood Vial":7,"CaptainsWheel":39,"Dream Catcher":48,"Bird Faced Urn":26,"Toolbox":48,"Bag of Marbles":9,"Black Star":17,"Cracked Core":0,"Unceasing Top":24,"Meat on the Bone":30},{"Potion Belt":0,"Darkstone Periapt":22,"Lantern":13,"Inserter":19,"Nilry\u0027s Codex":11,"PreservedInsect":7,"Juzu Bracelet":11,"Letter Opener":22,"Frozen Egg 2":23,"Question Card":17,"Ancient Tea Set":26,"Old Coin":25,"Blood Vial":5,"CaptainsWheel":21,"Dream Catcher":26,"Bird Faced Urn":14,"Toolbox":26,"Bag of Marbles":5,"Black Star":10,"Cracked Core":0,"Unceasing Top":13,"Meat on the Bone":17},{"Potion Belt":0,"Darkstone Periapt":123,"Lantern":60,"Inserter":101,"Nilry\u0027s Codex":49,"PreservedInsect":26,"Juzu Bracelet":49,"Letter Opener":123,"Frozen Egg 2":127,"Question Card":87,"Ancient Tea Set":138,"Old Coin":134,"Blood Vial":16,"CaptainsWheel":116,"Dream Catcher":138,"Bird Faced Urn":66,"Toolbox":138,"Bag of Marbles":16,"Black Star":44,"Cracked Core":0,"Unceasing Top":60,"Meat on the Bone":87}],"Unceasing Top":[88],"Meat on the Bone":48},"card_choices":[{"not_picked":["Barrage","Force Field"],"picked":"Redo","floor":1},{"not_picked":["Hologram","Cold Snap"],"picked":"Beam Cell","floor":2},{"not_picked":["Gash","Ball Lightning"],"picked":"Self Repair","floor":3},{"not_picked":["Coolheaded","Force Field"],"picked":"Sweeping Beam","floor":5},{"not_picked":["Darkness","Barrage"],"picked":"Defragment","floor":7},{"not_picked":["Coolheaded","Stack"],"picked":"Self Repair","floor":11},{"not_picked":["Multi-Cast","Skim"],"picked":"Darkness","floor":12},{"not_picked":["Beam Cell","Darkness"],"picked":"Aggregate","floor":13},{"not_picked":["Cold Snap","Steam Power"],"picked":"Gash","floor":14},{"not_picked":["Conserve Battery","Tempest"],"picked":"Leap+1","floor":18},{"not_picked":["Beam Cell+1","Sweeping Beam+1"],"picked":"Gash+1","floor":22},{"not_picked":["Aggregate+1","Beam Cell"],"picked":"Go for the Eyes","floor":24},{"not_picked":["Cold Snap","Heatsinks"],"picked":"Compile Driver+1","floor":25},{"not_picked":["Fission","Go for the Eyes","Steam"],"picked":"SKIP","floor":27},{"not_picked":["Consume","Coolheaded"],"picked":"Steam+1","floor":28},{"not_picked":["Hologram","Ball Lightning+1"],"picked":"Force Field+1","floor":30},{"not_picked":["Steam","Tempest+1","Reinforced Body"],"picked":"Melter","floor":31},{"not_picked":["All For One","Fission","Rainbow"],"picked":"Seek","floor":33},{"not_picked":["Coolheaded+1","Steam","Compile Driver+1"],"picked":"Barrage","floor":35},{"not_picked":["HandOfGreed","Purity","Secret Weapon"],"picked":"Panacea","floor":37},{"not_picked":["Bandage Up","Good Instincts","Swift Strike"],"picked":"Mayhem","floor":37},{"not_picked":["Blind","Bandage Up","The Bomb"],"picked":"Apotheosis","floor":37},{"not_picked":["Barrage+1","Doom and Gloom","Sweeping Beam+1"],"picked":"Electrodynamics","floor":40},{"not_picked":["FTL","Sweeping Beam","Compile Driver+1"],"picked":"White Noise+1","floor":42},{"not_picked":["Skim+1","Cold Snap","Rainbow"],"picked":"Streamline+1","floor":44},{"not_picked":["Compile Driver+1","Streamline","Conserve Battery"],"picked":"Gash","floor":45},{"not_picked":["Doom and Gloom+1","Sweeping Beam","Consume"],"picked":"White Noise","floor":46},{"not_picked":["Genetic Algorithm+1","Redo+1","Coolheaded+1"],"picked":"Chill+1","floor":49}],"player_experience":49331,"relics_obtained":[{"floor":7,"key":"Blood Vial"},{"floor":9,"key":"Bag of Marbles"},{"floor":12,"key":"PreservedInsect"},{"floor":19,"key":"Nilry\u0027s Codex"},{"floor":24,"key":"Lantern"},{"floor":24,"key":"Unceasing Top"},{"floor":26,"key":"Bird Faced Urn"},{"floor":30,"key":"Meat on the Bone"},{"floor":30,"key":"Question Card"},{"floor":39,"key":"CaptainsWheel"},{"floor":40,"key":"Letter Opener"},{"floor":40,"key":"Darkstone Periapt"},{"floor":43,"key":"Frozen Egg 2"},{"floor":45,"key":"Old Coin"}],"event_choices":[{"damage_healed":0,"gold_gain":0,"player_choice":"Forge","damage_taken":0,"max_hp_gain":0,"max_hp_loss":0,"event_name":"Accursed Blacksmith","floor":10,"gold_loss":0,"cards_upgraded":["Fusion"]},{"damage_healed":0,"gold_gain":0,"player_choice":"Obtained Book","damage_taken":16,"max_hp_gain":0,"max_hp_loss":0,"event_name":"Cursed Tome","floor":19,"gold_loss":0},{"damage_healed":0,"gold_gain":0,"player_choice":"Obtained Relic","damage_taken":0,"relics_obtained":["Juzu Bracelet"],"max_hp_gain":0,"max_hp_loss":0,"event_name":"Addict","floor":20,"gold_loss":85},{"cards_removed":["Strike_B"],"damage_healed":0,"gold_gain":0,"player_choice":"Gave Gold","damage_taken":0,"max_hp_gain":0,"max_hp_loss":0,"event_name":"Beggar","floor":21,"gold_loss":75},{"cards_removed":["Strike_B"],"damage_healed":0,"gold_gain":0,"player_choice":"Removed Attack","damage_taken":0,"max_hp_gain":0,"max_hp_loss":0,"event_name":"Falling","floor":36,"gold_loss":0},{"damage_healed":0,"gold_gain":0,"player_choice":"Memory 3","damage_taken":10,"max_hp_gain":0,"max_hp_loss":0,"event_name":"SensoryStone","floor":37,"gold_loss":0},{"cards_removed":["Apotheosis"],"damage_healed":10,"gold_gain":0,"player_choice":"Offered Rare","damage_taken":0,"max_hp_gain":10,"max_hp_loss":0,"event_name":"Bonfire Elementals","floor":38,"gold_loss":0},{"damage_healed":0,"gold_gain":0,"player_choice":"Fight","damage_taken":0,"max_hp_gain":0,"max_hp_loss":0,"event_name":"MindBloom","floor":39,"gold_loss":0},{"damage_healed":0,"gold_gain":0,"player_choice":"Fight","damage_taken":0,"max_hp_gain":0,"max_hp_loss":0,"event_name":"Mysterious Sphere","floor":45,"gold_loss":0},{"damage_healed":0,"gold_gain":0,"player_choice":"Got Potions","damage_taken":0,"max_hp_gain":0,"max_hp_loss":0,"event_name":"Lab","floor":47,"gold_loss":0}],"is_beta":false,"boss_relics":[{"not_picked":["Philosopher\u0027s Stone","Cursed Key"],"picked":"Black Star"},{"not_picked":["Coffee Dripper","Tiny House"],"picked":"Inserter"}],"items_purged_floors":[29],"is_endless":false,"potions_floor_spawned":[2,3,11,13,14,16,18,22,28,30,33,40,42,45,46],"ascension_level":0}}