{"host":"v4uyxn0vi5l8udd0","time":1612624310,"event":{"mods":["AchievementEnabler","BaseMod","Downfall","Minty Spire (QoL Compilation)","StSLib","The Cursed","The Servant 0.9.4"],"gold_per_floor":[199,216,227,33,33,52,101,115,215,215,100,114,126,42,53,53,53,53],"floor_reached":16,"language":"ENG","playtime":916,"items_purged":["hexamod:Strike","hexamod:Strike"],"score":94,"play_id":"96dc415b-f880-45fe-b594-ecb7a2ac334c","local_time":"20210206161150","is_ascension_mode":false,"campfire_choices":[{"data":"hexamod:Float","floor":1,"key":"SMITH"},{"data":"hexamod:ExtraCrispy","floor":10,"key":"SMITH"}],"circlet_count":0,"master_deck":["hexamod:Strike","hexamod:Strike","hexamod:Defend","hexamod:Defend","hexamod:Defend","hexamod:Defend","hexamod:Sear","hexamod:Float+1","hexamod:ExtraCrispy+1","hexamod:SkipABeat","hexamod:Firestarter","hexamod:RadiantFlame","hexamod:FastForward","hexamod:PhantomCloak","hexamod:GhostflameBarrier","hexamod:SoulSteal","hexamod:GhostOfSpirePresent"],"relics":["hexamod:SpiritBrand","Omamori"],"acts_visited":["Exordium"],"potions_floor_usage":[11,15],"damage_taken":[{"damage":4,"enemies":"2 Louse","floor":2,"turns":3},{"damage":3,"enemies":"Small Slimes","floor":3,"turns":3},{"damage":0,"enemies":"downfall:FleeingMerchant","floor":4,"turns":4},{"damage":1,"enemies":"Cultist","floor":6,"turns":4},{"damage":22,"enemies":"Exordium Thugs","floor":8,"turns":6},{"damage":5,"enemies":"downfall:FleeingMerchant","floor":11,"turns":4},{"damage":10,"enemies":"Lots of Slimes","floor":12,"turns":7},{"damage":2,"enemies":"Blue Slaver","floor":13,"turns":7},{"damage":10,"enemies":"downfall:FleeingMerchant","floor":14,"turns":4},{"damage":9,"enemies":"Gremlin Gang","floor":15,"turns":6},{"damage":41,"enemies":"DF_ARCHETYPE_STREAMLINE","floor":16,"turns":9}],"seed_played":"3940613723448421026","potions_obtained":[{"floor":2,"key":"Strength Potion"},{"floor":12,"key":"SpeedPotion"},{"floor":15,"key":"FairyPotion"}],"is_trial":false,"path_per_floor":["R","M","M","$","?","M","T","M","?","R","$","M","M","$","M","B"],"character_chosen":"THE_SPIRIT","items_purchased":["hexamod:Firestarter","hexamod:RadiantFlame","hexamod:SoulSteal"],"campfire_rested":0,"item_purchase_floors":[4,4,14],"current_hp_per_floor":[70,66,63,63,63,62,62,40,40,40,35,25,23,13,4,0,0,0],"gold":53,"neow_bonus":"HUNDRED_GOLD","is_daily":false,"chose_seed":false,"campfire_upgraded":2,"win_rate":0.0,"timestamp":1612624310,"path_taken":["R","M","M","$","?","M","T","M","?","R","$","M","?","?","M","BOSS"],"items_purchased_type":["Card","Card","Card"],"build_version":"2020-12-22","purchased_purges":2,"victory":false,"max_hp_per_floor":[70,70,70,70,70,70,70,70,70,70,70,70,70,70,70,70,70,70],"card_choices":[{"not_picked":["hexamod:GhostLash","hexamod:FirstSeal"],"picked":"hexamod:ExtraCrispy","floor":2},{"not_picked":["hexamod:RainOfEmbers","hexamod:EtherealExpedition","hexamod:GhostLash"],"picked":"SKIP","floor":3},{"not_picked":["hexamod:InspiringFlames","hexamod:GhostShield"],"picked":"hexamod:SkipABeat","floor":4},{"not_picked":["hexamod:BurningTouch","hexamod:AdvancingGuard"],"picked":"hexamod:FastForward","floor":6},{"not_picked":["hexamod:Incineration","hexamod:Rewind","hexamod:RecurringNightmare"],"picked":"SKIP","floor":8},{"not_picked":["hexamod:GhostShield","hexamod:BurningTouch"],"picked":"hexamod:PhantomCloak","floor":11},{"not_picked":["hexamod:PhantomFireball","hexamod:NightmareStrike"],"picked":"hexamod:GhostflameBarrier","floor":12},{"not_picked":["hexamod:GhostShield","hexamod:FastForward","hexamod:HeatMetal"],"picked":"SKIP","floor":13},{"not_picked":["hexamod:GhostShield","hexamod:Hexaguard","hexamod:SwordOfDarkness"],"picked":"SKIP","floor":14},{"not_picked":["hexamod:RecurringNightmare","hexamod:InspiringFlames"],"picked":"hexamod:GhostOfSpirePresent","floor":15}],"player_experience":686342,"relics_obtained":[{"floor":7,"key":"Omamori"}],"event_choices":[],"is_beta":false,"boss_relics":[],"items_purged_floors":[4,11],"is_endless":false,"potions_floor_spawned":[2,12,15],"killed_by":"DF_ARCHETYPE_STREAMLINE","ascension_level":0}}