{"host":"r3eb5kff0hcmimdq","time":1612592345,"event":{"mods":["ATMod(阿瑾Mod)","AchievementEnabler","Act Like it!","Aspiration","BaseMod","Challenge The Spire","Colored Powertips","Conspire","Dota2Spire","Elementarium","Highlight Path","Luminous","Minty Spire (QoL Compilation)","MostiFishMod","Quick Restart","Rare Cards Sparkle","Reimu（博丽灵梦）","Relic Filter","Relic Filter Mod","Replay The Spire","RumiaBox-露米娅的神秘盒子","Shop Mod","Spicy Shops","StSLib","TestMod","The Jungle","The Senshi","【遗物卡牌】REMEMod","篝火指南"],"gold_per_floor":[113,123,48,59,70,70,134,162,162,200,217,236,263,277,277,375,375,389,389,399,162,177,203,203,237,237,267,287,301,317,345,345,440,440,454,470,157,176,176,79,111,111,136,191,191,217,233,259,24,24],"floor_reached":51,"language":"ZHS","playtime":1765,"items_purged":["Luminous:Defend_Luminous","Luminous:Light_Flash_Shower","Luminous:Light_Flash_Shower","Luminous:Dark_Abyssal_Drop"],"score":1280,"play_id":"98f374bd-f298-4ca0-a948-3345393c3e7e","local_time":"20210206141905","is_ascension_mode":true,"campfire_choices":[{"data":"MostiFishMod:Minus","floor":6.0,"key":"SMITH"},{"data":"Luminous:Light_Flash_Shower","floor":15.0,"key":"PURGE"},{"data":"Luminous:Freud_Wisdom1_Luminous","floor":24.0,"key":"SMITH"},{"data":"MostiFishMod:Minus+3","floor":42.0,"key":"SMITH"}],"circlet_count":0,"master_deck":["Luminous:Dark_Abyssal_Drop+1","Luminous:Dark_Abyssal_Drop","Luminous:Defend_Luminous+1","Luminous:Switch_Luminous","MostiFishMod:Minus+4","Luminous:Lunar_Tide_Luminous+1","Luminous:Freud_Wisdom1_Luminous+1","Luminous:Lights_Protection_Luminous","Luminous:Arcane_Rage_Luminous+1","Luminous:Balance_Death_Scythe+1","Luminous:Equalize_Luminous+1"],"relics":["Luminous:MirrorRelic","REME_ComplimentaryCards","AT_ATBox","testmod-TestBox","PatriotShield","testmod-Alchemist","SynthV:TestCard","Ancient Tea Set","Mango","AT_SilvercatRing","Omamori","testmod-TimeTraveler","Gremlin Horn","MerchantsRug","White Beast Statue","GodSword6","Golden Egg","Garlic","testmod-FatalChain","SoulBox","Matryoshka","REME_ComplimentaryCards","Dota2Spire:BlackKingBar","ReplayTheSpireMod:TigerMarble","ReplayTheSpireMod:Lightbulb","testmod-BouquetWithThorns","DaCapo","Lizard Tail","Membership Card","ChiLing","Chi","Ling"],"acts_visited":["Exordium","TheCity","TheBeyond"],"potions_floor_usage":[],"damage_taken":[{"damage":0.0,"enemies":"Cultist","floor":1.0,"turns":2.0},{"damage":0.0,"enemies":"Small Slimes","floor":2.0,"turns":2.0},{"damage":0.0,"enemies":"2 Louse","floor":4.0,"turns":1.0},{"damage":0.0,"enemies":"Exordium Wildlife","floor":5.0,"turns":2.0},{"damage":5.0,"enemies":"Gremlin Nob","floor":8.0,"turns":3.0},{"damage":12.0,"enemies":"conspire:MimicChest","floor":10.0,"turns":5.0},{"damage":2.0,"enemies":"Exordium Thugs","floor":11.0,"turns":3.0},{"damage":0.0,"enemies":"Blue Slaver","floor":12.0,"turns":2.0},{"damage":0.0,"enemies":"Replay:BlueRogue","floor":13.0,"turns":2.0},{"damage":0.0,"enemies":"3 Louse","floor":14.0,"turns":2.0},{"damage":8.0,"enemies":"The Guardian","floor":16.0,"turns":8.0},{"damage":0.0,"enemies":"Spheric Guardian","floor":18.0,"turns":1.0},{"damage":0.0,"enemies":"Shell Parasite","floor":20.0,"turns":1.0},{"damage":0.0,"enemies":"Snecko","floor":22.0,"turns":3.0},{"damage":4.0,"enemies":"Slavers","floor":23.0,"turns":6.0},{"damage":10.0,"enemies":"Gremlin Leader","floor":25.0,"turns":4.0},{"damage":12.0,"enemies":"REME_1_Revenger","floor":27.0,"turns":5.0},{"damage":8.0,"enemies":"Snake Plant","floor":28.0,"turns":4.0},{"damage":0.0,"enemies":"Shelled Parasite and Fungi","floor":29.0,"turns":4.0},{"damage":1.0,"enemies":"Centurion and Healer","floor":30.0,"turns":4.0},{"damage":12.0,"enemies":"Gremlin Leader","floor":31.0,"turns":4.0},{"damage":26.0,"enemies":"Collector","floor":33.0,"turns":4.0},{"damage":14.0,"enemies":"3 Shapes","floor":35.0,"turns":2.0},{"damage":0.0,"enemies":"Orb Walker","floor":36.0,"turns":3.0},{"damage":0.0,"enemies":"Jaw Worm Horde","floor":38.0,"turns":2.0},{"damage":0.0,"enemies":"R_Hoarder","floor":41.0,"turns":3.0},{"damage":0,"enemies":"2 Orb Walkers","floor":44,"turns":2},{"damage":0,"enemies":"Reptomancer","floor":46,"turns":1},{"damage":29,"enemies":"4 Shapes","floor":47,"turns":1},{"damage":0,"enemies":"Nemesis","floor":48,"turns":5},{"damage":20,"enemies":"Time Eater","floor":50,"turns":5}],"seed_played":"-3024155578799647092","potions_obtained":[{"floor":1.0,"key":"Weak Potion"},{"floor":5.0,"key":"EntropicBrew"},{"floor":7.0,"key":"DistilledChaos"},{"floor":7.0,"key":"AttackPotion"},{"floor":22.0,"key":"SkillPotion"},{"floor":25.0,"key":"FearPotion"},{"floor":27.0,"key":"Milkshake"},{"floor":28.0,"key":"SteroidPotion"},{"floor":38.0,"key":"SkillPotion"},{"floor":41.0,"key":"LiquidBronze"},{"floor":46,"key":"ZuzhouPotion:ReiMu"},{"floor":48,"key":"Ancient Potion"}],"is_trial":false,"path_per_floor":["M","M","$","M","M","R","?","E","T","?","M","M","E","M","R","B",null,"M","?","M","$","M","E","R","E","T","E","M","M","M","E","R","B",null,"M","M","$","M","?","R","E","R","T","?","?","E","M","E","R","B",null],"character_chosen":"LuminousClass","items_purchased":["Gremlin Horn","MerchantsRug","Matryoshka","Simple Rune","Membership Card","ChiLing"],"campfire_rested":0,"item_purchase_floors":[21,21,37,37,49,49],"current_hp_per_floor":[75,75,75,75,75,75,57,52,66,54,52,52,52,52,52,44,89,89,89,89,89,89,89,89,81,81,73,65,69,72,64,64,38,89,77,77,77,77,77,77,81,81,81,85,85,85,56,60,60,44],"gold":24,"neow_bonus":"REMOVE_CARD","is_daily":false,"chose_seed":false,"campfire_upgraded":3,"win_rate":0.0,"timestamp":1612592345,"path_taken":["M","M","$","?","M","R","?","E","T","?","M","M","E","M","R","BOSS","M","?","M","$","M","E","R","E","T","E","M","M","M","E","R","BOSS","M","M","$","M","?","R","E","R","T","?","?","E","?","E","R","BOSS"],"items_purchased_type":["Relic","Relic","Relic","Relic","Relic","Relic"],"build_version":"2020-12-22","purchased_purges":4,"victory":true,"max_hp_per_floor":[75,75,75,75,75,75,75,75,89,89,89,89,89,89,89,89,89,89,89,89,89,89,89,89,89,89,89,89,89,89,89,89,89,89,89,89,89,89,89,89,89,89,89,89,89,89,89,89,89,89],"card_choices":[{"not_picked":["Luminous:Lights_Protection_Luminous","Luminous:Light_Sylvan_Lance","Luminous:Concentrate_Luminous"],"picked":"SKIP","floor":1.0},{"not_picked":["Luminous:Light_Wash_Luminous","Luminous:Lights_Protection_Luminous","Luminous:Light_Glare","Luminous:Dark_Dim_Erosion","Luminous:Magic_Accelerate_Luminous"],"picked":"SKIP","floor":2.0},{"not_picked":["Luminous:Balance_Ender","Luminous:Accumulation_Luminous","Luminous:Light_Gather","Luminous:Dark_Raid","Luminous:Dark_Pressure_Void"],"picked":"SKIP","floor":4.0},{"not_picked":["Luminous:Mirror_Force_Luminous","Luminous:Light_Sylvan_Lance","Luminous:Magic_Guard_Luminous","Luminous:Light_Glare","Luminous:Light_Gather"],"picked":"SKIP","floor":5.0},{"not_picked":["Luminous:Light_Gather","Luminous:Light_Wash_Luminous","Luminous:Light_Glare","Luminous:Light_Ray_of_Redemption"],"picked":"Luminous:Lunar_Tide_Luminous","floor":7.0},{"not_picked":["Luminous:Dusk_Guard_Luminous","Luminous:Light_Sylvan_Lance","Luminous:Light_Wash_Luminous","Luminous:Light_Glare","Luminous:Magic_Guard_Luminous"],"picked":"SKIP","floor":8.0},{"not_picked":["Luminous:Fast_Spell_Luminous","Luminous:Abyss_Heart_Luminous","Luminous:Lania_Blessing_Luminous","Luminous:Dark_Morning_Star","Luminous:Light_Track"],"picked":"SKIP","floor":11.0},{"not_picked":["Luminous:Photic_Meditation_Luminous","Luminous:Mana_Well_Luminous","Luminous:Magic_Accelerate_Luminous","Luminous:Reverse_Spell_Luminous","Luminous:Chase_Spell_Luminous"],"picked":"SKIP","floor":12.0},{"not_picked":["Luminous:Lunar_Tide_Luminous","Luminous:Light_Ray_of_Redemption","Luminous:Blinding_Pillar_Luminous","Luminous:Phantom_Treasure_Luminous","Luminous:Light_Gather"],"picked":"SKIP","floor":13.0},{"not_picked":["Luminous:Dark_Pressure_Void","Luminous:Light_Disperse","Luminous:Lunar_Tide_Luminous","Luminous:Magic_Boost_Luminous","Luminous:Abyss_Heart_Luminous"],"picked":"SKIP","floor":14.0},{"not_picked":["Luminous:Date_of_Light_Luminous","Luminous:Armageddon_Luminous","Luminous:Balance_Baptism","Luminous:Balance_Aether_Conduit"],"picked":"Luminous:Freud_Wisdom1_Luminous","floor":16.0},{"not_picked":["Luminous:Light_Glare","Luminous:Dark_Pressure_Void+1","Luminous:Light_Gather","Luminous:Balance_Aether_Conduit","Luminous:Concentrate_Luminous"],"picked":"SKIP","floor":18.0},{"not_picked":["Luminous:Mana_Overload_Luminous+1","Luminous:Blinding_Pillar_Luminous","Luminous:Dark_Raid+1","Luminous:Accumulation_Luminous","Luminous:Abyss_Heart_Luminous"],"picked":"SKIP","floor":20.0},{"not_picked":["Luminous:Dark_Pressure_Void","Luminous:Shadow_Shell_Luminous","Luminous:Blinding_Pillar_Luminous","Luminous:Light_Gather","Luminous:Dark_Dim_Erosion"],"picked":"SKIP","floor":22.0},{"not_picked":["Luminous:Dark_Pressure_Void","Luminous:Shadow_Shell_Luminous","Luminous:Blinding_Pillar_Luminous","Luminous:Light_Gather","Luminous:Dark_Dim_Erosion"],"picked":"SKIP","floor":22.0},{"not_picked":["Luminous:Sympathy_Luminous","Luminous:Blinding_Pillar_Luminous+1","Luminous:Dark_Dim_Erosion","Luminous:Dark_Pressure_Void","Luminous:Balance_Baptism"],"picked":"SKIP","floor":23.0},{"not_picked":["Luminous:Balance_Ender+1","Luminous:Light_Gather","Luminous:Dark_Raid+1","Luminous:Concentrate_Luminous","Luminous:Blinding_Pillar_Luminous"],"picked":"SKIP","floor":25.0},{"not_picked":["Luminous:Balance_Ender","Luminous:Dark_Apocalypse","Luminous:Concentrate_Luminous","Luminous:Magic_Guard_Luminous","Luminous:Dark_Extract"],"picked":"SKIP","floor":27.0},{"not_picked":["Luminous:Chase_Spell_Luminous+1","Luminous:Lights_Protection_Luminous","Luminous:Dark_Dim_Erosion","Luminous:Phantom_Treasure_Luminous","Luminous:Light_Wash_Luminous"],"picked":"SKIP","floor":28.0},{"not_picked":["Luminous:Light_Sylvan_Lance","Luminous:Photic_Meditation_Luminous","Luminous:Light_Glare","Luminous:Light_Wash_Luminous+1","Luminous:Blinding_Pillar_Luminous"],"picked":"SKIP","floor":29.0},{"not_picked":["Luminous:Freud_Wisdom1_Luminous","Luminous:Light_Glare","Luminous:Photic_Meditation_Luminous+1","Luminous:Concentrate_Luminous","Luminous:Dark_Dim_Erosion"],"picked":"SKIP","floor":30.0},{"not_picked":["Luminous:Light_Glare","Luminous:Light_Gather","Luminous:Light_Wash_Luminous","Luminous:Date_of_Light_Luminous","Luminous:Darks_Surge_Luminous+1"],"picked":"SKIP","floor":31.0},{"not_picked":["Luminous:Balance_Aether_Conduit","Luminous:Ethereal_Form_Luminous","Luminous:Date_of_Light_Luminous","Luminous:Erosion_Luminous"],"picked":"Luminous:Arcane_Rage_Luminous","floor":33.0},{"not_picked":["Luminous:Concentrate_Luminous","Luminous:Light_Disperse","Luminous:Photic_Meditation_Luminous","Luminous:Accumulation_Luminous","Luminous:Lights_Protection_Luminous+1"],"picked":"SKIP","floor":35.0},{"not_picked":["Luminous:Light_Gather+1","Luminous:Dark_Dim_Erosion","Luminous:Dark_Raid","Luminous:Accumulation_Luminous+1","Luminous:Blinding_Pillar_Luminous+1"],"picked":"SKIP","floor":36.0},{"not_picked":["Luminous:Dark_Dim_Erosion+1","Luminous:Abyss_Heart_Luminous+1","Luminous:Light_Disperse","Luminous:Sympathy_Luminous+1"],"picked":"Luminous:Balance_Death_Scythe","floor":38.0},{"not_picked":["Luminous:Ethereal_Form_Luminous","Luminous:Light_Glare","Luminous:Dark_Pressure_Void+1","Luminous:Accumulation_Luminous"],"picked":"Luminous:Equalize_Luminous","floor":41.0},{"not_picked":["Luminous:Lights_Protection_Luminous","Luminous:Light_Gather","Luminous:Light_Disperse","Luminous:Phantom_Treasure_Luminous+1","Luminous:Light_Wash_Luminous"],"picked":"SKIP","floor":46},{"not_picked":["Luminous:Concentrate_Luminous+1","Luminous:Mana_Overload_Luminous","Luminous:Dark_Pressure_Void+1","Luminous:Light_Glare+1","Luminous:Chase_Spell_Luminous"],"picked":"SKIP","floor":47},{"not_picked":["Luminous:Equalize_Luminous","Luminous:Dark_Raid+1","Luminous:Light_Glare","Luminous:Dark_Apocalypse+1","Luminous:Accumulation_Luminous+1"],"picked":"SKIP","floor":48}],"player_experience":161312,"relics_obtained":[{"floor":1.0,"key":"SynthV:TestCard"},{"floor":8.0,"key":"Ancient Tea Set"},{"floor":9.0,"key":"Mango"},{"floor":10.0,"key":"AT_SilvercatRing"},{"floor":13.0,"key":"Omamori"},{"floor":23.0,"key":"White Beast Statue"},{"floor":25.0,"key":"GodSword6"},{"floor":26.0,"key":"Golden Egg"},{"floor":27.0,"key":"Garlic"},{"floor":31.0,"key":"testmod-FatalChain"},{"floor":41.0,"key":"Dota2Spire:BlackKingBar"},{"floor":43.0,"key":"ReplayTheSpireMod:TigerMarble"},{"floor":43.0,"key":"ReplayTheSpireMod:Lightbulb"},{"floor":44,"key":"testmod-BouquetWithThorns"},{"floor":46,"key":"DaCapo"},{"floor":48,"key":"Lizard Tail"}],"event_choices":[{"damage_healed":0.0,"max_hp_gain":0.0,"max_hp_loss":0.0,"gold_gain":0.0,"event_name":"Ghosts","player_choice":"Ignored","floor":19.0,"gold_loss":0.0,"damage_taken":0.0},{"damage_healed":0.0,"max_hp_gain":0.0,"max_hp_loss":0.0,"gold_gain":0.0,"event_name":"给自己的盒子","player_choice":"Swap Relic","floor":39.0,"relics_lost":["DaveBox"],"gold_loss":0.0,"damage_taken":0.0,"relics_obtained":["REME_ComplimentaryCards"]},{"damage_healed":0,"gold_gain":0,"player_choice":"Fight","damage_taken":0,"max_hp_gain":0,"max_hp_loss":0,"event_name":"Mysterious Sphere","floor":44,"gold_loss":0}],"is_beta":false,"boss_relics":[{"not_picked":["ChewingGum","Snecko Eye"],"picked":"testmod-TimeTraveler"},{"not_picked":["testmod-SaigiyounoYou","Painkiller Herb"],"picked":"SoulBox"}],"items_purged_floors":[3,21,37,40],"is_endless":false,"potions_floor_spawned":[1,5,8,10,22,25,27,28,29,30,31,33,35,36,38,41,44,46,47,48],"ascension_level":4}}