{"host":"92wx9z21c4p52du4","time":1612636393,"event":{"mods":["100% Spire Juice","Arknights","BaseMod","Downfall","Minty Spire (QoL Compilation)","Reliquary","Robot Space Explorer","StSLib","The Blue Laboratory","The Jungle","TheSurvivalist"],"gold_per_floor":[113,188,204,221,237,237,252,267,267,309,365,365,21,54,54,54,54],"floor_reached":16,"language":"ENG","playtime":536,"items_purged":[],"score":180,"play_id":"490f0c1d-68c9-4b55-8bd4-a87afccd4cac","local_time":"20210206123313","is_ascension_mode":true,"campfire_choices":[{"data":"Eruption","floor":6.0,"key":"SMITH"},{"data":"Apotheosis","floor":15.0,"key":"SMITH"}],"circlet_count":0,"master_deck":["Strike_P","Strike_P","Strike_P","Defend_P","Defend_P","Defend_P","Defend_P","Eruption+1","Vigilance","EmptyFist","Consecrate","Study","Weave","Wish","Evaluate","Apotheosis+1","WindmillStrike"],"relics":["PureWater","NeowsBlessing","Yang","Matryoshka","ClockworkSouvenir","Strawberry"],"acts_visited":[],"potions_floor_usage":[],"damage_taken":[{"damage":0.0,"enemies":"2 Louse","floor":1.0,"turns":1.0},{"damage":0.0,"enemies":"Cultist","floor":3.0,"turns":1.0},{"damage":0.0,"enemies":"Jaw Worm","floor":4.0,"turns":1.0},{"damage":0.0,"enemies":"3 Louse","floor":5.0,"turns":1.0},{"damage":0.0,"enemies":"2 Fungi Beasts","floor":7.0,"turns":1.0},{"damage":0.0,"enemies":"Looter","floor":8.0,"turns":1.0},{"damage":0.0,"enemies":"Blue Slaver","floor":10.0,"turns":2.0},{"damage":0.0,"enemies":"Lagavulin","floor":11.0,"turns":3.0},{"damage":0.0,"enemies":"3 Sentries","floor":14.0,"turns":2.0},{"damage":0,"enemies":"Slime Boss","floor":16,"turns":1}],"seed_played":"-7539110399411773273","potions_obtained":[{"floor":1.0,"key":"Fire Potion"},{"floor":7.0,"key":"Ancient Potion"},{"floor":8.0,"key":"AttackPotion"}],"is_trial":false,"path_per_floor":["M","?","M","M","M","R","M","M","T","M","E","?","$","E","R","B"],"character_chosen":"WATCHER","items_purchased":["Apotheosis","ClockworkSouvenir"],"campfire_rested":0,"item_purchase_floors":[13,13],"current_hp_per_floor":[72,61,61,61,61,61,61,61,61,61,61,61,61,68,68,68,68],"gold":54,"neow_bonus":"THREE_ENEMY_KILL","is_daily":false,"chose_seed":false,"campfire_upgraded":2,"win_rate":0.0,"timestamp":1612636393,"path_taken":["M","?","M","M","M","R","M","M","T","M","E","?","$","E","R","BOSS"],"items_purchased_type":["Card","Relic"],"build_version":"2020-12-22","purchased_purges":0,"victory":false,"max_hp_per_floor":[72,72,72,72,72,72,72,72,72,72,72,72,72,79,79,79,79],"card_choices":[{"not_picked":["Fasting2","FlyingSleeves"],"picked":"EmptyFist","floor":1.0},{"not_picked":["EmptyBody","CrushJoints"],"picked":"Consecrate","floor":3.0},{"not_picked":["ThirdEye","SashWhip"],"picked":"Study","floor":4.0},{"not_picked":["Vengeance","BowlingBash"],"picked":"Weave","floor":5.0},{"not_picked":["ClearTheMind","FlurryOfBlows"],"picked":"Wish","floor":7.0},{"not_picked":["Prostrate","Protect","Halt"],"picked":"SKIP","floor":8.0},{"not_picked":["ThirdEye","MentalFortress"],"picked":"Evaluate","floor":10.0},{"not_picked":["Worship","BowlingBash","FollowUp"],"picked":"SKIP","floor":11.0},{"not_picked":["FollowUp","Protect"],"picked":"WindmillStrike","floor":14.0}],"player_experience":265411,"relics_obtained":[{"floor":9.0,"key":"Yang"},{"floor":11.0,"key":"Matryoshka"},{"floor":14.0,"key":"Strawberry"}],"event_choices":[{"damage_healed":0.0,"max_hp_gain":0.0,"max_hp_loss":0.0,"gold_gain":75.0,"event_name":"World of Goop","player_choice":"Gather Gold","floor":2.0,"gold_loss":0.0,"damage_taken":11.0},{"cards_removed":["Strike_P"],"damage_healed":0.0,"max_hp_gain":0.0,"max_hp_loss":0.0,"gold_gain":0.0,"event_name":"Bonfire Elementals","player_choice":"Offered Basic","floor":12.0,"gold_loss":0.0,"damage_taken":0.0}],"is_beta":false,"boss_relics":[],"items_purged_floors":[],"is_endless":false,"potions_floor_spawned":[1,7,8,10],"killed_by":"Slime Boss","ascension_level":2}}