{"host":"bf5upntvbdompq33","time":1612583236,"event":{"mods":["BaseMod","Colored Map","Colored Powertips","Curses Come First","Minty Spire (QoL Compilation)","StSLib","The Dragon Tamer","The Hierophant","The Marked","The Mystic","The Servant 0.9.4"],"gold_per_floor":[119,136,136,155,168,200,200,219,243,272,286,298,323,341,341,441,441,458,468,483,502,338,338,338],"floor_reached":23,"language":"ENG","playtime":2251,"items_purged":["Strike_B"],"score":329,"play_id":"4ce5a8f8-882b-4038-8ed5-319a5d427a55","local_time":"20210205204716","is_ascension_mode":true,"campfire_choices":[{"floor":7,"key":"REST"},{"floor":15,"key":"REST"}],"circlet_count":0,"master_deck":["AscendersBane","Strike_B","Strike_B","Strike_B","Defend_B","Defend_B","Defend_B","Defend_B","Zap","Dualcast","Apotheosis+1","FTL","Gash","Sweeping Beam","Auto Shields","FTL","Go for the Eyes","Beam Cell","Gash","Echo Form","Turbo","Hologram","Gash","Flash of Steel"],"relics":["Cracked Core","Question Card","Strawberry","Oddly Smooth Stone","Orichalcum","Runic Pyramid"],"acts_visited":["Exordium","TheCity"],"potions_floor_usage":[16,16,16,16,20],"damage_taken":[{"damage":7,"enemies":"Jaw Worm","floor":1,"turns":4},{"damage":0,"enemies":"Cultist","floor":2,"turns":3},{"damage":2,"enemies":"Small Slimes","floor":4,"turns":2},{"damage":0,"enemies":"Blue Slaver","floor":5,"turns":3},{"damage":15,"enemies":"Lagavulin","floor":6,"turns":7},{"damage":2,"enemies":"Exordium Wildlife","floor":8,"turns":3},{"damage":17,"enemies":"Gremlin Nob","floor":10,"turns":4},{"damage":0,"enemies":"3 Louse","floor":11,"turns":3},{"damage":0,"enemies":"2 Fungi Beasts","floor":12,"turns":3},{"damage":20,"enemies":"Lagavulin","floor":13,"turns":6},{"damage":3,"enemies":"Red Slaver","floor":14,"turns":3},{"damage":23,"enemies":"Slime Boss","floor":16,"turns":10},{"damage":12,"enemies":"Shell Parasite","floor":18,"turns":6},{"damage":10,"enemies":"Spheric Guardian","floor":19,"turns":4},{"damage":8,"enemies":"Shelled Parasite and Fungi","floor":20,"turns":4},{"damage":24,"enemies":"Sentry and Sphere","floor":21,"turns":6},{"damage":19,"enemies":"Book of Stabbing","floor":23,"turns":3}],"seed_played":"5868590927683296973","potions_obtained":[{"floor":1,"key":"Block Potion"},{"floor":2,"key":"Explosive Potion"},{"floor":4,"key":"Dexterity Potion"},{"floor":12,"key":"DistilledChaos"},{"floor":13,"key":"EntropicBrew"},{"floor":18,"key":"Block Potion"},{"floor":19,"key":"FocusPotion"},{"floor":21,"key":"PotionOfCapacity"}],"is_trial":false,"path_per_floor":["M","M","?","M","M","E","R","M","T","E","M","M","E","M","R","B",null,"M","M","M","M","$","E"],"character_chosen":"DEFECT","items_purchased":["Flash of Steel"],"campfire_rested":2,"item_purchase_floors":[22],"current_hp_per_floor":[61,61,61,59,59,44,64,62,69,52,52,52,32,29,51,28,63,51,41,33,9,9,0,0],"gold":338,"neow_bonus":"RANDOM_COLORLESS_2","is_daily":false,"chose_seed":false,"campfire_upgraded":0,"win_rate":0.0,"timestamp":1612583236,"path_taken":["M","M","?","M","?","E","R","M","T","E","M","M","E","M","R","BOSS","M","M","M","M","$","E"],"items_purchased_type":["Card"],"build_version":"2020-12-22","purchased_purges":1,"victory":false,"max_hp_per_floor":[68,68,68,68,68,68,68,68,75,75,75,75,75,75,75,75,75,75,75,75,75,75,75,75],"card_choices":[{"not_picked":["Violence","Secret Weapon"],"picked":"Apotheosis","floor":0},{"not_picked":["Steam Power","Redo"],"picked":"FTL","floor":1},{"not_picked":["Force Field","Hologram"],"picked":"Gash","floor":2},{"not_picked":["Redo","Defragment"],"picked":"Sweeping Beam","floor":4},{"not_picked":["Self Repair","Defragment"],"picked":"Auto Shields","floor":5},{"not_picked":["Turbo","Sweeping Beam"],"picked":"FTL","floor":6},{"not_picked":["Compile Driver","Skim","Cold Snap"],"picked":"Go for the Eyes","floor":8},{"not_picked":["Biased Cognition","Chaos","Recycle","Glacier"],"picked":"SKIP","floor":10},{"not_picked":["Go for the Eyes","Barrage","Glacier"],"picked":"Beam Cell","floor":11},{"not_picked":["Heatsinks","Undo","Hologram","Rebound"],"picked":"SKIP","floor":12},{"not_picked":["Steam","Self Repair","Consume","Machine Learning"],"picked":"SKIP","floor":13},{"not_picked":["Conserve Battery","Beam Cell","Redo"],"picked":"Gash","floor":14},{"not_picked":["Core Surge","Buffer","Biased Cognition"],"picked":"Echo Form","floor":16},{"not_picked":["Stack","Steam","Leap"],"picked":"Turbo","floor":18},{"not_picked":["Steam+1","Scrape+1","Ball Lightning"],"picked":"Hologram","floor":19},{"not_picked":["Doom and Gloom+1","Go for the Eyes+1","Defragment","Lockon"],"picked":"SKIP","floor":20},{"not_picked":["Stack+1","Self Repair","Hologram"],"picked":"Gash","floor":21}],"player_experience":1445343,"relics_obtained":[{"floor":6,"key":"Question Card"},{"floor":9,"key":"Strawberry"},{"floor":10,"key":"Oddly Smooth Stone"},{"floor":13,"key":"Orichalcum"}],"event_choices":[{"damage_healed":0,"gold_gain":0,"player_choice":"Upgraded","damage_taken":0,"max_hp_gain":0,"max_hp_loss":0,"event_name":"Upgrade Shrine","floor":3,"gold_loss":0,"cards_upgraded":["Apotheosis"]}],"is_beta":false,"boss_relics":[{"not_picked":["FrozenCore","Philosopher\u0027s Stone"],"picked":"Runic Pyramid"}],"items_purged_floors":[22],"is_endless":false,"potions_floor_spawned":[1,2,4,5,12,13,14,18,19,21],"killed_by":"Book of Stabbing","ascension_level":10}}