{"host":"e5ydbbdshmac12xb","time":1612650517,"event":{"mods":["2.2 Compatiblity","Aspiration","BaseMod","Beaked The Cultist","Better Altar","BetterRewards","Clockwork Mod","Colored Map","Conspire","Downfall","Hermit","Highlight Path","Hubris","Infinite Spire","Jedi Mod","Jorbs\u0027s Wanderer Trilogy","Mad Scientist","Minty Spire (QoL Compilation)","READ ME - Guardian Mod","Reliquary","Replay The Spire","Shop Mod","Spikes Relics","StSLib","The Bladedancer","The Construct","The Cursed","The Disciple","The Druid","The Jungle","The Mystic","The Necromancer","The Runesmith","The Senshi","The Servant 0.9.4","Trackpad"],"gold_per_floor":[157,171,191,207,207,50,50,77,91,91,116,142,166,166,190,303,303,203,245,88,88,41,84,84,114,153,153,178,78,136,136,159,285,285,285,307,371,371,371,371,371,399,299,335,18,18,59,77,77,77],"floor_reached":48,"language":"ENG","playtime":6131,"items_purged":["hexamod:Strike","hexamod:Strike","hexamod:Defend","hexamod:Strike"],"score":701,"play_id":"ce1b8956-862c-42dc-a7c0-65424a3dd641","local_time":"20210206222837","is_ascension_mode":false,"campfire_choices":[{"floor":18,"key":"RECALL"},{"floor":29,"key":"REST"},{"data":"hexamod:ParanormalForm","floor":35,"key":"SMITH"},{"data":"ReplayTheSpireMod:Book of Names","floor":40,"key":"SMITH"},{"data":"infinitespire:Starlight","floor":43,"key":"SMITH"}],"circlet_count":0,"master_deck":["hexamod:Defend+1","hexamod:Defend+1","hexamod:Sear","hexamod:Float+1","hexamod:InspiringFlames+1","hexamod:GhostOfSpireFuture+1","hexamod:HeatMetal","infinitespire:TheBestDefense+1","hexamod:SwordOfDarkness","hexamod:TimeWarp+1","hexamod:ParanormalForm+1","hexamod:BurningTouch+1","hexamod:DynamicBlow+1","hexamod:TimeOfNeed+1","hexamod:GhostLash","hexamod:TimeWarp+1","hexamod:ShieldOfDarkness+1","hexamod:SpectersWail+1","hexamod:PhantomCloak","hexamod:TimeWarp","stsjorbsmod:Withering","hexamod:ThirdSeal","hexamod:ForkedFlame+1","hexamod:Rewind+1","hexamod:GhostOfSpireFuture+1","hexamod:EtherealExpedition","hexamod:SpectralAdrenaline+1","hexamod:FifthSeal","hexamod:StepThrough","hexamod:VolcanoVisage","hexamod:SixthSeal","hexamod:SwordOfDarkness+1","hexamod:SixthSeal","ReplayTheSpireMod:Book of Names+1","hexamod:FourthSeal","hexamod:ForkedFlame+1","hexamod:ParanormalForm+1","hexamod:SearingWound","hexamod:GhostShield+1","hexamod:ForkedFlame","hexamod:Hexaguard+1","infinitespire:Starlight+1","hexamod:GhostOfSpirePast","Limit Break","hexamod:FirstSeal","hexamod:GhostShield+1","hexamod:SpectersWail+1","hexamod:FirstSeal","hexamod:SecondSeal","hexamod:RadiantFlame+1","infinitespire:Starlight+1","hexamod:UnlimitedPower","expansioncontent:DashGenerateEvil","hexamod:SecondSeal","hexamod:RecurringNightmare","hexamod:RadiantFlame+1"],"relics":["hexamod:SpiritBrand","conspire:Dentures","Replay:Bottled Flurry","Vajra","Replay:Bandana","downfall:ShatteredFragment","Painkiller Herb","downfall:HeartBlessingGreen","MerchantsRug","ReplayTheSpireMod:CursedCoin","reliquary:PartyBalloon","construct:FoamFinger","Bottled Tornado","WingedGreaves","downfall:HeartBlessingRed","infinitespire:Eraser","ReplayFunnel","hexamod:TheBrokenSeal","reliquary:WritOfMandamus","Turnip","Replay:Bronze Core","downfall:HeartBlessingBlue","Shuriken","DollysMirror","Du-Vu Doll"],"acts_visited":["Exordium","TheCity","TheBeyond"],"potions_floor_usage":[8,16,20,26,28,33,37,42,44,44],"damage_taken":[{"damage":0,"enemies":"Cultist","floor":2,"turns":3},{"damage":1,"enemies":"Jaw Worm","floor":3,"turns":3},{"damage":0,"enemies":"2 Louse","floor":4,"turns":3},{"damage":0,"enemies":"downfall:FleeingMerchant","floor":6,"turns":4},{"damage":12,"enemies":"Gremlin Nob","floor":8,"turns":5},{"damage":0,"enemies":"Exordium Thugs","floor":9,"turns":3},{"damage":0,"enemies":"Lagavulin","floor":11,"turns":5},{"damage":0,"enemies":"Large Slime","floor":13,"turns":3},{"damage":1,"enemies":"3 Louse","floor":15,"turns":2},{"damage":2,"enemies":"WA_ARCHETYPE_RETAIN","floor":16,"turns":5},{"damage":0,"enemies":"Spheric Guardian","floor":19,"turns":3},{"damage":5,"enemies":"downfall:FleeingMerchant","floor":20,"turns":4},{"damage":0,"enemies":"downfall:FleeingMerchant","floor":22,"turns":4},{"damage":2,"enemies":"conspire:Head Lice","floor":23,"turns":8},{"damage":10,"enemies":"Chosen","floor":25,"turns":3},{"damage":20,"enemies":"Nightmare","floor":26,"turns":6},{"damage":33,"enemies":"Snake Plant","floor":28,"turns":3},{"damage":4,"enemies":"Gremlin Leader","floor":30,"turns":7},{"damage":0,"enemies":"3 Cultists","floor":32,"turns":3},{"damage":32,"enemies":"DF_ARCHETYPE_CLAW","floor":33,"turns":6},{"damage":17,"enemies":"Orb Walker","floor":36,"turns":3},{"damage":35,"enemies":"2 Orb Walkers","floor":37,"turns":4},{"damage":11,"enemies":"3 Darklings","floor":42,"turns":4},{"damage":22,"enemies":"Jaw Worm Horde","floor":44,"turns":3},{"damage":0,"enemies":"downfall:FleeingMerchant","floor":45,"turns":3},{"damage":6,"enemies":"R_Hoarder","floor":47,"turns":5},{"damage":78,"enemies":"Nemesis","floor":48,"turns":3}],"seed_played":"5659684889661004246","potions_obtained":[{"floor":3,"key":"SteroidPotion"},{"floor":8,"key":"hexamod:SoulburnPotion"},{"floor":9,"key":"PowerPotion"},{"floor":15,"key":"PowerPotion"},{"floor":19,"key":"bronze:BurnAndBuffPotion"},{"floor":23,"key":"Death Potion"},{"floor":28,"key":"Elixir"},{"floor":32,"key":"GamblersBrew"},{"floor":33,"key":"Slimebound:ThreeZeroPotion"},{"floor":37,"key":"Death Potion"},{"floor":37,"key":"LiquidMemories"},{"floor":42,"key":"Doom Potion"},{"floor":42,"key":"Explosive Potion"},{"floor":44,"key":"Milkshake"},{"floor":45,"key":"bronze:BurnAndBuffPotion"},{"floor":47,"key":"BlessingOfTheForge"}],"is_trial":false,"path_per_floor":["R_BF","M","M","M","?","$","T","E","M","?","E","T","M","?","M","B",null,"T","?","T","?","T","E","T","?","NM","?","?","T","E","AVR","?","B",null,"T","?","?","AVR","?","T","T","?","T","?","T","T","E","E"],"character_chosen":"THE_SPIRIT","items_purchased":["hexamod:TimeWarp","MerchantsRug","hexamod:PhantomCloak","ReplayTheSpireMod:CursedCoin","hexamod:ThirdSeal","reliquary:PartyBalloon","Shuriken","DollysMirror","hexamod:UnlimitedPower","expansioncontent:DashGenerateEvil"],"campfire_rested":1,"item_purchase_floors":[6,20,20,22,22,22,45,45,45,45],"current_hp_per_floor":[77,77,76,76,56,56,56,44,44,44,44,44,44,23,22,20,77,77,77,72,72,72,70,70,60,40,40,7,30,26,26,87,55,87,87,70,35,35,35,35,35,34,44,37,44,44,67,0,0,0],"gold":77,"neow_bonus":"TEN_PERCENT_HP_BONUS","is_daily":false,"chose_seed":false,"campfire_upgraded":3,"win_rate":0.0,"timestamp":1612650517,"path_taken":["R_BF","M","M","M","?","$","T","E","M","?","E","?","?","?","M","BOSS","T","?","T","?","?","E","T","?","NM","?","?","T","E","AVR","?","BOSS","T","?","?","AVR","?","T","T","?","T","?","T","T","E","E"],"items_purchased_type":["Card","Relic","Card","Relic","Card","Relic","Relic","Relic","Card","Card"],"build_version":"2020-12-22","purchased_purges":4,"victory":false,"max_hp_per_floor":[77,77,77,77,77,77,77,77,77,77,77,77,77,77,77,77,77,77,77,77,77,77,77,77,77,77,77,77,77,77,77,87,87,87,87,87,87,87,87,87,87,87,97,97,97,97,97,97,97,97],"card_choices":[{"not_picked":["hexamod:GhostflameBarrier","hexamod:HeatMetal"],"picked":"hexamod:InspiringFlames","floor":2},{"not_picked":["hexamod:SpectersWail","hexamod:HeatMetal"],"picked":"hexamod:GhostOfSpireFuture","floor":3},{"not_picked":["hexamod:GhostflameBarrier","hexamod:NightmareGuise"],"picked":"hexamod:HeatMetal","floor":4},{"not_picked":["infinitespire:UltimateForm","ReplayTheSpireMod:Echoes of Time"],"picked":"infinitespire:TheBestDefense","floor":5},{"not_picked":["hexamod:HeatMetal","hexamod:FastForward"],"picked":"hexamod:SwordOfDarkness","floor":6},{"not_picked":["hexamod:EtherealExpedition","hexamod:BacktrackSmack"],"picked":"hexamod:ParanormalForm","floor":8},{"not_picked":["hexamod:BacktrackSmack","hexamod:SwordOfDarkness"],"picked":"hexamod:BurningTouch","floor":9},{"not_picked":["hexamod:InspiringFlames","hexamod:HeatMetal"],"picked":"hexamod:DynamicBlow","floor":11},{"not_picked":["hexamod:FastForward","hexamod:BurningTouch"],"picked":"hexamod:TimeOfNeed","floor":13},{"not_picked":["hexamod:FastForward","hexamod:Incineration"],"picked":"hexamod:GhostLash","floor":15},{"not_picked":["hexamod:UnlimitedPower","hexamod:TurnItUp"],"picked":"hexamod:TimeWarp","floor":16},{"not_picked":["hexamod:PhantomFireball","hexamod:SpectersWail"],"picked":"hexamod:ShieldOfDarkness+1","floor":19},{"not_picked":["hexamod:BurningTouch","hexamod:GhostflameBarrier"],"picked":"hexamod:SpectersWail","floor":20},{"not_picked":["hexamod:ShieldOfDarkness","hexamod:ThermalTransfer"],"picked":"hexamod:TimeWarp","floor":22},{"not_picked":["hexamod:HauntingEcho","hexamod:HeatMetal"],"picked":"hexamod:FifthSeal","floor":23},{"not_picked":["hexamod:Firestarter","hexamod:Hexaguard"],"picked":"hexamod:ForkedFlame","floor":23},{"not_picked":["hexamod:RetreatToShadows","hexamod:HeatCrush+1"],"picked":"hexamod:Rewind+1","floor":23},{"not_picked":["hexamod:GhostShield","hexamod:NightmareStrike","hexamod:SpectersWail"],"picked":"SKIP","floor":23},{"not_picked":["hexamod:NightmareStrike","hexamod:NecessarySacrifice"],"picked":"hexamod:GhostOfSpireFuture+1","floor":25},{"not_picked":["hexamod:FastForward+1","hexamod:InspiringFlames"],"picked":"hexamod:EtherealExpedition","floor":25},{"not_picked":["hexamod:NightmareStrike","hexamod:ThirdSeal"],"picked":"hexamod:SpectralAdrenaline+1","floor":25},{"not_picked":["hexamod:SecondSeal","hexamod:FourthSeal"],"picked":"hexamod:SixthSeal","floor":26},{"not_picked":["hexamod:SpectersWail","hexamod:HauntingEcho"],"picked":"hexamod:FifthSeal","floor":26},{"not_picked":["hexamod:HeatMetal","hexamod:BurningTouch"],"picked":"hexamod:StepThrough","floor":26},{"not_picked":["hexamod:BurningTouch","hexamod:AdvancingGuard"],"picked":"hexamod:VolcanoVisage","floor":26},{"not_picked":["hexamod:ThirdSeal","hexamod:SixthSeal"],"picked":"hexamod:SecondSeal","floor":28},{"not_picked":["hexamod:CatchUp+1","hexamod:SpectersWail"],"picked":"hexamod:SwordOfDarkness","floor":28},{"not_picked":["hexamod:NightmareStrike","hexamod:BurningTouch","hexamod:HauntingEcho"],"picked":"SKIP","floor":28},{"not_picked":["hexamod:Again","hexamod:FastForward","hexamod:Rewind"],"picked":"SKIP","floor":28},{"not_picked":["hexamod:SecondSeal","hexamod:ThirdSeal"],"picked":"hexamod:SixthSeal","floor":30},{"not_picked":["hexamod:ThirdSeal","hexamod:SecondSeal"],"picked":"hexamod:FirstSeal","floor":30},{"not_picked":["hexamod:Hexaguard","hexamod:FastForward"],"picked":"hexamod:FourthSeal","floor":30},{"not_picked":["hexamod:SecondSeal","hexamod:ThirdSeal"],"picked":"hexamod:FourthSeal","floor":32},{"not_picked":["hexamod:ThermalTransfer","hexamod:NightmareGuise+1"],"picked":"hexamod:ForkedFlame","floor":32},{"not_picked":["hexamod:FifthSeal","hexamod:GhostflameInferno"],"picked":"hexamod:ParanormalForm","floor":33},{"not_picked":["hexamod:UnleashSpirits","hexamod:GhostflameInferno"],"picked":"hexamod:SearingWound","floor":33},{"not_picked":["hexamod:GhostLash","hexamod:NightmareGuise+1"],"picked":"hexamod:GhostShield+1","floor":36},{"not_picked":["hexamod:NightmareGuise+1","hexamod:GhostLash"],"picked":"hexamod:ForkedFlame","floor":36},{"not_picked":["hexamod:GhostShield","hexamod:GhostLash"],"picked":"hexamod:Hexaguard+1","floor":37},{"not_picked":["hexamod:GhostOfSpireFuture+1","hexamod:GhostLash+1"],"picked":"hexamod:GhostOfSpirePast","floor":42},{"not_picked":["hexamod:PhantomCloak","hexamod:Firestarter+1"],"picked":"Limit Break","floor":42},{"not_picked":["hexamod:SecondSeal","hexamod:FourthSeal"],"picked":"hexamod:FirstSeal","floor":44},{"not_picked":["hexamod:DynamicBlow","hexamod:ThermalTransfer+1"],"picked":"hexamod:GhostShield+1","floor":44},{"not_picked":["hexamod:ThermalTransfer+1","hexamod:CatchUp"],"picked":"hexamod:SpectersWail+1","floor":44},{"not_picked":["hexamod:SixthSeal","hexamod:ThirdSeal"],"picked":"hexamod:FirstSeal","floor":45},{"not_picked":["hexamod:GhostShield+1","hexamod:NightmareGuise+1"],"picked":"hexamod:SecondSeal","floor":45},{"not_picked":["hexamod:Hexaguard+1","hexamod:ThermalTransfer"],"picked":"hexamod:RadiantFlame+1","floor":45},{"not_picked":["hexamod:FourthSeal","hexamod:ThirdSeal"],"picked":"hexamod:SecondSeal","floor":47},{"not_picked":["hexamod:RainOfEmbers","hexamod:GhostOfSpirePresent"],"picked":"hexamod:RecurringNightmare","floor":47},{"not_picked":["hexamod:BurningTouch+1","hexamod:RainOfEmbers"],"picked":"hexamod:RadiantFlame+1","floor":47}],"player_experience":495651,"relics_obtained":[{"floor":7,"key":"conspire:Dentures"},{"floor":8,"key":"Replay:Bottled Flurry"},{"floor":11,"key":"Vajra"},{"floor":12,"key":"Replay:Bandana"},{"floor":23,"key":"construct:FoamFinger"},{"floor":24,"key":"Bottled Tornado"},{"floor":26,"key":"WingedGreaves"},{"floor":30,"key":"infinitespire:Eraser"},{"floor":37,"key":"Turnip"},{"floor":47,"key":"Du-Vu Doll"}],"event_choices":[{"damage_healed":0,"gold_gain":0,"player_choice":"Fight","damage_taken":0,"max_hp_gain":0,"max_hp_loss":0,"event_name":"Mysterious Sphere","floor":37,"gold_loss":0},{"cards_removed":["Manipulate"],"damage_healed":0,"gold_gain":0,"player_choice":"Took Card","damage_taken":0,"max_hp_gain":0,"max_hp_loss":0,"event_name":"NoteForYourself","floor":39,"gold_loss":0,"cards_obtained":["Manipulate"]}],"is_beta":false,"boss_relics":[{"not_picked":["hubris:BlackHole","ReplayTheSpireMod:DimensionalGlitch"],"picked":"Painkiller Herb"},{"not_picked":["Kintsugi","Calling Bell"],"picked":"reliquary:WritOfMandamus"}],"items_purged_floors":[6,31,38,45],"is_endless":true,"potions_floor_spawned":[3,8,9,15,19,23,28,32,33,37,42],"killed_by":"Nemesis","ascension_level":0}}