{"host":"9ahx8fyo8ahtgkt3","time":1612628123,"event":{"mods":["BaseMod","Bestiary","Better Third Choice","BetterRewards","Colored Powertips","Conspire","Curses Come First","Downfall","Evolution","Hubris","Infinite Spire","Minty Spire (QoL Compilation)","Quick Restart","Replay The Spire","Shop Mod","Spicy Shops","StSLib","Synergy Search"],"gold_per_floor":[118,138,138,13,47,79,79,79,79,79,114,114,126,151,151,249,249,268,268,268,318,368,368,384,4,4,54,137,157,238,257,257,357,357,419,519,569,584,602,602,602,615,615,625,967,967,967,1050,1050,1183,1183,1198,1219,1269,1269,1319,1319,1369,1381,1408,1427,1477,1527,1709,1727,1877,1974,1974,1983,2033,2108,2111,2111,2111,2152,2152,2175,2227,2279,2279,2302,2352,2352,2357,2357],"floor_reached":84,"language":"DEU","playtime":8591,"items_purged":["Burn","Injury","Strike_R","Strike_R","Pain"],"score":1573,"play_id":"f9a5ceba-497f-4b58-adbb-e465592a0c0d","local_time":"20210206171523","is_ascension_mode":false,"campfire_choices":[{"floor":8.0,"key":"REST"},{"data":"Juggernaut","floor":10.0,"key":"SMITH"},{"data":"hubris:EnhanceAbility","floor":12.0,"key":"SMITH"},{"floor":15.0,"key":"REST"},{"data":"Dark Embrace","floor":23.0,"key":"SMITH"},{"data":"Dual Wield","floor":32.0,"key":"SMITH"},{"data":"Jack Of All Trades","floor":40.0,"key":"SMITH"},{"data":"Pommel Strike","floor":46.0,"key":"SMITH"},{"data":"Inflame","floor":49.0,"key":"SMITH"},{"data":"Feed","floor":57.0,"key":"SMITH"},{"data":"hubris:InfiniteBlow","floor":74.0,"key":"SMITH"},{"data":"bronze:Philosophize","floor":76.0,"key":"SMITH"},{"floor":83.0,"key":"REST"}],"circlet_count":0,"master_deck":["Strike_R","Strike_R+2","Strike_R+1","Defend_R","Defend_R","Defend_R","Defend_R","conspire:ExplosiveBarrier","Replay:Undeath\u0027s Touch","Infernal Blade","hubris:EnhanceAbility+1","Discovery","Jack Of All Trades+1","Juggernaut+1","Iron Wave","Thunderclap","Seeing Red","Burning Pact+1","Pommel Strike+1","Juggernaut+1","Dark Embrace+1","AbeCurse","Armaments","Enlightenment","Abandon+1","ReplayTheSpireMod:Strike From Hell","Inflame+1","Dual Wield+1","Corruption+1","Warcry+1","Burning Pact+1","Abandon","Finesse","Feed+1","ReplayTheSpireMod:Strike From Hell","Shrug It Off","Survivor","Neutralize","Abandon","Echo Form","downfall:Haunted","downfall:Haunted","hubris:Lust","Spreading Infection","Hemogenesis","sneckomod:UnlimitedRolls","Guardian:Suspension","FIFO Queue","bronze:Philosophize+1","hubris:InfiniteBlow+2","WaveOfTheHand","ReplayTheSpireMod:Book of Names","sneckomod:UnknownClassPURPLE"],"relics":["infinitespire:DarkRift","EVO:Axolotl","Juzu Bracelet","infinitespire:EmpoweringShard","Regal Pillow","Strawberry","hubris:ScarierMask","SsserpentHead","Gremlin Food","Bag of Marbles","hubris:MobiusCoin","hubris:SlimyHat","Magic Flower","hubris:BlackHole","Counterbalance","Thread and Needle","MerchantsRug","hubris:NiceRug","Potion Belt","Replay:Wax Seal","Guide Book","infinitespire:Midas Blood","Simple Rune","Replay:Bandana","Runic Cube","infinitespire:Cubic Diamond","PrismaticShard","Blue Doll","WarpedTongs","Odd Mushroom","Darkstone Periapt","Electric Blood","Sundial","hubris:MysteriousPyramids","infinitespire:PuzzleCube","Lantern"],"acts_visited":["Exordium","TheCity","TheBeyond","Exordium","TheCity"],"potions_floor_usage":[],"damage_taken":[{"damage":1.0,"enemies":"Jaw Worm","floor":1.0,"turns":5.0},{"damage":1.0,"enemies":"Cultist","floor":2.0,"turns":4.0},{"damage":31.0,"enemies":"Lagavulin","floor":6.0,"turns":6.0},{"damage":0.0,"enemies":"Replay:BlueRogue","floor":11.0,"turns":5.0},{"damage":3.0,"enemies":"Small Slimes","floor":13.0,"turns":4.0},{"damage":17.0,"enemies":"Lagavulin","floor":14.0,"turns":9.0},{"damage":7.0,"enemies":"Fading Forest","floor":16.0,"turns":11.0},{"damage":0.0,"enemies":"conspire:FuzzyDice","floor":18.0,"turns":4.0},{"damage":11.0,"enemies":"3 Byrds","floor":24.0,"turns":4.0},{"damage":22.0,"enemies":"Book of Stabbing","floor":28.0,"turns":5.0},{"damage":0.0,"enemies":"Sentry and Sphere","floor":29.0,"turns":3.0},{"damage":10.0,"enemies":"Slavers","floor":30.0,"turns":6.0},{"damage":5.0,"enemies":"Chosen and Byrds","floor":31.0,"turns":5.0},{"damage":17.0,"enemies":"conspire:MysteriousRune","floor":33.0,"turns":9.0},{"damage":8.0,"enemies":"Orb Walker","floor":35.0,"turns":3.0},{"damage":21.0,"enemies":"Mind Bloom Boss Battle","floor":36.0,"turns":5.0},{"damage":0.0,"enemies":"3 Shapes","floor":38.0,"turns":2.0},{"damage":0.0,"enemies":"Transient","floor":39.0,"turns":4.0},{"damage":0.0,"enemies":"3 Darklings","floor":42.0,"turns":1.0},{"damage":0.0,"enemies":"Jaw Worm Horde","floor":44.0,"turns":1.0},{"damage":6.0,"enemies":"hubris:Merchant","floor":45.0,"turns":3.0},{"damage":0.0,"enemies":"Nightmare","floor":48.0,"turns":6.0},{"damage":0.0,"enemies":"Awakened One","floor":50.0,"turns":2.0},{"damage":0.0,"enemies":"2 Louse","floor":52.0,"turns":1.0},{"damage":0.0,"enemies":"Jaw Worm","floor":53.0,"turns":1.0},{"damage":0.0,"enemies":"Small Slimes","floor":59.0,"turns":2.0},{"damage":0.0,"enemies":"Exordium Thugs","floor":61.0,"turns":1.0},{"damage":0.0,"enemies":"The Mushroom Lair","floor":64.0,"turns":1.0},{"damage":0.0,"enemies":"2 Fungi Beasts","floor":65.0,"turns":1.0},{"damage":0.0,"enemies":"Fading Forest","floor":67.0,"turns":1.0},{"damage":0.0,"enemies":"Shell Parasite","floor":69.0,"turns":1.0},{"damage":7.0,"enemies":"conspire:MimicChest","floor":71.0,"turns":2.0},{"damage":0.0,"enemies":"3 Byrds","floor":72.0,"turns":2.0},{"damage":0.0,"enemies":"Slavers","floor":75.0,"turns":1.0},{"damage":0.0,"enemies":"Gremlin Leader","floor":81.0,"turns":2.0},{"damage":0.0,"enemies":"Collector","floor":84.0,"turns":1.0}],"seed_played":"-1916721382479604732","potions_obtained":[{"floor":5.0,"key":"Languid Potion"},{"floor":11.0,"key":"Swift Potion"},{"floor":13.0,"key":"Explosive Potion"},{"floor":24.0,"key":"Dexterity Potion"},{"floor":30.0,"key":"Swift Potion"},{"floor":39.0,"key":"ColorlessPotion"},{"floor":45.0,"key":"Elixir"},{"floor":45.0,"key":"FearPotion"},{"floor":45.0,"key":"Adrenaline Potion"},{"floor":45.0,"key":"Toxic Potion"},{"floor":52.0,"key":"Venom Potion"},{"floor":81.0,"key":"Block Potion"}],"is_trial":false,"path_per_floor":["M","M","?","$","?","E","?","R","T","R","E","R","M","E","R","B",null,"M","AVR","?","?","?","R","M","$","T","T","E","M","E","M","R","B",null,"M","?","?","M","M","R","AVR","M","T","M","$","R","$","NM","R","B",null,"M","M","?","$","?","R","AVR","M","T","M","?","?","?","M","R","B",null,"M","?","?","M","AVR","R","E","R","T","?","?","$","E","$","R","B"],"character_chosen":"IRONCLAD","items_purchased":["ReplayTheSpireMod:ShopPack","Infernal Blade","Armaments","Enlightenment","Gremlin Food","MerchantsRug"],"campfire_rested":3,"item_purchase_floors":[4,4,25,25,25,45],"current_hp_per_floor":[88,88,88,88,66,41,41,67,67,67,73,73,76,72,95,94,95,95,95,95,95,95,95,90,90,90,90,74,80,76,80,80,72,95,95,83,83,92,95,95,95,95,95,95,95,95,95,95,95,95,95,95,98,98,98,98,98,98,98,98,98,98,98,98,98,133,133,133,133,133,126,133,133,133,133,133,133,101,26,26,37,37,91,91,91],"gold":2357,"neow_bonus":"TEN_PERCENT_HP_BONUS","is_daily":false,"chose_seed":false,"campfire_upgraded":10,"win_rate":0.0,"timestamp":1612628123,"path_taken":["M","M","?","?","?","E","?","R","T","R","E","R","M","E","R","BOSS","M","AVR","?","?","?","R","M","$","T","?","E","M","E","M","R","BOSS","M","?","?","M","M","R","AVR","M","T","M","$","R","$","NM","R","BOSS","M","M","?","$","?","R","AVR","M","T","M","?","?","?","M","R","BOSS","M","?","?","M","AVR","R","E","R","T","?","?","$","E","?","R","BOSS","BOSS"],"items_purchased_type":["Relic","Card","Card","Card","Relic","Relic"],"build_version":"2020-12-22","purchased_purges":5,"victory":false,"max_hp_per_floor":[88,88,88,88,88,88,88,88,88,88,88,88,88,95,95,95,95,95,95,95,95,95,95,95,95,95,95,95,95,95,95,95,95,95,95,95,95,95,95,95,95,95,95,95,95,95,95,95,95,95,95,95,98,98,98,98,98,98,98,98,98,98,98,98,98,133,133,133,133,133,133,133,133,133,133,133,133,133,133,133,133,133,133,133,133],"card_choices":[{"not_picked":["Headbutt","Rupture"],"picked":"Abandon","floor":1.0},{"not_picked":["Pommel Strike","Thunderclap"],"picked":"conspire:ExplosiveBarrier","floor":2.0},{"not_picked":["Sadistic Nature","Master of Strategy"],"picked":"hubris:EnhanceAbility","floor":4.0},{"not_picked":["Survey Options","Bandage Up"],"picked":"Discovery","floor":4.0},{"not_picked":["Violence","ReplayTheSpireMod:Trickstab"],"picked":"Jack Of All Trades","floor":4.0},{"not_picked":["True Grit","Combust"],"picked":"Juggernaut","floor":5.0},{"not_picked":["Pommel Strike","Combust"],"picked":"Iron Wave","floor":5.0},{"not_picked":["Headbutt","Dropkick"],"picked":"Thunderclap","floor":6.0},{"not_picked":["Twin Strike","Warcry"],"picked":"Seeing Red","floor":11.0},{"not_picked":["Iron Wave","Headbutt"],"picked":"Burning Pact","floor":13.0},{"not_picked":["Sword Boomerang","conspire:Charge"],"picked":"Pommel Strike","floor":14.0},{"not_picked":["Replay:Many Hands","Impervious"],"picked":"Juggernaut","floor":16.0},{"not_picked":["Replay:Undeath\u0027s Touch","Dropkick+1"],"picked":"Dark Embrace","floor":18.0},{"not_picked":["ReplayTheSpireMod:Corrosion Curse+1","Massacre","Headbutt+1"],"picked":"SKIP","floor":24.0},{"not_picked":["conspire:Charge","Run Through+1"],"picked":"Abandon+1","floor":28.0},{"not_picked":["Power Through","Perfected Strike"],"picked":"ReplayTheSpireMod:Strike From Hell","floor":29.0},{"not_picked":["Run Through","Reckless Charge"],"picked":"Inflame","floor":30.0},{"not_picked":["Clothesline","True Grit+1"],"picked":"Dual Wield","floor":31.0},{"not_picked":["Juggernaut","conspire:Purge"],"picked":"Corruption","floor":33.0},{"not_picked":["Twin Strike","Clothesline"],"picked":"Warcry+1","floor":35.0},{"not_picked":["Thunderclap+1","Entrench+1","Sword Boomerang+1"],"picked":"SKIP","floor":38.0},{"not_picked":["Thunderclap+1","Anger","Life Link+1"],"picked":"SKIP","floor":39.0},{"not_picked":["Anger","Cleave+1"],"picked":"Burning Pact+1","floor":42.0},{"not_picked":["Perfected Strike","Searing Blow+1"],"picked":"Abandon","floor":44.0},{"not_picked":[],"picked":"Metallicize","floor":45.0},{"not_picked":[],"picked":"Finesse","floor":45.0},{"not_picked":["infinitespire:OneForAll"],"picked":"SKIP","floor":45.0},{"not_picked":["Twin Strike"],"picked":"SKIP","floor":45.0},{"not_picked":["ReplayReversal"],"picked":"SKIP","floor":45.0},{"not_picked":["ReplayTheSpireMod:Stacked"],"picked":"SKIP","floor":45.0},{"not_picked":["Poisoned Strike"],"picked":"SKIP","floor":45.0},{"not_picked":["hubris:CleavingFinish+1","Life Link","Infernal Blade"],"picked":"SKIP","floor":48.0},{"not_picked":["hubris:CleavingFinish+1","Life Link","Infernal Blade"],"picked":"SKIP","floor":48.0},{"not_picked":["Hemogenesis","Replay:Many Hands"],"picked":"Feed","floor":50.0},{"not_picked":["Battle Trance","Twin Strike"],"picked":"ReplayTheSpireMod:Strike From Hell","floor":52.0},{"not_picked":["Twin Strike","Thunderclap"],"picked":"Shrug It Off","floor":53.0},{"not_picked":["bronze:Fortify","Guardian:Recover","hexamod:Rewind"],"picked":"SKIP","floor":59.0},{"not_picked":["Slimebound:SplitBruiser","sneckomod:ImprovisedGuard","Iron Wave"],"picked":"SKIP","floor":61.0},{"not_picked":["Clothesline","champ:IronFortress"],"picked":"Echo Form","floor":64.0},{"not_picked":["Replay:Undeath\u0027s Touch","Reinforced Body","Slimebound:SplitBruiser"],"picked":"SKIP","floor":65.0},{"not_picked":["Juggernaut","bronze:Verify"],"picked":"sneckomod:UnlimitedRolls","floor":67.0},{"not_picked":["Guardian:Emergency+1","Replay:BluntJabs"],"picked":"Guardian:Suspension","floor":69.0},{"not_picked":["Steam","Guardian:Incinerate"],"picked":"FIFO Queue","floor":71.0},{"not_picked":["True Grit","Twin Strike+1"],"picked":"bronze:Philosophize","floor":72.0},{"not_picked":["champ:EnragedBash","champ:IronFortress"],"picked":"WaveOfTheHand","floor":75.0},{"not_picked":["infinitespire:Execution","Replay:Fractal Strike"],"picked":"ReplayTheSpireMod:Book of Names","floor":78.0},{"not_picked":["Slimebound:SlimeBrawl","Beam Cell+1"],"picked":"sneckomod:UnknownClassPURPLE","floor":81.0}],"player_experience":32700,"relics_obtained":[{"floor":5.0,"key":"Juzu Bracelet"},{"floor":6.0,"key":"infinitespire:EmpoweringShard"},{"floor":9.0,"key":"conspire:Dentures"},{"floor":11.0,"key":"Regal Pillow"},{"floor":14.0,"key":"Strawberry"},{"floor":26.0,"key":"Bag of Marbles"},{"floor":27.0,"key":"hubris:MobiusCoin"},{"floor":28.0,"key":"hubris:SlimyHat"},{"floor":30.0,"key":"Magic Flower"},{"floor":36.0,"key":"Counterbalance"},{"floor":43.0,"key":"Happy Flower"},{"floor":45.0,"key":"Potion Belt"},{"floor":45.0,"key":"Replay:Wax Seal"},{"floor":45.0,"key":"Guide Book"},{"floor":45.0,"key":"infinitespire:Midas Blood"},{"floor":45.0,"key":"Simple Rune"},{"floor":48.0,"key":"Replay:Bandana"},{"floor":60.0,"key":"Blue Doll"},{"floor":64.0,"key":"Odd Mushroom"},{"floor":71.0,"key":"Sundial"},{"floor":75.0,"key":"hubris:MysteriousPyramids"},{"floor":77.0,"key":"infinitespire:PuzzleCube"},{"floor":81.0,"key":"Lantern"}],"event_choices":[{"cards_removed":["Abandon"],"damage_healed":0.0,"max_hp_gain":0.0,"max_hp_loss":0.0,"gold_gain":0.0,"event_name":"NoteForYourself","player_choice":"Took Card","floor":3.0,"gold_loss":0.0,"damage_taken":0.0,"cards_obtained":["Replay:Undeath\u0027s Touch"]},{"damage_healed":41.0,"max_hp_gain":0.0,"max_hp_loss":88.0,"gold_gain":0.0,"event_name":"betterThird:BetterShining","player_choice":"Embrace Burn","floor":7.0,"gold_loss":0.0,"damage_taken":0.0},{"damage_healed":0.0,"max_hp_gain":0.0,"max_hp_loss":0.0,"gold_gain":0.0,"event_name":"FaceTrader","player_choice":"Trade","floor":20.0,"gold_loss":0.0,"damage_taken":0.0,"relics_obtained":["SsserpentHead"]},{"damage_healed":0.0,"max_hp_gain":0.0,"max_hp_loss":0.0,"gold_gain":0.0,"event_name":"Ghosts","player_choice":"Ignored","floor":21.0,"gold_loss":0.0,"damage_taken":0.0},{"damage_healed":0.0,"max_hp_gain":0.0,"max_hp_loss":0.0,"gold_gain":0.0,"event_name":"conspire:Investor","player_choice":"Leave","floor":22.0,"gold_loss":0.0,"damage_taken":0.0},{"damage_healed":0.0,"max_hp_gain":0.0,"max_hp_loss":0.0,"gold_gain":0.0,"event_name":"MindBloom","player_choice":"Fight","floor":36.0,"gold_loss":0.0,"damage_taken":0.0},{"cards_removed":["Metallicize"],"damage_healed":0.0,"max_hp_gain":0.0,"max_hp_loss":0.0,"gold_gain":0.0,"event_name":"NoteForYourself","player_choice":"Took Card","floor":62.0,"gold_loss":0.0,"damage_taken":0.0,"cards_obtained":["Abandon"]},{"damage_healed":0.0,"max_hp_gain":0.0,"max_hp_loss":0.0,"gold_gain":0.0,"event_name":"Accursed Blacksmith","player_choice":"Rummage","floor":63.0,"gold_loss":0.0,"damage_taken":0.0,"relics_obtained":["WarpedTongs"],"cards_obtained":["Pain"]},{"damage_healed":0.0,"max_hp_gain":0.0,"max_hp_loss":0.0,"gold_gain":0.0,"event_name":"Mushrooms","player_choice":"Fought Mushrooms","floor":64.0,"gold_loss":0.0,"damage_taken":0.0},{"cards_removed":["infinitespire:Pacifist"],"damage_healed":0.0,"max_hp_gain":0.0,"max_hp_loss":0.0,"gold_gain":0.0,"event_name":"Purifier","player_choice":"Purged","floor":70.0,"gold_loss":0.0,"damage_taken":0.0}],"is_beta":false,"boss_relics":[{"not_picked":["conspire:SlowCooker","SacredBark"],"picked":"hubris:ScarierMask"},{"not_picked":["Runic Pyramid","hubris:GrandSneckoEye"],"picked":"hubris:BlackHole"},{"not_picked":["Replay:Wanted Poster","Fusion Hammer"],"picked":"Runic Cube"},{"not_picked":["conspire:SeveredTorchhead","Abe\u0027s Treasure"],"picked":"Electric Blood"}],"items_purged_floors":[25,41,45,58,73],"is_endless":true,"potions_floor_spawned":[11,13,14,24,30,31,39,44,48,52,59,71,81,84],"killed_by":"Collector","ascension_level":0}}