{"host":"jksa5rawk3m4gilz","time":1612621534,"event":{"mods":["BaseMod","Colored Map","Highlight Path","Minty Spire (QoL Compilation)","Quick Restart"],"gold_per_floor":[112,112,139,154,154,184,184,197,197,197,226,243,253,264,264,264,264],"floor_reached":16,"language":"ENG","playtime":505,"items_purged":[],"score":233,"play_id":"c3607a15-1a82-434b-9c9c-024648220e54","local_time":"20210206152534","is_ascension_mode":true,"campfire_choices":[{"data":"True Grit","floor":7,"key":"SMITH"},{"floor":10,"key":"DIG"},{"data":"Body Slam","floor":15,"key":"SMITH"}],"circlet_count":0,"master_deck":["AscendersBane","Strike_R","Strike_R","Strike_R","Strike_R","Strike_R","Defend_R","Defend_R","Defend_R","Defend_R","Bash","Iron Wave","True Grit+1","Rampage","Rage","Rage","Body Slam+1","Carnage"],"relics":["Burning Blood","NeowsBlessing","Boot","Orichalcum","Blue Candle","Shovel","The Courier","StoneCalendar"],"acts_visited":["Exordium"],"potions_floor_usage":[11],"damage_taken":[{"damage":0,"enemies":"Cultist","floor":1,"turns":1},{"damage":0,"enemies":"Jaw Worm","floor":4,"turns":1},{"damage":0,"enemies":"Gremlin Nob","floor":6,"turns":1},{"damage":0,"enemies":"2 Louse","floor":8,"turns":3},{"damage":14,"enemies":"3 Sentries","floor":11,"turns":10},{"damage":2,"enemies":"2 Fungi Beasts","floor":12,"turns":5},{"damage":12,"enemies":"Lots of Slimes","floor":13,"turns":7},{"damage":10,"enemies":"Exordium Thugs","floor":14,"turns":4},{"damage":69,"enemies":"Hexaghost","floor":16,"turns":9}],"seed_played":"7888813212147430882","potions_obtained":[{"floor":4,"key":"SteroidPotion"},{"floor":6,"key":"Fire Potion"},{"floor":12,"key":"Fire Potion"},{"floor":14,"key":"Regen Potion"}],"is_trial":false,"path_per_floor":["M","?","T","M","?","E","R","M","T","R","E","M","M","M","R","B"],"character_chosen":"IRONCLAD","items_purchased":[],"campfire_rested":0,"item_purchase_floors":[],"current_hp_per_floor":[74,79,79,80,68,74,74,80,80,80,72,76,70,66,66,0,0],"gold":264,"neow_bonus":"THREE_ENEMY_KILL","is_daily":false,"chose_seed":false,"campfire_upgraded":2,"win_rate":0.0,"timestamp":1612621534,"path_taken":["M","?","?","M","?","E","R","M","T","R","E","M","M","M","R","BOSS"],"items_purchased_type":[],"build_version":"2020-12-22","purchased_purges":0,"victory":false,"max_hp_per_floor":[75,80,80,80,80,80,80,80,80,80,80,80,80,80,80,80,80],"card_choices":[{"not_picked":["Flex","Metallicize"],"picked":"Iron Wave","floor":1},{"not_picked":["Warcry","Searing Blow"],"picked":"True Grit","floor":4},{"not_picked":["Searing Blow","True Grit"],"picked":"Rampage","floor":6},{"not_picked":["Pummel","Iron Wave"],"picked":"Rage","floor":8},{"not_picked":["Spot Weakness","Rupture"],"picked":"Rage","floor":11},{"not_picked":["Anger","Iron Wave"],"picked":"Body Slam","floor":12},{"not_picked":["Clothesline","Clash"],"picked":"Carnage","floor":13},{"not_picked":["Sword Boomerang","Cleave","Wild Strike"],"picked":"SKIP","floor":14}],"player_experience":1814910,"relics_obtained":[{"floor":3,"key":"Boot"},{"floor":6,"key":"Blue Candle"},{"floor":9,"key":"Shovel"},{"floor":10,"key":"The Courier"},{"floor":11,"key":"StoneCalendar"}],"event_choices":[{"damage_healed":0,"gold_gain":0,"player_choice":"Donut","damage_taken":0,"max_hp_gain":5,"max_hp_loss":0,"event_name":"Big Fish","floor":2,"gold_loss":0},{"damage_healed":0,"gold_gain":0,"player_choice":"Success","damage_taken":12,"relics_obtained":["Orichalcum"],"max_hp_gain":0,"max_hp_loss":0,"event_name":"Scrap Ooze","floor":5,"gold_loss":0}],"is_beta":false,"boss_relics":[],"items_purged_floors":[],"is_endless":false,"potions_floor_spawned":[4,6,12,14],"killed_by":"Hexaghost","ascension_level":14}}