{"host":"bpdbi03e31cbjklx","time":1612590928,"event":{"mods":["BaseMod","Colored Map","Colored Powertips","Downfall","Highlight Path","Minty Spire (QoL Compilation)","StSLib","The Senshi"],"gold_per_floor":[99,119,119,139,158,74,74,74,93,93,127,127,144,144,158,263,263,63,81,101,86,86,86,86,106,106,133,133,161,179,210,230,335,335,335,352,366,379,183,183,260,312,347,347,0,0,12,24,38,38],"floor_reached":51,"language":"ENG","playtime":8663,"items_purged":[],"score":952,"play_id":"8460dd06-2fd0-442a-aa03-8c3bafb04fa9","local_time":"20210205235528","is_ascension_mode":true,"campfire_choices":[{"data":"Guardian:StasisStrike","floor":1,"key":"SMITH"},{"floor":8,"key":"RECALL"},{"data":"Guardian:DecasProtection","floor":18,"key":"SMITH"},{"data":"Guardian:Repulse","floor":23,"key":"SMITH"},{"data":"Guardian:PiercingHide","floor":28,"key":"SMITH"},{"data":"Guardian:BodySlam","floor":35,"key":"SMITH"},{"data":"Guardian:TimeCapacitor","floor":40,"key":"SMITH"},{"data":"Guardian:Orbwalk","floor":44,"key":"SMITH"}],"circlet_count":0,"master_deck":["Guardian:Strike_Guardian","Guardian:Strike_Guardian","Guardian:Defend_Guardian","Guardian:Defend_Guardian","Guardian:Defend_Guardian","Guardian:Defend_Guardian","Guardian:CurlUp","Guardian:TwinSlam+1","Guardian:StasisStrike+1","Guardian:Planning","Guardian:Repulse+1","Guardian:PiercingHide+1","Guardian:RollAttack","Guardian:BronzeOrb+1","Guardian:ExploitGems","Guardian:DecasProtection+1","Guardian:GatlingBeam","Guardian:Incinerate","Guardian:StasisField","Guardian:TimeCapacitor+1","Guardian:BodySlam+1","Guardian:RevengeProtocol","Guardian:SpikerProtocol","Guardian:SentryBeam","Guardian:Recover","Guardian:Orbwalk+1","Guardian:Preprogram+1","Guardian:Gem_Red","Guardian:Harden+1"],"relics":["Guardian:ModeShifterPlus","Unceasing Top","Singing Bowl","downfall:HeartBlessingRed","downfall:HeartBlessingBlue","Dead Branch","MutagenicStrength","Centennial Puzzle","Akabeko","TungstenRod","Philosopher\u0027s Stone","Mummified Hand","theSenshi:SailorFukuRelic","theSenshi:FeatherClipsRelic","Ice Cream","Bronze Scales","Thread and Needle"],"acts_visited":["Exordium","TheCity","TheBeyond"],"potions_floor_usage":[16,16,16,20,27,27,33,33,50,50,50],"damage_taken":[{"damage":2,"enemies":"2 Louse","floor":2,"turns":2},{"damage":1,"enemies":"Cultist","floor":4,"turns":3},{"damage":6,"enemies":"Jaw Worm","floor":5,"turns":4},{"damage":5,"enemies":"downfall:FleeingMerchant","floor":6,"turns":4},{"damage":7,"enemies":"Blue Slaver","floor":9,"turns":4},{"damage":14,"enemies":"Gremlin Nob","floor":11,"turns":4},{"damage":3,"enemies":"Exordium Thugs","floor":13,"turns":3},{"damage":0,"enemies":"Large Slime","floor":15,"turns":4},{"damage":5,"enemies":"WA_ARCHETYPE_RETAIN","floor":16,"turns":6},{"damage":0,"enemies":"Spheric Guardian","floor":19,"turns":4},{"damage":0,"enemies":"Sentry and Sphere","floor":20,"turns":3},{"damage":0,"enemies":"downfall:FleeingMerchant","floor":21,"turns":4},{"damage":0,"enemies":"3 Cultists","floor":25,"turns":4},{"damage":0,"enemies":"Book of Stabbing","floor":27,"turns":5},{"damage":8,"enemies":"Slavers","floor":29,"turns":7},{"damage":0,"enemies":"Centurion and Healer","floor":30,"turns":4},{"damage":26,"enemies":"Gremlin Leader","floor":31,"turns":8},{"damage":5,"enemies":"Shelled Parasite and Fungi","floor":32,"turns":4},{"damage":16,"enemies":"DF_ARCHETYPE_CLAW","floor":33,"turns":7},{"damage":0,"enemies":"3 Shapes","floor":36,"turns":3},{"damage":0,"enemies":"Orb Walker","floor":37,"turns":3},{"damage":0,"enemies":"Maw","floor":38,"turns":5},{"damage":0,"enemies":"downfall:FleeingMerchant","floor":39,"turns":3},{"damage":1,"enemies":"2 Orb Walkers","floor":42,"turns":3},{"damage":0,"enemies":"Nemesis","floor":43,"turns":5},{"damage":0,"enemies":"Sphere and 2 Shapes","floor":47,"turns":3},{"damage":0,"enemies":"Jaw Worm Horde","floor":48,"turns":3},{"damage":0,"enemies":"Transient","floor":49,"turns":5},{"damage":6,"enemies":"IC_BLOCK_ARCHETYPE","floor":50,"turns":8}],"seed_played":"4224747472034485805","potions_obtained":[{"floor":2,"key":"Guardian:BlockOnCardUsePotion"},{"floor":5,"key":"Guardian:AcceleratePotion"},{"floor":11,"key":"Guardian:BlockOnCardUsePotion"},{"floor":16,"key":"AttackPotion"},{"floor":20,"key":"LiquidBronze"},{"floor":25,"key":"Guardian:DefensiveModePotion"},{"floor":30,"key":"Slimebound:ThreeZeroPotion"},{"floor":32,"key":"Weak Potion"},{"floor":33,"key":"SmokeBomb"},{"floor":36,"key":"Weak Potion"},{"floor":37,"key":"PowerPotion"},{"floor":43,"key":"Regen Potion"}],"is_trial":false,"path_per_floor":["R","M","?","M","M","$","T","R","M","?","E","T","M","?","M","B",null,"R","M","M","$","?","R","T","M","?","E","R","E","M","E","M","B",null,"R","M","M","M","$","R","T","?","E","R","$","?","M","M","M","B",null],"character_chosen":"GUARDIAN","items_purchased":["Guardian:Gem_Crimson","Mummified Hand","Guardian:Gem_Lightblue","Guardian:Recover","Guardian:Orbwalk","theSenshi:SailorFukuRelic","Thread and Needle","Guardian:Gem_Red"],"campfire_rested":0,"item_purchase_floors":[6,39,39,39,39,39,45,45],"current_hp_per_floor":[56,54,54,53,47,42,42,42,35,35,21,21,18,18,18,13,80,90,90,90,92,92,92,92,94,94,94,94,88,88,62,57,41,96,96,96,98,98,98,98,98,98,98,98,98,98,100,100,102,102],"gold":38,"neow_bonus":"THREE_RARE_CARDS","is_daily":false,"chose_seed":false,"campfire_upgraded":7,"win_rate":0.0,"timestamp":1612590928,"path_taken":["R","M","?","M","?","$","T","R","M","?","E","?","?","?","M","BOSS","R","M","M","$","?","R","T","M","?","E","R","E","M","E","M","BOSS","R","M","M","M","$","R","T","?","E","R","$","?","M","M","M","BOSS"],"items_purchased_type":["Card","Relic","Card","Card","Card","Relic","Relic","Card"],"build_version":"2020-12-22","purchased_purges":0,"victory":true,"max_hp_per_floor":[80,80,80,80,80,80,80,80,80,80,80,80,80,80,80,80,80,90,90,90,92,92,92,92,94,94,94,94,96,96,96,96,96,96,96,96,98,98,98,98,98,98,98,98,98,98,100,100,102,102],"card_choices":[{"not_picked":["Guardian:ExploitGems","Guardian:FastForward"],"picked":"Guardian:StasisStrike","floor":0},{"not_picked":["Guardian:ShieldSpikes","Guardian:PrimingBeam"],"picked":"Guardian:Planning","floor":2},{"not_picked":["Guardian:Gem_Green","Guardian:Suspension"],"picked":"Guardian:Repulse","floor":4},{"not_picked":["Guardian:ChargeCore","Guardian:MultiBeam"],"picked":"Guardian:PiercingHide","floor":5},{"not_picked":["Guardian:CrystalBeam","Guardian:BronzeArmor"],"picked":"Guardian:RollAttack","floor":6},{"not_picked":["Guardian:GuardianWhirl","Guardian:PrismaticBeam"],"picked":"Guardian:BronzeOrb","floor":9},{"not_picked":["Guardian:ChargeCore","Guardian:Gem_Red"],"picked":"Guardian:ExploitGems","floor":11},{"not_picked":["Guardian:VentSteam","Guardian:CrystalBeam"],"picked":"Guardian:DecasProtection","floor":13},{"not_picked":["Guardian:PiercingHide","Guardian:BodySlam"],"picked":"Guardian:Gem_Purple","floor":15},{"not_picked":["Guardian:AncientConstruct","Guardian:FastForward"],"picked":"Guardian:GatlingBeam","floor":16},{"not_picked":["Guardian:Emergency+1","Guardian:Harden"],"picked":"Guardian:Incinerate","floor":19},{"not_picked":["Guardian:Planning+1","Guardian:Preprogram"],"picked":"Guardian:Gem_Crimson","floor":20},{"not_picked":["Guardian:ArmoredProtocol","Guardian:Reroute","Guardian:StasisStrike"],"picked":"Singing Bowl","floor":21},{"not_picked":["Guardian:WalkerClaw","Guardian:VentSteam","Guardian:Suspension"],"picked":"Singing Bowl","floor":25},{"not_picked":["Guardian:Gem_Red","Guardian:RollAttack+1"],"picked":"Guardian:StasisField","floor":27},{"not_picked":["Guardian:VentSteam","Guardian:WalkerClaw","Guardian:StasisField"],"picked":"Singing Bowl","floor":29},{"not_picked":["Guardian:Gem_Green","Guardian:TemporalStrike"],"picked":"Guardian:TimeCapacitor","floor":30},{"not_picked":["Guardian:Gem_Crimson","Guardian:Incinerate"],"picked":"Guardian:BodySlam","floor":31},{"not_picked":["Guardian:RefractedBeam","Guardian:PiercingHide"],"picked":"Guardian:Gem_Lightblue","floor":32},{"not_picked":["Guardian:AncientConstruct","Guardian:FastForward"],"picked":"Guardian:RevengeProtocol","floor":33},{"not_picked":["Guardian:Orbwalk","Guardian:DecasProtection"],"picked":"Guardian:SpikerProtocol","floor":36},{"not_picked":["Guardian:ArmoredProtocol","Guardian:GuardianWhirl","Guardian:RefractedBeam"],"picked":"Singing Bowl","floor":37},{"not_picked":["Guardian:PolyBeam","Guardian:Suspension"],"picked":"Guardian:Gem_Cyan","floor":38},{"not_picked":["Guardian:Suspension+1","Guardian:FloatingOrbs+1"],"picked":"Guardian:SentryBeam","floor":39},{"not_picked":["Guardian:VentSteam","Guardian:Planning+1"],"picked":"Guardian:Preprogram+1","floor":42},{"not_picked":["Guardian:Incinerate+1","Guardian:RollAttack"],"picked":"Guardian:Gem_Crimson","floor":43},{"not_picked":["Guardian:FloatingOrbs+1","Guardian:Repulse+1","Guardian:PiercingHide+1"],"picked":"Singing Bowl","floor":47},{"not_picked":["Guardian:Gem_Purple","Guardian:VentSteam"],"picked":"Guardian:Harden+1","floor":48},{"not_picked":["Guardian:MultiBeam","Guardian:CrystalBeam","Guardian:WalkerClaw"],"picked":"Singing Bowl","floor":49}],"player_experience":378182,"relics_obtained":[{"floor":11,"key":"Unceasing Top"},{"floor":12,"key":"Singing Bowl"},{"floor":24,"key":"Dead Branch"},{"floor":27,"key":"Centennial Puzzle"},{"floor":29,"key":"Akabeko"},{"floor":31,"key":"TungstenRod"},{"floor":41,"key":"theSenshi:FeatherClipsRelic"},{"floor":42,"key":"Ice Cream"},{"floor":43,"key":"Bronze Scales"}],"event_choices":[{"damage_healed":0,"gold_gain":0,"player_choice":"Grow","damage_taken":0,"max_hp_gain":0,"max_hp_loss":0,"event_name":"Living Wall","floor":14,"gold_loss":0,"cards_upgraded":["Guardian:BronzeOrb"]},{"damage_healed":0,"gold_gain":0,"player_choice":"Ignored","damage_taken":0,"max_hp_gain":0,"max_hp_loss":0,"event_name":"Vampires","floor":22,"gold_loss":0},{"damage_healed":0,"gold_gain":0,"player_choice":"Inject Mutagens","damage_taken":0,"relics_obtained":["MutagenicStrength"],"max_hp_gain":0,"max_hp_loss":0,"event_name":"Drug Dealer","floor":26,"gold_loss":0},{"damage_healed":0,"gold_gain":0,"player_choice":"Fight","damage_taken":0,"max_hp_gain":0,"max_hp_loss":0,"event_name":"Mysterious Sphere","floor":42,"gold_loss":0},{"cards_removed":["Guardian:Strike_Guardian"],"damage_healed":0,"gold_gain":0,"player_choice":"Removed Attack","damage_taken":0,"max_hp_gain":0,"max_hp_loss":0,"event_name":"Falling","floor":46,"gold_loss":0}],"is_beta":false,"boss_relics":[{"not_picked":["bronze:MakeshiftBattery","Busted Crown"],"picked":"Guardian:ModeShifterPlus"},{"not_picked":["SacredBark","Guardian:StasisSlotReductionRelic"],"picked":"Philosopher\u0027s Stone"}],"items_purged_floors":[],"is_endless":false,"potions_floor_spawned":[2,5,11,15,16,20,25,30,32,33,36,37,38,43,49],"ascension_level":1}}