{"host":"fdip6nj211smoxvi","time":1612617495,"event":{"mods":["BaseMod","BetterRewards","Colored Map","Downfall","Hermit","Minty Spire (QoL Compilation)","Shop Mod","StSLib","The Hierophant","The Servant 0.9.4"],"gold_per_floor":[116,116,36,36,36,363,383,383,410,20,20,37,69,81,81,179,179,197,214,214,114,134,169,169,185,208,83,99,124,49,49,49,152,152,166,96,106,106,156,156,188,188,258,114,114,147,147,0,0,0],"floor_reached":51,"language":"DEU","playtime":2477,"items_purged":["Strike_G","Infinite Blades","Setup+1"],"score":924,"play_id":"666d5b09-e494-4d96-ae9f-67e3b67f3472","local_time":"20210206141815","is_ascension_mode":true,"campfire_choices":[{"data":"Deadly Poison","floor":8,"key":"SMITH"},{"data":"Crippling Poison","floor":11,"key":"SMITH"},{"floor":15,"key":"REST"},{"floor":24,"key":"REST"},{"floor":32,"key":"REST"},{"floor":40,"key":"REST"},{"data":"Catalyst","floor":42,"key":"SMITH"},{"data":"Deadly Poison","floor":45,"key":"SMITH"},{"floor":49,"key":"REST"}],"circlet_count":0,"master_deck":["Survivor+1","Neutralize","Deadly Poison+1","Catalyst+1","Crippling Poison+1","Deadly Poison+1","Footwork","Deflect+1","Phantasmal Killer+1","Catalyst+1","Night Terror+1","Quick Slash","Phantasmal Killer+1","Acrobatics+1","Poisoned Stab","Bouncing Flask+1","Backflip+1","Dodge and Roll+1","Backflip+1","Bane+1","Bane+1","Deflect+1","Catalyst+1","Bouncing Flask+1","Deflect+1","Enlightenment+1","The Bomb+1","Outmaneuver+1"],"relics":["Ring of the Snake","NeowsBlessing","Strawberry","Old Coin","Art of War","Toxic Egg 2","Pantograph","Pandora\u0027s Box","Dream Catcher","Ancient Tea Set","Snake Skull","Frozen Egg 2","Black Star","Blue Candle","Incense Burner","Singing Bowl","Juzu Bracelet","Sundial","Omamori","War Paint","Red Mask"],"acts_visited":["Exordium","TheCity","TheBeyond"],"potions_floor_usage":[18,23,23,29],"damage_taken":[{"damage":0,"enemies":"Small Slimes","floor":1,"turns":1},{"damage":0,"enemies":"Lagavulin","floor":6,"turns":1},{"damage":0,"enemies":"Jaw Worm","floor":7,"turns":1},{"damage":4,"enemies":"2 Louse","floor":12,"turns":2},{"damage":12,"enemies":"Gremlin Nob","floor":13,"turns":4},{"damage":1,"enemies":"Looter","floor":14,"turns":3},{"damage":5,"enemies":"The Guardian","floor":16,"turns":5},{"damage":3,"enemies":"Shell Parasite","floor":18,"turns":3},{"damage":6,"enemies":"3 Byrds","floor":19,"turns":4},{"damage":13,"enemies":"Centurion and Healer","floor":22,"turns":5},{"damage":30,"enemies":"Gremlin Leader","floor":23,"turns":4},{"damage":5,"enemies":"Shelled Parasite and Fungi","floor":25,"turns":4},{"damage":8,"enemies":"3 Cultists","floor":28,"turns":4},{"damage":0,"enemies":"Book of Stabbing","floor":29,"turns":3},{"damage":11,"enemies":"Champ","floor":33,"turns":4},{"damage":39,"enemies":"3 Darklings","floor":35,"turns":6},{"damage":2,"enemies":"Orb Walker","floor":37,"turns":3},{"damage":0,"enemies":"Mind Bloom Boss Battle","floor":39,"turns":2},{"damage":13,"enemies":"Giant Head","floor":41,"turns":2},{"damage":35,"enemies":"Reptomancer","floor":46,"turns":3},{"damage":15,"enemies":"Time Eater","floor":50,"turns":4}],"seed_played":"-1466696228176596476","potions_obtained":[{"floor":1,"key":"Guardian:BlockOnCardUsePotion"},{"floor":6,"key":"SteroidPotion"},{"floor":7,"key":"bronze:BurnAndBuffPotion"},{"floor":19,"key":"SkillPotion"},{"floor":25,"key":"SkillPotion"},{"floor":39,"key":"Block Potion"},{"floor":41,"key":"SneckoOil"}],"is_trial":false,"path_per_floor":["M","?","$","?","?","E","M","R","T","$","R","M","E","M","R","B",null,"M","M","?","$","M","E","R","M","T","$","M","E","?","?","R","B",null,"M","$","M","?","?","R","E","R","T","$","R","E","?","?","R","B",null],"character_chosen":"THE_SILENT","items_purchased":["Catalyst","Toxic Egg 2","Footwork","Catalyst+1","Enlightenment+1","AttackPotion"],"campfire_rested":5,"item_purchase_floors":[3,10,10,36,44,44],"current_hp_per_floor":[70,70,70,35,60,60,60,60,60,60,60,56,44,43,66,72,77,74,68,68,68,55,25,48,43,43,43,35,35,35,35,58,66,77,38,38,36,31,56,77,64,64,64,64,64,31,31,31,54,64],"gold":0,"neow_bonus":"THREE_ENEMY_KILL","is_daily":false,"chose_seed":false,"campfire_upgraded":4,"win_rate":0.0,"timestamp":1612617495,"path_taken":["M","?","$","?","?","E","M","R","T","?","R","M","E","M","R","BOSS","M","M","?","$","M","E","R","M","T","$","M","E","?","?","R","BOSS","M","$","M","?","?","R","E","R","T","?","R","E","?","?","R","BOSS"],"items_purchased_type":["Card","Relic","Card","Card","Card","Potion"],"build_version":"2020-12-22","purchased_purges":3,"victory":true,"max_hp_per_floor":[70,70,70,77,77,77,77,77,77,77,77,77,77,77,77,77,77,77,77,77,77,77,77,77,77,77,77,77,77,77,77,77,77,77,77,77,77,77,77,77,77,77,77,77,77,79,79,79,79,79],"card_choices":[{"not_picked":["Tactician","Infinite Blades"],"picked":"Deadly Poison","floor":1},{"not_picked":["Outmaneuver","Backflip"],"picked":"Crippling Poison","floor":6},{"not_picked":["Setup","Bane"],"picked":"Deadly Poison","floor":7},{"not_picked":["Outmaneuver+1","Blade Dance+1"],"picked":"Deflect+1","floor":12},{"not_picked":["Quick Slash","Dagger Spray"],"picked":"Phantasmal Killer+1","floor":13},{"not_picked":["Dagger Spray","Deadly Poison+1"],"picked":"Catalyst+1","floor":14},{"not_picked":["Storm of Steel+1","Tools of the Trade"],"picked":"Night Terror+1","floor":16},{"not_picked":["Deadly Poison+1","Caltrops"],"picked":"Dodge and Roll+1","floor":18},{"not_picked":["Prepared+1","Heel Hook"],"picked":"Backflip+1","floor":19},{"not_picked":["Dash+1","Prepared+1","Blade Dance+1"],"picked":"SKIP","floor":22},{"not_picked":["Caltrops","Expertise+1","Dagger Throw"],"picked":"SKIP","floor":23},{"not_picked":["Escape Plan+1","Predator+1"],"picked":"Bane+1","floor":25},{"not_picked":["Terror+1","Prepared+1"],"picked":"Bane+1","floor":28},{"not_picked":["Dagger Spray","Expertise+1"],"picked":"Deflect+1","floor":29},{"not_picked":["Slice+1","Outmaneuver+1","Predator+1"],"picked":"SKIP","floor":35},{"not_picked":["Heel Hook+1","Underhanded Strike+1"],"picked":"Bouncing Flask+1","floor":37},{"not_picked":["Predator","Dagger Spray"],"picked":"Deflect+1","floor":41},{"not_picked":["Reflex+1","Sucker Punch+1","Skewer"],"picked":"Singing Bowl","floor":46},{"not_picked":["Deep Breath+1","Magnetism+1"],"picked":"The Bomb+1","floor":47},{"not_picked":["Dagger Throw","Dodge and Roll+1"],"picked":"Outmaneuver+1","floor":49}],"player_experience":244420,"relics_obtained":[{"floor":6,"key":"Old Coin"},{"floor":9,"key":"Art of War"},{"floor":13,"key":"Pantograph"},{"floor":23,"key":"Ancient Tea Set"},{"floor":26,"key":"Snake Skull"},{"floor":29,"key":"Frozen Egg 2"},{"floor":39,"key":"Incense Burner"},{"floor":41,"key":"Singing Bowl"},{"floor":41,"key":"Juzu Bracelet"},{"floor":43,"key":"Sundial"},{"floor":46,"key":"Omamori"},{"floor":46,"key":"War Paint"}],"event_choices":[{"damage_healed":0,"gold_gain":0,"player_choice":"Ignored","damage_taken":0,"max_hp_gain":0,"max_hp_loss":0,"event_name":"Golden Wing","floor":2,"gold_loss":0},{"damage_healed":0,"gold_gain":0,"player_choice":"Success","damage_taken":42,"relics_obtained":["Strawberry"],"max_hp_gain":0,"max_hp_loss":0,"event_name":"Scrap Ooze","floor":4,"gold_loss":0},{"damage_healed":25,"gold_gain":0,"player_choice":"Banana","damage_taken":0,"max_hp_gain":0,"max_hp_loss":0,"event_name":"Big Fish","floor":5,"gold_loss":0},{"damage_healed":0,"gold_gain":0,"player_choice":"Opened","damage_taken":0,"relics_obtained":["Dream Catcher"],"max_hp_gain":0,"max_hp_loss":0,"event_name":"The Mausoleum","floor":20,"gold_loss":0},{"cards_removed":["Underhanded Strike"],"damage_healed":0,"gold_gain":0,"player_choice":"Gave Gold","damage_taken":0,"max_hp_gain":0,"max_hp_loss":0,"event_name":"Beggar","floor":30,"gold_loss":75},{"damage_healed":0,"gold_gain":0,"player_choice":"Ignored","damage_taken":0,"max_hp_gain":0,"max_hp_loss":0,"event_name":"Vampires","floor":31,"gold_loss":0},{"damage_healed":0,"gold_gain":0,"player_choice":"Fight","damage_taken":0,"max_hp_gain":0,"max_hp_loss":0,"event_name":"MindBloom","floor":39,"gold_loss":0},{"damage_healed":0,"gold_gain":0,"player_choice":"Memory 1","damage_taken":0,"max_hp_gain":0,"max_hp_loss":0,"event_name":"SensoryStone","floor":47,"gold_loss":0},{"damage_healed":0,"gold_gain":0,"player_choice":"Paid","damage_taken":0,"relics_obtained":["Red Mask"],"max_hp_gain":0,"max_hp_loss":0,"event_name":"Tomb of Lord Red Mask","floor":48,"gold_loss":147}],"is_beta":false,"boss_relics":[{"not_picked":["Runic Dome","WristBlade"],"picked":"Pandora\u0027s Box"},{"not_picked":["Tiny House","Sozu"],"picked":"Black Star"}],"items_purged_floors":[10,21,27],"is_endless":false,"potions_floor_spawned":[1,6,7,13,19,22,25,39,41],"ascension_level":2}}