{"host":"nj4msrt0z6tj4wtb","time":1612588834,"event":{"mods":["AchievementEnabler","BaseMod","Colored Map","Colored Powertips","DeckTracker","Highlight Path","Keyboard Shortcuts","Minty Spire (QoL Compilation)","Quick Restart","Random Character Button","StSLib","SuperFastMode"],"gold_per_floor":[117,132,147,2,15,15,35,35,335,352,386,386,50,64,64,163,163,177,177,189,199,99,99,132,132,203,203,221,96,108,123,123,123,123],"floor_reached":33,"language":"KOR","playtime":1375,"items_purged":["Strike_R","Strike_R","Strike_R"],"score":325,"play_id":"637a44f9-614f-4098-8786-9c2ea14ebc0c","local_time":"20210206142034","is_ascension_mode":true,"campfire_choices":[{"data":"Infernal Blade","floor":6.0,"key":"SMITH"},{"data":"Rampage","floor":8.0,"key":"SMITH"},{"data":"Rampage","floor":12.0,"key":"SMITH"},{"data":"Offering","floor":15,"key":"SMITH"},{"data":"Exhume","floor":23,"key":"SMITH"},{"data":"Exhume","floor":25,"key":"SMITH"},{"data":"Shrug It Off","floor":27,"key":"SMITH"},{"data":"Uppercut","floor":32,"key":"SMITH"}],"circlet_count":0,"master_deck":["Strike_R","Strike_R","Defend_R","Defend_R","Defend_R","Defend_R","Bash","Twin Strike","Infernal Blade+1","Rampage+1","Sword Boomerang","Shrug It Off","Rampage+1","Offering+1","Shrug It Off+1","Exhume+1","Armaments+1","Exhume+1","Rage+1","Uppercut+1"],"relics":["Burning Blood","Juzu Bracelet","Old Coin","CaptainsWheel","Kunai","SlaversCollar","Du-Vu Doll","Ornamental Fan"],"acts_visited":["Exordium","TheCity"],"potions_floor_usage":[31,33],"damage_taken":[{"damage":3.0,"enemies":"Jaw Worm","floor":1.0,"turns":5.0},{"damage":1.0,"enemies":"Cultist","floor":2.0,"turns":3.0},{"damage":4.0,"enemies":"2 Louse","floor":3.0,"turns":3.0},{"damage":8.0,"enemies":"Large Slime","floor":5.0,"turns":5.0},{"damage":16.0,"enemies":"3 Louse","floor":7.0,"turns":4.0},{"damage":12.0,"enemies":"Gremlin Gang","floor":10.0,"turns":4.0},{"damage":12.0,"enemies":"3 Sentries","floor":11.0,"turns":6.0},{"damage":11,"enemies":"Looter","floor":14,"turns":3},{"damage":24,"enemies":"The Guardian","floor":16,"turns":12},{"damage":8,"enemies":"Shell Parasite","floor":18,"turns":4},{"damage":12,"enemies":"Chosen","floor":20,"turns":3},{"damage":12,"enemies":"Sentry and Sphere","floor":21,"turns":5},{"damage":33,"enemies":"Book of Stabbing","floor":24,"turns":5},{"damage":12,"enemies":"Centurion and Healer","floor":28,"turns":6},{"damage":21,"enemies":"Snake Plant","floor":30,"turns":4},{"damage":7,"enemies":"Cultist and Chosen","floor":31,"turns":6},{"damage":27,"enemies":"Automaton","floor":33,"turns":10}],"seed_played":"-3464471787507476872","potions_obtained":[{"floor":1.0,"key":"SteroidPotion"},{"floor":5.0,"key":"DuplicationPotion"},{"floor":7.0,"key":"Energy Potion"},{"floor":14,"key":"SteroidPotion"},{"floor":21,"key":"SteroidPotion"}],"is_trial":false,"path_per_floor":["M","M","M","$","M","R","M","R","T","M","E","R","$","M","R","B",null,"M","?","M","M","$","R","E","R","T","R","M","$","M","M","R","B"],"character_chosen":"IRONCLAD","items_purchased":["Rampage","Kunai","Offering"],"campfire_rested":0,"item_purchase_floors":[4,13,13],"current_hp_per_floor":[80,80,80,80,78,78,68,68,68,62,56,56,56,51,51,33,80,78,78,72,66,66,66,39,39,39,39,33,33,18,17,17,0,0],"gold":123,"neow_bonus":"RANDOM_COMMON_RELIC","is_daily":false,"chose_seed":false,"campfire_upgraded":8,"win_rate":0.0,"timestamp":1612588834,"path_taken":["M","M","M","$","M","R","M","R","T","M","E","R","$","M","R","BOSS","M","?","M","M","?","R","E","R","T","R","M","$","M","M","R","BOSS"],"items_purchased_type":["Card","Relic","Card"],"build_version":"2020-12-22","purchased_purges":3,"victory":false,"max_hp_per_floor":[80,80,80,80,80,80,80,80,80,80,80,80,80,80,80,80,80,80,80,80,80,80,80,80,80,80,80,80,80,80,80,80,80,80],"card_choices":[{"not_picked":["Heavy Blade","Armaments"],"picked":"Twin Strike","floor":1.0},{"not_picked":["Havoc","Body Slam"],"picked":"Infernal Blade","floor":2.0},{"not_picked":["Havoc","Clash","Metallicize"],"picked":"SKIP","floor":3.0},{"not_picked":["Sever Soul","Havoc"],"picked":"Sword Boomerang","floor":5.0},{"not_picked":["Battle Trance","Heavy Blade"],"picked":"Shrug It Off","floor":7.0},{"not_picked":["Havoc","Iron Wave","Dark Embrace"],"picked":"SKIP","floor":10.0},{"not_picked":["Clothesline","Perfected Strike"],"picked":"Rampage","floor":11.0},{"not_picked":["Armaments","Headbutt"],"picked":"Shrug It Off","floor":14},{"not_picked":["Offering","Corruption"],"picked":"Exhume","floor":16},{"not_picked":["Pommel Strike","Shockwave+1"],"picked":"Armaments+1","floor":18},{"not_picked":["Armaments","Sentinel","Sword Boomerang"],"picked":"SKIP","floor":20},{"not_picked":["Armaments","Iron Wave","Carnage"],"picked":"SKIP","floor":21},{"not_picked":["Thunderclap","Ghostly Armor"],"picked":"Rage+1","floor":24},{"not_picked":["Wild Strike","Flex","Anger+1"],"picked":"SKIP","floor":28},{"not_picked":["Feel No Pain","Fire Breathing"],"picked":"Uppercut","floor":30},{"not_picked":["Anger","Flex","Thunderclap"],"picked":"SKIP","floor":31}],"player_experience":656406,"relics_obtained":[{"floor":9.0,"key":"Old Coin"},{"floor":11.0,"key":"CaptainsWheel"},{"floor":24,"key":"Du-Vu Doll"},{"floor":26,"key":"Ornamental Fan"}],"event_choices":[{"damage_healed":0,"gold_gain":0,"player_choice":"Copied","damage_taken":0,"max_hp_gain":0,"max_hp_loss":0,"event_name":"Duplicator","floor":19,"gold_loss":0,"cards_obtained":["Exhume"]}],"is_beta":false,"boss_relics":[{"not_picked":["Mark of Pain","Tiny House"],"picked":"SlaversCollar"}],"items_purged_floors":[4,22,29],"is_endless":false,"potions_floor_spawned":[1,5,7,14,21,30],"killed_by":"Automaton","ascension_level":4}}