{"host":"tj6tjcyqgbd0xj5u","time":1612580909,"event":{"mods":["Aspiration","BaseMod","Better Match","BetterRewards","Challenge The Spire","Conspire","Defuse TimeMaze Blight","Downfall","Energized Spire","Evolution","GifTheSpireLib","Halation","Hubris","Infinite Spire","Minty Spire (QoL Compilation)","Replay The Spire","Reworked Bosses","Spikes Relics","StS++","StSLib","Stuff the Spire"],"gold_per_floor":[117,39,39,39,17,51,51,80,80,105,117,137,137,147,147,147,147],"floor_reached":16,"language":"ENG","playtime":448,"items_purged":[],"score":218,"play_id":"de132a76-f82a-4e9e-a100-c718bf6ad57a","local_time":"20210205230829","is_ascension_mode":true,"campfire_choices":[{"data":"Infernal Blade","floor":7,"key":"SMITH"},{"data":"Dual Wield","floor":13,"key":"SMITH"},{"floor":15,"key":"REST"}],"circlet_count":0,"master_deck":["Strike_R","Strike_R","Strike_R","Strike_R","Defend_R","Defend_R","Defend_R","Defend_R","Bash","Dual Wield+1","Pummel","ReplayTheSpireMod:Stacked","Twin Strike","Infernal Blade+1","Heavy Blade","Clash","Limit Break"],"relics":["Burning Blood","EVO:Axolotl","NeowsBlessing","Regal Pillow","aspiration:HiddenCompartment","Happy Flower","StSpp:GiftCard"],"acts_visited":["Exordium"],"potions_floor_usage":[16,16],"damage_taken":[{"damage":0,"enemies":"Cultist","floor":1,"turns":1},{"damage":0,"enemies":"3 Sentries","floor":6,"turns":2},{"damage":0,"enemies":"Gremlin Nob","floor":8,"turns":1},{"damage":49,"enemies":"Lagavulin","floor":10,"turns":7},{"damage":11,"enemies":"2 Louse","floor":11,"turns":2},{"damage":4,"enemies":"Small Slimes","floor":12,"turns":3},{"damage":11,"enemies":"Exordium Thugs","floor":14,"turns":4},{"damage":76,"enemies":"Fading Forest","floor":16,"turns":8}],"seed_played":"-1862273118729501671","potions_obtained":[{"floor":11,"key":"SteroidPotion"},{"floor":14,"key":"CultistPotion"}],"is_trial":false,"path_per_floor":["M","$","$","?","$","E","R","E","T","E","M","M","R","M","R","B"],"character_chosen":"IRONCLAD","items_purchased":["Pummel","Twin Strike"],"campfire_rested":1,"item_purchase_floors":[2,5],"current_hp_per_floor":[78,78,78,78,78,80,80,80,80,37,32,34,34,29,68,0,0],"gold":147,"neow_bonus":"THREE_ENEMY_KILL","is_daily":false,"chose_seed":false,"campfire_upgraded":2,"win_rate":0.0,"timestamp":1612580909,"path_taken":["M","?","$","?","$","E","R","E","T","E","?","M","R","M","R","BOSS"],"items_purchased_type":["Card","Card"],"build_version":"2020-12-22","purchased_purges":0,"victory":false,"max_hp_per_floor":[80,80,80,80,80,80,80,80,80,80,80,80,80,80,80,80,80],"card_choices":[{"not_picked":["Thunderclap","Battle Trance"],"picked":"Dual Wield","floor":1},{"not_picked":["Disarm","StuffTheSpire:Slingshot"],"picked":"Infernal Blade","floor":6},{"not_picked":["StSpp:Vengeance","Feel No Pain","Shrug It Off"],"picked":"SKIP","floor":8},{"not_picked":["hubris:ReadiedAction","StSpp:Succumb"],"picked":"Heavy Blade","floor":10},{"not_picked":["Power Through","Carnage"],"picked":"Clash","floor":11},{"not_picked":["Replay:Undeath\u0027s Touch","hubris:SharpeningStone","Armaments"],"picked":"SKIP","floor":12},{"not_picked":["Run Through","Clothesline"],"picked":"Limit Break","floor":14}],"player_experience":119910,"relics_obtained":[{"floor":6,"key":"Regal Pillow"},{"floor":8,"key":"aspiration:HiddenCompartment"},{"floor":9,"key":"Happy Flower"},{"floor":10,"key":"StSpp:GiftCard"}],"event_choices":[{"damage_healed":0,"gold_gain":0,"cards_transformed":["Strike_R"],"player_choice":"Transformed","damage_taken":0,"max_hp_gain":0,"max_hp_loss":0,"event_name":"Transmorgrifier","floor":4,"gold_loss":0,"cards_obtained":["ReplayTheSpireMod:Stacked"]}],"is_beta":false,"boss_relics":[],"items_purged_floors":[],"is_endless":false,"potions_floor_spawned":[11,14],"killed_by":"Fading Forest","ascension_level":6}}