{"host":"vzmjhzpom99v9x76","time":1612627571,"event":{"mods":["BaseMod","Downfall","Hermit","Marisa????????","Minty Spire (QoL Compilation)","READ ME - Guardian Mod","StSLib","The Bug Knight","The Disciple","The Senshi","The Servant 0.9.4","The Wild Card"],"gold_per_floor":[109,125,139,157,7,38,38,38,64,78,78,78,78],"floor_reached":12,"language":"ENG","playtime":720,"items_purged":[],"score":90,"play_id":"fbb51e57-4990-4595-b1fe-97c3260b3df1","local_time":"20210207000611","is_ascension_mode":false,"campfire_choices":[{"data":"hermit:WideOpen","floor":7.0,"key":"SMITH"},{"data":"hermit:DeadMansHand","floor":11.0,"key":"SMITH"}],"circlet_count":0,"master_deck":["hermit:Strike_Hermit","hermit:Strike_Hermit","hermit:Strike_Hermit","hermit:Strike_Hermit","hermit:Defend_Hermit","hermit:Defend_Hermit","hermit:Defend_Hermit","hermit:Defend_Hermit","hermit:Snapshot+1","hermit:Covet","hermit:Gestalt","hermit:Snipe","hermit:TrackingShot","hermit:DeadMansHand+1","hermit:WideOpen+1"],"relics":["hermit:Momento","Bag of Preparation","Oddly Smooth Stone","Anchor"],"acts_visited":[],"potions_floor_usage":[],"damage_taken":[{"damage":5.0,"enemies":"Cultist","floor":1.0,"turns":4.0},{"damage":0.0,"enemies":"2 Louse","floor":2.0,"turns":2.0},{"damage":1.0,"enemies":"Jaw Worm","floor":3.0,"turns":4.0},{"damage":5.0,"enemies":"3 Louse","floor":4.0,"turns":4.0},{"damage":15.0,"enemies":"Gremlin Nob","floor":6.0,"turns":4.0},{"damage":3.0,"enemies":"Red Slaver","floor":10.0,"turns":2.0},{"damage":7.0,"enemies":"Lagavulin","floor":12.0,"turns":6.0}],"seed_played":"-7486311513601626390","potions_obtained":[{"floor":1.0,"key":"GamblersBrew"},{"floor":4.0,"key":"DuplicationPotion"}],"is_trial":false,"path_per_floor":["M","M","M","M","$","E","R","?","T","M","R","E"],"character_chosen":"HERMIT","items_purchased":["Bag of Preparation"],"campfire_rested":0,"item_purchase_floors":[5],"current_hp_per_floor":[77,81,82,78,78,67,67,67,67,68,68,65,65],"gold":78,"neow_bonus":"TEN_PERCENT_HP_BONUS","is_daily":false,"chose_seed":false,"campfire_upgraded":2,"win_rate":0.0,"timestamp":1612627571,"path_taken":["M","M","M","?","$","E","R","?","T","M","R","E"],"items_purchased_type":["Relic"],"build_version":"2020-12-22","purchased_purges":0,"victory":false,"max_hp_per_floor":[82,82,82,82,82,82,82,82,82,82,82,82,82],"card_choices":[{"not_picked":["hermit:Vantage","hermit:Quickdraw"],"picked":"hermit:Gestalt","floor":1.0},{"not_picked":["hermit:SprayPray","hermit:Ricochet"],"picked":"hermit:Snipe","floor":2.0},{"not_picked":["hermit:DeadMansHand","hermit:Midnight"],"picked":"hermit:TrackingShot","floor":3.0},{"not_picked":["hermit:FullyLoaded","hermit:BodyArmor"],"picked":"hermit:DeadMansHand","floor":4.0},{"not_picked":["hermit:HoleUp","hermit:Dive"],"picked":"hermit:WideOpen","floor":6.0},{"not_picked":["hermit:TrackingShot","hermit:Snipe","hermit:HighCaliber"],"picked":"SKIP","floor":10.0}],"player_experience":416471,"relics_obtained":[{"floor":6.0,"key":"Oddly Smooth Stone"},{"floor":9.0,"key":"Anchor"}],"event_choices":[{"damage_healed":0.0,"max_hp_gain":0.0,"max_hp_loss":0.0,"gold_gain":0.0,"event_name":"Upgrade Shrine","player_choice":"Upgraded","floor":8.0,"gold_loss":0.0,"damage_taken":0.0,"cards_upgraded":["hermit:Snapshot"]}],"is_beta":false,"boss_relics":[],"items_purged_floors":[],"is_endless":false,"potions_floor_spawned":[1,4,12],"killed_by":"Lagavulin","ascension_level":0}}