{"host":"92wx9z21c4p52du4","time":1612648706,"event":{"mods":["Arknights","BaseMod","Downfall","Infinite Spire","Lobotomy","Minty Spire (QoL Compilation)","Reliquary","Robot Space Explorer","StSLib","SuperFastMode","The Blue Laboratory","The Disciple","The Jungle","The Runesmith","TheSurvivalist"],"gold_per_floor":[115,115,131,147,33,74,74,105,105,105,143,152,152],"floor_reached":12,"language":"ENG","playtime":888,"items_purged":["Strike_Br"],"score":80,"play_id":"67db02f9-f416-44bf-ab31-1f584debae07","local_time":"20210206155826","is_ascension_mode":false,"campfire_choices":[{"floor":7,"key":"REST"},{"floor":10,"key":"REST"}],"circlet_count":0,"master_deck":["Strike_Br","Strike_Br","Defend_Br","Defend_Br","Defend_Br","Defend_Br","SecondHand","PatternShift","WallGazer","LockedWhetstone","Backlash","SpiderBud","ExoVibe","GalaxyChild","PrimeTime","DaylightSavings","GreedKing","LockedMawBank","LockedAnchor","Funeral","Allegro"],"relics":["Chronometer","CogitoBucket","CeramicFish","Nunchaku","AdjustmentMirror"],"acts_visited":["Exordium"],"potions_floor_usage":[6,8,12],"damage_taken":[{"damage":2,"enemies":"Jaw Worm","floor":1,"turns":6},{"damage":6,"enemies":"2 Louse","floor":3,"turns":5},{"damage":6,"enemies":"Small Slimes","floor":4,"turns":6},{"damage":31,"enemies":"Lagavulin","floor":6,"turns":8},{"damage":11,"enemies":"3 Louse","floor":8,"turns":5},{"damage":33,"enemies":"2 Fungi Beasts","floor":11,"turns":12},{"damage":29,"enemies":"Gremlin Nob","floor":12,"turns":3}],"seed_played":"-2728352727978988135","potions_obtained":[{"floor":1,"key":"SkillPotion"},{"floor":3,"key":"Fire Potion"},{"floor":11,"key":"Slimebound:ThreeZeroPotion"}],"is_trial":false,"path_per_floor":["M","?","M","M","$","E","R","M","T","R","M","E"],"character_chosen":"CHRONO_CLASS","items_purchased":["DaylightSavings"],"campfire_rested":2,"item_purchase_floors":[5],"current_hp_per_floor":[63,63,57,51,51,20,39,28,28,47,14,0,0],"gold":152,"neow_bonus":"","is_daily":false,"chose_seed":false,"campfire_upgraded":0,"win_rate":0.0,"timestamp":1612648706,"path_taken":["M","?","M","M","$","E","R","M","T","R","M","E"],"items_purchased_type":["Card"],"build_version":"2020-12-22","purchased_purges":1,"victory":false,"max_hp_per_floor":[65,65,65,65,65,65,65,65,65,65,65,65,65],"card_choices":[{"not_picked":["HappyTeddy","PunishingBird"],"picked":"WallGazer","floor":1},{"not_picked":["LockedOrichalcum","Fragmentalize"],"picked":"LockedWhetstone","floor":1},{"not_picked":["Bloodbath","Variant"],"picked":"SpiderBud","floor":3},{"not_picked":["EscortCommand","BiteCommand"],"picked":"ExoVibe","floor":3},{"not_picked":["MeatLantern","OldLady","VoidDream"],"picked":"Singing Bowl","floor":4},{"not_picked":["MeatLantern","Murderer"],"picked":"GalaxyChild","floor":4},{"not_picked":["ResonantCall","LockedAnchor"],"picked":"PrimeTime","floor":4},{"not_picked":["MHz","Bloodbath"],"picked":"GreedKing","floor":6},{"not_picked":["LockedScales","LockedMercury"],"picked":"LockedMawBank","floor":6},{"not_picked":["LockedMedicine","WindUp"],"picked":"LockedAnchor","floor":8},{"not_picked":["Freischutz","SnowQueen"],"picked":"Funeral","floor":11},{"not_picked":["VestedLegacy","BackFourSeconds"],"picked":"Tempo","floor":11}],"player_experience":273198,"relics_obtained":[{"floor":6,"key":"CeramicFish"},{"floor":9,"key":"Nunchaku"}],"event_choices":[{"damage_healed":0,"gold_gain":0,"cards_transformed":["Strike_Br"],"player_choice":"Change","damage_taken":0,"max_hp_gain":0,"max_hp_loss":0,"event_name":"Living Wall","floor":2,"gold_loss":0,"cards_obtained":["Backlash"]}],"is_beta":false,"boss_relics":[],"items_purged_floors":[5],"is_endless":false,"potions_floor_spawned":[1,3,11],"killed_by":"Gremlin Nob","ascension_level":0}}