{"host":"q4axc00jr2bozlh9","time":1612606412,"event":{"mods":["AchievementEnabler","BaseMod","Bestiary","Colored Map","Colored Powertips","Curses Come First","Minty Spire (QoL Compilation)","Relic Stats","StSLib","SuperFastMode","UnlockEverythingMod"],"gold_per_floor":[113,288,298,298,573,585,38,72,98,98,98,111,29,48,48,48,48],"floor_reached":16,"language":"ENG","playtime":543,"items_purged":["Regret"],"score":100,"play_id":"ab4dba6a-05ea-4fde-b3bd-8aea9b257d8b","local_time":"20210206111332","is_ascension_mode":false,"campfire_choices":[{"data":"Armaments","floor":11,"key":"SMITH"},{"floor":15,"key":"REST"}],"circlet_count":0,"master_deck":["Strike_R","Strike_R","Strike_R","Strike_R","Defend_R","Defend_R","Defend_R","Defend_R","Bash","Armaments+1","Metallicize","Battle Trance","Bludgeon","Inflame","Demon Form","Cleave","Thunderclap","Enlightenment","True Grit"],"relics":["Burning Blood","Brimstone","Red Skull","Ancient Tea Set"],"acts_visited":["Exordium"],"potions_floor_usage":[8,8,16],"damage_taken":[{"damage":11,"enemies":"Jaw Worm","floor":1,"turns":6},{"damage":7,"enemies":"Small Slimes","floor":3,"turns":6},{"damage":11,"enemies":"2 Louse","floor":6,"turns":6},{"damage":19,"enemies":"3 Sentries","floor":8,"turns":7},{"damage":39,"enemies":"Lots of Slimes","floor":12,"turns":4},{"damage":0,"enemies":"2 Fungi Beasts","floor":14,"turns":1},{"damage":57,"enemies":"The Guardian","floor":16,"turns":6}],"seed_played":"-9126115835896298508","potions_obtained":[{"floor":1,"key":"PowerPotion"},{"floor":3,"key":"Dexterity Potion"},{"floor":14,"key":"SpeedPotion"}],"is_trial":false,"path_per_floor":["M","?","M","?","?","M","$","E","T","?","R","M","$","M","R","B"],"character_chosen":"IRONCLAD","items_purchased":["Brimstone","Red Skull","Demon Form","Enlightenment"],"campfire_rested":1,"item_purchase_floors":[7,7,7,13],"current_hp_per_floor":[75,75,74,74,74,69,69,56,56,49,49,16,16,22,46,0,0],"gold":48,"neow_bonus":"THREE_CARDS","is_daily":false,"chose_seed":false,"campfire_upgraded":1,"win_rate":0.0,"timestamp":1612606412,"path_taken":["M","?","M","?","?","?","$","E","T","?","R","M","$","M","R","BOSS"],"items_purchased_type":["Relic","Relic","Card","Card"],"build_version":"2020-12-22","purchased_purges":1,"victory":false,"max_hp_per_floor":[80,80,80,80,80,80,80,80,80,80,80,80,80,80,80,80,80],"relic_stats":{"counters":[7,36],"obtain_stats":[{"Brimstone":7,"Ancient Tea Set":8,"Burning Blood":0,"Red Skull":7},{"Brimstone":3,"Ancient Tea Set":4,"Burning Blood":0,"Red Skull":3},{"Brimstone":18,"Ancient Tea Set":25,"Burning Blood":0,"Red Skull":18}],"Burning Blood":36},"card_choices":[{"not_picked":["Perfected Strike","Havoc"],"picked":"Armaments","floor":0},{"not_picked":["Heavy Blade","Shockwave"],"picked":"Metallicize","floor":1},{"not_picked":["Heavy Blade","Cleave"],"picked":"Battle Trance","floor":3},{"not_picked":["Flex","Headbutt"],"picked":"Inflame","floor":6},{"not_picked":["Searing Blow","Twin Strike"],"picked":"Cleave","floor":8},{"not_picked":["Armaments","Wild Strike"],"picked":"Thunderclap","floor":12},{"not_picked":["Thunderclap","Sentinel"],"picked":"True Grit","floor":14}],"player_experience":239300,"relics_obtained":[{"floor":8,"key":"Ancient Tea Set"}],"event_choices":[{"damage_healed":0,"gold_gain":175,"player_choice":"AGREE","damage_taken":0,"max_hp_gain":0,"max_hp_loss":0,"event_name":"Liars Game","floor":2,"gold_loss":0,"cards_obtained":["Doubt"]},{"damage_healed":0,"gold_gain":0,"cards_transformed":["Strike_R"],"player_choice":"Change","damage_taken":0,"max_hp_gain":0,"max_hp_loss":0,"event_name":"Living Wall","floor":4,"gold_loss":0,"cards_obtained":["Bludgeon"]},{"damage_healed":0,"gold_gain":275,"player_choice":"Desecrate","damage_taken":0,"max_hp_gain":0,"max_hp_loss":0,"event_name":"Golden Shrine","floor":5,"gold_loss":0,"cards_obtained":["Regret"]},{"cards_removed":["Doubt"],"damage_healed":0,"gold_gain":0,"player_choice":"Card Removal","damage_taken":7,"max_hp_gain":0,"max_hp_loss":0,"event_name":"Golden Wing","floor":10,"gold_loss":0}],"is_beta":false,"boss_relics":[],"items_purged_floors":[7],"is_endless":false,"potions_floor_spawned":[1,3,14],"killed_by":"The Guardian","ascension_level":0}}