{"host":"vgmhxp0kxvybuvcq","time":1612598566,"event":{"mods":["BaseMod","Minty Spire (QoL Compilation)","Replay The Spire","StSLib"],"gold_per_floor":[113,133,149,99,99,99,11,11,11,11,51,69,94,129,129,259,259,277,300,61,84,99,133,133,171,195,211,58,58,73,116,116,116,116],"floor_reached":33,"language":"ENG","playtime":2456,"items_purged":["Defend_B"],"score":460,"play_id":"59f19f81-a864-4d63-baa9-a7d50a96592d","local_time":"20210206000246","is_ascension_mode":true,"campfire_choices":[{"data":"Zap","floor":6,"key":"SMITH"},{"data":"Dualcast","floor":8,"key":"SMITH"},{"data":"Scrape","floor":10,"key":"SMITH"},{"data":"Static Discharge","floor":15,"key":"SMITH"},{"data":"Echo Form","floor":24,"key":"SMITH"},{"floor":29,"key":"REST"},{"floor":32,"key":"REST"}],"circlet_count":0,"master_deck":["Strike_B","Strike_B","Defend_B+1","Defend_B","Zap+1","Dualcast+1","Scrape+1","Cold Snap+1","Self Repair","Steam+1","Glacier","Echo Form+1","Static Discharge+1","Machine Learning","Heatsinks","Hologram+1","Flash of Steel+1","ReplaySolidLightProjector+1","Redo","Pot Of Greed","Pot Of Greed","Crystallizer","Gash","Steam","Go for the Eyes","Pot Of Greed","Defragment+1"],"relics":["Cracked Core","Golden Idol","Regal Pillow","Torii","Pet Ghost","Black Star","War Paint","Smiling Mask","Bottled Tornado","Tiny Chest","Potion Belt","Grinning Jar","PreservedInsect","Whetstone"],"acts_visited":["Exordium","TheCity"],"potions_floor_usage":[19,21,23,25,31,33],"damage_taken":[{"damage":4,"enemies":"Jaw Worm","floor":1,"turns":3},{"damage":1,"enemies":"2 Louse","floor":2,"turns":2},{"damage":1,"enemies":"Small Slimes","floor":3,"turns":3},{"damage":2,"enemies":"Lagavulin","floor":11,"turns":6},{"damage":0,"enemies":"2 Fungi Beasts","floor":12,"turns":2},{"damage":0,"enemies":"Blue Slaver","floor":13,"turns":2},{"damage":2,"enemies":"3 Sentries","floor":14,"turns":8},{"damage":33,"enemies":"The Guardian","floor":16,"turns":10},{"damage":3,"enemies":"Shell Parasite","floor":18,"turns":7},{"damage":2,"enemies":"2 Thieves","floor":19,"turns":5},{"damage":16,"enemies":"Snake Plant","floor":21,"turns":3},{"damage":7,"enemies":"Chosen and Byrds","floor":22,"turns":9},{"damage":4,"enemies":"Replay:Snechameleon","floor":23,"turns":6},{"damage":41,"enemies":"Gremlin Leader","floor":25,"turns":8},{"damage":20,"enemies":"Centurion and Healer","floor":27,"turns":8},{"damage":21,"enemies":"Sentry and Sphere","floor":30,"turns":4},{"damage":28,"enemies":"Book of Stabbing","floor":31,"turns":8},{"damage":43,"enemies":"Collector","floor":33,"turns":7}],"seed_played":"-1805028101506423709","potions_obtained":[{"floor":1,"key":"Regen Potion"},{"floor":3,"key":"Cursed Concoction"},{"floor":11,"key":"Explosive Potion"},{"floor":12,"key":"AttackPotion"},{"floor":22,"key":"DistilledChaos"},{"floor":25,"key":"Elixir"},{"floor":30,"key":"Dexterity Potion"},{"floor":31,"key":"DistilledChaos"}],"is_trial":false,"path_per_floor":["M","M","M","?","?","R","$","R","T","R","E","M","M","E","R","B",null,"M","M","$","M","M","E","R","E","T","M","$","R","M","E","R","B"],"character_chosen":"DEFECT","items_purchased":["Self Repair","Steam","War Paint","Flash of Steel","Gash","Steam"],"campfire_rested":2,"item_purchase_floors":[7,7,20,20,28,28],"current_hp_per_floor":[64,63,62,62,45,45,45,45,45,45,50,57,57,55,55,29,58,62,67,67,52,52,55,55,28,28,15,15,50,36,8,43,0,0],"gold":116,"neow_bonus":"REMOVE_TWO","is_daily":false,"chose_seed":false,"campfire_upgraded":5,"win_rate":0.0,"timestamp":1612598566,"path_taken":["M","M","M","?","?","R","?","R","T","R","E","M","M","E","R","BOSS","M","M","$","M","M","E","R","E","T","M","$","R","M","E","R","BOSS"],"items_purchased_type":["Card","Card","Relic","Card","Card","Card"],"build_version":"2020-12-22","purchased_purges":1,"victory":false,"max_hp_per_floor":[68,68,68,68,68,68,68,68,68,68,68,68,68,68,68,68,68,68,68,68,68,68,68,68,68,68,68,68,68,68,68,68,68,68],"card_choices":[{"not_picked":["Heatsinks","Steam"],"picked":"Scrape","floor":1},{"not_picked":["BasicCrystalCard","Barrage"],"picked":"Cold Snap","floor":2},{"not_picked":["Cold Snap","Compile Driver","Aggregate"],"picked":"SKIP","floor":3},{"not_picked":["Time Bomb","Compile Driver"],"picked":"Glacier","floor":11},{"not_picked":["Barrage","Cold Snap","Hello World"],"picked":"SKIP","floor":12},{"not_picked":["Rip and Tear","BasicCrystalCard"],"picked":"Echo Form","floor":13},{"not_picked":["ReplayTheSpireMod:Fabricate Wheel","Rainbow"],"picked":"Static Discharge","floor":14},{"not_picked":["ReplayTheSpireMod:Fabricate Wheel","Thunder Strike"],"picked":"Machine Learning","floor":16},{"not_picked":["BasicCrystalCard","ReplaySort"],"picked":"Heatsinks","floor":18},{"not_picked":["Steam","ReplaySort"],"picked":"Hologram+1","floor":19},{"not_picked":["Compile Driver","Darkness+1"],"picked":"ReplaySolidLightProjector+1","floor":21},{"not_picked":["Heatsinks","Consume+1","Coolheaded"],"picked":"SKIP","floor":22},{"not_picked":["Rebound","Stack","Glacier"],"picked":"SKIP","floor":23},{"not_picked":["White Noise","Skim+1"],"picked":"Redo","floor":25},{"not_picked":["Chaos+1","Consume"],"picked":"Crystallizer","floor":27},{"not_picked":["Hologram","Cold Snap+1"],"picked":"Go for the Eyes","floor":30},{"not_picked":["Reprogram+1","Fission"],"picked":"Defragment+1","floor":31}],"player_experience":294080,"relics_obtained":[{"floor":9,"key":"Regal Pillow"},{"floor":11,"key":"Torii"},{"floor":14,"key":"Pet Ghost"},{"floor":23,"key":"Smiling Mask"},{"floor":23,"key":"Bottled Tornado"},{"floor":25,"key":"Tiny Chest"},{"floor":25,"key":"Potion Belt"},{"floor":26,"key":"Grinning Jar"},{"floor":31,"key":"PreservedInsect"},{"floor":31,"key":"Whetstone"}],"event_choices":[{"cards_removed":["Strike_B"],"damage_healed":0,"gold_gain":0,"player_choice":"Card Removal","damage_taken":0,"max_hp_gain":0,"max_hp_loss":0,"event_name":"The Cleric","floor":4,"gold_loss":50},{"damage_healed":0,"gold_gain":0,"player_choice":"Take Damage","damage_taken":17,"relics_obtained":["Golden Idol"],"max_hp_gain":0,"max_hp_loss":0,"event_name":"Golden Idol","floor":5,"gold_loss":0}],"is_beta":false,"boss_relics":[{"not_picked":["Pandora\u0027s Box","Kintsugi"],"picked":"Black Star"}],"items_purged_floors":[28],"is_endless":false,"potions_floor_spawned":[1,3,11,12,22,25,30,31],"killed_by":"Collector","ascension_level":9}}