{"host":"1lwxixhv2lzh5ag1","time":1612636160,"event":{"mods":["AchievementEnabler","BaseMod","Downfall","Minty Spire (QoL Compilation)","Permanent Neow","Reliquary","Replay The Spire","StSLib"],"gold_per_floor":[249,249,249,249,249,249,249,249,264,294,311,321,321,321,331,331,331,331],"floor_reached":16,"language":"ENG","playtime":809,"items_purged":[],"score":98,"play_id":"517db0bb-bf77-4938-95ac-585507f2f793","local_time":"20210206132920","is_ascension_mode":false,"campfire_choices":[{"data":"hexamod:GhostShield","floor":8,"key":"SMITH"},{"floor":13,"key":"REST"}],"circlet_count":0,"master_deck":["hexamod:Strike","hexamod:Strike","hexamod:Strike","hexamod:Defend","hexamod:Defend","hexamod:Defend","hexamod:Defend","hexamod:Sear","hexamod:Float","downfall:Icky","hexamod:FourthSeal","hexamod:Incineration+1","hexamod:GhostShield+1","hexamod:SwordOfDarkness","hexamod:BurningTouch","hexamod:SwordOfDarkness","hexamod:NecessarySacrifice","Decay","hexamod:Incineration","hexamod:HeatCrush"],"relics":["hexamod:SpiritBrand","downfall:HeartsMalice","Happy Flower","Replay:Bottled Flurry"],"acts_visited":["Exordium"],"potions_floor_usage":[11,12,12,12,16,16,16],"damage_taken":[{"damage":0,"enemies":"Small Slimes","floor":2,"turns":1},{"damage":0,"enemies":"Jaw Worm","floor":3,"turns":1},{"damage":0,"enemies":"Cultist","floor":6,"turns":1},{"damage":21,"enemies":"3 Louse","floor":9,"turns":4},{"damage":28,"enemies":"3 Sentries","floor":10,"turns":7},{"damage":3,"enemies":"Lots of Slimes","floor":11,"turns":5},{"damage":6,"enemies":"Gremlin Gang","floor":12,"turns":4},{"damage":29,"enemies":"Large Slime","floor":15,"turns":5},{"damage":11,"enemies":"DF_ARCHETYPE_STREAMLINE","floor":16,"turns":4}],"seed_played":"3530469807317790444","potions_obtained":[{"floor":9,"key":"champ:CounterPotion"},{"floor":10,"key":"EntropicBrew"},{"floor":10,"key":"ColorlessPotion"},{"floor":11,"key":"Elixir"}],"is_trial":false,"path_per_floor":["R","M","M","?","?","M","T","R","M","E","M","M","R","?","M","B"],"character_chosen":"THE_SPIRIT","items_purchased":[],"campfire_rested":1,"item_purchase_floors":[],"current_hp_per_floor":[70,70,70,75,75,75,75,75,54,26,23,17,39,39,10,0,0,0],"gold":331,"neow_bonus":"THREE_ENEMY_KILL","is_daily":false,"chose_seed":false,"campfire_upgraded":1,"win_rate":0.0,"timestamp":1612636160,"path_taken":["R","M","M","?","?","?","T","R","M","E","M","?","R","?","M","BOSS"],"items_purchased_type":[],"build_version":"2020-12-22","purchased_purges":0,"victory":false,"max_hp_per_floor":[70,70,70,75,75,75,75,75,75,75,75,75,75,75,75,75,75,75],"card_choices":[{"not_picked":["hexamod:ChargedBarrage","hexamod:NecessarySacrifice"],"picked":"hexamod:FourthSeal","floor":2},{"not_picked":["hexamod:NightmareStrike","hexamod:EtherealExpedition"],"picked":"hexamod:Incineration","floor":3},{"not_picked":["hexamod:ShieldOfDarkness","hexamod:BacktrackSmack"],"picked":"hexamod:GhostShield","floor":6},{"not_picked":["hexamod:NightmareStrike","hexamod:HauntingEcho"],"picked":"hexamod:SwordOfDarkness","floor":9},{"not_picked":["hexamod:ExtraCrispy","hexamod:SwordOfDarkness"],"picked":"hexamod:GhostLash","floor":10},{"not_picked":["hexamod:NightmareStrike","hexamod:InspiringFlames"],"picked":"hexamod:BurningTouch","floor":11},{"not_picked":["hexamod:Haunt","hexamod:EmpoweredFlame"],"picked":"hexamod:HeatShield","floor":12},{"not_picked":["hexamod:HeatShield","hexamod:PhantomCloak"],"picked":"hexamod:HeatCrush","floor":15}],"player_experience":5463,"relics_obtained":[{"floor":7,"key":"Happy Flower"},{"floor":10,"key":"Replay:Bottled Flurry"}],"event_choices":[{"damage_healed":0,"gold_gain":0,"player_choice":"Donut","damage_taken":0,"max_hp_gain":5,"max_hp_loss":0,"event_name":"Big Fish","floor":4,"gold_loss":0}],"is_beta":false,"boss_relics":[],"items_purged_floors":[],"is_endless":false,"potions_floor_spawned":[9,10,11,12,15],"killed_by":"DF_ARCHETYPE_STREAMLINE","ascension_level":0}}