{"host":"2haferq23ht5nrlk","time":1612616645,"event":{"mods":["ATMod(°¢èªMod)","Arknights","BaseMod","BetterRewards","Colored Powertips","Conspire","Dota2Spire","KomeijiMod","Lobotomy","Minty Spire (QoL Compilation)","Quick Restart","Relic Filter Mod","Relic Stats","Reliquary","Replay The Spire","Spicy Shops","StSLib","UnlockEverythingMod","¡¾ÒÅÎï¿¨ÅÆ¡¿REMEMod"],"gold_per_floor":[113,113,133,152,152,152,152,152,152],"floor_reached":8,"language":"ZHS","playtime":624,"items_purged":[],"score":46,"play_id":"f843c83c-1ecf-4658-93ca-37ab4afc103c","local_time":"20210206210405","is_ascension_mode":false,"campfire_choices":[{"data":"Berserk","floor":6,"key":"SMITH"}],"circlet_count":0,"master_deck":["ats:Strike C","ats:Strike G","ats:Strike S","ats:Armor Crushing Shot","ats:Defend","ats:Defend","ats:Defend","ats:Defend","ats:Emotion Absorption","Berserk+1","Bloodbath","ats:Magnetic Hammer","ats:Guardian Obelisk","QueenOfHatred","ats:Sunburst","PunishingBird","ats:Guard Mode","Hallucinations"],"relics":["ats:Sanity","AT_ATBox","REME_ComplimentaryCards","CogitoBucket","Dota2Spire:LinkenSphere","Ring of Fury","ReplayTheSpireMod:Ring of Exchange"],"acts_visited":["Exordium"],"potions_floor_usage":[3],"damage_taken":[{"damage":7,"enemies":"2 Louse","floor":1,"turns":4},{"damage":9,"enemies":"Cultist","floor":3,"turns":6},{"damage":8,"enemies":"Jaw Worm","floor":4,"turns":4},{"damage":80,"enemies":"Gremlin Nob","floor":8,"turns":5}],"seed_played":"-4194700401688370326","potions_obtained":[{"floor":1,"key":"Dexterity Potion"}],"is_trial":false,"path_per_floor":["M","?","M","M","?","R","?","E"],"character_chosen":"DOCTOR_CLASS","items_purchased":[],"campfire_rested":0,"item_purchase_floors":[],"current_hp_per_floor":[65,65,57,62,55,55,55,0,0],"gold":152,"neow_bonus":"","is_daily":false,"chose_seed":false,"campfire_upgraded":1,"win_rate":0.0,"timestamp":1612616645,"path_taken":["M","?","?","M","?","R","?","E"],"items_purchased_type":[],"build_version":"2020-12-22","purchased_purges":0,"victory":false,"max_hp_per_floor":[72,72,72,72,72,72,72,72,72],"relic_stats":{"counters":[14,65],"obtain_stats":[{"ReplayTheSpireMod:Ring of Exchange":7,"CogitoBucket":0,"AT_RedTearstoneRing":12,"AT_ATBox":0,"Ring of Fury":7,"Dota2Spire:LinkenSphere":5,"AT_GuinsooRageblade":9,"Burning Blood":0,"reliquary:IridiumChain":6,"REME_ComplimentaryCards":0},{"ReplayTheSpireMod:Ring of Exchange":13,"CogitoBucket":0,"AT_RedTearstoneRing":6,"AT_ATBox":0,"Ring of Fury":13,"Dota2Spire:LinkenSphere":13,"AT_GuinsooRageblade":5,"Burning Blood":0,"reliquary:IridiumChain":4,"REME_ComplimentaryCards":0},{"ReplayTheSpireMod:Ring of Exchange":60,"CogitoBucket":0,"AT_RedTearstoneRing":32,"AT_ATBox":0,"Ring of Fury":60,"Dota2Spire:LinkenSphere":60,"AT_GuinsooRageblade":28,"Burning Blood":0,"reliquary:IridiumChain":23,"REME_ComplimentaryCards":0}]},"card_choices":[{"not_picked":["WallGazer","FairyFestival"],"picked":"Bloodbath","floor":1},{"not_picked":["ats:Support Order","ats:Absolute Focus"],"picked":"ats:Magnetic Hammer","floor":1},{"not_picked":["PunishingBird","WallGazer"],"picked":"QueenOfHatred","floor":3},{"not_picked":["ats:Shell Defense","ats:Consecutive Shot Auto"],"picked":"ats:Sunburst","floor":3},{"not_picked":["Rudolta","Scarecrow"],"picked":"PunishingBird","floor":4},{"not_picked":["ats:Explosion Area Strengthen","ats:Closed Bolt Burst Fire"],"picked":"ats:Guard Mode","floor":4}],"player_experience":23115,"relics_obtained":[{"floor":7,"key":"Ring of Fury"},{"floor":7,"key":"ReplayTheSpireMod:Ring of Exchange"}],"event_choices":[{"damage_healed":0,"gold_gain":0,"cards_transformed":["ats:Strike V"],"player_choice":"Transformed","damage_taken":0,"max_hp_gain":0,"max_hp_loss":0,"event_name":"Transmorgrifier","floor":2,"gold_loss":0,"cards_obtained":["ats:Guardian Obelisk"]},{"damage_healed":0,"gold_gain":0,"player_choice":"Success","damage_taken":7,"relics_obtained":["Dota2Spire:LinkenSphere"],"max_hp_gain":0,"max_hp_loss":0,"event_name":"Scrap Ooze","floor":5,"gold_loss":0}],"is_beta":false,"boss_relics":[],"items_purged_floors":[],"is_endless":false,"potions_floor_spawned":[1],"killed_by":"Gremlin Nob","ascension_level":0}}