{"host":"2zu68f54ie7ltg2f","time":1612599180,"event":{"mods":["AchievementEnabler","BaseMod","Colored Map","Colored Powertips","Minty Spire (QoL Compilation)","StSLib","The Servant 0.9.4"],"gold_per_floor":[14,31,44,58,76,108,108,125,152,152,77,91,124,142,142,239,239,254,272,284,209,229,255,255,255,255,255,267,267,267,280,280,382,382,401,451,469,219,219,219,249,261,338,356,356,387,406,418,418,418],"floor_reached":51,"language":"ENG","playtime":2367,"items_purged":["Strike_S","Strike_S+1"],"score":895,"play_id":"ec8b1aa3-3975-4f69-abe5-32d6e371d4ce","local_time":"20210206001300","is_ascension_mode":false,"campfire_choices":[{"data":"SoulSculpture","floor":7.0,"key":"SMITH"},{"data":"SilverBlades","floor":10.0,"key":"SMITH"},{"data":"Moonlight","floor":15.0,"key":"SMITH"},{"data":"FlawlessForm","floor":24,"key":"SMITH"},{"data":"KidneyShot","floor":29,"key":"SMITH"},{"data":"MoonPhase","floor":32,"key":"SMITH"},{"floor":40,"key":"DIG"},{"data":"Advance","floor":45,"key":"SMITH"},{"data":"TheWorld","floor":49,"key":"SMITH"}],"circlet_count":0,"master_deck":["Defend_S+1","KidneyShot+1","Exchange","Misdirection","Spin","Solidify","Moonlight+1","SoulSculpture+1","SilverBlades+1","Contraction","InstantArmor","FlawlessForm+1","Barrier+1","Misdirection+1","Alleviate+1","BottledTime","Desolation+1","Hightail","FanOfKnives+1","Desolation","MoonPhase+1","LightFlow","Spin","Collapse","MoonPhase+1","BottledTime","Collapse","Advance+1","InstantArmor+1","DoubleEdge+1","TheWorld+1"],"relics":["Uniform","TungstenRod","War Paint","Whetstone","Omamori","Astrolabe","Bag of Preparation","Anchor","Bottled Lightning","Black Star","Shovel","DollysMirror","Happy Flower","Bronze Scales","Vajra","HornCleat","White Beast Statue","Oddly Smooth Stone"],"acts_visited":["Exordium","TheCity","TheBeyond"],"potions_floor_usage":[23,23],"damage_taken":[{"damage":0.0,"enemies":"Cultist","floor":1.0,"turns":4.0},{"damage":1.0,"enemies":"2 Louse","floor":2.0,"turns":3.0},{"damage":0.0,"enemies":"Jaw Worm","floor":3.0,"turns":4.0},{"damage":0.0,"enemies":"Blue Slaver","floor":4.0,"turns":4.0},{"damage":6.0,"enemies":"Exordium Wildlife","floor":5.0,"turns":2.0},{"damage":15.0,"enemies":"Lagavulin","floor":6.0,"turns":7.0},{"damage":0.0,"enemies":"2 Fungi Beasts","floor":8.0,"turns":2.0},{"damage":0.0,"enemies":"Blue Slaver","floor":12.0,"turns":3.0},{"damage":8.0,"enemies":"3 Sentries","floor":13.0,"turns":4.0},{"damage":0.0,"enemies":"Lots of Slimes","floor":14.0,"turns":2.0},{"damage":26.0,"enemies":"Slime Boss","floor":16.0,"turns":10.0},{"damage":0.0,"enemies":"3 Byrds","floor":18.0,"turns":5.0},{"damage":0.0,"enemies":"Shell Parasite","floor":19.0,"turns":4.0},{"damage":0.0,"enemies":"Centurion and Healer","floor":20.0,"turns":6.0},{"damage":0.0,"enemies":"Cultist and Chosen","floor":22.0,"turns":7.0},{"damage":0,"enemies":"Slavers","floor":23,"turns":6},{"damage":0,"enemies":"Sentry and Sphere","floor":28,"turns":5},{"damage":0,"enemies":"Centurion and Healer","floor":31,"turns":5},{"damage":0,"enemies":"Champ","floor":33,"turns":14},{"damage":9,"enemies":"3 Darklings","floor":35,"turns":9},{"damage":0,"enemies":"Mind Bloom Boss Battle","floor":36,"turns":8},{"damage":0,"enemies":"Orb Walker","floor":37,"turns":2},{"damage":7,"enemies":"Reptomancer","floor":41,"turns":8},{"damage":0,"enemies":"4 Shapes","floor":42,"turns":9},{"damage":1,"enemies":"Spire Growth","floor":44,"turns":5},{"damage":0,"enemies":"Nemesis","floor":46,"turns":7},{"damage":0,"enemies":"Writhing Mass","floor":47,"turns":7},{"damage":0,"enemies":"4 Shapes","floor":48,"turns":3},{"damage":0,"enemies":"Donu and Deca","floor":50,"turns":12}],"seed_played":"-3658452067800065868","potions_obtained":[{"floor":1.0,"key":"SpeedPotion"},{"floor":4.0,"key":"Explosive Potion"},{"floor":5.0,"key":"SkillPotion"},{"floor":12.0,"key":"PowerPotion"},{"floor":18.0,"key":"Fire Potion"},{"floor":20.0,"key":"Dexterity Potion"},{"floor":33,"key":"PowerPotion"},{"floor":35,"key":"SteroidPotion"},{"floor":44,"key":"CultistPotion"},{"floor":48,"key":"Fruit Juice"}],"is_trial":false,"path_per_floor":["M","M","M","M","M","E","R","M","T","R","$","M","E","M","R","B",null,"M","M","M","?","M","E","R","$","T","?","M","R","T","M","R","B",null,"M","?","M","$","?","R","E","M","T","M","R","E","M","M","R","B",null],"character_chosen":"THE_SERVANT","items_purchased":["DollysMirror"],"campfire_rested":0,"item_purchase_floors":[38],"current_hp_per_floor":[65,64,64,64,58,43,43,43,43,43,43,43,35,35,35,9,65,65,65,65,65,65,65,65,65,65,65,65,65,65,65,65,65,65,56,56,56,56,56,56,49,49,49,48,48,48,48,48,48,48],"gold":418,"neow_bonus":"ONE_RARE_RELIC","is_daily":false,"chose_seed":false,"campfire_upgraded":8,"win_rate":0.0,"timestamp":1612599180,"path_taken":["M","M","M","M","M","E","R","M","T","R","$","M","E","M","R","BOSS","M","M","?","?","M","E","R","$","T","?","M","R","?","?","R","BOSS","M","?","M","$","?","R","E","M","T","M","R","E","M","M","R","BOSS"],"items_purchased_type":["Relic"],"build_version":"2020-12-22","purchased_purges":2,"victory":true,"max_hp_per_floor":[65,65,65,65,65,65,65,65,65,65,65,65,65,65,65,65,65,65,65,65,65,65,65,65,65,65,65,65,65,65,65,65,65,65,65,65,65,65,65,65,65,65,65,65,65,65,65,65,65,65],"card_choices":[{"not_picked":["Rearm","FastForward"],"picked":"Misdirection","floor":1.0},{"not_picked":["TimeWarp","FanOfKnives"],"picked":"Spin","floor":2.0},{"not_picked":["Defy","Unruled"],"picked":"Solidify","floor":3.0},{"not_picked":["DoubleEdge","Spin","Contraction"],"picked":"SKIP","floor":4.0},{"not_picked":["Defy","Rewind"],"picked":"Moonlight","floor":5.0},{"not_picked":["Replace","Rewind"],"picked":"SoulSculpture","floor":6.0},{"not_picked":["GearUp","Potential"],"picked":"SilverBlades","floor":8.0},{"not_picked":["Revamp","Rearm"],"picked":"Contraction","floor":12.0},{"not_picked":["BottledTime","DoubleEdge"],"picked":"InstantArmor","floor":13.0},{"not_picked":["Revamp","Spin","ReturningBlade"],"picked":"SKIP","floor":14.0},{"not_picked":["LightFlow","SoulSculpture"],"picked":"FlawlessForm","floor":16.0},{"not_picked":["Misdirection","Revamp+1"],"picked":"BottledTime","floor":18.0},{"not_picked":["Revamp","Ricochet+1"],"picked":"Desolation+1","floor":19.0},{"not_picked":["FastForward+1","Replace+1"],"picked":"Hightail","floor":20.0},{"not_picked":["Alleviate","Starlight","GearUp"],"picked":"SKIP","floor":22.0},{"not_picked":["Misdirection","Dilation"],"picked":"FanOfKnives+1","floor":23},{"not_picked":["Barrier","Rearm"],"picked":"Desolation","floor":28},{"not_picked":["TimeWarp","Alleviate"],"picked":"MoonPhase","floor":31},{"not_picked":["Solidify","TheWorld"],"picked":"LightFlow","floor":33},{"not_picked":["TimeWarp","FanOfKnives+1"],"picked":"Spin","floor":35},{"not_picked":["Ricochet+1","FanOfKnives+1"],"picked":"Collapse","floor":36},{"not_picked":["Potential+1","GearUp+1"],"picked":"MoonPhase+1","floor":37},{"not_picked":["TimeWarp","FastForward+1"],"picked":"Advance","floor":41},{"not_picked":["WasteNot","Potential","TimeWarp"],"picked":"SKIP","floor":42},{"not_picked":["Barrier+1","Defy+1","TimeWarp+1"],"picked":"SKIP","floor":44},{"not_picked":["ShatteredReality","Alleviate+1"],"picked":"InstantArmor+1","floor":46},{"not_picked":["FastForward","Replace"],"picked":"DoubleEdge+1","floor":47},{"not_picked":["Sabotage+1","Ricochet"],"picked":"TheWorld","floor":48}],"player_experience":490300,"relics_obtained":[{"floor":6.0,"key":"War Paint"},{"floor":9.0,"key":"Whetstone"},{"floor":13.0,"key":"Omamori"},{"floor":23,"key":"Bag of Preparation"},{"floor":26,"key":"Anchor"},{"floor":30,"key":"Bottled Lightning"},{"floor":36,"key":"Shovel"},{"floor":40,"key":"Happy Flower"},{"floor":41,"key":"Bronze Scales"},{"floor":41,"key":"Vajra"},{"floor":43,"key":"HornCleat"},{"floor":46,"key":"White Beast Statue"},{"floor":46,"key":"Oddly Smooth Stone"}],"event_choices":[{"cards_removed":["Strike_S"],"damage_healed":0.0,"max_hp_gain":0.0,"max_hp_loss":0.0,"gold_gain":0.0,"event_name":"Beggar","player_choice":"Gave Gold","floor":21.0,"gold_loss":75.0,"damage_taken":0.0},{"damage_healed":0,"gold_gain":0,"player_choice":"Ignored","damage_taken":0,"max_hp_gain":0,"max_hp_loss":0,"event_name":"Ghosts","floor":27,"gold_loss":0},{"damage_healed":0,"gold_gain":0,"player_choice":"Fight","damage_taken":0,"max_hp_gain":0,"max_hp_loss":0,"event_name":"MindBloom","floor":36,"gold_loss":0},{"damage_healed":0,"gold_gain":0,"cards_transformed":["Defend_S"],"player_choice":"Transformed","damage_taken":0,"max_hp_gain":0,"max_hp_loss":0,"event_name":"Transmorgrifier","floor":39,"gold_loss":0,"cards_obtained":["Collapse"]}],"is_beta":false,"boss_relics":[{"not_picked":["Runic Pyramid","Fusion Hammer"],"picked":"Astrolabe"},{"not_picked":["Pandora\u0027s Box","Snecko Eye"],"picked":"Black Star"}],"items_purged_floors":[11,38],"is_endless":false,"potions_floor_spawned":[1,4,5,6,12,18,20,22,33,35,44,46,47,48],"ascension_level":0}}