{"host":"4a6fro0of1ie0h2w","time":1612624328,"event":{"mods":["Aspiration","BaseMod","CCEM2","Colored Map","Conspire","Downfall","GifTheSpireLib","Halation","Highlight Path","Hubris","Infinite Spire","Marisa????????","Minty Spire (QoL Compilation)","Permanent Neow","Replay The Spire","StSLib","Stuff the Spire","The Servant 0.9.4"],"gold_per_floor":[99,117,117,137,157,175,247,5,38,38,38,58,68,68,84,187,187,187,203,218,118,118,118,144,159,159,175,190,201,201,201,201],"floor_reached":33,"language":"ENG","playtime":1116,"items_purged":["Writhe"],"score":298,"play_id":"10288635-5e17-4d91-82d7-6ac718147eb9","local_time":"20210206171208","is_ascension_mode":true,"campfire_choices":[{"data":"champ:Taunt","floor":1,"key":"SMITH"},{"data":"champ:StanceDance","floor":10,"key":"SMITH"},{"floor":18,"key":"RECALL"},{"data":"champ:EnchantSword","floor":23,"key":"SMITH"}],"circlet_count":0,"master_deck":["champ:Strike","champ:Strike","champ:Strike","champ:Strike","champ:Defend","champ:Defend","champ:Defend","champ:Defend","champ:Execute","champ:Taunt+1","champ:PerfectedStrike","champ:StanceDance+1","champ:PerfectedStrike","champ:Endure","champ:RisingSlash","champ:RapidStrikes","champ:RisingSlash","champ:EnchantSword+1","champ:FlashCut","champ:ShieldSigil+1","champ:ShieldWall","StuffTheSpire:BrainWave","champ:BladeFlurry","champ:RapidStrikes"],"relics":["champ:ChampionCrown","CCEMRelics:Sandal","halation:Thesaurus","hubris:Teleporter","downfall:ShatteredFragment","hubris:Icosahedron","hubris:TerracottaHorce","downfall:HeartBlessingRed","Strawberry"],"acts_visited":["Exordium","TheCity"],"potions_floor_usage":[16,16,16,26,30,30,32,32,32],"damage_taken":[{"damage":16,"enemies":"2 Louse","floor":2,"turns":4},{"damage":10,"enemies":"Cultist","floor":4,"turns":3},{"damage":10,"enemies":"Small Slimes","floor":5,"turns":3},{"damage":9,"enemies":"Blue Slaver","floor":6,"turns":2},{"damage":10,"enemies":"downfall:FleeingMerchant","floor":8,"turns":4},{"damage":29,"enemies":"3 Sentries","floor":9,"turns":8},{"damage":11,"enemies":"2 Fungi Beasts","floor":12,"turns":3},{"damage":8,"enemies":"Exordium Wildlife","floor":13,"turns":3},{"damage":2,"enemies":"3 Louse","floor":15,"turns":3},{"damage":22,"enemies":"DF_ARCHETYPE_STREAMLINE","floor":16,"turns":5},{"damage":10,"enemies":"3 Byrds","floor":19,"turns":3},{"damage":22,"enemies":"Snecko","floor":21,"turns":4},{"damage":14,"enemies":"conspire:SneckoGhost","floor":26,"turns":3},{"damage":24,"enemies":"Snake Plant","floor":28,"turns":3},{"damage":19,"enemies":"Shelled Parasite and Fungi","floor":30,"turns":2},{"damage":34,"enemies":"Centurion and Healer","floor":31,"turns":3},{"damage":10,"enemies":"Snake Plant","floor":32,"turns":2},{"damage":16,"enemies":"SI_MIRROR_ARCHETYPE","floor":33,"turns":1}],"seed_played":"-1767147876115228319","potions_obtained":[{"floor":3,"key":"Ancient Potion"},{"floor":3,"key":"PowerPotion"},{"floor":3,"key":"champ:TechniquePotion"},{"floor":9,"key":"champ:OpenerPotion"},{"floor":19,"key":"DistilledChaos"},{"floor":21,"key":"Strength Potion"},{"floor":28,"key":"hexamod:SoulburnPotion"},{"floor":30,"key":"champ:CounterPotion"},{"floor":31,"key":"Strength Potion"}],"is_trial":false,"path_per_floor":["R","M","?","M","M","M","T","$","E","R","?","M","M","?","M","B",null,"R","M","M","R","T","?","E","M","?","M","M","M","B"],"character_chosen":"THE_CHAMP","items_purchased":["halation:Thesaurus"],"campfire_rested":0,"item_purchase_floors":[8],"current_hp_per_floor":[90,84,84,84,84,75,75,75,66,66,39,38,30,30,28,6,69,69,69,78,78,78,78,81,57,57,38,14,14,0,0,0],"gold":201,"neow_bonus":"ONE_RARE_RELIC","is_daily":false,"chose_seed":false,"campfire_upgraded":3,"win_rate":0.0,"timestamp":1612624328,"path_taken":["R","M","?","?","M","M","T","$","E","R","?","M","M","?","M","BOSS","R","M","M","R","T","?","E","M","?","M","?","M","BOSS"],"items_purchased_type":["Relic"],"build_version":"2020-12-22","purchased_purges":1,"victory":false,"max_hp_per_floor":[90,90,90,90,90,90,90,90,90,90,90,90,90,90,90,90,90,90,90,90,90,90,90,97,97,97,97,97,97,97,97,97],"card_choices":[{"not_picked":["champ:DefensiveStyle","champ:CrookedStrike"],"picked":"champ:PerfectedStrike","floor":2},{"not_picked":["champ:EnragedBash","champ:Backstep"],"picked":"champ:StanceDance","floor":4},{"not_picked":["champ:CalledShot","champ:ShieldSigil"],"picked":"champ:PerfectedStrike","floor":5},{"not_picked":["champ:PreciseThrust","champ:ShieldSlam"],"picked":"champ:Endure","floor":6},{"not_picked":["champ:PerfectedStrike","champ:Circumvent"],"picked":"champ:RisingSlash","floor":8},{"not_picked":["champ:FlashCut","champ:Devastate"],"picked":"champ:RapidStrikes","floor":9},{"not_picked":["champ:PreciseThrust","champ:Shatter","champ:ShieldSlam"],"picked":"SKIP","floor":12},{"not_picked":["champ:FocusedBerserking","champ:BerserkersShout"],"picked":"champ:RisingSlash","floor":13},{"not_picked":["champ:Backstep","champ:GutPunch","champ:TornadoPunch"],"picked":"SKIP","floor":15},{"not_picked":["champ:HoldFirm","champ:HeavySlash"],"picked":"champ:EnchantSword","floor":16},{"not_picked":["champ:GutPunch","champ:DeathBlow"],"picked":"champ:FlashCut","floor":19},{"not_picked":["champ:FlashCut","champ:TornadoPunch"],"picked":"champ:ShieldSigil+1","floor":21},{"not_picked":["champ:FocusedDefense+1","champ:SkillfulDodge"],"picked":"champ:ShieldWall","floor":26},{"not_picked":["champ:GutPunch","champ:EnGarde","champ:PreciseThrust"],"picked":"SKIP","floor":28},{"not_picked":["StuffTheSpire:Innocence","StuffTheSpire:Perfection"],"picked":"StuffTheSpire:BrainWave","floor":29},{"not_picked":["champ:EnragedBash+1","champ:CrownThrow+1","champ:StanceDance"],"picked":"SKIP","floor":30},{"not_picked":["champ:DefensiveStyle","champ:EnGarde"],"picked":"champ:BladeFlurry","floor":31},{"not_picked":["champ:FanOfKnives","champ:PerfectedStrike"],"picked":"champ:RapidStrikes","floor":32}],"player_experience":230026,"relics_obtained":[{"floor":7,"key":"CCEMRelics:Sandal"},{"floor":9,"key":"CCEMRelics:SelfSharpeningBlade"},{"floor":26,"key":"Strawberry"}],"event_choices":[{"damage_healed":0,"gold_gain":0,"player_choice":"Got Potions","damage_taken":0,"max_hp_gain":0,"max_hp_loss":0,"event_name":"Lab","floor":3,"gold_loss":0}],"is_beta":false,"boss_relics":[{"not_picked":["aspiration:ServantSkillbook","Empty Cage"],"picked":"hubris:TerracottaHorce"}],"items_purged_floors":[8],"is_endless":false,"potions_floor_spawned":[5,6,9,15,19,21,28,30,31],"killed_by":"SI_MIRROR_ARCHETYPE","ascension_level":2}}