{"host":"roto7j7840a50pxh","time":1612588083,"event":{"mods":["Act Like it!","BaseMod","Better Altar","Better Note","Better Sensory Stone","Better Skull","Better Third Choice","BetterRewards","Colored Map","Colored Powertips","Downfall","Elementarium","Hermit","Highlight Path","Hubris","Infinite Spire","Minty Spire (QoL Compilation)","Replay The Spire","Robot Space Explorer","Shade Mod","Spicy Shops","StSLib","The Construct","The Cursed","The Dragon Tamer","The Hierophant","The Jungle","The Necromancer","The Runesmith","The Servant 0.9.4","TheVacant"],"gold_per_floor":[113,126,146,146,158,158,184,203,203,222,222,235,247,263,263,358,358,372,382,392,392,406,440,440,465,465,465,482,482,499,519,519,617,617,636,647,647,647,667,692,692,707,707,707,745,745,777,801,801,803],"floor_reached":51,"language":"ENG","playtime":4017,"items_purged":[],"score":1190,"play_id":"bddde8bd-f14d-45ee-99ea-384bd57f3f96","local_time":"20210206000803","is_ascension_mode":true,"campfire_choices":[{"data":"construct:ReactiveShield","floor":6.0,"key":"SMITH"},{"floor":11.0,"key":"REST"},{"data":"construct:Versatility","floor":15.0,"key":"SMITH"},{"floor":27.0,"key":"REST"},{"floor":29.0,"key":"REST"},{"floor":32.0,"key":"REST"},{"data":"Madness","floor":49,"key":"SMITH"}],"circlet_count":0,"master_deck":["construct:Strike_Gold","construct:Strike_Gold","construct:Strike_Gold","construct:Strike_Gold","construct:Strike_Gold","construct:Defend_Gold","construct:Defend_Gold","construct:Defend_Gold","construct:Defend_Gold","construct:Defend_Gold","construct:AttackMode","construct:DefenseMode","construct:Autoturret","construct:Enhance+1","construct:Backfire","construct:Versatility+1","construct:Boost","construct:ReactiveShield+1","construct:Multistage","construct:PowerUp","construct:ScrapCannon","construct:Boost","construct:Boost","construct:Reinforce","construct:HammerDown","downfall:Icky","Voices","CommonCold","construct:Reinforce","construct:CripplingShot","construct:ScopeCore+1","hubris:InfiniteBlow+450","construct:SuppressiveFire","infinitespire:SevenWalls","construct:ModeShift","RobotSpaceExplorer:Autoloader+1","construct:Missile","construct:SweepLaser+1","construct:Boost","construct:ClusterMines","construct:HyperBeam","construct:QuickAttack+1","construct:LaserCore","Sickly","construct:SweepLaser+1","construct:BatteryCore","Madness+1","Madness","construct:ReactiveShield","construct:CripplingShot+1","construct:ShiftGuard","construct:Boost"],"relics":["construct:Cogwheel","hubris:TenFootPole","Runesmith:Locket","Toy Ornithopter","hubris:Zylophone","Replay:Ancient Bell","Bronze Scales","Replay:WaspNest","Durian","infinitespire:CheckeredPen","hubris:VirtuousBlindfold","Question Card","Replay:Mystery Machine","hexamod:CandleOfCauterizing","Honey Jar","Ring of Fury","Ring of Misfortune","Matryoshka","Replay:Bandana","construct:FoamFinger","hubris:Icosahedron","Bag of Marbles","hubris:DeckOfHolding"],"acts_visited":["Exordium","TheCity","TheBeyond"],"potions_floor_usage":[48],"damage_taken":[{"damage":0.0,"enemies":"2 Louse","floor":1.0,"turns":4.0},{"damage":5.0,"enemies":"Cultist","floor":2.0,"turns":3.0},{"damage":12.0,"enemies":"Small Slimes","floor":3.0,"turns":5.0},{"damage":2.0,"enemies":"Exordium Wildlife","floor":5.0,"turns":4.0},{"damage":17.0,"enemies":"3 Sentries","floor":7.0,"turns":9.0},{"damage":0.0,"enemies":"Lots of Slimes","floor":8.0,"turns":2.0},{"damage":0.0,"enemies":"Gremlin Gang","floor":10.0,"turns":6.0},{"damage":8.0,"enemies":"Exordium Thugs","floor":12.0,"turns":6.0},{"damage":9.0,"enemies":"Large Slime","floor":13.0,"turns":7.0},{"damage":18.0,"enemies":"Lots of Slimes","floor":14.0,"turns":4.0},{"damage":11.0,"enemies":"Hexaghost","floor":16.0,"turns":10.0},{"damage":5.0,"enemies":"Spheric Guardian","floor":18.0,"turns":8.0},{"damage":36.0,"enemies":"2 Thieves","floor":19.0,"turns":4.0},{"damage":11.0,"enemies":"Sentry and Sphere","floor":20.0,"turns":7.0},{"damage":0.0,"enemies":"Snecko","floor":22.0,"turns":1.0},{"damage":21.0,"enemies":"Nightmare","floor":23.0,"turns":5.0},{"damage":10.0,"enemies":"Book of Stabbing","floor":25.0,"turns":3.0},{"damage":7.0,"enemies":"3 Cultists","floor":28.0,"turns":4.0},{"damage":35.0,"enemies":"Shelled Parasite and Fungi","floor":30.0,"turns":4.0},{"damage":12.0,"enemies":"Centurion and Healer","floor":31.0,"turns":5.0},{"damage":22.0,"enemies":"Champ","floor":33.0,"turns":8.0},{"damage":34.0,"enemies":"3 Darklings","floor":35.0,"turns":5.0},{"damage":5.0,"enemies":"Orb Walker","floor":36.0,"turns":3.0},{"damage":0.0,"enemies":"3 Darklings","floor":39.0,"turns":3.0},{"damage":12.0,"enemies":"Nemesis","floor":40.0,"turns":5.0},{"damage":1.0,"enemies":"Sphere and 2 Shapes","floor":42.0,"turns":3.0},{"damage":0.0,"enemies":"Giant Head","floor":45.0,"turns":3.0},{"damage":0.0,"enemies":"Reptomancer","floor":47.0,"turns":4.0},{"damage":5,"enemies":"Spire Growth","floor":48,"turns":4},{"damage":0,"enemies":"infinitespire:MassOfShapes","floor":50,"turns":1}],"seed_played":"3289777750099001607","potions_obtained":[{"floor":1.0,"key":"SpeedPotion"},{"floor":2.0,"key":"PowerPotion"},{"floor":7.0,"key":"Explosive Potion"},{"floor":8.0,"key":"champ:CounterPotion"},{"floor":16.0,"key":"Doom Potion"},{"floor":19.0,"key":"Dexterity Potion"},{"floor":20.0,"key":"Adrenaline Potion"},{"floor":25.0,"key":"Adrenaline Potion"},{"floor":28.0,"key":"Strength Potion"},{"floor":30.0,"key":"Weak Potion"},{"floor":31.0,"key":"champ:CounterPotion"},{"floor":35.0,"key":"FairyPotion"},{"floor":36.0,"key":"Block Potion"},{"floor":38.0,"key":"Regen Potion"},{"floor":38.0,"key":"construct:MegaPotion"},{"floor":38.0,"key":"Reflective Coating"},{"floor":40.0,"key":"Death Potion"},{"floor":47.0,"key":"sneckomod:MuddlingPotion"}],"is_trial":false,"path_per_floor":["M","M","M","?","M","R","E","M","T","M","R","M","M","M","R","B",null,"M","M","M","AVR","M","NM","?","E","T","R","M","R","M","M","R","B",null,"M","M","?","?","M","E","?","M","T","?","E","?","E","M","R","B",null],"character_chosen":"THE_CONSTRUCT_MOD","items_purchased":["construct:Autoturret","hubris:TenFootPole","Runesmith:Locket","construct:Enhance"],"campfire_rested":4,"item_purchase_floors":[0,0,0,0],"current_hp_per_floor":[51,46,34,34,32,32,15,20,20,30,55,47,38,20,20,9,90,85,49,38,38,38,22,22,12,12,39,42,69,39,27,54,37,90,56,51,51,51,51,58,53,52,52,52,52,52,52,52,52,52],"gold":803,"neow_bonus":"","is_daily":false,"chose_seed":false,"campfire_upgraded":3,"win_rate":0.0,"timestamp":1612588083,"path_taken":["M","M","M","?","M","R","E","M","T","M","R","M","M","?","R","BOSS","M","M","M","AVR","M","NM","?","E","T","R","?","R","M","?","R","BOSS","M","M","?","?","?","E","?","M","T","?","E","?","E","M","R","BOSS"],"items_purchased_type":["Card","Relic","Relic","Card"],"build_version":"2020-12-22","purchased_purges":0,"victory":true,"max_hp_per_floor":[85,85,85,85,85,85,85,85,85,85,85,85,85,85,85,85,90,90,90,90,90,90,90,90,90,90,90,90,90,90,90,90,90,90,90,90,90,90,90,90,90,90,90,90,90,90,90,90,90,90],"card_choices":[{"not_picked":["construct:Autoturret","construct:SaveState"],"picked":"construct:Backfire","floor":1.0},{"not_picked":["construct:OmegaCannon","construct:FocusedBeam"],"picked":"construct:Versatility","floor":2.0},{"not_picked":["construct:ClusterMines","construct:HeavyBolt"],"picked":"construct:Boost","floor":3.0},{"not_picked":["construct:Forcefield","construct:SweepLaser"],"picked":"construct:ReactiveShield","floor":5.0},{"not_picked":["construct:HeavyBolt","construct:GatlingGun"],"picked":"construct:Multistage","floor":7.0},{"not_picked":["construct:Stasis","construct:SyphonStrike"],"picked":"construct:PowerUp","floor":8.0},{"not_picked":["construct:Reinforce","construct:Tumble"],"picked":"construct:ScrapCannon","floor":10.0},{"not_picked":["construct:ClusterMines","construct:HardReboot"],"picked":"construct:Boost","floor":12.0},{"not_picked":["construct:Reinforce","construct:Anticipate"],"picked":"construct:Boost","floor":13.0},{"not_picked":["construct:VentSteam","construct:SiegeForm"],"picked":"construct:Reinforce","floor":14.0},{"not_picked":["construct:ClockworkEgg","construct:SiegeForm"],"picked":"construct:HammerDown","floor":16.0},{"not_picked":["Sickly","infinitespire:Pacifist"],"picked":"downfall:Icky","floor":17.0},{"not_picked":["Delirium","hubris:Lust"],"picked":"Voices","floor":17.0},{"not_picked":["Languid","downfall:Malfunctioning"],"picked":"CommonCold","floor":17.0},{"not_picked":["construct:ReactiveShield","construct:SyphonStrike+1"],"picked":"construct:Reinforce","floor":18.0},{"not_picked":["construct:Bunker","construct:Missile"],"picked":"construct:CripplingShot","floor":19.0},{"not_picked":["construct:Missile","construct:Autoturret"],"picked":"construct:ScopeCore+1","floor":20.0},{"not_picked":["construct:Analyze+1","construct:Backfire+1"],"picked":"construct:SuppressiveFire","floor":22.0},{"not_picked":["infinitespire:Execution","hubris:Fate"],"picked":"infinitespire:SevenWalls","floor":23.0},{"not_picked":["construct:Bunker","construct:PointDefense"],"picked":"construct:ModeShift","floor":23.0},{"not_picked":["construct:SaveState","construct:FierceBash","construct:Anticipate"],"picked":"construct:Missile","floor":25.0},{"not_picked":["construct:ClusterMines","construct:Backfire","construct:ModeShift+1"],"picked":"construct:SweepLaser+1","floor":28.0},{"not_picked":["construct:Backfire+1","construct:SyphonStrike+1","construct:ShiftGuard"],"picked":"construct:Boost","floor":30.0},{"not_picked":["construct:SaveState","construct:Accumulate","construct:Anticipate"],"picked":"construct:ClusterMines","floor":31.0},{"not_picked":["construct:ShieldBurst","construct:MassProduction","construct:LongRangeLance"],"picked":"construct:HyperBeam","floor":33.0},{"not_picked":["construct:Dampening","construct:BatteryAcid","construct:FocusedBeam","construct:PowerUp"],"picked":"construct:QuickAttack+1","floor":35.0},{"not_picked":["construct:Autoturret","construct:ShiftStrike","construct:OmegaCannon","construct:VentSteam+1"],"picked":"construct:LaserCore","floor":36.0},{"not_picked":["construct:Accumulate","construct:FocusedBeam","construct:Autoturret+1","construct:CripplingShot"],"picked":"construct:SweepLaser+1","floor":39.0},{"not_picked":["construct:Anticipate+1","construct:PointDefense","construct:VentSteam","construct:QuickAttack+1"],"picked":"construct:BatteryCore","floor":40.0},{"not_picked":["construct:Backfire+1","construct:Missile+1","construct:ClusterMines","construct:SuppressiveFire"],"picked":"construct:ReactiveShield","floor":42.0},{"not_picked":["construct:Tumble+1","construct:Forcefield","construct:Antimatter+1","construct:Reinforce+1"],"picked":"construct:CripplingShot+1","floor":45.0},{"not_picked":["construct:SyphonStrike","construct:PointDefense+1","construct:FocusedBeam","construct:UnbalancingBlast"],"picked":"construct:ShiftGuard","floor":47.0},{"not_picked":["construct:HeavyBolt","construct:FierceBash+1","construct:Forcefield+1","construct:ShiftGuard"],"picked":"construct:Boost","floor":48}],"player_experience":1874940,"relics_obtained":[{"floor":7.0,"key":"Toy Ornithopter"},{"floor":9.0,"key":"hubris:Zylophone"},{"floor":23.0,"key":"Question Card"},{"floor":25.0,"key":"Replay:Mystery Machine"},{"floor":26.0,"key":"hexamod:CandleOfCauterizing"},{"floor":37.0,"key":"Ring of Fury"},{"floor":37.0,"key":"Ring of Misfortune"},{"floor":40.0,"key":"Matryoshka"},{"floor":43.0,"key":"Replay:Bandana"},{"floor":43.0,"key":"construct:FoamFinger"},{"floor":45.0,"key":"Bag of Marbles"},{"floor":47.0,"key":"hubris:DeckOfHolding"}],"event_choices":[{"damage_healed":0.0,"max_hp_gain":0.0,"max_hp_loss":0.0,"gold_gain":0.0,"event_name":"Upgrade Shrine","player_choice":"Upgraded","floor":4.0,"gold_loss":0.0,"damage_taken":0.0,"cards_upgraded":["construct:Enhance"]},{"cards_removed":["construct:PowerUp"],"damage_healed":0.0,"max_hp_gain":0.0,"max_hp_loss":0.0,"gold_gain":0.0,"event_name":"betterNote:BetterNote","player_choice":"Take \u0026 Give","floor":24.0,"gold_loss":0.0,"damage_taken":0.0,"cards_obtained":["RobotSpaceExplorer:Autoloader"]},{"damage_healed":0.0,"max_hp_gain":0.0,"max_hp_loss":0.0,"gold_gain":0.0,"event_name":"Lab","player_choice":"Got Potions","floor":38.0,"gold_loss":0.0,"damage_taken":0.0},{"damage_healed":0.0,"max_hp_gain":0.0,"max_hp_loss":0.0,"gold_gain":0.0,"event_name":"Winding Halls","player_choice":"Embrace Madness","floor":41.0,"gold_loss":0.0,"damage_taken":11.0,"cards_obtained":["Madness","Madness"]}],"is_beta":false,"boss_relics":[{"not_picked":["Replay:Wanted Poster","Cursed Key"],"picked":"Replay:Ancient Bell"},{"not_picked":["Gremlin Food","Art of War"],"picked":"Bronze Scales"},{"not_picked":["InkBottle","hubris:PeanutButter"],"picked":"Replay:WaspNest"},{"not_picked":["hubris:Spice","Peace Pipe"],"picked":"Durian"},{"not_picked":["Sozu","SlaversCollar"],"picked":"Honey Jar"}],"items_purged_floors":[],"is_endless":false,"potions_floor_spawned":[1,2,7,8,16,19,20,25,28,30,31,35,36,40,47],"ascension_level":1}}