{"host":"w8jq41i5zn1fudf9","time":1612590795,"event":{"mods":["AchievementEnabler","BaseMod","Colored Map","Colored Powertips","Curses Come First","GifTheSpireLib","Googly Eyes","Minty Spire (QoL Compilation)","Quick Restart","Rare Cards Sparkle","Relic Stats","StSLib","The Awakened One except there are too many feathers","egg","everything is the same but u backflip on backflip","slay the spire mod where everything is the same but ironclad has a cowboy hat"],"gold_per_floor":[14,14,14,14,14,14,14,14,39,39,56,117,117,142,142,246,246,246,246,231,231,231,231,231,231,231,231,231,231,231,231,231,231,231,231,231,231,231,231,231,231],"floor_reached":40,"language":"ENG","playtime":1654,"items_purged":[],"score":497,"play_id":"cd91376f-6c9a-4fb3-8167-2a56e7fb5d6d","local_time":"20210205225315","is_ascension_mode":true,"campfire_choices":[{"data":"Electrodynamics","floor":6,"key":"SMITH"},{"data":"Dualcast","floor":8,"key":"SMITH"},{"data":"Doom and Gloom","floor":10,"key":"SMITH"},{"data":"Cold Snap","floor":15,"key":"SMITH"},{"floor":24,"key":"REST"},{"floor":27,"key":"REST"},{"floor":30,"key":"REST"},{"floor":32,"key":"REST"}],"circlet_count":0,"master_deck":["Strike_B","Strike_B","Strike_B","Defend_B","Defend_B","Defend_B","Defend_B","Zap+1","Dualcast+1","Doom and Gloom+1","Electrodynamics+1","Parasite","Cold Snap+1","Core Surge","Cold Snap","Melter+1","Buffer","Echo Form+1","CurseOfTheBell","Ball Lightning+1"],"relics":["Cracked Core","Du-Vu Doll","Juzu Bracelet","Shuriken","Kunai","Ectoplasm","Enchiridion","MutagenicStrength","Blood Vial","Toxic Egg 2","Frozen Egg 2","Calling Bell","Nunchaku","Pear","Emotion Chip","Turnip"],"acts_visited":["Exordium","TheCity","TheBeyond"],"potions_floor_usage":[16,23,23,33,40,40],"damage_taken":[{"damage":8,"enemies":"Small Slimes","floor":1,"turns":3},{"damage":1,"enemies":"Cultist","floor":11,"turns":3},{"damage":5,"enemies":"Gremlin Nob","floor":12,"turns":3},{"damage":10,"enemies":"Gremlin Nob","floor":14,"turns":3},{"damage":33,"enemies":"Hexaghost","floor":16,"turns":8},{"damage":6,"enemies":"3 Byrds","floor":18,"turns":2},{"damage":9,"enemies":"2 Thieves","floor":20,"turns":2},{"damage":30,"enemies":"Slavers","floor":23,"turns":2},{"damage":13,"enemies":"Chosen and Byrds","floor":25,"turns":3},{"damage":20,"enemies":"Gremlin Leader","floor":29,"turns":4},{"damage":22,"enemies":"Champ","floor":33,"turns":10},{"damage":11,"enemies":"3 Darklings","floor":35,"turns":2},{"damage":47,"enemies":"2 Orb Walkers","floor":36,"turns":4},{"damage":12,"enemies":"3 Shapes","floor":39,"turns":2},{"damage":27,"enemies":"Giant Head","floor":40,"turns":5}],"seed_played":"7094803753262438746","potions_obtained":[{"floor":1,"key":"SkillPotion"},{"floor":16,"key":"ColorlessPotion"},{"floor":18,"key":"Weak Potion"},{"floor":20,"key":"PowerPotion"},{"floor":35,"key":"Explosive Potion"},{"floor":36,"key":"ColorlessPotion"}],"is_trial":false,"path_per_floor":["M","?","$","?","$","R","?","R","T","R","M","?","$","E","R","B",null,"M","?","M","?","?","E","R","M","T","R","$","E","R","?","R","B",null,"M","?","$","?","M","E"],"character_chosen":"DEFECT","items_purchased":[],"campfire_rested":4,"item_purchase_floors":[],"current_hp_per_floor":[67,67,67,67,67,67,75,75,75,75,74,69,69,59,59,26,75,69,53,44,44,44,14,36,25,25,47,47,29,51,37,61,41,90,79,34,34,34,24,0,0],"gold":231,"neow_bonus":"ONE_RARE_RELIC","is_daily":false,"chose_seed":false,"campfire_upgraded":4,"win_rate":0.0,"timestamp":1612590795,"path_taken":["M","?","?","?","$","R","?","R","T","R","M","?","$","E","R","BOSS","M","?","M","?","?","E","R","M","T","R","$","E","R","?","R","BOSS","M","?","?","?","M","E"],"items_purchased_type":[],"build_version":"2020-12-22","purchased_purges":0,"victory":false,"max_hp_per_floor":[75,75,75,75,75,75,75,75,75,75,75,75,75,75,75,75,75,75,75,75,75,75,75,75,75,75,75,75,75,75,80,80,80,90,90,90,90,85,85,85,85],"relic_stats":{"Blood Vial":12,"Nunchaku":[2],"Emotion Chip":[13,9,4,0,0],"counters":[15,56],"Shuriken":[11],"Ectoplasm":373,"Turnip":[0],"Juzu Bracelet":2,"Kunai":[11],"obtain_stats":[{"Pear":34,"Enchiridion":19,"Juzu Bracelet":9,"Frozen Egg 2":29,"Du-Vu Doll":0,"Blood Vial":23,"Calling Bell":34,"Nunchaku":34,"Emotion Chip":34,"Shuriken":12,"MutagenicStrength":22,"Ectoplasm":17,"Turnip":36,"Kunai":14,"Toxic Egg 2":26,"Cracked Core":0},{"Pear":11,"Enchiridion":6,"Juzu Bracelet":1,"Frozen Egg 2":10,"Du-Vu Doll":0,"Blood Vial":8,"Calling Bell":11,"Nunchaku":11,"Emotion Chip":11,"Shuriken":3,"MutagenicStrength":7,"Ectoplasm":5,"Turnip":13,"Kunai":4,"Toxic Egg 2":9,"Cracked Core":0},{"Pear":43,"Enchiridion":22,"Juzu Bracelet":3,"Frozen Egg 2":33,"Du-Vu Doll":0,"Blood Vial":26,"Calling Bell":43,"Nunchaku":43,"Emotion Chip":43,"Shuriken":9,"MutagenicStrength":24,"Ectoplasm":20,"Turnip":49,"Kunai":12,"Toxic Egg 2":29,"Cracked Core":0}]},"card_choices":[{"not_picked":["Chill","Stack"],"picked":"Doom and Gloom","floor":1},{"not_picked":["Rip and Tear","FTL"],"picked":"Cold Snap","floor":11},{"not_picked":["Scrape","Tempest","FTL"],"picked":"SKIP","floor":14},{"not_picked":["Electrodynamics","Biased Cognition"],"picked":"Core Surge","floor":16},{"not_picked":["Turbo","Genetic Algorithm"],"picked":"Cold Snap","floor":18},{"not_picked":["Rip and Tear","Barrage"],"picked":"Melter+1","floor":20},{"not_picked":["Blizzard","Coolheaded","Compile Driver+1"],"picked":"SKIP","floor":23},{"not_picked":["Ball Lightning","Reprogram"],"picked":"Buffer","floor":25},{"not_picked":["Gash+1","Go for the Eyes","Storm+1"],"picked":"SKIP","floor":29},{"not_picked":["Hyperbeam","Seek+1"],"picked":"Echo Form+1","floor":33},{"not_picked":["Barrage+1","Genetic Algorithm+1","Go for the Eyes+1"],"picked":"SKIP","floor":35},{"not_picked":["Genetic Algorithm+1","Steam+1"],"picked":"Ball Lightning+1","floor":39}],"player_experience":89161,"relics_obtained":[{"floor":9,"key":"Juzu Bracelet"},{"floor":12,"key":"Shuriken"},{"floor":14,"key":"Kunai"},{"floor":19,"key":"Enchiridion"},{"floor":23,"key":"Blood Vial"},{"floor":26,"key":"Toxic Egg 2"},{"floor":29,"key":"Frozen Egg 2"},{"floor":34,"key":"Nunchaku"},{"floor":34,"key":"Pear"},{"floor":34,"key":"Emotion Chip"},{"floor":36,"key":"Turnip"}],"event_choices":[{"damage_healed":0,"gold_gain":0,"cards_transformed":["Strike_B"],"player_choice":"Transformed","damage_taken":0,"max_hp_gain":0,"max_hp_loss":0,"event_name":"Transmorgrifier","floor":2,"gold_loss":0,"cards_obtained":["Electrodynamics"]},{"damage_healed":0,"gold_gain":0,"player_choice":"Grow","damage_taken":0,"max_hp_gain":0,"max_hp_loss":0,"event_name":"Living Wall","floor":4,"gold_loss":0,"cards_upgraded":["Zap"]},{"damage_healed":18,"gold_gain":0,"player_choice":"Healed and dodged fight","damage_taken":0,"max_hp_gain":0,"max_hp_loss":0,"event_name":"Mushrooms","floor":7,"gold_loss":0,"cards_obtained":["Parasite"]},{"damage_healed":0,"gold_gain":0,"player_choice":"Searched \u00271\u0027 times","damage_taken":0,"max_hp_gain":0,"max_hp_loss":0,"event_name":"Dead Adventurer","floor":12,"gold_loss":0},{"damage_healed":0,"gold_gain":0,"player_choice":"Obtained Book","damage_taken":16,"max_hp_gain":0,"max_hp_loss":0,"event_name":"Cursed Tome","floor":19,"gold_loss":0},{"damage_healed":0,"gold_gain":0,"player_choice":"Ignored","damage_taken":0,"max_hp_gain":0,"max_hp_loss":0,"event_name":"Ghosts","floor":21,"gold_loss":0},{"damage_healed":0,"gold_gain":0,"player_choice":"Inject Mutagens","damage_taken":0,"relics_obtained":["MutagenicStrength"],"max_hp_gain":0,"max_hp_loss":0,"event_name":"Drug Dealer","floor":22,"gold_loss":0},{"damage_healed":0,"gold_gain":0,"player_choice":"Shed Blood","damage_taken":19,"max_hp_gain":5,"max_hp_loss":0,"event_name":"Forgotten Altar","floor":31,"gold_loss":0},{"damage_healed":0,"gold_gain":0,"player_choice":"Fight","damage_taken":0,"max_hp_gain":0,"max_hp_loss":0,"event_name":"Mysterious Sphere","floor":36,"gold_loss":0},{"damage_healed":0,"gold_gain":0,"player_choice":"Max HP","damage_taken":0,"max_hp_gain":0,"max_hp_loss":5,"event_name":"Winding Halls","floor":38,"gold_loss":0}],"is_beta":false,"boss_relics":[{"not_picked":["Runic Dome","Fusion Hammer"],"picked":"Ectoplasm"},{"not_picked":["Sozu","Nuclear Battery"],"picked":"Calling Bell"}],"items_purged_floors":[],"is_endless":false,"potions_floor_spawned":[1,16,18,20,35,36],"killed_by":"Giant Head","ascension_level":4}}