{"host":"qjy62f5erwny7xxh","time":1612640633,"event":{"mods":["2.2 Compatiblity","AchievementEnabler","BaseMod","Colored Powertips","Curses Come First","DeckTracker","Downfall","Minty Spire (QoL Compilation)","StSLib"],"gold_per_floor":[349,364,28,48,63,94,94,125,139,169,179,179,79,179,190,292,292,292,303,380,530,42,192,244,259,259,274,303,317,317,367,383,483,483,483,501,518,534,314,340,365,415,425,425,443,160,210,220,230,230],"floor_reached":51,"language":"ENG","playtime":4859,"items_purged":["Injury"],"score":1060,"play_id":"ebae31bd-60f5-4def-89f4-faab9664443a","local_time":"20210206194353","is_ascension_mode":true,"campfire_choices":[{"floor":1.0,"key":"RECALL"},{"floor":13.0,"key":"REST"},{"data":"Guardian:HyperBeam_Guardian","floor":18.0,"key":"SMITH"},{"floor":26.0,"key":"REST"},{"floor":30.0,"key":"REST"},{"data":"Guardian:FierceBash","floor":35.0,"key":"SMITH"},{"data":"Guardian:Clone","floor":44,"key":"SMITH"}],"circlet_count":0,"master_deck":["Guardian:Strike_Guardian","Guardian:Strike_Guardian","Guardian:Strike_Guardian","Guardian:Strike_Guardian+1","Guardian:Defend_Guardian","Guardian:Defend_Guardian","Guardian:Defend_Guardian","Guardian:Defend_Guardian","Guardian:CurlUp","Guardian:TwinSlam","Guardian:Orbwalk","Guardian:DonusPower","Guardian:RollAttack","Guardian:Repulse+1","Guardian:BronzeArmor","Guardian:FierceBash+1","Guardian:Incinerate+1","Guardian:RollAttack","Guardian:Recover","Guardian:Reroute","Guardian:HyperBeam_Guardian+1","Guardian:Planning+1","Guardian:Clone+1","Guardian:Orbwalk+1","Guardian:BronzeOrb+1","Guardian:Planning","Guardian:ExploitGems+1","Clumsy","downfall:Aged","Pain","Guardian:WalkerClaw","Guardian:Orbwalk+1","Guardian:VentSteam+1","Guardian:ConstructionForm+1","Guardian:Clone+1","Guardian:SpikerProtocol+1","Clumsy","Decay","Guardian:Gem_Green","Pain","Guardian:Gem_White"],"relics":["Guardian:ModeShifterPlus","Frozen Egg 2","Mercury Hourglass","Sundial","Anchor","Omamori","downfall:HeartBlessingRed","downfall:CloakOfManyFaces","CultistMask","FaceOfCleric","NlothsMask","GremlinMask","SsserpentHead","Philosopher\u0027s Stone","Red Mask","Du-Vu Doll","Matryoshka","TungstenRod","HandDrill","downfall:ExtraCursedKey","Juzu Bracelet","Ginger","Enchiridion","War Paint","Oddly Smooth Stone","Whetstone","Toy Ornithopter"],"acts_visited":["Exordium","TheCity","TheBeyond"],"potions_floor_usage":[50],"damage_taken":[{"damage":2.0,"enemies":"2 Louse","floor":2.0,"turns":3.0},{"damage":0.0,"enemies":"downfall:FleeingMerchant","floor":3.0,"turns":4.0},{"damage":0.0,"enemies":"Small Slimes","floor":4.0,"turns":3.0},{"damage":4.0,"enemies":"Cultist","floor":5.0,"turns":5.0},{"damage":24.0,"enemies":"3 Sentries","floor":6.0,"turns":6.0},{"damage":8.0,"enemies":"Lagavulin","floor":8.0,"turns":7.0},{"damage":1.0,"enemies":"2 Fungi Beasts","floor":9.0,"turns":3.0},{"damage":13.0,"enemies":"Gremlin Nob","floor":10.0,"turns":5.0},{"damage":5.0,"enemies":"3 Louse","floor":11.0,"turns":3.0},{"damage":11.0,"enemies":"downfall:FaceTrader","floor":14.0,"turns":9.0},{"damage":0.0,"enemies":"Blue Slaver","floor":15.0,"turns":4.0},{"damage":25.0,"enemies":"WA_ARCHETYPE_RETAIN","floor":16.0,"turns":8.0},{"damage":0.0,"enemies":"3 Byrds","floor":19.0,"turns":2.0},{"damage":11.0,"enemies":"Masked Bandits","floor":20.0,"turns":4.0},{"damage":30.0,"enemies":"Colosseum Nobs","floor":21.0,"turns":5.0},{"damage":15.0,"enemies":"downfall:FleeingMerchant","floor":22.0,"turns":4.0},{"damage":10.0,"enemies":"Sentry and Sphere","floor":25.0,"turns":4.0},{"damage":16.0,"enemies":"Snake Plant","floor":27.0,"turns":3.0},{"damage":10.0,"enemies":"Book of Stabbing","floor":28.0,"turns":4.0},{"damage":0.0,"enemies":"Centurion and Healer","floor":29.0,"turns":5.0},{"damage":5.0,"enemies":"Sentry and Sphere","floor":32.0,"turns":3.0},{"damage":10.0,"enemies":"SI_MIRROR_ARCHETYPE","floor":33.0,"turns":4.0},{"damage":0.0,"enemies":"Orb Walker","floor":36.0,"turns":2.0},{"damage":0.0,"enemies":"3 Darklings","floor":37.0,"turns":2.0},{"damage":0.0,"enemies":"Jaw Worm Horde","floor":38.0,"turns":3.0},{"damage":0.0,"enemies":"downfall:FleeingMerchant","floor":39.0,"turns":4.0},{"damage":0.0,"enemies":"Reptomancer","floor":40.0,"turns":5.0},{"damage":0,"enemies":"4 Shapes","floor":43,"turns":1},{"damage":0,"enemies":"Spire Growth","floor":45,"turns":3},{"damage":0,"enemies":"Transient","floor":48,"turns":5},{"damage":0,"enemies":"Jaw Worm Horde","floor":49,"turns":3},{"damage":0,"enemies":"IC_BLOCK_ARCHETYPE","floor":50,"turns":7}],"seed_played":"-8278819534114451763","potions_obtained":[{"floor":4.0,"key":"Ancient Potion"},{"floor":6.0,"key":"Guardian:BlockOnCardUsePotion"},{"floor":14.0,"key":"Weak Potion"},{"floor":15.0,"key":"Swift Potion"},{"floor":16.0,"key":"Explosive Potion"},{"floor":19.0,"key":"Block Potion"},{"floor":25.0,"key":"BlessingOfTheForge"},{"floor":28.0,"key":"EntropicBrew"},{"floor":29.0,"key":"DistilledChaos"},{"floor":37.0,"key":"BlessingOfTheForge"},{"floor":40.0,"key":"SkillPotion"},{"floor":45,"key":"Guardian:DefensiveModePotion"},{"floor":48,"key":"EntropicBrew"}],"is_trial":false,"path_per_floor":["R","M","$","M","M","E","T","E","M","E","M","?","R","?","M","B",null,"R","M","?","?","$","?","T","M","R","M","E","M","R","?","M","B",null,"R","M","M","M","$","E","T","?","M","R","M","?","?","M","M","B",null],"character_chosen":"GUARDIAN","items_purchased":["Frozen Egg 2","TungstenRod","HandDrill","Guardian:Planning","War Paint","Guardian:Gem_Red"],"campfire_rested":3,"item_purchase_floors":[3,22,22,22,39,39],"current_hp_per_floor":[80,78,78,78,74,50,50,42,41,28,23,43,67,56,57,33,82,82,83,73,44,30,35,35,26,53,38,29,30,58,43,39,30,97,97,98,99,100,101,102,102,102,103,103,104,117,134,135,136,137],"gold":230,"neow_bonus":"TWO_FIFTY_GOLD","is_daily":false,"chose_seed":false,"campfire_upgraded":3,"win_rate":0.0,"timestamp":1612640633,"path_taken":["R","M","$","M","M","E","T","E","M","E","M","?","R","?","M","BOSS","R","M","?","?","$","?","T","M","R","M","E","M","R","?","M","BOSS","R","M","M","M","$","E","T","?","M","R","M","?","?","M","M","BOSS"],"items_purchased_type":["Relic","Relic","Relic","Card","Relic","Card"],"build_version":"2020-12-22","purchased_purges":1,"victory":true,"max_hp_per_floor":[80,80,80,80,80,80,80,80,80,80,80,80,80,80,81,82,82,82,83,84,85,86,91,91,92,92,93,94,95,95,95,96,97,97,97,98,99,100,101,102,102,102,103,103,104,117,134,135,136,137],"card_choices":[{"not_picked":["Guardian:TemporalStrike","Guardian:CrystalBeam"],"picked":"Guardian:Gem_Purple","floor":2.0},{"not_picked":["Guardian:Gem_Red","Guardian:ShieldCharger"],"picked":"Guardian:Orbwalk","floor":3.0},{"not_picked":["Guardian:TimeBomb","Guardian:TemporalShield"],"picked":"Guardian:DonusPower","floor":4.0},{"not_picked":["Guardian:MultiBeam","Guardian:Gem_Cyan"],"picked":"Guardian:RollAttack","floor":5.0},{"not_picked":["Guardian:Gem_Fragmented","Guardian:PrimingBeam"],"picked":"Guardian:Repulse+1","floor":6.0},{"not_picked":["Guardian:Emergency","Guardian:DecasProtection"],"picked":"Guardian:BronzeArmor","floor":8.0},{"not_picked":["Guardian:RollAttack","Guardian:ShieldSpikes"],"picked":"Guardian:FierceBash","floor":9.0},{"not_picked":["Guardian:PrismaticBarrier","Guardian:RefractedBeam"],"picked":"Guardian:Incinerate","floor":10.0},{"not_picked":["Guardian:Gem_Purple","Guardian:PrimingBeam"],"picked":"Guardian:RollAttack","floor":11.0},{"not_picked":["Guardian:ShieldCharger","Guardian:Gem_Lightblue"],"picked":"Guardian:Recover","floor":14.0},{"not_picked":["Guardian:Gem_Cyan","Guardian:PrismaticBeam"],"picked":"Guardian:Reroute","floor":15.0},{"not_picked":["Guardian:FierceBash","Guardian:Gem_Synthetic"],"picked":"Guardian:HyperBeam_Guardian","floor":16.0},{"not_picked":["Guardian:TemporalStrike","Guardian:Gem_Lightblue"],"picked":"Guardian:Planning+1","floor":19.0},{"not_picked":["Guardian:VentSteam","Guardian:Gem_Red"],"picked":"Guardian:Clone","floor":20.0},{"not_picked":["Guardian:TemporalShield","Guardian:Incinerate"],"picked":"Guardian:Orbwalk+1","floor":21.0},{"not_picked":["Guardian:Gem_Lightblue","Guardian:Gem_Red"],"picked":"Guardian:BronzeOrb+1","floor":22.0},{"not_picked":["Guardian:Recover","Guardian:CrystalBeam"],"picked":"Guardian:WalkerClaw","floor":25.0},{"not_picked":["Guardian:Gem_Lightblue","Guardian:Incinerate"],"picked":"Guardian:Gem_Orange","floor":27.0},{"not_picked":["Guardian:PrimingBeam","Guardian:TimeCapacitor+1"],"picked":"Guardian:Orbwalk+1","floor":28.0},{"not_picked":["Guardian:BronzeArmor","Guardian:PiercingHide"],"picked":"Guardian:VentSteam","floor":29.0},{"not_picked":["Guardian:TimeBomb+1","Guardian:TemporalShield"],"picked":"Guardian:Gem_Lightblue","floor":32.0},{"not_picked":["Guardian:BaubleBeam","Guardian:SphericShield"],"picked":"Guardian:ConstructionForm+1","floor":33.0},{"not_picked":["Guardian:CrystalBeam","Guardian:PrismaticBeam+1"],"picked":"Guardian:Gem_Cyan","floor":36.0},{"not_picked":["Guardian:TemporalShield","Guardian:Recover+1"],"picked":"Guardian:Clone+1","floor":37.0},{"not_picked":["Guardian:Gem_Cyan","Guardian:Preprogram"],"picked":"Guardian:SpikerProtocol+1","floor":38.0},{"not_picked":["Guardian:Incinerate+1","Guardian:Gem_Cyan"],"picked":"Guardian:Gem_Orange","floor":39.0},{"not_picked":["Guardian:PrismaticBarrier+1","Guardian:Suspension+1","Guardian:TimeBomb"],"picked":"SKIP","floor":40.0},{"not_picked":["Guardian:Gem_Fragmented","Guardian:Gem_Crimson"],"picked":"Guardian:Gem_Yellow","floor":43},{"not_picked":["Guardian:TimeBomb+1","Guardian:WalkerClaw+1"],"picked":"Guardian:Gem_Green","floor":45},{"not_picked":["Guardian:DonusPower+1","Guardian:Preprogram"],"picked":"Guardian:Gem_White","floor":48},{"not_picked":["Guardian:Preprogram+1","Guardian:ChargeCore","Guardian:BronzeOrb"],"picked":"SKIP","floor":49}],"player_experience":1165538,"relics_obtained":[{"floor":6.0,"key":"Mercury Hourglass"},{"floor":7.0,"key":"Sundial"},{"floor":8.0,"key":"Anchor"},{"floor":10.0,"key":"Omamori"},{"floor":14.0,"key":"downfall:CloakOfManyFaces"},{"floor":20.0,"key":"Red Mask"},{"floor":21.0,"key":"Du-Vu Doll"},{"floor":21.0,"key":"Matryoshka"},{"floor":24.0,"key":"Juzu Bracelet"},{"floor":28.0,"key":"Ginger"},{"floor":31.0,"key":"Enchiridion"},{"floor":40.0,"key":"Oddly Smooth Stone"},{"floor":41.0,"key":"Whetstone"},{"floor":41.0,"key":"Toy Ornithopter"}],"event_choices":[{"damage_healed":20.0,"max_hp_gain":0.0,"max_hp_loss":0.0,"gold_gain":0.0,"event_name":"Mushrooms","player_choice":"Healed and dodged fight","floor":12.0,"gold_loss":0.0,"damage_taken":0.0,"cards_obtained":["Parasite"]},{"damage_healed":0.0,"max_hp_gain":0.0,"max_hp_loss":0.0,"gold_gain":0.0,"event_name":"Masked Bandits","player_choice":"Fought Bandits","floor":20.0,"gold_loss":0.0,"damage_taken":0.0}],"is_beta":false,"boss_relics":[{"not_picked":["Runic Dome","SlaversCollar"],"picked":"Philosopher\u0027s Stone"},{"not_picked":["Black Star","Runic Pyramid"],"picked":"Guardian:ModeShifterPlus"}],"items_purged_floors":[3],"is_endless":false,"potions_floor_spawned":[4,6,14,15,16,19,25,28,29,32,37,40,45,48],"ascension_level":1}}