{"host":"6p0attdrtjqaih7v","time":1612642801,"event":{"mods":["2.2 Compatiblity","AchievementEnabler","Bard","BaseMod","Better Skull","Better Third Choice","Colored Powertips","Hermit","Highlight Path","Key Reminder","Minty Spire (QoL Compilation)","Permanent Neow","Quick Restart","Random Character Button","Relic Stats","Reliquary","Replay The Spire","Robot Space Explorer","StSLib","The Hayseed","The Witch"],"gold_per_floor":[214,402,419,112,128,161,161,181,181,181,181,181],"floor_reached":11,"language":"ENG","playtime":401,"items_purged":["Defend_R"],"score":146,"play_id":"8dcb87c4-3c4d-4dea-a23f-bc2930703e10","local_time":"20210206152001","is_ascension_mode":true,"campfire_choices":[],"circlet_count":0,"master_deck":["AscendersBane","Strike_R","Strike_R","Strike_R","Strike_R","Strike_R","Defend_R","Defend_R","Defend_R","Bash","Seeing Red","Clothesline","Dark Embrace","Dark Shackles","Shrug It Off","Infernal Blade","Feel No Pain"],"relics":["Burning Blood","ReplayTheSpireMod:Spearhead","reliquary:TatteredRug"],"acts_visited":["Exordium"],"potions_floor_usage":[6,11],"damage_taken":[{"damage":9,"enemies":"Jaw Worm","floor":1,"turns":4},{"damage":2,"enemies":"Cultist","floor":3,"turns":4},{"damage":0,"enemies":"2 Louse","floor":5,"turns":3},{"damage":48,"enemies":"Gremlin Nob","floor":6,"turns":6},{"damage":4,"enemies":"Blue Slaver","floor":8,"turns":5},{"damage":58,"enemies":"Lagavulin","floor":11,"turns":10}],"seed_played":"-5279409480222573612","potions_obtained":[{"floor":3,"key":"Weak Potion"},{"floor":8,"key":"Toxic Potion"}],"is_trial":false,"path_per_floor":["M","?","M","$","M","E","?","M","T","?","E"],"character_chosen":"IRONCLAD","items_purchased":["Dark Embrace","Dark Shackles","Shrug It Off"],"campfire_rested":0,"item_purchase_floors":[4,4,4],"current_hp_per_floor":[65,47,51,51,57,15,40,42,42,42,0,0],"gold":181,"neow_bonus":"HUNDRED_GOLD","is_daily":false,"chose_seed":false,"campfire_upgraded":0,"win_rate":0.0,"timestamp":1612642801,"path_taken":["M","?","?","$","M","E","?","M","T","?","E"],"items_purchased_type":["Card","Card","Card"],"build_version":"2020-12-22","purchased_purges":1,"victory":false,"max_hp_per_floor":[75,75,75,75,75,75,75,75,75,75,75,75],"relic_stats":{"counters":[6,32],"obtain_stats":[{"ReplayTheSpireMod:Spearhead":6,"reliquary:TatteredRug":9,"Burning Blood":0},{"ReplayTheSpireMod:Spearhead":4,"reliquary:TatteredRug":5,"Burning Blood":0},{"ReplayTheSpireMod:Spearhead":17,"reliquary:TatteredRug":22,"Burning Blood":0}],"Burning Blood":30},"card_choices":[{"not_picked":["Perfected Strike","Clash"],"picked":"Seeing Red","floor":1},{"not_picked":["Pommel Strike","ReplayTheSpireMod:Strike From Hell"],"picked":"Clothesline","floor":3},{"not_picked":["Flex","Heavy Blade"],"picked":"Infernal Blade","floor":5},{"not_picked":["Sword Boomerang","Headbutt","Flex"],"picked":"SKIP","floor":6},{"not_picked":["Thunderclap","True Grit"],"picked":"Feel No Pain","floor":8}],"player_experience":1051447,"relics_obtained":[{"floor":6,"key":"ReplayTheSpireMod:Spearhead"},{"floor":9,"key":"reliquary:TatteredRug"}],"event_choices":[{"damage_healed":0,"gold_gain":188,"player_choice":"GO GO ","damage_taken":20,"relics_obtained":[],"max_hp_gain":0,"max_hp_loss":0,"event_name":"betterSkull:BetterSkull","floor":2,"gold_loss":0,"cards_upgraded":[]},{"damage_healed":25,"gold_gain":0,"player_choice":"Banana","damage_taken":0,"max_hp_gain":0,"max_hp_loss":0,"event_name":"Big Fish","floor":7,"gold_loss":0},{"damage_healed":0,"gold_gain":0,"player_choice":"Searched \u00270\u0027 times","damage_taken":0,"max_hp_gain":0,"max_hp_loss":0,"event_name":"Dead Adventurer","floor":10,"gold_loss":0}],"is_beta":false,"boss_relics":[],"items_purged_floors":[4],"is_endless":false,"potions_floor_spawned":[3,8],"killed_by":"Lagavulin","ascension_level":20}}