{"host":"6152go0anyt7mc9e","time":1612629742,"event":{"mods":["BaseMod","Colored Map","Minty Spire (QoL Compilation)","StSLib"],"gold_per_floor":[114,129,204,54,54,92,111,149,199,199,218,218,237,275,275,400,400,419,438,213,213,213,251,251,151,151,189,227,246,284,303,303,428,428,447,466,799,799,249,249,279,294,294,324,324,339,369,384,384,384],"floor_reached":51,"language":"ZHT","playtime":2394,"items_purged":["EmptyFist","Clash"],"score":1008,"play_id":"acbfac8b-8e6f-4f92-b534-c68365be8d78","local_time":"20210207004222","daily_mods":["Draft","Diverse","DeadlyEvents"],"is_ascension_mode":false,"campfire_choices":[{"data":"Rip and Tear","floor":10.0,"key":"SMITH"},{"data":"Flex","floor":12.0,"key":"SMITH"},{"data":"PathToVictory","floor":15.0,"key":"SMITH"},{"data":"Prepared","floor":24.0,"key":"SMITH"},{"data":"Pommel Strike","floor":32.0,"key":"SMITH"},{"data":"EmptyBody","floor":40.0,"key":"SMITH"},{"floor":49.0,"key":"REST"}],"circlet_count":0,"master_deck":["PathToVictory+1","Cloak And Dagger","Prepared+1","Auto Shields","Cloak And Dagger","Cold Snap","Pommel Strike+1","Rip and Tear+1","EmptyBody+1","Flex+1","Barricade+1","Metallicize+1","Footwork+1","Alpha+1","Leap+1"],"relics":["Ring of the Snake","Lantern","Frozen Egg 2","Ancient Tea Set","Dream Catcher","Mercury Hourglass","Sozu","Bag of Preparation","Centennial Puzzle","Vajra","Pen Nib","Toxic Egg 2","Tough Bandages","PreservedInsect","Empty Cage","StoneCalendar","Sundial","White Beast Statue","MealTicket","Toy Ornithopter","Orichalcum","TungstenRod"],"acts_visited":["Exordium","TheCity","TheBeyond"],"potions_floor_usage":[50],"damage_taken":[{"damage":0.0,"enemies":"Small Slimes","floor":1.0,"turns":1.0},{"damage":0.0,"enemies":"2 Louse","floor":2.0,"turns":2.0},{"damage":0.0,"enemies":"Gremlin Nob","floor":6.0,"turns":3.0},{"damage":0.0,"enemies":"Cultist","floor":7.0,"turns":2.0},{"damage":10.0,"enemies":"Lagavulin","floor":8.0,"turns":4.0},{"damage":0.0,"enemies":"Red Slaver","floor":11.0,"turns":1.0},{"damage":0.0,"enemies":"Looter","floor":13.0,"turns":1.0},{"damage":0.0,"enemies":"Gremlin Nob","floor":14.0,"turns":3.0},{"damage":12.0,"enemies":"The Guardian","floor":16.0,"turns":8.0},{"damage":0.0,"enemies":"Spheric Guardian","floor":18.0,"turns":3.0},{"damage":0.0,"enemies":"Chosen","floor":19.0,"turns":3.0},{"damage":5.0,"enemies":"Book of Stabbing","floor":23.0,"turns":4.0},{"damage":0.0,"enemies":"Slavers","floor":27.0,"turns":3.0},{"damage":0.0,"enemies":"Gremlin Leader","floor":28.0,"turns":4.0},{"damage":0.0,"enemies":"Shelled Parasite and Fungi","floor":29.0,"turns":3.0},{"damage":11.0,"enemies":"Slavers","floor":30.0,"turns":3.0},{"damage":0.0,"enemies":"Chosen and Byrds","floor":31.0,"turns":5.0},{"damage":0.0,"enemies":"Automaton","floor":33.0,"turns":9.0},{"damage":3.0,"enemies":"3 Darklings","floor":35.0,"turns":3.0},{"damage":0.0,"enemies":"Orb Walker","floor":36.0,"turns":3.0},{"damage":10.0,"enemies":"Reptomancer","floor":41.0,"turns":5.0},{"damage":0.0,"enemies":"3 Darklings","floor":42.0,"turns":3.0},{"damage":10.0,"enemies":"Giant Head","floor":44.0,"turns":6.0},{"damage":9.0,"enemies":"Spire Growth","floor":46.0,"turns":4.0},{"damage":13.0,"enemies":"Nemesis","floor":47.0,"turns":5.0},{"damage":2.0,"enemies":"Maw","floor":48.0,"turns":6.0},{"damage":25,"enemies":"Awakened One","floor":50,"turns":11}],"seed_played":"5285009320175426936","potions_obtained":[{"floor":2.0,"key":"Explosive Potion"},{"floor":6.0,"key":"CunningPotion"},{"floor":8.0,"key":"ColorlessPotion"},{"floor":14.0,"key":"LiquidBronze"}],"is_trial":false,"path_per_floor":["M","M","?","$","?","E","M","E","T","R","M","R","M","E","R","B",null,"M","M","$","?","T","E","R","$","T","E","E","M","E","M","R","B",null,"M","M","?","?","$","R","E","M","T","E","T","M","E","M","R","B",null],"character_chosen":"THE_SILENT","items_purchased":["Lantern","Bag of Preparation","StoneCalendar","Sundial"],"campfire_rested":1,"item_purchase_floors":[4,20,39,39],"current_hp_per_floor":[70,70,59,59,42,42,42,32,32,32,32,32,32,32,32,20,70,70,70,70,70,70,65,65,65,65,65,65,65,54,54,54,54,70,67,67,67,70,70,70,60,60,60,50,50,41,28,26,47,27],"gold":384,"neow_bonus":"","is_daily":true,"chose_seed":false,"campfire_upgraded":6,"win_rate":0.0,"timestamp":1612629742,"path_taken":["M","M","?","$","?","E","M","E","T","R","?","R","M","?","R","BOSS","M","M","$","?","?","E","R","?","T","E","?","M","E","?","R","BOSS","M","M","?","?","$","R","?","M","T","E","?","M","?","M","R","BOSS"],"items_purchased_type":["Relic","Relic","Relic","Relic"],"build_version":"2020-12-22","purchased_purges":2,"victory":true,"max_hp_per_floor":[70,70,70,70,70,70,70,70,70,70,70,70,70,70,70,70,70,70,70,70,70,70,70,70,70,70,70,70,70,70,70,70,70,70,70,70,70,70,70,70,70,70,70,70,70,70,70,70,70,70],"card_choices":[{"not_picked":["Rupture","Lockon"],"picked":"Havoc","floor":0.0},{"not_picked":["Armaments","Clothesline"],"picked":"Iron Wave","floor":0.0},{"not_picked":["Escape Plan","Hello World"],"picked":"PathToVictory","floor":0.0},{"not_picked":["Body Slam","Perseverance"],"picked":"Cloak And Dagger","floor":0.0},{"not_picked":["Clothesline","Force Field"],"picked":"Prepared","floor":0.0},{"not_picked":["Gash","Headbutt"],"picked":"Auto Shields","floor":0.0},{"not_picked":["Skewer","Blizzard"],"picked":"Clash","floor":0.0},{"not_picked":["Warcry","FollowUp"],"picked":"Cloak And Dagger","floor":0.0},{"not_picked":["Beam Cell","TalkToTheHand"],"picked":"Cold Snap","floor":0.0},{"not_picked":["Compile Driver","Entrench"],"picked":"Pommel Strike","floor":0.0},{"not_picked":["Deadly Poison","Clash"],"picked":"Sweeping Beam","floor":0.0},{"not_picked":["Quick Slash","Intimidate"],"picked":"Rip and Tear","floor":0.0},{"not_picked":["Deadly Poison","Rupture"],"picked":"EmptyBody","floor":0.0},{"not_picked":["Stack","WreathOfFlame"],"picked":"EmptyFist","floor":0.0},{"not_picked":["Wild Strike","Underhanded Strike"],"picked":"Flex","floor":0.0},{"not_picked":["Perfected Strike","SashWhip","Bane"],"picked":"SKIP","floor":1.0},{"not_picked":["Go for the Eyes","Headbutt","Havoc"],"picked":"SKIP","floor":2.0},{"not_picked":["Adaptation+1","Clash","Shrug It Off"],"picked":"SKIP","floor":6.0},{"not_picked":["Ball Lightning","Crescendo","SashWhip"],"picked":"SKIP","floor":7.0},{"not_picked":["Conserve Battery","Omniscience","Evaluate"],"picked":"SKIP","floor":8.0},{"not_picked":["ThirdEye","Acrobatics","Go for the Eyes"],"picked":"SKIP","floor":11.0},{"not_picked":["Conserve Battery","Heavy Blade","Carnage"],"picked":"SKIP","floor":13.0},{"not_picked":["Underhanded Strike","Escape Plan","Crescendo"],"picked":"SKIP","floor":14.0},{"not_picked":["MasterReality+1","Berserk+1"],"picked":"Barricade+1","floor":16.0},{"not_picked":["ClearTheMind","Halt","Power Through"],"picked":"SKIP","floor":18.0},{"not_picked":["Underhanded Strike","Pommel Strike"],"picked":"Metallicize+1","floor":19.0},{"not_picked":["True Grit+1","Adaptation+1","Flying Knee+1"],"picked":"SKIP","floor":23.0},{"not_picked":["Setup+1","Creative AI+1"],"picked":"Footwork+1","floor":27.0},{"not_picked":["Self Repair+1","ReachHeaven+1","Flying Knee"],"picked":"SKIP","floor":28.0},{"not_picked":["SignatureMove","Shrug It Off+1","Fire Breathing+1"],"picked":"SKIP","floor":29.0},{"not_picked":["Capacitor+1","FTL","Shrug It Off+1"],"picked":"SKIP","floor":30.0},{"not_picked":["Prostrate+1","Infernal Blade+1","Streamline"],"picked":"SKIP","floor":31.0},{"not_picked":["Glass Knife","Machine Learning+1"],"picked":"Alpha+1","floor":33.0},{"not_picked":["Dagger Throw","Dual Wield+1","Whirlwind+1"],"picked":"SKIP","floor":35.0},{"not_picked":["Warcry+1","Rampage","Force Field+1"],"picked":"SKIP","floor":36.0},{"not_picked":["Anger+1","Clothesline+1","Hologram+1"],"picked":"SKIP","floor":41.0},{"not_picked":["EmptyFist+1","Static Discharge+1","Headbutt"],"picked":"SKIP","floor":42.0},{"not_picked":["Redo+1","Pray+1","Body Slam"],"picked":"SKIP","floor":44.0},{"not_picked":["Noxious Fumes+1","Compile Driver+1","Hyperbeam"],"picked":"SKIP","floor":46.0},{"not_picked":["Headbutt","Body Slam","Cleave+1"],"picked":"SKIP","floor":47.0},{"not_picked":["Beam Cell+1","Cloak And Dagger+1"],"picked":"Leap+1","floor":48.0}],"player_experience":1540342,"relics_obtained":[{"floor":6.0,"key":"Frozen Egg 2"},{"floor":8.0,"key":"Ancient Tea Set"},{"floor":9.0,"key":"Dream Catcher"},{"floor":14.0,"key":"Mercury Hourglass"},{"floor":22.0,"key":"Centennial Puzzle"},{"floor":23.0,"key":"Vajra"},{"floor":26.0,"key":"Pen Nib"},{"floor":27.0,"key":"Toxic Egg 2"},{"floor":28.0,"key":"Tough Bandages"},{"floor":30.0,"key":"PreservedInsect"},{"floor":41.0,"key":"White Beast Statue"},{"floor":43.0,"key":"MealTicket"},{"floor":44.0,"key":"Toy Ornithopter"},{"floor":45.0,"key":"Orichalcum"},{"floor":47.0,"key":"TungstenRod"}],"event_choices":[{"damage_healed":0.0,"max_hp_gain":0.0,"max_hp_loss":0.0,"gold_gain":75.0,"event_name":"World of Goop","player_choice":"Gather Gold","floor":3.0,"gold_loss":0.0,"damage_taken":11.0},{"damage_healed":0.0,"max_hp_gain":0.0,"max_hp_loss":0.0,"gold_gain":0.0,"event_name":"Golden Idol","player_choice":"Take Damage","floor":5.0,"gold_loss":0.0,"damage_taken":17.0,"relics_obtained":["Golden Idol"]},{"damage_healed":0.0,"max_hp_gain":0.0,"max_hp_loss":0.0,"gold_gain":0.0,"event_name":"Ghosts","player_choice":"Ignored","floor":21.0,"gold_loss":0.0,"damage_taken":0.0},{"damage_healed":0.0,"max_hp_gain":0.0,"max_hp_loss":0.0,"gold_gain":333.0,"event_name":"The Moai Head","player_choice":"Gave Idol","floor":37.0,"relics_lost":["Golden Idol"],"gold_loss":0.0,"damage_taken":0.0},{"cards_removed":["Sweeping Beam"],"damage_healed":5.0,"max_hp_gain":0.0,"max_hp_loss":0.0,"gold_gain":0.0,"event_name":"Bonfire Elementals","player_choice":"Offered Common","floor":38.0,"gold_loss":0.0,"damage_taken":0.0},{"cards_removed":["Sweeping Beam"],"damage_healed":5.0,"max_hp_gain":0.0,"max_hp_loss":0.0,"gold_gain":0.0,"event_name":"Bonfire Elementals","player_choice":"Offered Special","floor":38.0,"gold_loss":0.0,"damage_taken":0.0}],"is_beta":false,"boss_relics":[{"not_picked":["Astrolabe","Busted Crown"],"picked":"Sozu"},{"not_picked":["Fusion Hammer","WristBlade"],"picked":"Empty Cage"}],"items_purged_floors":[20,25],"is_endless":false,"potions_floor_spawned":[2,6,8,14,23,27,31,35,42,44,46,47,48],"ascension_level":0}}