{"host":"watonwak","time":1612623182,"event":{"mods":["AchievementEnabler","BaseMod","Bestiary","Colored Map","Minty Spire (QoL Compilation)","Relic Stats","StSLib"],"gold_per_floor":[113,113,127,147,161,161,161,161],"floor_reached":7,"language":"ENG","playtime":346,"items_purged":[],"score":84,"play_id":"860cef4b-3898-4358-b398-cc40ad8287f3","local_time":"20210206145302","is_ascension_mode":true,"campfire_choices":[{"floor":6,"key":"REST"}],"circlet_count":0,"master_deck":["AscendersBane","Strike_B","Strike_B","Strike_B","Strike_B","Defend_B","Defend_B","Defend_B","Defend_B","Zap","Dualcast","Sweeping Beam","Hologram","Coolheaded","Rip and Tear"],"relics":["Black Star","FaceOfCleric"],"acts_visited":["Exordium"],"potions_floor_usage":[],"damage_taken":[{"damage":11,"enemies":"Jaw Worm","floor":1,"turns":6},{"damage":12,"enemies":"Cultist","floor":3,"turns":4},{"damage":2,"enemies":"Small Slimes","floor":4,"turns":4},{"damage":17,"enemies":"2 Fungi Beasts","floor":5,"turns":5},{"damage":49,"enemies":"Lagavulin","floor":7,"turns":6}],"seed_played":"-8214928182708018313","potions_obtained":[{"floor":3,"key":"LiquidMemories"}],"is_trial":false,"path_per_floor":["M","?","M","M","M","R","E"],"character_chosen":"DEFECT","items_purchased":[],"campfire_rested":1,"item_purchase_floors":[],"current_hp_per_floor":[53,53,42,41,25,47,0,0],"gold":161,"neow_bonus":"BOSS_RELIC","is_daily":false,"chose_seed":false,"campfire_upgraded":0,"win_rate":0.0,"timestamp":1612623182,"path_taken":["M","?","M","M","M","R","E"],"items_purchased_type":[],"build_version":"2020-12-18","purchased_purges":0,"victory":false,"max_hp_per_floor":[71,71,72,73,74,74,74,74],"relic_stats":{"FaceOfCleric":3,"counters":[5,25],"Black Star":0,"obtain_stats":[{"FaceOfCleric":2,"Black Star":0,"Cracked Core":0},{"FaceOfCleric":1,"Black Star":0,"Cracked Core":0},{"FaceOfCleric":6,"Black Star":0,"Cracked Core":0}]},"card_choices":[{"not_picked":["Barrage","Hologram"],"picked":"Sweeping Beam","floor":1},{"not_picked":["Barrage","Redo"],"picked":"Hologram","floor":3},{"not_picked":["Streamline","Rebound"],"picked":"Coolheaded","floor":4},{"not_picked":["Streamline","Lockon"],"picked":"Rip and Tear","floor":5}],"player_experience":1219073,"relics_obtained":[],"event_choices":[{"damage_healed":0,"gold_gain":0,"player_choice":"Trade","damage_taken":0,"relics_obtained":["FaceOfCleric"],"max_hp_gain":0,"max_hp_loss":0,"event_name":"FaceTrader","floor":2,"gold_loss":0}],"is_beta":true,"boss_relics":[],"items_purged_floors":[],"is_endless":false,"potions_floor_spawned":[3],"killed_by":"Lagavulin","ascension_level":19}}