{"host":"xrk7zhg70ipmpx3n","time":1612611058,"event":{"mods":["AchievementEnabler","BaseMod","Colored Map","Curses Come First","Downfall","Highlight Path","Minty Spire (QoL Compilation)","Spire Arcade","StSLib"],"gold_per_floor":[117,128,146,221,221,252,252,128,128,128,28,28,41,41,41],"floor_reached":14,"language":"ENG","playtime":557,"items_purged":["Strike_B","Defend_B"],"score":88,"play_id":"2a746469-19f1-4ad3-9b0f-9f7bfd910333","local_time":"20210206213058","is_ascension_mode":false,"campfire_choices":[{"floor":7,"key":"REST"},{"data":"1","floor":10,"key":"LIFT"}],"circlet_count":0,"master_deck":["Strike_B","Strike_B","Defend_B","Defend_B","Defend_B","Zap","Dualcast","Hologram","Compile Driver","Sunder","Chaos","Beam Cell","Coolheaded","White Noise"],"relics":["Cracked Core","Girya","Pantograph","Blue Candle"],"acts_visited":["Exordium"],"potions_floor_usage":[6],"damage_taken":[{"damage":4,"enemies":"Cultist","floor":1,"turns":4},{"damage":6,"enemies":"Small Slimes","floor":2,"turns":3},{"damage":6,"enemies":"Jaw Worm","floor":3,"turns":3},{"damage":28,"enemies":"3 Sentries","floor":6,"turns":7},{"damage":11,"enemies":"2 Fungi Beasts","floor":13,"turns":3},{"damage":26,"enemies":"Lagavulin","floor":14,"turns":3}],"seed_played":"2639013762560691042","potions_obtained":[{"floor":2,"key":"EssenceOfSteel"}],"is_trial":false,"path_per_floor":["M","M","M","?","?","E","R","$","T","R","$","?","M","E"],"character_chosen":"DEFECT","items_purchased":["Coolheaded"],"campfire_rested":1,"item_purchase_floors":[8],"current_hp_per_floor":[71,65,59,48,48,20,42,42,42,42,42,37,26,0,0],"gold":41,"neow_bonus":"THREE_CARDS","is_daily":false,"chose_seed":false,"campfire_upgraded":0,"win_rate":0.0,"timestamp":1612611058,"path_taken":["M","M","M","?","?","E","R","$","T","R","$","?","M","E"],"items_purchased_type":["Card"],"build_version":"2020-12-22","purchased_purges":2,"victory":false,"max_hp_per_floor":[75,75,75,75,75,75,75,75,75,75,75,75,75,75,75],"card_choices":[{"not_picked":["Chaos","Compile Driver"],"picked":"Hologram","floor":0},{"not_picked":["Sweeping Beam","Leap"],"picked":"Compile Driver","floor":1},{"not_picked":["Compile Driver","Stack"],"picked":"Sunder","floor":2},{"not_picked":["Loop","Undo"],"picked":"Chaos","floor":3},{"not_picked":["Streamline","Doom and Gloom"],"picked":"Beam Cell","floor":6},{"not_picked":["Conserve Battery","Barrage"],"picked":"White Noise","floor":13}],"player_experience":57849,"relics_obtained":[{"floor":6,"key":"Girya"},{"floor":9,"key":"Pantograph"}],"event_choices":[{"damage_healed":0,"gold_gain":75,"player_choice":"Gather Gold","damage_taken":11,"max_hp_gain":0,"max_hp_loss":0,"event_name":"World of Goop","floor":4,"gold_loss":0},{"cards_removed":["Strike_B"],"damage_healed":0,"gold_gain":0,"player_choice":"Forget","damage_taken":0,"max_hp_gain":0,"max_hp_loss":0,"event_name":"Living Wall","floor":5,"gold_loss":0}],"is_beta":false,"boss_relics":[],"items_purged_floors":[8,11],"is_endless":false,"potions_floor_spawned":[2],"killed_by":"Lagavulin","ascension_level":0}}