{"host":"f5gffvlv6a66yqkd","time":1612634069,"event":{"mods":["2.2 Compatiblity","BaseMod","Colored Map","Custom Start","DeckTracker","Keyboard Shortcuts","Minty Spire (QoL Compilation)","Permanent Neow","Quick Restart","Relic Stats","StSLib","SuperFastMode"],"gold_per_floor":[16,33,43,43,61,61,92,156,181,181,201,126,126,155,155,233,233,244,244,0,0,52,85,85,26,101,111,122,141,10,22,22,22,22],"floor_reached":33,"language":"KOR","playtime":657,"items_purged":["Strike_B"],"score":600,"play_id":"bfd97231-d343-40ae-97c2-cbea9472c77e","local_time":"20210207025429","is_ascension_mode":true,"campfire_choices":[{"data":"Beam Cell","floor":6.0,"key":"SMITH"},{"data":"Buffer","floor":10.0,"key":"SMITH"},{"data":"Hyperbeam","floor":13.0,"key":"SMITH"},{"data":"Reinforced Body","floor":15.0,"key":"SMITH"},{"data":"Fusion","floor":24.0,"key":"SMITH"},{"data":"Reprogram","floor":32.0,"key":"SMITH"}],"circlet_count":0,"master_deck":["AscendersBane","Defend_B","Defend_B","Defend_B","Defend_B","Dualcast","Hyperbeam+1","Beam Cell+1","Rebound","Rip and Tear","Buffer+1","Leap","Reinforced Body+1","All For One","Fusion+1","Hyperbeam+1","Sunder","Force Field","Fission","Redo","Turbo","Beam Cell","Self Repair","Reprogram+1"],"relics":["Cracked Core","DataDisk","Ancient Tea Set","Vajra","Darkstone Periapt","Empty Cage","Bag of Preparation","Pear","Blue Candle"],"acts_visited":["Exordium","TheCity"],"potions_floor_usage":[33],"damage_taken":[{"damage":8.0,"enemies":"2 Louse","floor":1.0,"turns":2.0},{"damage":7.0,"enemies":"Jaw Worm","floor":2.0,"turns":3.0},{"damage":0.0,"enemies":"Cultist","floor":3.0,"turns":2.0},{"damage":1.0,"enemies":"2 Fungi Beasts","floor":5.0,"turns":3.0},{"damage":8.0,"enemies":"Gremlin Nob","floor":7.0,"turns":3.0},{"damage":0.0,"enemies":"Lagavulin Event","floor":8.0,"turns":5.0},{"damage":0.0,"enemies":"Blue Slaver","floor":11.0,"turns":1.0},{"damage":0.0,"enemies":"Lagavulin","floor":14.0,"turns":4.0},{"damage":26.0,"enemies":"The Guardian","floor":16.0,"turns":10.0},{"damage":11.0,"enemies":"Spheric Guardian","floor":18.0,"turns":4.0},{"damage":28.0,"enemies":"Gremlin Leader","floor":23.0,"turns":5.0},{"damage":0.0,"enemies":"Chosen","floor":27.0,"turns":2.0},{"damage":0.0,"enemies":"Shelled Parasite and Fungi","floor":28.0,"turns":2.0},{"damage":38.0,"enemies":"Snake Plant","floor":29.0,"turns":6.0},{"damage":0.0,"enemies":"3 Cultists","floor":31.0,"turns":3.0},{"damage":36,"enemies":"Champ","floor":33,"turns":10}],"seed_played":"5679458936992610321","potions_obtained":[{"floor":1.0,"key":"FocusPotion"},{"floor":5.0,"key":"PowerPotion"},{"floor":11.0,"key":"GamblersBrew"},{"floor":16.0,"key":"Ancient Potion"},{"floor":18.0,"key":"FairyPotion"}],"is_trial":false,"path_per_floor":["M","M","M","?","M","R","E","?","T","R","M","?","R","E","R","B",null,"M","?","$","?","T","E","R","$","T","M","M","M","$","M","R","B"],"character_chosen":"DEFECT","items_purchased":["Bag of Preparation","Redo","Beam Cell","Self Repair"],"campfire_rested":0,"item_purchase_floors":[20,25,30,30],"current_hp_per_floor":[56,49,49,54,53,53,45,45,45,45,45,45,45,45,45,19,62,51,51,51,51,51,33,33,33,33,33,33,25,25,32,32,0,0],"gold":22,"neow_bonus":"THREE_RARE_CARDS","is_daily":false,"chose_seed":false,"campfire_upgraded":6,"win_rate":0.0,"timestamp":1612634069,"path_taken":["M","M","M","?","M","R","E","?","T","R","M","?","R","E","R","BOSS","M","?","?","?","?","E","R","?","T","M","M","M","$","M","R","BOSS"],"items_purchased_type":["Relic","Card","Card","Card"],"build_version":"2020-12-22","purchased_purges":1,"victory":false,"max_hp_per_floor":[71,71,71,76,76,76,76,76,76,76,76,76,76,76,76,76,76,76,76,76,76,76,86,86,86,86,86,86,86,86,86,86,86,86],"relic_stats":{"Darkstone Periapt":0,"counters":[16,65],"Blue Candle":[0],"Bag of Preparation":[12],"obtain_stats":[{"Darkstone Periapt":14,"DataDisk":7,"Pear":23,"Blue Candle":26,"Vajra":9,"Bag of Preparation":20,"Cracked Core":0,"Ancient Tea Set":8,"Empty Cage":17},{"Darkstone Periapt":8,"DataDisk":5,"Pear":11,"Blue Candle":11,"Vajra":6,"Bag of Preparation":10,"Cracked Core":0,"Ancient Tea Set":5,"Empty Cage":9},{"Darkstone Periapt":23,"DataDisk":13,"Pear":42,"Blue Candle":42,"Vajra":18,"Bag of Preparation":37,"Cracked Core":0,"Ancient Tea Set":13,"Empty Cage":33}]},"card_choices":[{"not_picked":["Fission","Echo Form"],"picked":"Hyperbeam","floor":0.0},{"not_picked":["Steam Power","Redo"],"picked":"Ball Lightning","floor":1.0},{"not_picked":["Sweeping Beam","Auto Shields"],"picked":"Beam Cell","floor":2.0},{"not_picked":["Stack","Barrage"],"picked":"Rebound","floor":3.0},{"not_picked":["Sweeping Beam","White Noise"],"picked":"Rip and Tear","floor":5.0},{"not_picked":["Melter","Streamline"],"picked":"Buffer","floor":7.0},{"not_picked":["Reinforced Body","Ball Lightning"],"picked":"Leap","floor":11.0},{"not_picked":["Coolheaded","Sweeping Beam"],"picked":"Reinforced Body","floor":14.0},{"not_picked":["Creative AI","Reboot"],"picked":"All For One","floor":16.0},{"not_picked":["Hologram","Conserve Battery"],"picked":"Fusion","floor":18.0},{"not_picked":["Conserve Battery","Turbo"],"picked":"Fission","floor":23.0},{"not_picked":["Blizzard","Darkness","Sunder"],"picked":"SKIP","floor":27.0},{"not_picked":["Blizzard","Darkness","Sunder"],"picked":"SKIP","floor":27.0},{"not_picked":["Capacitor","Force Field+1"],"picked":"Turbo","floor":28.0},{"not_picked":["Capacitor","Turbo","Scrape"],"picked":"SKIP","floor":29.0},{"not_picked":["Steam","Ball Lightning+1"],"picked":"Reprogram","floor":31.0}],"player_experience":1689092,"relics_obtained":[{"floor":7.0,"key":"DataDisk"},{"floor":9.0,"key":"Vajra"},{"floor":14.0,"key":"Darkstone Periapt"},{"floor":23.0,"key":"Pear"},{"floor":26.0,"key":"Blue Candle"}],"event_choices":[{"damage_healed":0.0,"max_hp_gain":5.0,"max_hp_loss":0.0,"gold_gain":0.0,"event_name":"Big Fish","player_choice":"Donut","floor":4.0,"gold_loss":0.0,"damage_taken":0.0},{"damage_healed":0.0,"max_hp_gain":0.0,"max_hp_loss":0.0,"gold_gain":0.0,"event_name":"Dead Adventurer","player_choice":"Searched \u00272\u0027 times","floor":8.0,"gold_loss":0.0,"damage_taken":0.0,"relics_obtained":["Ancient Tea Set"]},{"cards_removed":["Strike_B"],"damage_healed":0.0,"max_hp_gain":0.0,"max_hp_loss":0.0,"gold_gain":0.0,"event_name":"The Cleric","player_choice":"Card Removal","floor":12.0,"gold_loss":75.0,"damage_taken":0.0},{"damage_healed":0.0,"max_hp_gain":0.0,"max_hp_loss":0.0,"gold_gain":0.0,"event_name":"Duplicator","player_choice":"Copied","floor":19.0,"gold_loss":0.0,"damage_taken":0.0,"cards_obtained":["Hyperbeam"]},{"damage_healed":0.0,"max_hp_gain":0.0,"max_hp_loss":0.0,"gold_gain":0.0,"cards_transformed":["Strike_B","Strike_B"],"event_name":"Drug Dealer","player_choice":"Became Test Subject","floor":21.0,"gold_loss":0.0,"damage_taken":0.0,"cards_obtained":["Sunder","Force Field"]}],"is_beta":false,"boss_relics":[{"not_picked":["Snecko Eye","Runic Dome"],"picked":"Empty Cage"}],"items_purged_floors":[20],"is_endless":false,"potions_floor_spawned":[1,5,11,16,18,27,28],"killed_by":"Champ","ascension_level":20}}