{"host":"rtw1tnr74gozsrw1","time":1612639020,"event":{"mods":["BaseMod","Colored Map","Colored Powertips","Highlight Path","Infinite Spire","Minty Spire (QoL Compilation)","StSLib","The Jungle"],"gold_per_floor":[115,127,52,63,75,75,103,130,157,192,207,224,224,256,256,256,256],"floor_reached":16,"language":"ENG","playtime":580,"items_purged":["Strike_R"],"score":159,"play_id":"61474d03-38bf-40d4-9208-241c4f3a3abd","local_time":"20210206201700","is_ascension_mode":true,"campfire_choices":[{"data":"Carnage","floor":6,"key":"SMITH"},{"data":"Carnage","floor":15,"key":"SMITH"}],"circlet_count":0,"master_deck":["Strike_R","Strike_R","Strike_R","Strike_R","Defend_R","Defend_R","Defend_R","Defend_R","Bash","Carnage+1","Feed","Shrug It Off","Carnage+1","Fire Breathing"],"relics":["Burning Blood","NeowsBlessing","Potion Belt","Odd Mushroom","Toy Ornithopter","Smiling Mask","Strawberry"],"acts_visited":["Exordium"],"potions_floor_usage":[10,14,16],"damage_taken":[{"damage":0,"enemies":"Jaw Worm","floor":1,"turns":1},{"damage":0,"enemies":"Small Slimes","floor":2,"turns":1},{"damage":0,"enemies":"2 Louse","floor":4,"turns":1},{"damage":16,"enemies":"Blue Slaver","floor":5,"turns":3},{"damage":18,"enemies":"Lagavulin","floor":7,"turns":5},{"damage":11,"enemies":"The Mushroom Lair","floor":8,"turns":5},{"damage":26,"enemies":"Gremlin Nob","floor":10,"turns":5},{"damage":4,"enemies":"Large Slime","floor":11,"turns":6},{"damage":7,"enemies":"3 Louse","floor":12,"turns":3},{"damage":10,"enemies":"Lagavulin","floor":14,"turns":5},{"damage":64,"enemies":"The Guardian","floor":16,"turns":8}],"seed_played":"8234091653456651742","potions_obtained":[{"floor":4,"key":"DistilledChaos"},{"floor":5,"key":"Strength Potion"},{"floor":10,"key":"BloodPotion"},{"floor":11,"key":"DistilledChaos"},{"floor":12,"key":"SpeedPotion"},{"floor":14,"key":"Fire Potion"}],"is_trial":false,"path_per_floor":["M","M","$","M","M","R","E","?","T","E","M","M","?","E","R","B"],"character_chosen":"IRONCLAD","items_purchased":[],"campfire_rested":0,"item_purchase_floors":[],"current_hp_per_floor":[80,80,80,80,70,70,61,59,59,44,49,48,48,56,56,0,0],"gold":256,"neow_bonus":"THREE_ENEMY_KILL","is_daily":false,"chose_seed":false,"campfire_upgraded":2,"win_rate":0.0,"timestamp":1612639020,"path_taken":["M","M","$","M","M","R","E","?","T","E","M","M","?","E","R","BOSS"],"items_purchased_type":[],"build_version":"2020-12-22","purchased_purges":1,"victory":false,"max_hp_per_floor":[80,80,80,80,80,80,83,86,86,86,89,89,89,96,96,96,96],"card_choices":[{"not_picked":["Perfected Strike","Ghostly Armor"],"picked":"Carnage","floor":1},{"not_picked":["Twin Strike","Pommel Strike"],"picked":"Feed","floor":2},{"not_picked":["Clash","Wild Strike","Rampage"],"picked":"SKIP","floor":4},{"not_picked":["Fire Breathing","Feel No Pain"],"picked":"Shrug It Off","floor":5},{"not_picked":["Fiend Fire","Evolve","Iron Wave"],"picked":"SKIP","floor":7},{"not_picked":["Heavy Blade","Reckless Charge"],"picked":"Carnage","floor":10},{"not_picked":["Twin Strike","Dual Wield","Heavy Blade"],"picked":"SKIP","floor":11},{"not_picked":["Sword Boomerang","Headbutt"],"picked":"Fire Breathing","floor":12},{"not_picked":["Body Slam","Intimidate","Evolve"],"picked":"SKIP","floor":14}],"player_experience":121405,"relics_obtained":[{"floor":7,"key":"Potion Belt"},{"floor":8,"key":"Odd Mushroom"},{"floor":9,"key":"Toy Ornithopter"},{"floor":10,"key":"Smiling Mask"},{"floor":14,"key":"Strawberry"}],"event_choices":[{"damage_healed":0,"gold_gain":0,"player_choice":"Fought Mushrooms","damage_taken":0,"max_hp_gain":0,"max_hp_loss":0,"event_name":"Mushrooms","floor":8,"gold_loss":0}],"is_beta":false,"boss_relics":[],"items_purged_floors":[3],"is_endless":false,"potions_floor_spawned":[4,5,10,11,12,14],"killed_by":"The Guardian","ascension_level":2}}