{"host":"vrqilyg3eq27f2tn","time":1612634440,"event":{"mods":["2.2 Compatiblity","AchievementEnabler","Ascension Reborn","Aspiration","BaseMod","BetterRewards","Colored Powertips","Downfall","Friendly Minions","Hermit","Highlight Path","Jorbs\u0027s Wanderer Trilogy","Mimic Mod","Minty Spire (QoL Compilation)","Random Character Button","Rare Cards Sparkle","Relic Sorter","Relic Stats","Replay The Spire","Shop Mod","StSLib","The Bladedancer","The Cursed","The Hierophant","The Sage"],"gold_per_floor":[99,113,128,142,142,142,142,154,170,188,188,204,36,36,54,54,54,54],"floor_reached":16,"language":"ENG","playtime":4369,"items_purged":[],"score":121,"play_id":"3492fadb-8df0-4db6-8a3f-5c2920594143","local_time":"20210206130040","is_ascension_mode":true,"campfire_choices":[{"data":"hexamod:Float","floor":1,"key":"SMITH"}],"circlet_count":0,"master_deck":["hexamod:Strike","hexamod:Strike","hexamod:Strike","hexamod:Strike","hexamod:Defend","hexamod:Defend","hexamod:Defend","hexamod:Defend","hexamod:Sear","hexamod:Float+1","hexamod:AdvancingGuard","hexamod:BurningTouch","hexamod:NightmareStrike","hexamod:HauntingEcho","hexamod:TimeWarp","hexamod:ThermalTransfer","hexamod:Firestarter","hexamod:FastForward"],"relics":["hexamod:SpiritBrand","Strawberry","Juzu Bracelet","downfall:BrokenWingStatue","Lantern"],"acts_visited":["Exordium"],"potions_floor_usage":[16],"damage_taken":[{"damage":0,"enemies":"Small Slimes","floor":2,"turns":4},{"damage":0,"enemies":"Jaw Worm","floor":3,"turns":4},{"damage":0,"enemies":"2 Louse","floor":4,"turns":4},{"damage":2,"enemies":"Blue Slaver","floor":8,"turns":4},{"damage":3,"enemies":"Large Slime","floor":9,"turns":5},{"damage":9,"enemies":"Exordium Thugs","floor":10,"turns":5},{"damage":0,"enemies":"Large Slime","floor":12,"turns":3},{"damage":0,"enemies":"downfall:FleeingMerchant","floor":13,"turns":4},{"damage":1,"enemies":"2 Fungi Beasts","floor":15,"turns":3},{"damage":63,"enemies":"DF_ARCHETYPE_STREAMLINE","floor":16,"turns":9}],"seed_played":"2021130612030947128","potions_obtained":[{"floor":3,"key":"sagemod:Wine"},{"floor":4,"key":"GamblersBrew"},{"floor":10,"key":"Dexterity Potion"}],"is_trial":false,"path_per_floor":["R","M","M","M","?","?","T","M","M","M","?","M","$","?","M","B"],"character_chosen":"THE_SPIRIT","items_purchased":["Lantern"],"campfire_rested":0,"item_purchase_floors":[13],"current_hp_per_floor":[77,77,77,77,82,77,77,75,72,63,63,63,63,63,62,0,0,0],"gold":54,"neow_bonus":"TEN_PERCENT_HP_BONUS","is_daily":false,"chose_seed":false,"campfire_upgraded":1,"win_rate":0.0,"timestamp":1612634440,"path_taken":["R","M","M","M","?","?","T","M","M","M","?","M","$","?","M","BOSS"],"items_purchased_type":["Relic"],"build_version":"2020-12-22","purchased_purges":0,"victory":false,"max_hp_per_floor":[77,77,77,77,82,89,89,89,89,89,89,89,89,89,89,89,89,89],"relic_stats":{"counters":[10,45],"Juzu Bracelet":0,"obtain_stats":[{"Lantern":13,"downfall:BrokenWingStatue":11,"Strawberry":6,"Juzu Bracelet":7,"hexamod:SpiritBrand":0},{"Lantern":8,"downfall:BrokenWingStatue":6,"Strawberry":3,"Juzu Bracelet":3,"hexamod:SpiritBrand":0},{"Lantern":33,"downfall:BrokenWingStatue":26,"Strawberry":12,"Juzu Bracelet":12,"hexamod:SpiritBrand":0}]},"card_choices":[{"not_picked":["hexamod:GhostShield","hexamod:GhostLash"],"picked":"hexamod:AdvancingGuard","floor":2},{"not_picked":["hexamod:Hexaguard","hexamod:ShieldOfDarkness"],"picked":"hexamod:BurningTouch","floor":3},{"not_picked":["hexamod:Hexaguard","hexamod:RainOfEmbers"],"picked":"hexamod:NightmareStrike","floor":4},{"not_picked":["hexamod:GhostLash","hexamod:Hexaguard"],"picked":"hexamod:HauntingEcho","floor":8},{"not_picked":["hexamod:GhostShield","hexamod:HauntingEcho"],"picked":"hexamod:TimeWarp","floor":9},{"not_picked":["hexamod:GhostLash","hexamod:ChargedBarrage"],"picked":"hexamod:ThermalTransfer","floor":10},{"not_picked":["hexamod:HeatMetal","hexamod:NecessarySacrifice"],"picked":"hexamod:Firestarter","floor":12},{"not_picked":["hexamod:NightmareStrike","hexamod:BurningTouch"],"picked":"hexamod:FastForward","floor":13},{"not_picked":["hexamod:Hexaguard","hexamod:ThermalTransfer","hexamod:PhantomCloak"],"picked":"SKIP","floor":15}],"player_experience":354267,"relics_obtained":[{"floor":7,"key":"Juzu Bracelet"}],"event_choices":[{"damage_healed":0,"gold_gain":0,"player_choice":"Donut","damage_taken":0,"max_hp_gain":5,"max_hp_loss":0,"event_name":"Big Fish","floor":5,"gold_loss":0},{"damage_healed":0,"gold_gain":0,"player_choice":"Success","damage_taken":12,"relics_obtained":["Strawberry"],"max_hp_gain":0,"max_hp_loss":0,"event_name":"Scrap Ooze","floor":6,"gold_loss":0}],"is_beta":false,"boss_relics":[],"items_purged_floors":[],"is_endless":false,"potions_floor_spawned":[3,4,10],"killed_by":"DF_ARCHETYPE_STREAMLINE","ascension_level":0}}