{"host":"r0e4s450fexxrjel","time":1612621490,"event":{"mods":["AchievementEnabler","Act Like it!","Aspiration","BaseMod","BetterRewards","Clawfect","Colored Map","Conspire","Dota2Spire","Downfall","Energized Spire","Friendly Minions","Gensokyo","GifTheSpireLib","Gold Saver","Halation","Hubris","Minty Spire (QoL Compilation)","Pale of the Ancients","Reliquary","Replay The Spire","Shop Mod","StS++","StSLib","Stuff the Spire","Waifu the Spire"],"gold_per_floor":[99,99,99,99,117,117,144,144,11,26,230,230,247,281,300,402,402,402,415,428,428,428,428,428],"floor_reached":22,"language":"DEU","playtime":796,"items_purged":[],"score":182,"play_id":"6bf04cb8-a4a9-4b87-9331-9cc45e014088","local_time":"20210206152450","is_ascension_mode":false,"campfire_choices":[{"data":"sneckomod:Unknown","floor":6,"key":"SMITH"},{"data":"sneckomod:RainOfDice","floor":8,"key":"SMITH"}],"circlet_count":0,"master_deck":["sneckomod:Strike","sneckomod:Strike","sneckomod:Strike","sneckomod:Defend","sneckomod:Defend","sneckomod:Defend","sneckomod:TailWhip","sneckomod:SnekBite","StSpp:Mask","sneckomod:RainOfDice+1","sneckomod:Nope","sneckomod:SerpentIdol","Guardian:HyperBeam_Guardian+1","sneckomod:UnknownRarePower","sneckomod:IronFang","sneckomod:UnknownRareSkill","Guardian:TemporalStrike","sneckomod:UnknownClassBLUE+1","sneckomod:ImprovisedAttack"],"relics":["sneckomod:SneckoSoul","StuffTheSpire:MayFlowers","hubris:EvacipatedBox","Simple Rune","Dota2Spire:MantaStyle","Dota2Spire:LinkenSphere","StuffTheSpire:DarkSteelAnvil","aspiration:SecretTechniqueScroll","Prayer Wheel"],"acts_visited":["Gensokyo:Gensokyo","Gensokyo:Gensokyoer"],"potions_floor_usage":[16,19,22],"damage_taken":[{"damage":0,"enemies":"Gensokyo:Python","floor":5,"turns":3},{"damage":0,"enemies":"Gensokyo:2_Kodama","floor":10,"turns":4},{"damage":5,"enemies":"Gensokyo:Gryphon","floor":13,"turns":4},{"damage":34,"enemies":"Gensokyo:Cirno","floor":14,"turns":6},{"damage":14,"enemies":"Gensokyo:5_Fairies","floor":15,"turns":5},{"damage":14,"enemies":"WA_ARCHETYPE_RETAIN","floor":16,"turns":7},{"damage":30,"enemies":"Gensokyo:CosmicMonolith","floor":19,"turns":4},{"damage":27,"enemies":"Gensokyo:AngelMirror","floor":20,"turns":5},{"damage":46,"enemies":"Gensokyo:Wraith","floor":22,"turns":5}],"seed_played":"-1714305332570531892","potions_obtained":[{"floor":13,"key":"EssenceOfSteel"},{"floor":15,"key":"Explosive Potion"},{"floor":20,"key":"LifebloodPotion"}],"is_trial":false,"path_per_floor":["R_BF","T","$","?","M","R","T","R","COS","M","?","R","M","E","M","B",null,"R","M","M","?","M"],"character_chosen":"THE_SNECKO","items_purchased":["hubris:EvacipatedBox"],"campfire_rested":0,"item_purchase_floors":[3],"current_hp_per_floor":[99,99,80,90,90,90,90,90,90,90,90,90,85,56,42,33,99,99,69,42,42,0,0,0],"gold":428,"neow_bonus":"TEN_PERCENT_HP_BONUS","is_daily":false,"chose_seed":false,"campfire_upgraded":2,"win_rate":0.0,"timestamp":1612621490,"path_taken":["R_BF","?","?","?","M","R","T","R","COS","?","?","R","M","E","M","BOSS","R","M","M","?","M"],"items_purchased_type":["Relic"],"build_version":"2020-12-22","purchased_purges":0,"victory":false,"max_hp_per_floor":[99,99,99,99,99,99,99,99,99,99,99,99,99,99,99,99,99,99,99,99,99,99,99,99],"card_choices":[{"not_picked":["sneckomod:UnknownBlock","sneckomod:SoulDraw"],"picked":"sneckomod:RainOfDice","floor":5},{"not_picked":["sneckomod:SoulDraw","sneckomod:SlitherStrike"],"picked":"sneckomod:Nope","floor":10},{"not_picked":["sneckomod:SoulDraw","sneckomod:ImprovisedGuard"],"picked":"sneckomod:SerpentIdol","floor":11},{"not_picked":["sneckomod:UnknownVulnerable","sneckomod:TrashToTreasure"],"picked":"sneckomod:UnknownCommonAttack","floor":13},{"not_picked":["sneckomod:QuickBite","sneckomod:WideSting"],"picked":"sneckomod:UnknownRarePower","floor":14},{"not_picked":["sneckomod:UnknownDraw","sneckomod:UnknownX"],"picked":"sneckomod:IronFang","floor":15},{"not_picked":["sneckomod:Cheat","sneckomod:SoulExchange"],"picked":"sneckomod:UnknownRareSkill","floor":16},{"not_picked":["sneckomod:WideSting+1","sneckomod:DiceBlock"],"picked":"sneckomod:UnknownClassBLUE+1","floor":19},{"not_picked":["sneckomod:RainOfDice","sneckomod:DiceBoulder"],"picked":"sneckomod:ImprovisedAttack","floor":20}],"player_experience":88583,"relics_obtained":[{"floor":2,"key":"StuffTheSpire:MayFlowers"},{"floor":7,"key":"Simple Rune"},{"floor":14,"key":"Dota2Spire:LinkenSphere"}],"event_choices":[],"is_beta":false,"boss_relics":[{"not_picked":["reliquary:WritOfMandamus","halation:Prosthetics","hubris:Backtick"],"picked":"aspiration:SecretTechniqueScroll"}],"items_purged_floors":[],"is_endless":false,"potions_floor_spawned":[13,15,20],"killed_by":"Gensokyo:Wraith","ascension_level":0}}