{"host":"t9zjxed0utvsfjwc","time":1612573357,"event":{"mods":["2.2 Compatiblity","Aspiration","BaseMod","Better Altar","Better Match","Better Note","Better Sensory Stone","Better Skull","Better Third Choice","Block Reminder","Colored Map","Colored Powertips","Custom Start","Downfall","Hermit","Highlight Path","Hubris","Infinite Spire","Marisa????????","Minty Spire (QoL Compilation)","Quick Restart","Rare Cards Sparkle","Reliquary","Replay The Spire","StSLib","The Cursed","The Marked","The Runesmith","Unceasing Turn Reminder","everything is the same but u backflip on backflip"],"gold_per_floor":[99,110,110,125,125,125,176,195,208,240,240,270,70,80,99,200,200,200,217,230,247,264,264,264,281,281,298,323,338,338,351,370,468,568,568,581,581,581,593,593,593,612,612,629,629,645,65,83,104,114,114,114],"floor_reached":50,"language":"ENG","playtime":3860,"items_purged":[],"score":509,"play_id":"3fa019af-8dbc-403d-8d7a-32b0d99b4489","local_time":"20210206010237","is_ascension_mode":false,"campfire_choices":[{"floor":1,"key":"RECALL"},{"data":"Slimebound:Schlurp","floor":13,"key":"SMITH"},{"floor":18,"key":"DIG"},{"data":"Slimebound:SplitMire","floor":30,"key":"SMITH"},{"data":"Slimebound:DuplicatedForm","floor":35,"key":"SMITH"},{"data":"Slimebound:LivingWall","floor":40,"key":"SMITH"},{"data":"Slimebound:GoopSpray","floor":45,"key":"SMITH"}],"circlet_count":0,"master_deck":["ReplayTheSpireMod:Haul+1","Slimebound:Strike_Slimebound","Slimebound:Strike_Slimebound","Slimebound:Strike_Slimebound","Slimebound:Tackle","Slimebound:Defend_Slimebound+1","Slimebound:Defend_Slimebound+1","Slimebound:Defend_Slimebound","Slimebound:Split","Slimebound:CorrosiveSpit+1","Slimebound:LeechLife","Slimebound:SplitMire+1","Slimebound:Schlurp+1","Slimebound:LeechingTouch","Slimebound:HauntingLick","Slimebound:LivingWall+1","Slimebound:GoopSpray+1","Slimebound:PrepareCrush+1","Slimebound:MegaLick","Slimebound:Repurpose","Iron Wave+1","Slimebound:SplitMire","Slimebound:MegaLick","Slimebound:SamplingLick+1","Slimebound:DuplicatedForm+1","Slimebound:LivingWall+1","expansioncontent:LastStand","Slimebound:RejuvenatingLick","Parasite"],"relics":["aspiration:BabyByrd","War Paint","Blood Vial","m_BurningSludge","Pen Nib","downfall:HeartBlessingRed","downfall:HeartBlessingGreen","Philosopher\u0027s Stone","infinitespire:FocusingShard","reliquary:Buckler","Bird Faced Urn","Replay:Grab Bag","ChewingGum","Replay:Wanted Poster","SacredBark","Turnip","hubris:EmptyBottle","reliquary:Aerogel","infinitespire:Midas Blood"],"acts_visited":["Exordium","TheCity","TheBeyond"],"potions_floor_usage":[10,10,14,16,21,28,28,29,36,42,44,44,49],"damage_taken":[{"damage":15,"enemies":"Jaw Worm","floor":2,"turns":5},{"damage":10,"enemies":"2 Louse","floor":4,"turns":2},{"damage":0,"enemies":"Cultist","floor":5,"turns":1},{"damage":13,"enemies":"Large Slime","floor":8,"turns":4},{"damage":0,"enemies":"Blue Slaver","floor":9,"turns":4},{"damage":14,"enemies":"3 Sentries","floor":10,"turns":9},{"damage":5,"enemies":"Lagavulin","floor":12,"turns":8},{"damage":25,"enemies":"Gremlin Gang","floor":14,"turns":5},{"damage":3,"enemies":"Exordium Thugs","floor":15,"turns":4},{"damage":3,"enemies":"SI_SHIV_ARCHETYPE","floor":16,"turns":9},{"damage":19,"enemies":"Shell Parasite","floor":19,"turns":3},{"damage":19,"enemies":"3 Byrds","floor":20,"turns":6},{"damage":19,"enemies":"Snake Plant","floor":21,"turns":4},{"damage":14,"enemies":"Chosen and Byrds","floor":22,"turns":6},{"damage":4,"enemies":"3 Cultists","floor":25,"turns":5},{"damage":19,"enemies":"Centurion and Healer","floor":27,"turns":5},{"damage":11,"enemies":"Book of Stabbing","floor":28,"turns":3},{"damage":41,"enemies":"Cultist and Chosen","floor":29,"turns":6},{"damage":0,"enemies":"Chosen and Byrds","floor":31,"turns":7},{"damage":15,"enemies":"Sentry and Sphere","floor":32,"turns":3},{"damage":80,"enemies":"DF_ARCHETYPE_CLAW","floor":33,"turns":9},{"damage":16,"enemies":"Orb Walker","floor":36,"turns":3},{"damage":26,"enemies":"3 Shapes","floor":39,"turns":3},{"damage":67,"enemies":"Jaw Worm Horde","floor":42,"turns":5},{"damage":18,"enemies":"3 Darklings","floor":44,"turns":5},{"damage":17,"enemies":"Maw","floor":46,"turns":8},{"damage":15,"enemies":"downfall:FleeingMerchant","floor":47,"turns":4},{"damage":23,"enemies":"Writhing Mass","floor":48,"turns":5},{"damage":24,"enemies":"4 Shapes","floor":49,"turns":6},{"damage":77,"enemies":"WA_ARCHETYPE_DIVINITY","floor":50,"turns":5}],"seed_played":"2914809289746445415","potions_obtained":[{"floor":8,"key":"PowerPotion"},{"floor":9,"key":"Slimebound:SlimedPotion"},{"floor":10,"key":"Elixir"},{"floor":14,"key":"Slimebound:SpawnSlimePotion"},{"floor":16,"key":"Slimebound:SlimedPotion"},{"floor":22,"key":"Strength Potion"},{"floor":27,"key":"SteroidPotion"},{"floor":28,"key":"Ancient Potion"},{"floor":29,"key":"PowerPotion"},{"floor":31,"key":"Languid Potion"},{"floor":33,"key":"champ:CounterPotion"},{"floor":42,"key":"SkillPotion"},{"floor":44,"key":"SteroidPotion"}],"is_trial":false,"path_per_floor":["R","M","?","M","M","?","T","M","M","E","?","E","R","M","M","B",null,"R_BF","M","M","M","M","?","T","M","?","M","E","M","R","M","M","B",null,"R","M","?","?","M","R","T","M","?","M","R","M","$","M","M","B"],"character_chosen":"SLIMEBOUND","items_purchased":["hubris:EmptyBottle","reliquary:Aerogel","infinitespire:Midas Blood"],"campfire_rested":0,"item_purchase_floors":[47,47,47],"current_hp_per_floor":[65,58,58,54,54,54,54,65,65,65,65,65,65,51,65,65,65,65,65,65,65,55,55,55,65,65,65,56,65,65,65,65,36,65,65,65,65,65,41,41,41,65,65,65,65,65,65,63,65,0,0,0],"gold":114,"neow_bonus":"ONE_RANDOM_RARE_CARD","is_daily":false,"chose_seed":false,"campfire_upgraded":5,"win_rate":0.0,"timestamp":1612573357,"path_taken":["R","M","?","M","M","?","T","M","?","E","?","E","R","M","M","BOSS","R_BF","M","M","M","M","?","T","M","?","?","E","M","R","M","M","BOSS","R","M","?","?","M","R","T","M","?","M","R","M","$","M","M","BOSS"],"items_purchased_type":["Relic","Relic","Relic"],"build_version":"2020-12-22","purchased_purges":0,"victory":false,"max_hp_per_floor":[65,65,65,65,65,65,65,65,65,65,65,65,65,65,65,65,65,65,65,65,65,65,65,65,65,65,65,65,65,65,65,65,65,65,65,65,65,65,65,65,65,65,65,65,65,65,65,65,65,65,65,65],"card_choices":[{"not_picked":["Slimebound:Gluttony","Slimebound:ComboTackle"],"picked":"Slimebound:SplitMire","floor":2},{"not_picked":["Slimebound:Chomp","Slimebound:SlimeBrawl"],"picked":"Slimebound:Schlurp","floor":4},{"not_picked":["Slimebound:ComboTackle","Slimebound:SlimeSpikes"],"picked":"Slimebound:LeechingTouch","floor":5},{"not_picked":["Slimebound:FinishingTackle","Slimebound:SpikyOuterGoop","Slimebound:BestDefense"],"picked":"SKIP","floor":8},{"not_picked":["Slimebound:ViciousTackle","Slimebound:ItLooksTasty"],"picked":"Slimebound:HauntingLick","floor":9},{"not_picked":["Slimebound:RejuvenatingLick","Slimebound:Dissolve"],"picked":"Slimebound:LivingWall","floor":10},{"not_picked":["Slimebound:RainOfGoop","Slimebound:LivingWall"],"picked":"Slimebound:GoopSpray","floor":12},{"not_picked":["Slimebound:PressTheAttack","Blood for Blood","Slimebound:LeechEnergy"],"picked":"SKIP","floor":14},{"not_picked":["Pummel","Slimebound:RallyTheTroops","Slimebound:ItLooksTasty"],"picked":"SKIP","floor":15},{"not_picked":["Reaper","Slimebound:Teamwork"],"picked":"Slimebound:PrepareCrush","floor":16},{"not_picked":["Slimebound:FlameTackle","Slimebound:PressTheAttack"],"picked":"Slimebound:MegaLick","floor":19},{"not_picked":["Slimebound:PressTheAttack","Slimebound:LivingWall+1"],"picked":"Slimebound:Repurpose","floor":20},{"not_picked":["Slimebound:RollThrough","Slimebound:LeechingTouch","Slimebound:Replication"],"picked":"SKIP","floor":21},{"not_picked":["Slimebound:Equalize","Slimebound:SplitLeeching","Slimebound:LeechingTouch"],"picked":"SKIP","floor":22},{"not_picked":["Slimebound:FinishingTackle","Slimebound:Dissolve"],"picked":"Slimebound:SplitMire","floor":25},{"not_picked":["Slimebound:Grow+1","Slimebound:SlimeSlap","Slimebound:ComboTackle+1"],"picked":"SKIP","floor":27},{"not_picked":["Slimebound:HauntingLick","Slimebound:LevelUp"],"picked":"Slimebound:MegaLick","floor":28},{"not_picked":["Slimebound:GrowthPunch","Slimebound:FinishingTackle","Slimebound:GoopSpray"],"picked":"SKIP","floor":29},{"not_picked":["Slimebound:FlameTackle","Slimebound:Repurpose"],"picked":"Slimebound:SamplingLick+1","floor":31},{"not_picked":["Slimebound:ServeAndProtect+1","Slimebound:SpikyOuterGoop","Slimebound:HauntingLick"],"picked":"SKIP","floor":32},{"not_picked":["Slimebound:SlimeSlap","Slimebound:Overexert"],"picked":"Slimebound:DuplicatedForm","floor":33},{"not_picked":["Slimebound:SplitBruiser+1","Slimebound:GoopTackle"],"picked":"Slimebound:LivingWall+1","floor":36},{"not_picked":["expansioncontent:Chronoboost","expansioncontent:InvincibleStrength"],"picked":"expansioncontent:LastStand","floor":38},{"not_picked":["Slimebound:LivingWall","Slimebound:RollThrough+1","Slimebound:ViciousTackle+1"],"picked":"SKIP","floor":39},{"not_picked":["Slimebound:GoopSpray+1","Slimebound:Repurpose","Slimebound:RollThrough"],"picked":"SKIP","floor":42},{"not_picked":["Slimebound:Gluttony","Slimebound:Chomp+1","Slimebound:SplitLeeching+1"],"picked":"SKIP","floor":44},{"not_picked":["Slimebound:ItLooksTasty+1","Slimebound:Repurpose"],"picked":"Slimebound:RejuvenatingLick","floor":46},{"not_picked":["Slimebound:SplitLeeching","Slimebound:FinishingTackle","Slimebound:MinionMaster"],"picked":"SKIP","floor":47},{"not_picked":["Slimebound:FlameTackle+1","Slimebound:ItLooksTasty","Slimebound:RainOfGoop"],"picked":"SKIP","floor":48},{"not_picked":["Slimebound:SplitBruiser+1","Slimebound:LivingWall+1","Slimebound:Gluttony+1"],"picked":"SKIP","floor":49}],"player_experience":502345,"relics_obtained":[{"floor":7,"key":"War Paint"},{"floor":10,"key":"Blood Vial"},{"floor":12,"key":"Pen Nib"},{"floor":18,"key":"infinitespire:FocusingShard"},{"floor":24,"key":"reliquary:Buckler"},{"floor":28,"key":"Bird Faced Urn"},{"floor":41,"key":"Turnip"}],"event_choices":[{"cards_removed":["Slimebound:PrepareCrush"],"damage_healed":0,"gold_gain":0,"player_choice":"Take \u0026 Give","damage_taken":0,"max_hp_gain":0,"max_hp_loss":0,"event_name":"betterNote:BetterNote","floor":23,"gold_loss":0,"cards_obtained":["Iron Wave"]},{"cards_removed":["Slimebound:Defend_Slimebound"],"damage_healed":0,"gold_gain":0,"player_choice":"Removed Skill","damage_taken":0,"max_hp_gain":0,"max_hp_loss":0,"event_name":"Falling","floor":37,"gold_loss":0}],"is_beta":false,"boss_relics":[{"not_picked":["Runesmith:UraniumAnvil","reliquary:WritOfMandamus"],"picked":"Philosopher\u0027s Stone"},{"not_picked":["hubris:TerracottaHorce","Abe\u0027s Treasure"],"picked":"Replay:Grab Bag"},{"not_picked":["ReplayTheSpireMod:Onyx Gauntlets","aspiration:FutureDiary"],"picked":"ChewingGum"},{"not_picked":["ReplayTheSpireMod:DimensionalGlitch","Velvet Choker"],"picked":"Replay:Wanted Poster"},{"not_picked":["aspiration:SilentSkillbook","Replay:Drink Me"],"picked":"SacredBark"}],"items_purged_floors":[],"is_endless":false,"potions_floor_spawned":[8,9,10,14,16,22,27,28,29,31,33,42,44],"killed_by":"WA_ARCHETYPE_DIVINITY","ascension_level":0}}