{"host":"gttgmv2wah99hzdm","time":1612632489,"event":{"mods":["AchievementEnabler","BaseMod","Bestiary","Block Reminder","Filter the Spire","Minty Spire (QoL Compilation)","Relic Stats","Weighted Paths","ojb\u0027s Info Mod"],"gold_per_floor":[212,212,212,39,54,81,81,106,132,0,16,47,47,61,61,61,61],"floor_reached":16,"language":"ENG","playtime":543,"items_purged":["Strike_G"],"score":236,"play_id":"3404118d-5439-45ee-8866-325b7c561675","local_time":"20210206112809","is_ascension_mode":true,"campfire_choices":[{"floor":7,"key":"REST"},{"data":"Glass Knife","floor":15,"key":"SMITH"}],"circlet_count":0,"master_deck":["AscendersBane","Strike_G","Strike_G+1","Strike_G+1","Strike_G","Defend_G","Defend_G","Defend_G","Defend_G","Defend_G","Survivor","Neutralize","Dagger Spray","Glass Knife+1","Caltrops","Blade Dance","Well Laid Plans"],"relics":["Ring of the Snake","Akabeko","MealTicket","Lantern","Pen Nib","Boot"],"acts_visited":["Exordium"],"potions_floor_usage":[6,12,16,16],"damage_taken":[{"damage":1,"enemies":"Cultist","floor":1,"turns":4},{"damage":0,"enemies":"2 Louse","floor":5,"turns":2},{"damage":32,"enemies":"3 Sentries","floor":6,"turns":7},{"damage":8,"enemies":"Gremlin Nob","floor":8,"turns":3},{"damage":0,"enemies":"Jaw Worm","floor":11,"turns":1},{"damage":10,"enemies":"3 Sentries","floor":12,"turns":4},{"damage":0,"enemies":"Looter","floor":14,"turns":1},{"damage":24,"enemies":"Slime Boss","floor":16,"turns":5}],"seed_played":"-4834338545580825160","potions_obtained":[{"floor":5,"key":"SpeedPotion"},{"floor":8,"key":"SteroidPotion"},{"floor":12,"key":"GamblersBrew"}],"is_trial":false,"path_per_floor":["M","?","?","$","M","E","R","E","T","$","M","E","?","M","R","B"],"character_chosen":"THE_SILENT","items_purchased":["Glass Knife","SkillPotion"],"campfire_rested":1,"item_purchase_floors":[4,10],"current_hp_per_floor":[58,38,38,38,38,6,25,17,17,32,32,22,22,22,22,0,0],"gold":61,"neow_bonus":"HUNDRED_GOLD","is_daily":false,"chose_seed":false,"campfire_upgraded":1,"win_rate":0.0,"timestamp":1612632489,"path_taken":["M","?","?","$","M","E","R","E","T","$","?","E","?","M","R","BOSS"],"items_purchased_type":["Card","Potion"],"build_version":"2020-12-22","purchased_purges":1,"victory":false,"max_hp_per_floor":[66,66,66,66,66,66,66,66,66,66,66,66,66,66,66,66,66],"relic_stats":{"counters":[8,27],"MealTicket":15,"Pen Nib":[1],"Boot":[12],"obtain_stats":[{"Lantern":9,"MealTicket":8,"Pen Nib":12,"Boot":13,"Akabeko":6,"Ring of the Snake":0},{"Lantern":4,"MealTicket":4,"Pen Nib":6,"Boot":6,"Akabeko":3,"Ring of the Snake":0},{"Lantern":16,"MealTicket":16,"Pen Nib":21,"Boot":21,"Akabeko":13,"Ring of the Snake":0}],"Ring of the Snake":[16]},"card_choices":[{"not_picked":["Dagger Throw","Flechettes"],"picked":"Dagger Spray","floor":1},{"not_picked":["Bane","Backflip"],"picked":"Caltrops","floor":5},{"not_picked":["Leg Sweep","Dodge and Roll"],"picked":"Blade Dance","floor":6},{"not_picked":["PiercingWail","Deadly Poison","Tactician"],"picked":"SKIP","floor":8},{"not_picked":["Quick Slash","Deflect"],"picked":"Well Laid Plans","floor":11},{"not_picked":["Bane","Underhanded Strike","Flying Knee"],"picked":"SKIP","floor":12},{"not_picked":["Cloak And Dagger","Catalyst","Well Laid Plans"],"picked":"SKIP","floor":14}],"player_experience":1101248,"relics_obtained":[{"floor":6,"key":"Akabeko"},{"floor":8,"key":"MealTicket"},{"floor":9,"key":"Lantern"},{"floor":12,"key":"Pen Nib"}],"event_choices":[{"damage_healed":0,"gold_gain":0,"player_choice":"Entered Light","damage_taken":20,"max_hp_gain":0,"max_hp_loss":0,"event_name":"Shining Light","floor":2,"gold_loss":0,"cards_upgraded":["Strike_G","Strike_G"]},{"damage_healed":0,"gold_gain":0,"player_choice":"0 cards matched","damage_taken":0,"max_hp_gain":0,"max_hp_loss":0,"event_name":"Match and Keep!","floor":3,"gold_loss":0,"cards_obtained":[]},{"damage_healed":0,"gold_gain":0,"player_choice":"Searched \u00271\u0027 times","damage_taken":0,"relics_obtained":["Boot"],"max_hp_gain":0,"max_hp_loss":0,"event_name":"Dead Adventurer","floor":13,"gold_loss":0}],"is_beta":false,"boss_relics":[],"items_purged_floors":[10],"is_endless":false,"potions_floor_spawned":[5,8,12,14],"killed_by":"Slime Boss","ascension_level":20}}