{"host":"1ooxfz79hmpvpehx","time":1612582343,"event":{"mods":["BaseMod","Minty Spire (QoL Compilation)","Quick Restart","Replay The Spire","StSLib","SuperFastMode"],"gold_per_floor":[116,41,41,41,41,68,68,68,120,137,180,201,226,247,247,360,360,384,294,320,43,72,120,154,183,208,123,139,139],"floor_reached":28,"language":"ENG","playtime":629,"items_purged":["Defend_B"],"score":289,"play_id":"7aaba2e1-5acf-4b0b-8a32-ac55f902b2eb","local_time":"20210206003223","is_ascension_mode":true,"campfire_choices":[{"data":"Zap","floor":8,"key":"SMITH"},{"data":"Voices","floor":15,"key":"PURGE"}],"circlet_count":0,"master_deck":["Strike_B","Strike_B+1","Strike_B","Defend_B+1","Defend_B+1","Defend_B+1","Zap+1","Dualcast","Reboot","Electrodynamics","Gash+1","Gash","Creative AI"],"relics":["Cracked Core","NeowsBlessing","Ring of Hypnosis","Ring of Peace","Replay:Bandana","Simple Rune","Pen Nib","Happy Flower","SacredBark","White Beast Statue","Tiny Chest","Blue Doll","Mango"],"acts_visited":["Exordium","TheCity"],"potions_floor_usage":[11,14,16,16,20,22,23,24,28,28],"damage_taken":[{"damage":0,"enemies":"Cultist","floor":1,"turns":1},{"damage":0,"enemies":"Lagavulin","floor":6,"turns":1},{"damage":0,"enemies":"Small Slimes","floor":10,"turns":1},{"damage":5,"enemies":"Gremlin Nob","floor":11,"turns":4},{"damage":0,"enemies":"Jaw Worm","floor":12,"turns":3},{"damage":4,"enemies":"Exordium Wildlife","floor":13,"turns":4},{"damage":0,"enemies":"Blue Slaver","floor":14,"turns":3},{"damage":39,"enemies":"Slime Boss","floor":16,"turns":12},{"damage":0,"enemies":"Chosen","floor":18,"turns":6},{"damage":0,"enemies":"Spheric Guardian","floor":20,"turns":3},{"damage":8,"enemies":"Snake Plant","floor":22,"turns":3},{"damage":39,"enemies":"Gremlin Leader","floor":23,"turns":5},{"damage":3,"enemies":"Snecko","floor":24,"turns":5},{"damage":4,"enemies":"3 Cultists","floor":25,"turns":4},{"damage":9,"enemies":"Colosseum Slavers","floor":28,"turns":2},{"damage":29,"enemies":"Colosseum Nobs","floor":28,"turns":4}],"seed_played":"-5970827458188591137","potions_obtained":[{"floor":1,"key":"FearPotion"},{"floor":6,"key":"FearPotion"},{"floor":10,"key":"Weak Potion"},{"floor":12,"key":"Swift Potion"},{"floor":18,"key":"PowerPotion"},{"floor":20,"key":"SkillPotion"},{"floor":22,"key":"DuplicationPotion"},{"floor":23,"key":"AttackPotion"},{"floor":24,"key":"Ancient Potion"},{"floor":25,"key":"Adrenaline Potion"}],"is_trial":false,"path_per_floor":["M","$","?","$","?","E","T","R","T","M","E","M","M","M","R","B",null,"M","?","M","$","M","E","M","M","T","?","?"],"character_chosen":"DEFECT","items_purchased":["Gash","White Beast Statue"],"campfire_rested":0,"item_purchase_floors":[21,21],"current_hp_per_floor":[75,75,60,60,60,60,60,60,60,60,55,55,51,51,51,12,75,75,75,75,75,67,28,25,21,21,35,0,0],"gold":139,"neow_bonus":"THREE_ENEMY_KILL","is_daily":false,"chose_seed":false,"campfire_upgraded":1,"win_rate":0.0,"timestamp":1612582343,"path_taken":["M","$","?","$","?","E","?","R","T","M","E","M","M","?","R","BOSS","M","?","M","$","M","E","?","M","T","?","?"],"items_purchased_type":["Card","Relic"],"build_version":"2020-12-22","purchased_purges":1,"victory":false,"max_hp_per_floor":[75,75,75,75,75,75,75,75,75,75,75,75,75,75,75,75,75,75,75,75,75,75,75,75,75,75,89,89,89],"card_choices":[{"not_picked":["ReplaySort","Barrage","Rebound"],"picked":"SKIP","floor":1},{"not_picked":["Biased Cognition","Barrage","Stack"],"picked":"SKIP","floor":6},{"not_picked":["Rebound","Barrage"],"picked":"Reboot","floor":10},{"not_picked":["Sweeping Beam","Leap","ReplayTheSpireMod:Reroute Power"],"picked":"SKIP","floor":11},{"not_picked":["Redo","Coolheaded","Hello World"],"picked":"SKIP","floor":12},{"not_picked":["White Noise","Go for the Eyes","Barrage"],"picked":"SKIP","floor":13},{"not_picked":["Rebound","Barrage","Go for the Eyes"],"picked":"SKIP","floor":14},{"not_picked":["ReplayTheSpireMod:Omega Cannon","Amplify"],"picked":"Electrodynamics","floor":16},{"not_picked":["Steam+1","Tempest+1"],"picked":"Gash","floor":18},{"not_picked":["Reprogram+1","Auto Shields+1","Sunder"],"picked":"SKIP","floor":20},{"not_picked":["Sweeping Beam","Compile Driver","Heatsinks"],"picked":"SKIP","floor":22},{"not_picked":["Steam","Undo+1"],"picked":"Creative AI","floor":23},{"not_picked":["Go for the Eyes","Stack+1","Barrage"],"picked":"SKIP","floor":24},{"not_picked":["Leap+1","FTL+1","Force Field"],"picked":"SKIP","floor":25}],"player_experience":14984,"relics_obtained":[{"floor":5,"key":"Ring of Hypnosis"},{"floor":5,"key":"Ring of Peace"},{"floor":6,"key":"Replay:Bandana"},{"floor":7,"key":"Simple Rune"},{"floor":9,"key":"Pen Nib"},{"floor":11,"key":"Happy Flower"},{"floor":23,"key":"Tiny Chest"},{"floor":26,"key":"Blue Doll"}],"event_choices":[{"damage_healed":0,"gold_gain":0,"player_choice":"Entered Light","damage_taken":15,"max_hp_gain":0,"max_hp_loss":0,"event_name":"Shining Light","floor":3,"gold_loss":0,"cards_upgraded":["Defend_B","Defend_B"]},{"cards_removed":["Strike_B"],"damage_healed":0,"gold_gain":0,"player_choice":"Upgrade and Remove","damage_taken":0,"max_hp_gain":0,"max_hp_loss":0,"event_name":"Designer","floor":19,"gold_loss":90,"cards_upgraded":["Gash"]},{"damage_healed":0,"gold_gain":0,"player_choice":"Obtained Relic","damage_taken":0,"relics_obtained":["Mango"],"max_hp_gain":0,"max_hp_loss":0,"event_name":"Addict","floor":27,"gold_loss":85},{"damage_healed":0,"gold_gain":0,"player_choice":"Fight","damage_taken":0,"max_hp_gain":0,"max_hp_loss":0,"event_name":"Colosseum","floor":28,"gold_loss":0},{"damage_healed":0,"gold_gain":0,"player_choice":"Fought Nobs","damage_taken":0,"max_hp_gain":0,"max_hp_loss":0,"event_name":"Colosseum","floor":28,"gold_loss":0}],"is_beta":false,"boss_relics":[{"not_picked":["Snecko Eye","FrozenCore"],"picked":"SacredBark"}],"items_purged_floors":[2],"is_endless":false,"potions_floor_spawned":[1,6,10,12,18,20,22,23,24,25,28],"killed_by":"Colosseum Nobs","ascension_level":1}}