{"host":"f5gffvlv6a66yqkd","time":1612627367,"event":{"mods":["2.2 Compatiblity","BaseMod","Colored Map","Custom Start","DeckTracker","Keyboard Shortcuts","Minty Spire (QoL Compilation)","Permanent Neow","Quick Restart","Relic Stats","StSLib","SuperFastMode"],"gold_per_floor":[117,131,150,225,242,242,273,273,273,288,288,306,329,346,346,423,423,440,460,460,460,478,478,488,46,46,66,66,81,92,103,103,103,103],"floor_reached":33,"language":"KOR","playtime":925,"items_purged":[],"score":510,"play_id":"e8100de5-6cf3-4637-bc6c-d83bba5f53bf","local_time":"20210207010247","is_ascension_mode":true,"campfire_choices":[{"data":"Defragment","floor":6.0,"key":"SMITH"},{"floor":8.0,"key":"REST"},{"data":"Barrage","floor":15.0,"key":"SMITH"},{"floor":23.0,"key":"REST"},{"data":"Defragment","floor":28.0,"key":"SMITH"},{"floor":32.0,"key":"REST"}],"circlet_count":0,"master_deck":["AscendersBane","Strike_B","Strike_B","Strike_B","Strike_B","Defend_B","Defend_B","Defend_B+1","Defend_B","Zap","Dualcast+1","Ball Lightning","Gash","Coolheaded","Defragment+1","Stack","Stack","Glacier","Barrage+1","Electrodynamics","Rebound+1","Defragment+1","Capacitor","Turbo"],"relics":["Cracked Core","PreservedInsect","Akabeko","War Paint","SacredBark","ClockworkSouvenir","Bottled Tornado","Symbiotic Virus"],"acts_visited":["Exordium","TheCity"],"potions_floor_usage":[33],"damage_taken":[{"damage":4.0,"enemies":"Small Slimes","floor":1.0,"turns":3.0},{"damage":2.0,"enemies":"Jaw Worm","floor":2.0,"turns":2.0},{"damage":0.0,"enemies":"Cultist","floor":3.0,"turns":3.0},{"damage":3.0,"enemies":"2 Fungi Beasts","floor":5.0,"turns":3.0},{"damage":41.0,"enemies":"Gremlin Nob","floor":7.0,"turns":4.0},{"damage":7.0,"enemies":"Large Slime","floor":10.0,"turns":6.0},{"damage":11.0,"enemies":"Exordium Thugs","floor":12.0,"turns":4.0},{"damage":0.0,"enemies":"Looter","floor":14.0,"turns":3.0},{"damage":10.0,"enemies":"The Guardian","floor":16.0,"turns":13.0},{"damage":19.0,"enemies":"Shell Parasite","floor":18.0,"turns":6.0},{"damage":1.0,"enemies":"3 Byrds","floor":19.0,"turns":2.0},{"damage":19.0,"enemies":"Centurion and Healer","floor":22.0,"turns":6.0},{"damage":39.0,"enemies":"Snake Plant","floor":24.0,"turns":5.0},{"damage":1.0,"enemies":"3 Cultists","floor":27.0,"turns":4.0},{"damage":12.0,"enemies":"Shelled Parasite and Fungi","floor":29.0,"turns":4.0},{"damage":9.0,"enemies":"Snake Plant","floor":30.0,"turns":4.0},{"damage":15.0,"enemies":"Snecko","floor":31.0,"turns":5.0},{"damage":18,"enemies":"Champ","floor":33,"turns":10}],"seed_played":"4894187355017846984","potions_obtained":[{"floor":2.0,"key":"Regen Potion"},{"floor":3.0,"key":"Energy Potion"},{"floor":12.0,"key":"EntropicBrew"},{"floor":16.0,"key":"Explosive Potion"},{"floor":21.0,"key":"SpeedPotion"},{"floor":21.0,"key":"EssenceOfDarkness"},{"floor":22.0,"key":"EntropicBrew"},{"floor":30.0,"key":"DistilledChaos"}],"is_trial":false,"path_per_floor":["M","M","M","?","M","R","E","R","T","M","?","M","T","M","R","B",null,"M","M","?","?","M","R","M","$","T","M","R","M","M","M","R","B"],"character_chosen":"DEFECT","items_purchased":["ClockworkSouvenir","Bottled Tornado"],"campfire_rested":3,"item_purchase_floors":[25,25],"current_hp_per_floor":[60,58,58,47,44,44,3,24,24,17,40,41,41,41,41,31,61,42,41,41,41,22,43,38,38,38,37,37,25,16,1,22,4,4],"gold":103,"neow_bonus":"THREE_CARDS","is_daily":false,"chose_seed":false,"campfire_upgraded":3,"win_rate":0.0,"timestamp":1612627367,"path_taken":["M","M","M","?","M","R","E","R","T","M","?","M","?","M","R","BOSS","M","?","?","?","M","R","M","$","T","M","R","M","?","M","R","BOSS"],"items_purchased_type":["Relic","Relic"],"build_version":"2020-12-22","purchased_purges":0,"victory":false,"max_hp_per_floor":[71,71,71,71,71,71,71,71,71,71,71,71,71,71,71,71,71,71,71,71,71,71,71,71,71,71,71,71,71,71,71,71,71,71],"relic_stats":{"counters":[18,87],"PreservedInsect":0,"War Paint":["Defend_B","Dualcast"],"obtain_stats":[{"SacredBark":17,"PreservedInsect":7,"War Paint":13,"Bottled Tornado":25,"Cracked Core":0,"Symbiotic Virus":26,"Akabeko":9,"ClockworkSouvenir":25},{"SacredBark":9,"PreservedInsect":5,"War Paint":7,"Bottled Tornado":13,"Cracked Core":0,"Symbiotic Virus":13,"Akabeko":5,"ClockworkSouvenir":13},{"SacredBark":41,"PreservedInsect":15,"War Paint":25,"Bottled Tornado":60,"Cracked Core":0,"Symbiotic Virus":60,"Akabeko":15,"ClockworkSouvenir":60}]},"card_choices":[{"not_picked":["Barrage","Compile Driver"],"picked":"Ball Lightning","floor":0.0},{"not_picked":["Barrage","Go for the Eyes"],"picked":"Gash","floor":1.0},{"not_picked":["Rip and Tear","Steam"],"picked":"Coolheaded","floor":2.0},{"not_picked":["Beam Cell","Hologram","Streamline"],"picked":"SKIP","floor":3.0},{"not_picked":["Force Field","Hello World"],"picked":"Defragment","floor":5.0},{"not_picked":["Double Energy","Thunder Strike"],"picked":"Stack","floor":7.0},{"not_picked":["Recycle","Turbo"],"picked":"Stack","floor":10.0},{"not_picked":["Barrage","Loop"],"picked":"Glacier","floor":12.0},{"not_picked":["Chill","Genetic Algorithm"],"picked":"Barrage","floor":14.0},{"not_picked":["Biased Cognition","Reboot"],"picked":"Electrodynamics","floor":16.0},{"not_picked":["Barrage+1","Beam Cell"],"picked":"Rebound+1","floor":18.0},{"not_picked":["Loop","Ball Lightning"],"picked":"Defragment","floor":19.0},{"not_picked":["Rebound","Leap","Steam"],"picked":"SKIP","floor":22.0},{"not_picked":["Barrage","Go for the Eyes","Undo"],"picked":"SKIP","floor":24.0},{"not_picked":["Fusion","Storm"],"picked":"Capacitor","floor":27.0},{"not_picked":["Conserve Battery","Rainbow"],"picked":"Turbo","floor":29.0},{"not_picked":["Turbo","Barrage","Sweeping Beam"],"picked":"SKIP","floor":30.0},{"not_picked":["Hologram+1","Doom and Gloom","Conserve Battery"],"picked":"SKIP","floor":31.0}],"player_experience":1682291,"relics_obtained":[{"floor":7.0,"key":"PreservedInsect"},{"floor":9.0,"key":"Akabeko"},{"floor":13.0,"key":"War Paint"},{"floor":26.0,"key":"Symbiotic Virus"}],"event_choices":[{"damage_healed":0.0,"max_hp_gain":0.0,"max_hp_loss":0.0,"gold_gain":75.0,"event_name":"World of Goop","player_choice":"Gather Gold","floor":4.0,"gold_loss":0.0,"damage_taken":11.0},{"damage_healed":23.0,"max_hp_gain":0.0,"max_hp_loss":0.0,"gold_gain":0.0,"event_name":"Big Fish","player_choice":"Banana","floor":11.0,"gold_loss":0.0,"damage_taken":0.0},{"damage_healed":0.0,"max_hp_gain":0.0,"max_hp_loss":0.0,"gold_gain":0.0,"event_name":"Vampires","player_choice":"Ignored","floor":20.0,"gold_loss":0.0,"damage_taken":0.0},{"damage_healed":0.0,"max_hp_gain":0.0,"max_hp_loss":0.0,"gold_gain":0.0,"event_name":"Lab","player_choice":"Got Potions","floor":21.0,"gold_loss":0.0,"damage_taken":0.0}],"is_beta":false,"boss_relics":[{"not_picked":["Black Star","Cursed Key"],"picked":"SacredBark"}],"items_purged_floors":[],"is_endless":false,"potions_floor_spawned":[2,3,7,12,16,18,22,30],"killed_by":"Champ","ascension_level":20}}