{"host":"usru02jcpe2a942d","time":1612601573,"event":{"mods":["ATMod(°¢èªMod)","Act Like it!","BaseMod","Better Note","Better Vampires","Challenge The Spire","Colored Powertips","Friendly Minions","GifTheSpireLib","Highlight Path","Hubris","Infinite Spire","Jedi Mod","Lobotomy","LobotomyExtend","Minty Spire (QoL Compilation)","MostiFishMod","Pale of the Ancients","Quick Restart","Relic Stats","RumiaBox-Â¶Ã×æ«µÄÉñÃØºÐ×Ó","StSLib","The Poker Player","noobMod","¡¾ÒÅÎï¿¨ÅÆ¡¿REMEMod","óô»ðÖ¸ÄÏ"],"gold_per_floor":[117,127,127,127,127,160,178,178,231,231,249,265,299,319,100,205,205,216,234,284,284,34,166,180,180,180,196,396,421,110,126,126,223,223,290,371,371,435,451,86,86,105,129,146,196,213,213,227,79,79],"floor_reached":51,"language":"ZHS","playtime":3590,"items_purged":["HappyTeddy","Funeral","Dazed","CENSORED","PokerPlayerMod:ClubsClub+1"],"score":651,"play_id":"02fde7e8-84b0-4207-8c92-317c8d64a35f","local_time":"20210206165253","is_ascension_mode":false,"metric_token":1686,"campfire_choices":[{"data":"AT_FamilyPortrait","floor":8.0,"key":"SMITH"},{"data":"PokerPlayerMod:Raise","floor":25.0,"key":"SMITH"},{"data":"hubris:Fate","floor":32.0,"key":"SMITH"}],"circlet_count":0,"master_deck":["PokerPlayerMod:Diamond2","PokerPlayerMod:Diamond6","PokerPlayerMod:Diamond7","PokerPlayerMod:Diamond5","PokerPlayerMod:Spade2","PokerPlayerMod:Spade3","PokerPlayerMod:Spade4","PokerPlayerMod:Club2","PokerPlayerMod:BadJoker","PokerPlayerMod:Mulligan","MostiFishMod:Overload+1","AT_FamilyPortrait+1","SpiderBud","PokerPlayerMod:Trickery","Wellcheers","PokerPlayerMod:Diamond4","hubris:Fate+1","PokerPlayerMod:RoyalStrike","Murderer","PokerPlayerMod:RiskyBet","PokerPlayerMod:FlyingCard","OldLady","PokerPlayerMod:Configure","LaLuna","PokerPlayerMod:Raise+1","Scorched","PokerPlayerMod:Diamond5","PokerPlayerMod:CloakAndDiamond+1","PokerPlayerMod:StackedDeck+1","PokerPlayerMod:Fold+1","CherryBlossoms","PokerPlayerMod:Sharpen+1","PokerPlayerMod:CardBurn","PokerPlayerMod:DamnStraight+1","ShyLook","PokerPlayerMod:FillThePot","PokerPlayerMod:Spade9","PokerPlayerMod:Fold","PokerPlayerMod:Configure+1","MostiFishMod:ButterFly","Madness+1","AT_FamilyPortrait","REME_Flogging","PokerPlayerMod:WildCard"],"relics":["PokerPlayerMod:DeckCase","DaveBox","ice","REME_ComplimentaryCards","AT_ATBox","GreenFoldingFan","CogitoBucket","SynthV:TestCard","LetterFromLob","hubris:TenFootPole","DianPoetry","Tiny Chest","BehaviorAdjustment","Pen Nib","PokerPlayerMod:PenAndEraser","Coffee Dripper","SolemnVow_r","BackwardClock","Philosopher\u0027s Stone","hubris:MobiusCoin","Boot","Akabeko","Pear","WantedRequest","REME_PuzzleBoxRelic","Technique","Orichalcum","HellTrain","Empty Cage","hubris:MysteriousPyramids","hubris:Towel","CENSORED_r","Omamori","War Paint","DaCapo","Potion Belt","Toy Ornithopter"],"acts_visited":["Exordium","TheCity","TheBeyond"],"potions_floor_usage":[],"damage_taken":[{"damage":7.0,"enemies":"2 Louse","floor":1.0,"turns":2.0},{"damage":8.0,"enemies":"Jaw Worm","floor":2.0,"turns":4.0},{"damage":23.0,"enemies":"3 Sentries","floor":6.0,"turns":7.0},{"damage":11.0,"enemies":"Small Slimes","floor":7.0,"turns":2.0},{"damage":13.0,"enemies":"Looter","floor":11.0,"turns":3.0},{"damage":20.0,"enemies":"Blue Slaver","floor":12.0,"turns":4.0},{"damage":20.0,"enemies":"Gremlin Nob","floor":13.0,"turns":3.0},{"damage":4.0,"enemies":"Exordium Thugs","floor":14.0,"turns":2.0},{"damage":6.0,"enemies":"Slime Boss","floor":16.0,"turns":3.0},{"damage":10.0,"enemies":"Shell Parasite","floor":18.0,"turns":2.0},{"damage":30.0,"enemies":"Spheric Guardian","floor":19.0,"turns":5.0},{"damage":6.0,"enemies":"Snake Plant","floor":21.0,"turns":3.0},{"damage":48.0,"enemies":"Slavers","floor":23.0,"turns":3.0},{"damage":20.0,"enemies":"Snake Plant","floor":24.0,"turns":2.0},{"damage":4.0,"enemies":"Shelled Parasite and Fungi","floor":27.0,"turns":2.0},{"damage":23.0,"enemies":"Nightmare","floor":29.0,"turns":4.0},{"damage":123.0,"enemies":"Centurion and Healer","floor":31.0,"turns":7.0},{"damage":31.0,"enemies":"Champ","floor":33.0,"turns":3.0},{"damage":4.0,"enemies":"Orb Walker","floor":35.0,"turns":2.0},{"damage":8.0,"enemies":"3 Darklings","floor":38.0,"turns":2.0},{"damage":14.0,"enemies":"Maw","floor":39.0,"turns":3.0},{"damage":2,"enemies":"Jaw Worm Horde","floor":42,"turns":1},{"damage":14,"enemies":"4 Shapes","floor":44,"turns":2},{"damage":2,"enemies":"Spire Growth","floor":46,"turns":1},{"damage":15,"enemies":"Jaw Worm Horde","floor":48,"turns":2},{"damage":2,"enemies":"FixerMidnight","floor":50,"turns":1}],"seed_played":"-5950345738966531223","potions_obtained":[{"floor":6.0,"key":"GamblersBrew"},{"floor":7.0,"key":"Ancient Potion"},{"floor":12.0,"key":"EssenceOfSteel"},{"floor":18.0,"key":"AttackPotion"},{"floor":23.0,"key":"Energy Potion"},{"floor":33.0,"key":"EssenceOfSteel"},{"floor":39.0,"key":"SpeedPotion"},{"floor":42,"key":"EntropicBrew"}],"is_trial":false,"path_per_floor":["M","M","?","?","?","E","M","R","T","?","M","M","E","M","R","B",null,"M","M","AVR","M","$","E","M","R","T","M","?","NM","$","M","R","B",null,"M","T","?","M","M","$","?","M","T","M","AVR","M","T","M","R","B",null],"character_chosen":"THE_POKER_PLAYER","items_purchased":["PokerPlayerMod:PenAndEraser","Boot","Technique","Orichalcum","Omamori","MostiFishMod:ButterFly","Toy Ornithopter"],"campfire_rested":0,"item_purchase_floors":[15,22,30,30,40,40,49],"current_hp_per_floor":[52,52,39,39,51,44,46,46,46,46,49,39,29,35,35,39,52,52,32,32,52,52,14,52,52,62,65,65,57,57,84,84,63,85,86,86,86,86,82,82,77,86,86,82,82,86,86,86,86,86],"gold":129,"neow_bonus":"","is_daily":false,"chose_seed":false,"campfire_upgraded":3,"win_rate":0.0,"timestamp":1612601573,"path_taken":["M","M","?","?","?","E","?","R","T","?","M","M","E","M","R","BOSS","M","M","AVR","M","$","E","M","R","T","M","?","NM","$","?","R","BOSS","M","?","?","M","?","$","?","M","T","M","AVR","M","?","M","R","BOSS"],"items_purchased_type":["Relic","Relic","Relic","Relic","Relic","Card","Relic"],"build_version":"2020-12-22","purchased_purges":5,"victory":true,"max_hp_per_floor":[52,52,52,52,52,52,52,52,52,52,52,52,52,52,52,52,52,52,52,52,52,52,52,53,53,63,65,65,69,69,84,84,85,85,86,86,86,86,86,86,86,86,86,86,86,86,86,86,86,86],"relic_stats":{"counters":[29,78],"Tiny Chest":2,"Pen Nib":[6],"Orichalcum":[36],"War Paint":["Madness","MostiFishMod:Overload"],"Boot":[42],"obtain_stats":[{"CENSORED_r":39,"AT_ATBox":0,"DaveBox":0,"PokerPlayerMod:PenAndEraser":15,"SolemnVow_r":19,"DianPoetry":6,"ice":0,"hubris:MysteriousPyramids":36,"Boot":22,"Empty Cage":34,"GreenFoldingFan":0,"PokerPlayerMod:DeckCase":0,"CogitoBucket":0,"Tiny Chest":9,"Philosopher\u0027s Stone":20,"DaCapo":45,"WantedRequest":29,"Potion Belt":47,"BackwardClock":19,"hubris:MobiusCoin":20,"Pear":26,"Pen Nib":13,"Omamori":40,"Orichalcum":30,"hubris:Towel":37,"War Paint":43,"Akabeko":23,"SynthV:TestCard":1,"BehaviorAdjustment":12,"LetterFromLob":1,"hubris:TenFootPole":4,"Coffee Dripper":17,"Technique":30,"REME_PuzzleBoxRelic":29,"HellTrain":31,"Toy Ornithopter":49,"REME_ComplimentaryCards":0},{"CENSORED_r":24,"AT_ATBox":0,"DaveBox":0,"PokerPlayerMod:PenAndEraser":9,"SolemnVow_r":13,"DianPoetry":3,"ice":0,"hubris:MysteriousPyramids":22,"Boot":14,"Empty Cage":21,"GreenFoldingFan":0,"PokerPlayerMod:DeckCase":0,"CogitoBucket":0,"Tiny Chest":4,"Philosopher\u0027s Stone":13,"DaCapo":26,"WantedRequest":18,"Potion Belt":27,"BackwardClock":13,"hubris:MobiusCoin":13,"Pear":16,"Pen Nib":8,"Omamori":24,"Orichalcum":18,"hubris:Towel":22,"War Paint":25,"Akabeko":15,"SynthV:TestCard":1,"BehaviorAdjustment":7,"LetterFromLob":1,"hubris:TenFootPole":2,"Coffee Dripper":10,"Technique":18,"REME_PuzzleBoxRelic":18,"HellTrain":20,"Toy Ornithopter":28,"REME_ComplimentaryCards":0},{"CENSORED_r":71,"AT_ATBox":0,"DaveBox":0,"PokerPlayerMod:PenAndEraser":28,"SolemnVow_r":35,"DianPoetry":13,"ice":0,"hubris:MysteriousPyramids":66,"Boot":42,"Empty Cage":64,"GreenFoldingFan":0,"PokerPlayerMod:DeckCase":0,"CogitoBucket":0,"Tiny Chest":15,"Philosopher\u0027s Stone":39,"DaCapo":74,"WantedRequest":53,"Potion Belt":75,"BackwardClock":39,"hubris:MobiusCoin":39,"Pear":47,"Pen Nib":26,"Omamori":71,"Orichalcum":53,"hubris:Towel":66,"War Paint":72,"Akabeko":45,"SynthV:TestCard":2,"BehaviorAdjustment":23,"LetterFromLob":2,"hubris:TenFootPole":6,"Coffee Dripper":31,"Technique":53,"REME_PuzzleBoxRelic":53,"HellTrain":61,"Toy Ornithopter":77,"REME_ComplimentaryCards":0}],"Toy Ornithopter":0},"card_choices":[{"not_picked":["UniverseFragment","BeautyBeast"],"picked":"SpiderBud","floor":1.0},{"not_picked":["PokerPlayerMod:Club1","PokerPlayerMod:Diamond6"],"picked":"PokerPlayerMod:Trickery","floor":1.0},{"not_picked":["Freischutz","WallGazer"],"picked":"Wellcheers","floor":2.0},{"not_picked":["PokerPlayerMod:Club4","PokerPlayerMod:Spade3","PokerPlayerMod:HotShotCut","PokerPlayerMod:Diamond1"],"picked":"PokerPlayerMod:Diamond4","floor":2.0},{"not_picked":["hubris:Rewind","infinitespire:SevenWalls"],"picked":"hubris:Fate","floor":3.0},{"not_picked":["OldLady","OSAHOGD","DespairKnight"],"picked":"Singing Bowl","floor":6.0},{"not_picked":["PokerPlayerMod:Club4","PokerPlayerMod:Diamond3","PokerPlayerMod:HotShotCut","PokerPlayerMod:Spade2"],"picked":"PokerPlayerMod:RoyalStrike","floor":6.0},{"not_picked":["CrumblingArmor","MHz","BlackSwan"],"picked":"Singing Bowl","floor":7.0},{"not_picked":["Freischutz","Rudolta"],"picked":"Murderer","floor":7.0},{"not_picked":["PokerPlayerMod:CardBurn","PokerPlayerMod:Diamond4","PokerPlayerMod:Overdeal","PokerPlayerMod:MagicTrick"],"picked":"PokerPlayerMod:RiskyBet","floor":7.0},{"not_picked":["WallGazer","MHz","BeautyBeast"],"picked":"Singing Bowl","floor":11.0},{"not_picked":["SingingMachine","MHz"],"picked":"OldLady","floor":11.0},{"not_picked":["PokerPlayerMod:Diamond5","PokerPlayerMod:Diamond2","PokerPlayerMod:SpadeStrike","PokerPlayerMod:DamnStraight"],"picked":"PokerPlayerMod:Configure","floor":11.0},{"not_picked":["FairyFestival","BeautyBeast","UniverseFragment"],"picked":"Singing Bowl","floor":12.0},{"not_picked":["VoidDream","WallGazer"],"picked":"LaLuna","floor":12.0},{"not_picked":["PokerPlayerMod:Configure","PokerPlayerMod:DiamondStrike","PokerPlayerMod:Club5","PokerPlayerMod:Diamond2"],"picked":"PokerPlayerMod:Raise","floor":12.0},{"not_picked":["ShyLook","BeautyBeast"],"picked":"Scorched","floor":13.0},{"not_picked":["PokerPlayerMod:SecondChance","PokerPlayerMod:Diamond3","PokerPlayerMod:Overdeal","PokerPlayerMod:Fold"],"picked":"PokerPlayerMod:Diamond5","floor":13.0},{"not_picked":["HeroicMonk","RedShoes","WallGazer"],"picked":"Singing Bowl","floor":14.0},{"not_picked":["PunishingBird","MeatLantern"],"picked":"HappyTeddy","floor":14.0},{"not_picked":["PokerPlayerMod:Diamond2","PokerPlayerMod:Diamond1","PokerPlayerMod:Club3","PokerPlayerMod:Spade1"],"picked":"PokerPlayerMod:CloakAndDiamond","floor":14.0},{"not_picked":["ShyLook","CENSORED","PunishingBird"],"picked":"Singing Bowl","floor":16.0},{"not_picked":["PokerPlayerMod:Spade8","PokerPlayerMod:Diamond8","PokerPlayerMod:Spade7","PokerPlayerMod:Club9"],"picked":"PokerPlayerMod:StackedDeck","floor":16.0},{"not_picked":["Laetitia","UniverseFragment","VoidDream"],"picked":"Singing Bowl","floor":18.0},{"not_picked":["LittlePrince","QueenOfHatred"],"picked":"Funeral","floor":18.0},{"not_picked":["PokerPlayerMod:MagicTrick","PokerPlayerMod:Diamond5","PokerPlayerMod:Configure","PokerPlayerMod:Club2"],"picked":"PokerPlayerMod:Fold+1","floor":18.0},{"not_picked":["VoidDream","CherryBlossoms","Variant"],"picked":"Singing Bowl","floor":19.0},{"not_picked":["BeautyBeast","UniverseFragment"],"picked":"CherryBlossoms","floor":19.0},{"not_picked":["PokerPlayerMod:DiamondStrike+1","PokerPlayerMod:Heart4","PokerPlayerMod:Fold+1","PokerPlayerMod:ItsShowtime"],"picked":"PokerPlayerMod:Sharpen+1","floor":19.0},{"not_picked":["QueenOfHatred","VoidDream","MeatLantern"],"picked":"Singing Bowl","floor":23.0},{"not_picked":["Freischutz","SnowQueen"],"picked":"Mercenary","floor":23.0},{"not_picked":["PokerPlayerMod:Club6","PokerPlayerMod:Spade2","PokerPlayerMod:Raise","PokerPlayerMod:SpadeStrike+1"],"picked":"PokerPlayerMod:CardBurn","floor":23.0},{"not_picked":["BeautyBeast","HappyTeddy"],"picked":"QueenOfHatred","floor":24.0},{"not_picked":["PokerPlayerMod:Extraction","PokerPlayerMod:Duplicate","PokerPlayerMod:Diamond1","PokerPlayerMod:MagicTrick+1"],"picked":"PokerPlayerMod:DamnStraight+1","floor":24.0},{"not_picked":["UniverseFragment","SnowQueen"],"picked":"ShyLook","floor":27.0},{"not_picked":["PokerPlayerMod:Spade4","PokerPlayerMod:DartThrow","PokerPlayerMod:Club1","PokerPlayerMod:Trickery","PokerPlayerMod:Club2"],"picked":"SKIP","floor":27.0},{"not_picked":["SingingMachine","Woodsman","LittlePrince"],"picked":"Singing Bowl","floor":29.0},{"not_picked":["MHz","FieryBird"],"picked":"DespairKnight","floor":29.0},{"not_picked":["PokerPlayerMod:Harden","PokerPlayerMod:CardBurn+1","PokerPlayerMod:Fold","PokerPlayerMod:Diamond1","PokerPlayerMod:FlyingCard"],"picked":"SKIP","floor":29.0},{"not_picked":["BodiesMountain","SilentOrchestra"],"picked":"CENSORED","floor":31.0},{"not_picked":["PokerPlayerMod:Diamond1","PokerPlayerMod:Trickery","PokerPlayerMod:Diamond2","PokerPlayerMod:Spade4"],"picked":"PokerPlayerMod:FillThePot","floor":31.0},{"not_picked":["FieryBird","PlagueDoctor","GalaxyChild"],"picked":"Singing Bowl","floor":33.0},{"not_picked":["PokerPlayerMod:Duplicate","PokerPlayerMod:VarietyAttack","PokerPlayerMod:Club8","PokerPlayerMod:Heart8"],"picked":"PokerPlayerMod:Spade9","floor":33.0},{"not_picked":["PunishingBird","LittlePrince","CrumblingArmor"],"picked":"Singing Bowl","floor":35.0},{"not_picked":["PokerPlayerMod:Spade4","PokerPlayerMod:HotShotCut","PokerPlayerMod:DiamondStrike","PokerPlayerMod:Diamond1"],"picked":"PokerPlayerMod:ClubsClub+1","floor":35.0},{"not_picked":["Bloodbath","Freischutz"],"picked":"BlueStar","floor":38.0},{"not_picked":["PokerPlayerMod:Spade3","PokerPlayerMod:Diamond1","PokerPlayerMod:CloakAndDiamond+1","PokerPlayerMod:CardBurn"],"picked":"PokerPlayerMod:Fold","floor":38.0},{"not_picked":["Scarecrow","BlackSwan","Porccubus"],"picked":"Singing Bowl","floor":39.0},{"not_picked":["BigBadWolf","LittlePrince"],"picked":"LongBird","floor":39.0},{"not_picked":["PokerPlayerMod:Spade6","PokerPlayerMod:MagicTrick","PokerPlayerMod:Fold","PokerPlayerMod:Club3"],"picked":"PokerPlayerMod:Configure+1","floor":39.0},{"not_picked":["Discovery","Enlightenment","REME_TheoryOfElimination","Forethought"],"picked":"Madness","floor":41},{"not_picked":["Bandage Up","jedi:forcepull","Purity","Blind"],"picked":"AT_FamilyPortrait","floor":41},{"not_picked":["MostiFishMod:Awakening","AT_Homeward","MostiFishMod:ForestofLight","Finesse"],"picked":"REME_Flogging","floor":41},{"not_picked":["VoidDream","Woodsman"],"picked":"MeltingLove","floor":42},{"not_picked":["PokerPlayerMod:Club4","PokerPlayerMod:Diamond5","PokerPlayerMod:SpadeStrike","PokerPlayerMod:DartThrow+1"],"picked":"PokerPlayerMod:WildCard","floor":42},{"not_picked":["FieryBird","GalaxyChild","CrumblingArmor"],"picked":"Singing Bowl","floor":44},{"not_picked":["QueenBee","DreamingCurrent"],"picked":"QueenOfHatred","floor":44},{"not_picked":["PokerPlayerMod:Diamond4","PokerPlayerMod:Club3","PokerPlayerMod:Diamond1","PokerPlayerMod:Diamond2","PokerPlayerMod:MagicTrick"],"picked":"SKIP","floor":44},{"not_picked":["HappyTeddy","NothingThere"],"picked":"BlueStar","floor":46},{"not_picked":["PokerPlayerMod:MagicTrick+1","PokerPlayerMod:Spade1","PokerPlayerMod:Diamond4","PokerPlayerMod:RiskyBet+1","PokerPlayerMod:JackOfSpades"],"picked":"SKIP","floor":46},{"not_picked":["Scarecrow","NakedNest","VoidDream"],"picked":"Singing Bowl","floor":48},{"not_picked":["Porccubus","PunishingBird"],"picked":"BigBird","floor":48},{"not_picked":["PokerPlayerMod:Duplicate","PokerPlayerMod:Diamond1","PokerPlayerMod:HiddenCard+1","PokerPlayerMod:Diamond5","PokerPlayerMod:Diamond3"],"picked":"SKIP","floor":48}],"player_experience":242581,"relics_obtained":[{"floor":1.0,"key":"SynthV:TestCard"},{"floor":1.0,"key":"LetterFromLob"},{"floor":4.0,"key":"hubris:TenFootPole"},{"floor":6.0,"key":"DianPoetry"},{"floor":9.0,"key":"Tiny Chest"},{"floor":13.0,"key":"Pen Nib"},{"floor":23.0,"key":"Akabeko"},{"floor":26.0,"key":"Pear"},{"floor":29.0,"key":"REME_PuzzleBoxRelic"},{"floor":36.0,"key":"hubris:MysteriousPyramids"},{"floor":43,"key":"War Paint"},{"floor":47,"key":"Potion Belt"}],"event_choices":[{"damage_healed":0.0,"max_hp_gain":0.0,"max_hp_loss":0.0,"gold_gain":0.0,"cards_transformed":["PokerPlayerMod:Heart2"],"event_name":"Transmorgrifier","player_choice":"Transformed","floor":10.0,"gold_loss":0.0,"damage_taken":0.0,"cards_obtained":["PokerPlayerMod:FlyingCard"]},{"damage_healed":0.0,"max_hp_gain":0.0,"max_hp_loss":0.0,"gold_gain":250.0,"event_name":"The Joust","player_choice":"Bet on Owner","floor":28.0,"gold_loss":50.0,"damage_taken":0.0},{"damage_healed":0,"gold_gain":0,"player_choice":"Memory 3","damage_taken":10,"max_hp_gain":0,"max_hp_loss":0,"event_name":"SensoryStone","floor":41,"gold_loss":0}],"is_beta":false,"boss_relics":[{"not_picked":["PokerPlayerMod:AceCard","SacredBark"],"picked":"Coffee Dripper"},{"not_picked":["jedi:paperlyon","jedi:battlestandard"],"picked":"Empty Cage"}],"items_purged_floors":[15,20,22,40,45],"is_endless":true,"potions_floor_spawned":[6,7,12,18,21,23,33,39,42,46],"ascension_level":0}}