{"host":"873t0y8ybyo38pfq","time":1612616409,"event":{"mods":["BaseMod","Bestiary","Colored Map","Colored Powertips","Highlight Path","Minty Spire (QoL Compilation)","Quick Restart","RNG Fix","Rare Cards Sparkle","Relic Stats","StSLib"],"gold_per_floor":[110,126,126,126,140,140,160,160,160,2,2,18,18,53,53,127,127,127,27,27,27,27,27],"floor_reached":22,"language":"ENG","playtime":589,"items_purged":[],"score":522,"play_id":"a99f9a32-59e8-4b19-9dcf-ef7aa531e5ef","local_time":"20210206080009","is_ascension_mode":true,"campfire_choices":[{"floor":6,"key":"REST"},{"data":"Riddle With Holes","floor":8,"key":"SMITH"},{"data":"Glass Knife","floor":11,"key":"SMITH"},{"floor":15,"key":"REST"}],"circlet_count":0,"master_deck":["AscendersBane","Strike_G","Strike_G","Strike_G","Strike_G","Strike_G","Defend_G","Defend_G","Defend_G","Defend_G","Survivor","Neutralize","Riddle With Holes+1","Cloak And Dagger","Underhanded Strike","Footwork","Dagger Spray","Glass Knife+1","Leg Sweep","Envenom","After Image","Backflip","Terror+1","Escape Plan"],"relics":["Ring of the Snake","FossilizedHelix","InkBottle","Snake Skull","Gremlin Horn","Ectoplasm","Girya"],"acts_visited":["Exordium","TheCity"],"potions_floor_usage":[16,19],"damage_taken":[{"damage":19,"enemies":"Jaw Worm","floor":1,"turns":9},{"damage":12,"enemies":"Small Slimes","floor":2,"turns":5},{"damage":0,"enemies":"Cultist","floor":5,"turns":4},{"damage":1,"enemies":"3 Louse","floor":7,"turns":4},{"damage":11,"enemies":"Exordium Thugs","floor":12,"turns":5},{"damage":0,"enemies":"Gremlin Nob","floor":14,"turns":4},{"damage":0,"enemies":"Slime Boss","floor":16,"turns":7},{"damage":17,"enemies":"Spheric Guardian","floor":18,"turns":6},{"damage":21,"enemies":"2 Thieves","floor":19,"turns":4},{"damage":22,"enemies":"Centurion and Healer","floor":20,"turns":7},{"damage":2,"enemies":"Sentry and Sphere","floor":22,"turns":4}],"seed_played":"4648986834782336067","potions_obtained":[{"floor":7,"key":"Dexterity Potion"},{"floor":14,"key":"AttackPotion"},{"floor":18,"key":"EssenceOfSteel"}],"is_trial":false,"path_per_floor":["M","M","?","?","M","R","M","R","T","$","R","M","?","E","R","B",null,"M","M","M","T","M"],"character_chosen":"THE_SILENT","items_purchased":["Glass Knife"],"campfire_rested":2,"item_purchase_floors":[10],"current_hp_per_floor":[40,28,21,21,21,40,39,39,39,39,39,28,28,28,47,47,61,44,23,1,1,0,0],"gold":27,"neow_bonus":"ONE_RARE_RELIC","is_daily":false,"chose_seed":false,"campfire_upgraded":2,"win_rate":0.0,"timestamp":1612616409,"path_taken":["M","M","?","?","M","R","M","R","T","$","R","M","?","E","R","BOSS","M","M","?","?","M"],"items_purchased_type":["Card"],"build_version":"2020-12-22","purchased_purges":0,"victory":false,"max_hp_per_floor":[66,66,66,66,66,66,66,66,66,66,66,66,66,66,66,66,66,66,66,66,66,66,66],"relic_stats":{"Gremlin Horn":[5,5],"counters":[11,59],"Snake Skull":[39],"Ectoplasm":106,"obtain_stats":[{"Girya":21,"Gremlin Horn":14,"Snake Skull":13,"Ectoplasm":17,"FossilizedHelix":0,"InkBottle":9,"Ring of the Snake":0},{"Girya":10,"Gremlin Horn":6,"Snake Skull":5,"Ectoplasm":7,"FossilizedHelix":0,"InkBottle":4,"Ring of the Snake":0},{"Girya":55,"Gremlin Horn":31,"Snake Skull":27,"Ectoplasm":38,"FossilizedHelix":0,"InkBottle":22,"Ring of the Snake":0}],"InkBottle":[12],"Ring of the Snake":[22]},"card_choices":[{"not_picked":["Dodge and Roll","Leg Sweep"],"picked":"Riddle With Holes","floor":1},{"not_picked":["Reflex","Outmaneuver"],"picked":"Cloak And Dagger","floor":2},{"not_picked":["Sucker Punch","Concentrate"],"picked":"Footwork","floor":5},{"not_picked":["Dagger Throw","Outmaneuver"],"picked":"Dagger Spray","floor":7},{"not_picked":["Calculated Gamble","Underhanded Strike"],"picked":"Leg Sweep","floor":12},{"not_picked":["Sucker Punch","Dagger Throw"],"picked":"Envenom","floor":14},{"not_picked":["Unload","Envenom"],"picked":"After Image","floor":16},{"not_picked":["Flying Knee","Backstab"],"picked":"Backflip","floor":18},{"not_picked":["Deflect","Quick Slash"],"picked":"Terror+1","floor":19},{"not_picked":["Expertise","Prepared"],"picked":"Escape Plan","floor":20}],"player_experience":1755096,"relics_obtained":[{"floor":9,"key":"InkBottle"},{"floor":14,"key":"Gremlin Horn"},{"floor":21,"key":"Girya"}],"event_choices":[{"cards_removed":["Pain"],"damage_healed":0,"gold_gain":0,"player_choice":"Card Removal","damage_taken":7,"max_hp_gain":0,"max_hp_loss":0,"event_name":"Golden Wing","floor":3,"gold_loss":0},{"damage_healed":0,"gold_gain":0,"cards_transformed":["Defend_G"],"player_choice":"Change","damage_taken":0,"max_hp_gain":0,"max_hp_loss":0,"event_name":"Living Wall","floor":4,"gold_loss":0,"cards_obtained":["Underhanded Strike"]},{"damage_healed":0,"gold_gain":0,"player_choice":"Gave Potion","damage_taken":0,"relics_obtained":["Snake Skull"],"max_hp_gain":0,"max_hp_loss":0,"event_name":"WeMeetAgain","floor":13,"gold_loss":0}],"is_beta":false,"boss_relics":[{"not_picked":["HoveringKite","Black Star"],"picked":"Ectoplasm"}],"items_purged_floors":[],"is_endless":false,"potions_floor_spawned":[7,14,18],"killed_by":"Sentry and Sphere","ascension_level":20}}