{"host":"gk9qdtkqd8dwfeg2","time":1612631262,"event":{"mods":["Act Like it!","Aspiration","BaseMod","Colored Powertips","Gensokyo","Minty Spire (QoL Compilation)","Quick Restart","Replay The Spire","Shop Mod","StSLib","TestMod","The Servant 0.9.4","Waifu the Spire","WarShipGirlsR/’ΩΩ¢…Ÿ≈ÆR mod"],"gold_per_floor":[114,131,146,163,178,212,212,237,237,269,289,302,333,24,24,97,97,107,121,121,121,138,168,178,11,11,43,43,62,94,94,94,168,168,179,179,179,91,105,130,130,158,158,158,158,184,184,209,209,209,209,209,209,52,81,81],"floor_reached":57,"language":"ZHS","playtime":2258,"items_purged":["Strike_P","Defend_P"],"score":3371,"play_id":"9273baa5-f581-44aa-931c-cf6fa6871fab","local_time":"20210207010742","is_ascension_mode":true,"campfire_choices":[{"data":"Eruption","floor":7.0,"key":"SMITH"},{"data":"TalkToTheHand","floor":15.0,"key":"SMITH"},{"floor":32.0,"key":"RECALL"},{"data":"Ragnarok","floor":49,"key":"SMITH"},{"data":"MasterReality","floor":53,"key":"SMITH"}],"circlet_count":0,"master_deck":["AscendersBane","Defend_P","Eruption+1","Vigilance","BattleHymn","Indignation","TalkToTheHand+1","Ragnarok+1","Omniscience","Fasting2","Endless Agony","FearNoEvil","Adaptation","MasterReality+1","Tantrum","Adaptation+1","DeusExMachina+1"],"relics":["PureWater","testmod-TestBox","testmod-PortableAltar","Burning Blood","Omamori","HornCleat","testmod-BalancedPeriapt","Replay:Baseball","Sundial","BargainBundle","Coffee Dripper","Black Star","Ring of Misfortune","Ring of Searing","Bottled Flame","MerchantsRug","ClockworkSouvenir","Iron Hammer","Bag of Preparation","Simple Rune","Torii","Singing Bowl","Replay:Drink Me","Frozen Egg 2","aspiration:ArtOfWarUpgrade","testmod-EqualTreatment","Orichalcum","testmod-Justice","Pet Ghost","aspiration:HiddenCompartment","Toxic Egg 2","Bronze Scales","ReplayTheSpireMod:Shallot"],"acts_visited":["Exordium","Gensokyo:Gensokyo","Gensokyo:Gensokyoer","TheEnding"],"potions_floor_usage":[56,56],"damage_taken":[{"damage":12.0,"enemies":"Gensokyo:2_Kodama","floor":1.0,"turns":2.0},{"damage":2.0,"enemies":"Gensokyo:Python","floor":2.0,"turns":2.0},{"damage":3.0,"enemies":"Gensokyo:3_Fairies","floor":3.0,"turns":3.0},{"damage":2.0,"enemies":"Gensokyo:VengefulSpirit","floor":4.0,"turns":2.0},{"damage":5.0,"enemies":"Gensokyo:2_Rabbits","floor":5.0,"turns":5.0},{"damage":34.0,"enemies":"Gensokyo:Aya","floor":6.0,"turns":5.0},{"damage":3.0,"enemies":"Gensokyo:Mamizou","floor":8.0,"turns":4.0},{"damage":1.0,"enemies":"Gensokyo:Aya","floor":10.0,"turns":3.0},{"damage":0.0,"enemies":"Gensokyo:LivingMonolith","floor":11.0,"turns":2.0},{"damage":4.0,"enemies":"Gensokyo:Gryphon_and_Rabbit","floor":12.0,"turns":3.0},{"damage":2.0,"enemies":"Gensokyo:Mamizou","floor":13.0,"turns":4.0},{"damage":35.0,"enemies":"Gensokyo:Reimu","floor":16.0,"turns":6.0},{"damage":0.0,"enemies":"Gensokyo:2_Gloops","floor":18.0,"turns":3.0},{"damage":0.0,"enemies":"Gensokyo:CosmicMonolith","floor":19.0,"turns":2.0},{"damage":13.0,"enemies":"Gensokyo:Wraith","floor":22.0,"turns":2.0},{"damage":5.0,"enemies":"Gensokyo:Koishi","floor":23.0,"turns":3.0},{"damage":9.0,"enemies":"Gensokyo:Swordslinger","floor":24.0,"turns":3.0},{"damage":7.0,"enemies":"Gensokyo:Reisen","floor":27.0,"turns":3.0},{"damage":5.0,"enemies":"Gensokyo:Slime_Group","floor":29.0,"turns":3.0},{"damage":7.0,"enemies":"Gensokyo:Koishi","floor":30.0,"turns":3.0},{"damage":11.0,"enemies":"Gensokyo:Kaguya","floor":33.0,"turns":4.0},{"damage":5.0,"enemies":"Gensokyo:3_Boulders","floor":35.0,"turns":2.0},{"damage":0.0,"enemies":"Gensokyo:AncientGuardian","floor":39.0,"turns":1.0},{"damage":5.0,"enemies":"Gensokyo:Doremy","floor":40.0,"turns":2.0},{"damage":6.0,"enemies":"Gensokyo:Marisa","floor":42.0,"turns":2.0},{"damage":2.0,"enemies":"Gensokyo:Kasen","floor":46.0,"turns":2.0},{"damage":2,"enemies":"Gensokyo:Doremy","floor":48,"turns":2},{"damage":7,"enemies":"Gensokyo:Scarlet_Devils","floor":50,"turns":3},{"damage":30,"enemies":"Gensokyo:Yuyuko","floor":51,"turns":2},{"damage":2,"enemies":"Shield and Spear","floor":55,"turns":2},{"damage":33,"enemies":"The Heart","floor":56,"turns":5}],"seed_played":"-8935652352606605961","potions_obtained":[{"floor":1.0,"key":"ColorlessPotion"},{"floor":3.0,"key":"LiquidMemories"},{"floor":6.0,"key":"LiquidMemories"},{"floor":12.0,"key":"Regen Potion"},{"floor":18.0,"key":"Flashbang"},{"floor":39.0,"key":"Elixir"},{"floor":42.0,"key":"Cursed Concoction"}],"is_trial":false,"path_per_floor":["M","M","M","M","M","E","R","E","T","E","M","M","E","$","R","B",null,"M","M","?","?","M","E","M","$","T","E","$","M","E","?","R","B",null,"M","?","?","$","M","E","R","E","T","?","R","E","?","E","R","B","B",null,"R","$","E","B",null],"character_chosen":"WATCHER","items_purchased":["BargainBundle","Ragnarok","BlessingOfTheForge","AttackPotion","InnerPeace","MerchantsRug","Adaptation","ClockworkSouvenir","Tantrum","DeusExMachina+1"],"campfire_rested":0,"item_purchase_floors":[14,14,14,14,14,25,25,25,38,54],"current_hp_per_floor":[55,59,62,64,63,34,34,37,37,41,46,47,59,58,57,27,51,56,59,58,57,49,59,55,54,53,51,50,50,54,53,52,52,54,59,58,57,56,59,59,58,57,56,55,54,59,59,59,58,56,55,58,57,56,59,31],"gold":81,"neow_bonus":"NOSTALGIA","is_daily":false,"chose_seed":false,"campfire_upgraded":4,"win_rate":0.0,"timestamp":1612631262,"path_taken":["M","?","M","M","M","E","R","E","T","E","M","M","E","$","R","BOSS","M","M","?","?","M","E","?","?","T","E","$","M","E","?","R","BOSS","M","?","?","$","M","E","R","E","T","?","R","E","?","E","R","BOSS","BOSS","R","$","E","BOSS"],"items_purchased_type":["Relic","Card","Potion","Potion","Card","Relic","Card","Relic","Card","Card"],"build_version":"2020-12-22","purchased_purges":2,"victory":true,"max_hp_per_floor":[67,66,65,64,63,62,61,60,59,59,59,59,59,59,59,59,59,59,59,59,59,59,59,59,59,59,59,59,59,59,59,59,59,59,59,59,59,59,59,59,59,59,59,59,59,59,59,59,59,59,59,59,59,59,59,59],"card_choices":[{"not_picked":["Study","Replay:DivineShield"],"picked":"CarveReality","floor":1.0},{"not_picked":["EmptyFist","Crescendo","Replay:ManipulateFuture"],"picked":"SKIP","floor":2.0},{"not_picked":["EmptyBody","CrushJoints","Replay:Vibes"],"picked":"SKIP","floor":3.0},{"not_picked":["FlyingSleeves","Protect"],"picked":"BattleHymn","floor":4.0},{"not_picked":["SandsOfTime","Prostrate"],"picked":"Replay:Hum","floor":5.0},{"not_picked":["PathToVictory","CrushJoints","Replay:ManipulateFuture"],"picked":"SKIP","floor":6.0},{"not_picked":["PathToVictory","FlyingSleeves","CrushJoints"],"picked":"SKIP","floor":8.0},{"not_picked":["FlurryOfBlows","DeceiveReality","Replay:LoomingThreat"],"picked":"SKIP","floor":10.0},{"not_picked":["ClearTheMind","WreathOfFlame"],"picked":"Indignation","floor":11.0},{"not_picked":["LikeWater","Replay:DivineShield","Perseverance"],"picked":"SKIP","floor":12.0},{"not_picked":["FlyingSleeves","BattleHymn"],"picked":"TalkToTheHand","floor":13.0},{"not_picked":["Judgement","Replay:AllIn"],"picked":"Omniscience","floor":16.0},{"not_picked":["Evaluate","Consecrate","ClearTheMind"],"picked":"SKIP","floor":18.0},{"not_picked":["Conclude","ClearTheMind"],"picked":"Fasting2","floor":19.0},{"not_picked":["BowlingBash","Prostrate","Vengeance"],"picked":"SKIP","floor":22.0},{"not_picked":["FlurryOfBlows","PathToVictory"],"picked":"FearNoEvil","floor":23.0},{"not_picked":["Replay:AtTheReady","Vengeance","BowlingBash"],"picked":"SKIP","floor":24.0},{"not_picked":["FlurryOfBlows","SpiritShield"],"picked":"MasterReality","floor":27.0},{"not_picked":["Replay:BluntJabs","CrushJoints","Protect"],"picked":"SKIP","floor":29.0},{"not_picked":["FlyingSleeves","MentalFortress+1","EmptyFist"],"picked":"Singing Bowl","floor":30.0},{"not_picked":["Brilliance","Devotion","Ragnarok"],"picked":"Singing Bowl","floor":33.0},{"not_picked":["FlurryOfBlows","FlyingSleeves+1","EmptyBody+1"],"picked":"Singing Bowl","floor":35.0},{"not_picked":["FlyingSleeves","Crescendo","Replay:BluntJabs"],"picked":"SKIP","floor":39.0},{"not_picked":["FlurryOfBlows","Brilliance","Evaluate+1"],"picked":"Singing Bowl","floor":40.0},{"not_picked":["Replay:ManipulateFuture","SignatureMove+1"],"picked":"Adaptation+1","floor":42.0},{"not_picked":["EmptyBody","Protect","SashWhip"],"picked":"Singing Bowl","floor":46.0},{"not_picked":["Study+1","Replay:Cycle+1","PathToVictory+1"],"picked":"Singing Bowl","floor":48},{"not_picked":["Prostrate+1","Protect+1","Evaluate+1"],"picked":"Singing Bowl","floor":55}],"player_experience":704567,"relics_obtained":[{"floor":6.0,"key":"Omamori"},{"floor":8.0,"key":"HornCleat"},{"floor":9.0,"key":"testmod-BalancedPeriapt"},{"floor":10.0,"key":"Replay:Baseball"},{"floor":13.0,"key":"Sundial"},{"floor":20.0,"key":"Ring of Misfortune"},{"floor":20.0,"key":"Ring of Searing"},{"floor":23.0,"key":"Strawberry"},{"floor":23.0,"key":"Bottled Flame"},{"floor":26.0,"key":"Iron Hammer"},{"floor":27.0,"key":"Bag of Preparation"},{"floor":27.0,"key":"Simple Rune"},{"floor":30.0,"key":"Torii"},{"floor":30.0,"key":"Singing Bowl"},{"floor":40.0,"key":"Frozen Egg 2"},{"floor":40.0,"key":"Art of War"},{"floor":42.0,"key":"testmod-EqualTreatment"},{"floor":42.0,"key":"Orichalcum"},{"floor":46.0,"key":"testmod-Justice"},{"floor":46.0,"key":"Pet Ghost"},{"floor":48,"key":"aspiration:HiddenCompartment"},{"floor":48,"key":"Toxic Egg 2"},{"floor":55,"key":"Bronze Scales"},{"floor":55,"key":"ReplayTheSpireMod:Shallot"}],"event_choices":[],"is_beta":false,"boss_relics":[{"not_picked":["Runic Pyramid","Replay:Wanted Poster"],"picked":"Replay:Grab Bag"},{"not_picked":["Busted Crown","Velvet Choker"],"picked":"Fusion Hammer"},{"not_picked":["ChewingGum","Cursed Key"],"picked":"Coffee Dripper"},{"not_picked":["testmod-EnergyCheck","Snecko Eye"],"picked":"Black Star"},{"not_picked":["aspiration:RandomNobGenerator","Replay:Bronze Core"],"picked":"Replay:Drink Me"}],"items_purged_floors":[14,25],"is_endless":false,"potions_floor_spawned":[1,3,6,12,18,24,27,29,39,42,48],"ascension_level":20}}