{"host":"o3b7ow6d1xe49css","time":1612652125,"event":{"mods":["Act Like it!","Aspiration","BaseMod","Bestiary","Better Altar","Better Match","Better Note","Better Sensory Stone","Better Skull","Better Third Choice","Colored Powertips","Conspire","Energized Spire","Force Act Four","GifTheSpireLib","Halation","Hermit","Hubris","Infinite Spire","Lobotomy","Minty Spire (QoL Compilation)","Quick Restart","Rare Cards Sparkle","Relic Filter Mod","Reliquary","Replay The Spire","Spicy Shops","Spikes Relics","Spire Arcade","StSLib","Stuff the Spire","The Blue Laboratory","Wandering Minibosses"],"gold_per_floor":[109,128,138,138,156,156,191,191,241,259,290,318,174,202,202,297,297,309,321,321,321,321],"floor_reached":21,"language":"ENG","playtime":1337,"items_purged":["Strike_G"],"score":286,"play_id":"8d33dccc-d023-42a5-9e00-09c9a8e9e7f9","local_time":"20210206135525","daily_mods":["Heirloom","Flight"],"is_ascension_mode":true,"campfire_choices":[{"data":"Blade Dance","floor":6.0,"key":"SMITH"},{"data":"All Out Attack","floor":8.0,"key":"SMITH"},{"data":"conspire:DoublingDagger","floor":15,"key":"SMITH"}],"circlet_count":0,"master_deck":["Strike_G","Strike_G","Defend_G","Defend_G","Defend_G","Defend_G","Defend_G","Survivor","Blade Dance+1","UniverseFragment","All Out Attack+1","Calculated Gamble","Eviscerate","Prepared","conspire:DoublingDagger+1","Riddle With Holes","Cloak And Dagger","Venomology+1","Backflip"],"relics":["Ring of the Snake","Ring of Chaos","TungstenRod","CogitoBucket","ReplayTheSpireMod:Ring of Exchange","Ring of Fury","Centennial Puzzle","Bag of Marbles","SkinProphecy","Replay:Multitool","Orichalcum","Golden Egg","halation:Sosunser"],"acts_visited":["Exordium","TheCity"],"potions_floor_usage":[14,18,18,21],"damage_taken":[{"damage":0.0,"enemies":"conspire:RoseBush","floor":1.0,"turns":4.0},{"damage":1.0,"enemies":"Jaw Worm","floor":2.0,"turns":6.0},{"damage":0.0,"enemies":"Cultist","floor":3.0,"turns":3.0},{"damage":9.0,"enemies":"Lots of Slimes","floor":5.0,"turns":3.0},{"damage":2.0,"enemies":"Replay:BlueRogue","floor":7.0,"turns":8.0},{"damage":13.0,"enemies":"Large Slime","floor":10.0,"turns":4.0},{"damage":12.0,"enemies":"Lagavulin","floor":11.0,"turns":4.0},{"damage":2.0,"enemies":"Replay:BlueRogue","floor":12.0,"turns":3.0},{"damage":1,"enemies":"3 Sentries","floor":14,"turns":3},{"damage":22,"enemies":"Fading Forest","floor":16,"turns":11},{"damage":9,"enemies":"3 Byrds","floor":18,"turns":4},{"damage":41,"enemies":"conspire:FuzzyDice","floor":19,"turns":5},{"damage":5,"enemies":"Snecko","floor":21,"turns":3}],"seed_played":"1613248566622548907","potions_obtained":[{"floor":1.0,"key":"PowerPotion"},{"floor":3.0,"key":"LiquidBronze"},{"floor":12.0,"key":"blueLaboratory:FruitPunch"},{"floor":19,"key":"Reflective Coating"}],"is_trial":true,"path_per_floor":["M","M","M","?","M","R","E","R","T","M","E","E","$","E","R","B",null,"M","M","?","M"],"character_chosen":"THE_SILENT","items_purchased":["Riddle With Holes"],"campfire_rested":0,"item_purchase_floors":[13],"current_hp_per_floor":[70,69,69,69,60,60,58,58,58,45,29,23,23,20,20,14,64,47,2,2,0,0],"gold":321,"neow_bonus":"","is_daily":false,"chose_seed":false,"campfire_upgraded":3,"win_rate":0.0,"timestamp":1612652125,"path_taken":["M","M","M","?","M","R","E","R","T","M","E","E","$","E","R","BOSS","M","M","?","?"],"items_purchased_type":["Card"],"build_version":"2020-12-22","purchased_purges":1,"victory":false,"max_hp_per_floor":[70,70,70,70,70,70,70,70,70,70,72,74,74,78,78,80,80,84,86,86,88,88],"card_choices":[{"not_picked":["Rudolta","CENSORED","BeautyBeast"],"picked":"Singing Bowl","floor":1.0},{"not_picked":["Underhanded Strike","Outmaneuver","Reflex"],"picked":"SKIP","floor":1.0},{"not_picked":["StuffTheSpire:BumpUp","Tactician"],"picked":"Blade Dance","floor":2.0},{"not_picked":["OldLady","ShyLook"],"picked":"UniverseFragment","floor":2.0},{"not_picked":["Bane","Quick Slash"],"picked":"All Out Attack","floor":3.0},{"not_picked":["PunishingBird","Bloodbath","CrumblingArmor"],"picked":"Singing Bowl","floor":3.0},{"not_picked":["A Thousand Cuts","Dodge and Roll","Dagger Throw"],"picked":"SKIP","floor":5.0},{"not_picked":["StuffTheSpire:Fury","StuffTheSpire:BrimstoneBlast"],"picked":"Calculated Gamble","floor":7.0},{"not_picked":["Murderer","BeautyBeast","Scorched"],"picked":"Singing Bowl","floor":7.0},{"not_picked":["Noxious Fumes","Doppelganger"],"picked":"Eviscerate","floor":10.0},{"not_picked":["StuffTheSpire:ClusterCrunch","Dagger Spray"],"picked":"Prepared","floor":11.0},{"not_picked":["Masterful Stab","Noxious Fumes"],"picked":"conspire:DoublingDagger","floor":12.0},{"not_picked":["ReplayTheSpireMod:Necrosis","Sucker Punch"],"picked":"Cloak And Dagger","floor":14},{"not_picked":["SingingMachine","Scorched","MHz"],"picked":"Singing Bowl","floor":14},{"not_picked":["Replay:Bag of Tricks","aspiration:Lunge"],"picked":"Venomology","floor":16},{"not_picked":["Slice","Deflect","Skewer+1"],"picked":"SKIP","floor":18},{"not_picked":["Hidden Blade+1","Sucker Punch"],"picked":"Backflip","floor":19}],"player_experience":1311782,"relics_obtained":[{"floor":4.0,"key":"ReplayTheSpireMod:Ring of Exchange"},{"floor":4.0,"key":"Ring of Fury"},{"floor":7.0,"key":"Centennial Puzzle"},{"floor":9.0,"key":"Bag of Marbles"},{"floor":11.0,"key":"Replay:Multitool"},{"floor":12.0,"key":"Orichalcum"},{"floor":14,"key":"Golden Egg"}],"event_choices":[{"damage_healed":0,"gold_gain":0,"player_choice":"Ignored","damage_taken":0,"max_hp_gain":0,"max_hp_loss":0,"event_name":"betterNote:BetterNote","floor":20,"gold_loss":0,"cards_obtained":["Strike_R"]}],"is_beta":false,"boss_relics":[{"not_picked":["Replay:Wanted Poster","infinitespire:Cupcake"],"picked":"halation:Sosunser"}],"items_purged_floors":[13],"is_endless":false,"potions_floor_spawned":[1,3,12,19],"killed_by":"Snecko","ascension_level":5}}