{"host":"odhb85ppoyjrwi3n","time":1612571097,"event":{"mods":["BaseMod","Better Third Choice","BetterRewards","Bossed Relics","Minty Spire (QoL Compilation)","Quick Restart","StSLib"],"gold_per_floor":[10111,10122,9184,9217,9167,9197,9197,9197,9197,9197,9197,9242,9242,9275,9275,9375,9375,9394,9394,9405,9405,9261,9314,9314,9333,9333,9333,8434,8434,7891,7830,7830,7935,7935,7945,7945,7260,7301,7337,7337,7367,6572,6572,5667,5667,5667,5717,5717,5717,5717],"floor_reached":51,"language":"ENG","playtime":2103,"items_purged":["Strike_G","Regret","Strike_G"],"score":1077,"play_id":"9c4b9d1e-1c2a-4901-b49e-32fe2758a2cf","local_time":"20210206012457","is_ascension_mode":true,"campfire_choices":[{"data":"Noxious Fumes","floor":8,"key":"SMITH"},{"data":"HandOfGreed","floor":10,"key":"SMITH"},{"data":"Choke","floor":11,"key":"SMITH"},{"data":"1","floor":15,"key":"LIFT"},{"floor":24,"key":"REST"},{"floor":27,"key":"REST"},{"floor":32,"key":"REST"},{"floor":40,"key":"REST"},{"data":"2","floor":45,"key":"LIFT"},{"floor":49,"key":"REST"}],"circlet_count":0,"master_deck":["Strike_G","Strike_G","Strike_G","Defend_G","Defend_G+1","Defend_G","Defend_G","Survivor+1","Neutralize","Dagger Spray","Noxious Fumes+1","HandOfGreed+1","Choke+1","Seeing Red","Conserve Battery+1","Go for the Eyes+1","The Bomb+1","Stack","Blade Dance+1","FollowUp+1","Apotheosis","Terror"],"relics":["Ring of the Snake","Orichalcum","Toy Ornithopter","PrismaticShard","FossilizedHelix","WingedGreaves","Girya","Happy Flower","WristBlade","Orrery","Omamori","Mummified Hand","Thread and Needle","Bag of Preparation","ClockworkSouvenir","betterThird:NestCultRelic","MealTicket","Art of War","Frozen Eye","War Paint","SlaversCollar","Anchor","Boot","Toolbox","Pen Nib","Strange Spoon","Peace Pipe","Juzu Bracelet","Lizard Tail","Dead Branch","Medical Kit","Gambling Chip"],"acts_visited":["Exordium","TheCity","TheBeyond"],"potions_floor_usage":[3,6,6,14,14,16,33,33,33,36,38],"damage_taken":[{"damage":2,"enemies":"Jaw Worm","floor":1,"turns":6},{"damage":0,"enemies":"Cultist","floor":2,"turns":4},{"damage":0,"enemies":"2 Louse","floor":4,"turns":2},{"damage":9,"enemies":"3 Sentries","floor":6,"turns":8},{"damage":2,"enemies":"Blue Slaver","floor":12,"turns":4},{"damage":24,"enemies":"Lagavulin","floor":14,"turns":6},{"damage":60,"enemies":"Hexaghost","floor":16,"turns":10},{"damage":16,"enemies":"Spheric Guardian","floor":18,"turns":4},{"damage":11,"enemies":"Chosen","floor":20,"turns":4},{"damage":47,"enemies":"Slavers","floor":23,"turns":5},{"damage":0,"enemies":"3 Cultists","floor":25,"turns":1},{"damage":34,"enemies":"Automaton","floor":33,"turns":9},{"damage":0,"enemies":"Orb Walker","floor":35,"turns":3},{"damage":0,"enemies":"3 Darklings","floor":36,"turns":2},{"damage":0,"enemies":"Spire Growth","floor":38,"turns":6},{"damage":45,"enemies":"4 Shapes","floor":39,"turns":4},{"damage":0,"enemies":"Reptomancer","floor":41,"turns":5},{"damage":14,"enemies":"Mind Bloom Boss Battle","floor":47,"turns":5},{"damage":50,"enemies":"Time Eater","floor":50,"turns":6}],"seed_played":"4368421116282270473","potions_obtained":[{"floor":2,"key":"SteroidPotion"},{"floor":12,"key":"Regen Potion"},{"floor":14,"key":"Energy Potion"},{"floor":23,"key":"ColorlessPotion"},{"floor":33,"key":"Swift Potion"},{"floor":35,"key":"SmokeBomb"},{"floor":41,"key":"Swift Potion"}],"is_trial":false,"path_per_floor":["M","M","$","M","?","E","?","R","T","R","R","M","?","E","R","B",null,"M","?","M","?","$","E","R","M","T","R","$","?","$","?","R","B",null,"M","M","$","M","M","R","E","$","T","$","R","?","?","?","R","B",null],"character_chosen":"THE_SILENT","items_purchased":["Orichalcum","Toy Ornithopter","PrismaticShard","HandOfGreed","Choke","EntropicBrew","PowerPotion","Orrery","Thread and Needle","Bag of Preparation","ClockworkSouvenir","The Bomb","Dexterity Potion","CultistPotion","MealTicket","Art of War","Frozen Eye","Anchor","Boot","Toolbox","Ancient Potion","AttackPotion","Strange Spoon","Peace Pipe","Juzu Bracelet","Apotheosis","Lizard Tail","Dead Branch","Medical Kit","LiquidMemories","Ancient Potion"],"campfire_rested":5,"item_purchase_floors":[3,3,3,3,3,3,3,22,28,28,28,28,28,28,30,30,30,37,37,37,37,37,42,42,42,42,44,44,44,44,44],"current_hp_per_floor":[75,75,77,77,77,73,73,73,73,73,73,71,71,69,69,14,77,61,61,50,50,50,3,26,26,26,49,49,49,49,49,72,43,77,77,77,77,77,32,55,55,70,70,77,77,73,59,59,73,23],"gold":5717,"neow_bonus":"TEN_PERCENT_HP_BONUS","is_daily":false,"chose_seed":false,"campfire_upgraded":3,"win_rate":0.0,"timestamp":1612571097,"path_taken":["M","M","$","M","?","E","?","R","T","R","R","?","?","E","R","BOSS","M","?","?","?","$","E","R","M","T","R","$","?","$","?","R","BOSS","M","M","$","M","M","R","E","$","T","$","R","?","?","?","R","BOSS"],"items_purchased_type":["Relic","Relic","Relic","Card","Card","Potion","Potion","Relic","Relic","Relic","Relic","Card","Potion","Potion","Relic","Relic","Relic","Relic","Relic","Relic","Potion","Potion","Relic","Relic","Relic","Card","Relic","Relic","Relic","Potion","Potion"],"build_version":"2020-12-22","purchased_purges":3,"victory":true,"max_hp_per_floor":[77,77,77,77,77,77,77,77,77,77,77,77,77,77,77,77,77,77,77,77,77,77,77,77,77,77,77,77,77,77,77,77,77,77,77,77,77,77,77,77,77,77,77,77,77,73,73,73,73,73],"card_choices":[{"not_picked":["Underhanded Strike","Outmaneuver"],"picked":"Dagger Spray","floor":1},{"not_picked":["Finisher","Underhanded Strike"],"picked":"Noxious Fumes","floor":2},{"not_picked":["Choke","Thunderclap","Steam"],"picked":"SKIP","floor":4},{"not_picked":["Establishment","JustLucky","Underhanded Strike"],"picked":"SKIP","floor":6},{"not_picked":["Tantrum","Evaluate","Reinforced Body"],"picked":"SKIP","floor":12},{"not_picked":["Brilliance","Barrage","Pommel Strike"],"picked":"SKIP","floor":14},{"not_picked":["Flying Knee","Finesse","Stack"],"picked":"SKIP","floor":18},{"not_picked":["Clothesline","Evaluate"],"picked":"Seeing Red","floor":20},{"not_picked":["EmptyFist+1","Anger"],"picked":"Conserve Battery+1","floor":22},{"not_picked":["Perfected Strike","Wild Strike"],"picked":"Go for the Eyes+1","floor":22},{"not_picked":["Worship","Judgement","Hologram"],"picked":"SKIP","floor":23},{"not_picked":["Dagger Spray","Acrobatics","Dodge and Roll"],"picked":"SKIP","floor":25},{"not_picked":["PathToVictory+1","EmptyBody"],"picked":"Stack","floor":35},{"not_picked":["BootSequence","Conclude"],"picked":"Blade Dance+1","floor":38},{"not_picked":["Hologram+1","Skewer","FollowUp"],"picked":"SKIP","floor":39},{"not_picked":["Establishment","LikeWater"],"picked":"FollowUp+1","floor":41},{"not_picked":["Thunderclap","Streamline"],"picked":"Terror","floor":47}],"player_experience":142271,"relics_obtained":[{"floor":6,"key":"FossilizedHelix"},{"floor":9,"key":"WingedGreaves"},{"floor":14,"key":"Happy Flower"},{"floor":23,"key":"Omamori"},{"floor":26,"key":"Mummified Hand"},{"floor":41,"key":"Pen Nib"},{"floor":47,"key":"Gambling Chip"}],"event_choices":[{"cards_removed":["Defend_G"],"damage_healed":0,"gold_gain":0,"player_choice":"Card Removal","damage_taken":0,"max_hp_gain":0,"max_hp_loss":0,"event_name":"The Cleric","floor":5,"gold_loss":50},{"damage_healed":0,"gold_gain":0,"player_choice":"Ignored","damage_taken":0,"max_hp_gain":0,"max_hp_loss":0,"event_name":"Golden Shrine","floor":7,"gold_loss":0},{"damage_healed":0,"gold_gain":0,"player_choice":"Box","damage_taken":0,"relics_obtained":["Girya"],"max_hp_gain":0,"max_hp_loss":0,"event_name":"Big Fish","floor":13,"gold_loss":0,"cards_obtained":["Regret"]},{"damage_healed":0,"gold_gain":0,"player_choice":"Upgraded","damage_taken":0,"max_hp_gain":0,"max_hp_loss":0,"event_name":"Upgrade Shrine","floor":19,"gold_loss":0,"cards_upgraded":["Survivor"]},{"damage_healed":0,"gold_gain":0,"player_choice":"Ignored","damage_taken":0,"max_hp_gain":0,"max_hp_loss":0,"event_name":"Ghosts","floor":21,"gold_loss":0},{"damage_healed":0,"gold_gain":0,"player_choice":"Madness","damage_taken":0,"relics_obtained":["betterThird:NestCultRelic"],"max_hp_gain":0,"max_hp_loss":0,"event_name":"betterThird:BetterNest","floor":29,"gold_loss":0},{"damage_healed":0,"gold_gain":0,"player_choice":"Paid Gold","damage_taken":0,"relics_obtained":["War Paint"],"max_hp_gain":0,"max_hp_loss":0,"event_name":"WeMeetAgain","floor":31,"gold_loss":61},{"damage_healed":0,"gold_gain":0,"player_choice":"Max HP","damage_taken":0,"max_hp_gain":0,"max_hp_loss":4,"event_name":"Winding Halls","floor":46,"gold_loss":0},{"damage_healed":0,"gold_gain":0,"player_choice":"Fight","damage_taken":0,"max_hp_gain":0,"max_hp_loss":0,"event_name":"MindBloom","floor":47,"gold_loss":0},{"damage_healed":0,"gold_gain":0,"player_choice":"Ignored","damage_taken":0,"max_hp_gain":0,"max_hp_loss":0,"event_name":"Mysterious Sphere","floor":48,"gold_loss":0}],"is_beta":false,"boss_relics":[{"not_picked":["Philosopher\u0027s Stone","HoveringKite"],"picked":"WristBlade"},{"not_picked":["Runic Dome","Velvet Choker"],"picked":"SlaversCollar"}],"items_purged_floors":[3,30,37],"is_endless":false,"potions_floor_spawned":[2,12,14,23,33,35,41,47],"ascension_level":3}}