{"host":"utqe55yv0jihe4d6","time":1612652780,"event":{"mods":["2.2 Compatiblity","AchievementEnabler","BaseMod","Block Reminder","Colored Map","Colored Powertips","Minty Spire (QoL Compilation)","Quick Restart","Rare Cards Sparkle","Relic Stats","SuperFastMode"],"gold_per_floor":[119,137,137,150,164,164,197,197,197,220,258,274,295,316,316,409,409,425,63,63,63,79,79,79],"floor_reached":23,"language":"ENG","playtime":724,"items_purged":[],"score":510,"play_id":"32ad2b6d-dc2c-4abe-9313-88282c6bfe65","local_time":"20210206180620","is_ascension_mode":true,"campfire_choices":[{"data":"CrushJoints","floor":6,"key":"SMITH"},{"data":"Vigilance","floor":8,"key":"SMITH"},{"floor":15,"key":"REST"}],"circlet_count":0,"master_deck":["AscendersBane","Strike_P+1","Strike_P+1","Strike_P+1","Strike_P+1","Defend_P+1","Defend_P+1","Defend_P+1","Defend_P+1","Eruption","Vigilance+1","CrushJoints+1","EmptyFist","FlurryOfBlows","EmptyMind","Protect","Consecrate+1","Crescendo","CrushJoints+1","FlyingSleeves+1","CutThroughFate+1","SpiritShield","Conclude+1","CarveReality+1","RitualDagger+1","Halt"],"relics":["PureWater","Golden Idol","Bottled Lightning","Molten Egg 2","Ornamental Fan","Black Star","Vajra","Anchor"],"acts_visited":["Exordium","TheCity"],"potions_floor_usage":[11,23,23],"damage_taken":[{"damage":7,"enemies":"Small Slimes","floor":1,"turns":4},{"damage":2,"enemies":"Jaw Worm","floor":2,"turns":3},{"damage":0,"enemies":"2 Louse","floor":4,"turns":3},{"damage":3,"enemies":"Blue Slaver","floor":5,"turns":3},{"damage":17,"enemies":"Lagavulin","floor":7,"turns":7},{"damage":4,"enemies":"Large Slime","floor":10,"turns":6},{"damage":12,"enemies":"3 Sentries","floor":11,"turns":4},{"damage":0,"enemies":"Red Slaver","floor":12,"turns":4},{"damage":4,"enemies":"Blue Slaver","floor":13,"turns":3},{"damage":0,"enemies":"Looter","floor":14,"turns":2},{"damage":0,"enemies":"Slime Boss","floor":16,"turns":6},{"damage":35,"enemies":"Chosen","floor":18,"turns":5},{"damage":0,"enemies":"Shell Parasite","floor":22,"turns":2},{"damage":19,"enemies":"Book of Stabbing","floor":23,"turns":4}],"seed_played":"-7009899038645432908","potions_obtained":[{"floor":1,"key":"StancePotion"},{"floor":10,"key":"StancePotion"},{"floor":11,"key":"SmokeBomb"},{"floor":12,"key":"ColorlessPotion"},{"floor":16,"key":"Ambrosia"}],"is_trial":false,"path_per_floor":["M","M","?","M","M","R","E","R","T","M","E","M","M","M","R","B",null,"M","$","?","?","M","E"],"character_chosen":"WATCHER","items_purchased":["Vajra","Anchor","CarveReality+1"],"campfire_rested":1,"item_purchase_floors":[19,19,19],"current_hp_per_floor":[60,58,58,58,55,55,38,38,38,34,22,22,18,18,38,38,60,25,25,25,19,19,0,0],"gold":79,"neow_bonus":"TEN_PERCENT_HP_BONUS","is_daily":false,"chose_seed":false,"campfire_upgraded":2,"win_rate":0.0,"timestamp":1612652780,"path_taken":["M","M","?","M","M","R","E","R","T","M","E","M","M","M","R","BOSS","M","$","?","?","M","E"],"items_purchased_type":["Relic","Relic","Card"],"build_version":"2020-12-22","purchased_purges":0,"victory":false,"max_hp_per_floor":[74,74,67,67,67,67,67,67,67,67,67,67,67,67,67,67,67,67,67,67,67,67,67,67],"relic_stats":{"counters":[14,56],"Golden Idol":62,"Ornamental Fan":[48],"Black Star":0,"obtain_stats":[{"Anchor":19,"Golden Idol":3,"Ornamental Fan":11,"Vajra":19,"Molten Egg 2":9,"Black Star":17,"Bottled Lightning":7,"PureWater":0},{"Anchor":12,"Golden Idol":2,"Ornamental Fan":7,"Vajra":12,"Molten Egg 2":5,"Black Star":11,"Bottled Lightning":5,"PureWater":0},{"Anchor":50,"Golden Idol":7,"Ornamental Fan":30,"Vajra":50,"Molten Egg 2":20,"Black Star":45,"Bottled Lightning":20,"PureWater":0}]},"card_choices":[{"not_picked":["Vengeance","JustLucky"],"picked":"CrushJoints","floor":1},{"not_picked":["FollowUp","LikeWater"],"picked":"EmptyFist","floor":2},{"not_picked":["WreathOfFlame","ThirdEye"],"picked":"FlurryOfBlows","floor":4},{"not_picked":["InnerPeace","EmptyFist"],"picked":"EmptyMind","floor":5},{"not_picked":["Judgement","Consecrate"],"picked":"Protect","floor":7},{"not_picked":["JustLucky+1","Prostrate"],"picked":"Consecrate+1","floor":10},{"not_picked":["WaveOfTheHand","Evaluate"],"picked":"Crescendo","floor":11},{"not_picked":["PathToVictory","Consecrate+1"],"picked":"CrushJoints+1","floor":12},{"not_picked":["CrushJoints+1","Swivel"],"picked":"FlyingSleeves+1","floor":13},{"not_picked":["FlyingSleeves+1","JustLucky+1"],"picked":"CutThroughFate+1","floor":14},{"not_picked":["ConjureBlade","Judgement"],"picked":"SpiritShield","floor":16},{"not_picked":["FlyingSleeves+1","Consecrate+1"],"picked":"Conclude+1","floor":18},{"not_picked":["EmptyFist+1","ReachHeaven+1"],"picked":"Halt","floor":22}],"player_experience":3034206,"relics_obtained":[{"floor":7,"key":"Bottled Lightning"},{"floor":9,"key":"Molten Egg 2"},{"floor":11,"key":"Ornamental Fan"}],"event_choices":[{"damage_healed":0,"gold_gain":0,"player_choice":"Lose Max HP","damage_taken":0,"relics_obtained":["Golden Idol"],"max_hp_gain":0,"max_hp_loss":7,"event_name":"Golden Idol","floor":3,"gold_loss":0},{"damage_healed":0,"gold_gain":0,"player_choice":"Simplicity","damage_taken":0,"max_hp_gain":0,"max_hp_loss":0,"event_name":"Back to Basics","floor":20,"gold_loss":0,"cards_upgraded":["Strike_P","Strike_P","Strike_P","Strike_P","Defend_P","Defend_P","Defend_P","Defend_P"]},{"damage_healed":0,"gold_gain":0,"player_choice":"Joined the Cult","damage_taken":6,"max_hp_gain":0,"max_hp_loss":0,"event_name":"Nest","floor":21,"gold_loss":0,"cards_obtained":["RitualDagger"]}],"is_beta":false,"boss_relics":[{"not_picked":["Velvet Choker","Runic Dome"],"picked":"Black Star"}],"items_purged_floors":[],"is_endless":false,"potions_floor_spawned":[1,10,11,12,16,18,22],"killed_by":"Book of Stabbing","ascension_level":20}}