{"host":"gaqyve1328ta0etl","time":1612609516,"event":{"mods":["BaseMod","Colored Map","Colored Powertips","Duelist Mod","Googly Eyes","Hero for Fun","Minty Spire (QoL Compilation)","Shop Mod","StSLib","SuperFastMode","The Hierophant","The Runesmith"],"gold_per_floor":[242,242,253,268,268,268,238,249,275,286,305,318,344,30,30,133,133,146,146,95,108,118,118,145,145,195,206,206,206,217,237,237,334,334,350,168,183,236,236,236,249,249,249,264,264,284,284,291,291,241],"floor_reached":51,"language":"ENG","playtime":2101,"items_purged":["theDuelist:Sparks","theDuelist:CastleWalls"],"score":889,"play_id":"cc237fea-8d43-4335-9639-40be2e18a409","local_time":"20210206030516","is_ascension_mode":true,"campfire_choices":[{"data":"theDuelist:SilverApples","floor":6,"key":"SMITH"},{"floor":15,"key":"REST"},{"data":"theDuelist:KamionTimelord","floor":23,"key":"SMITH"},{"data":"theDuelist:ImperialOrder","floor":25,"key":"SMITH"},{"data":"theDuelist:Raigeki","floor":28,"key":"SMITH"},{"data":"theDuelist:RainbowKuriboh","floor":32,"key":"SMITH"},{"floor":40,"key":"REST"},{"data":"theDuelist:MillenniumScorpion","floor":42,"key":"SMITH"},{"data":"theDuelist:HappyLover","floor":47,"key":"SMITH"},{"floor":49,"key":"REST"}],"circlet_count":0,"master_deck":["theDuelist:ScrapFactory","theDuelist:Raigeki+1","theDuelist:GravityBlaster","theDuelist:PowerGiant","theDuelist:RainbowKuriboh+1","theDuelist:MagicHoleGolem","theDuelist:FluteKuriboh","theDuelist:GiantSoldier","theDuelist:CastleWalls","theDuelist:MiraculousDescent+1","theDuelist:ImperialOrder+1","theDuelist:SilverApples+1","theDuelist:PotGreed+1","theDuelist:KamionTimelord+1","theDuelist:BeaverWarrior","theDuelist:FinalFlame","theDuelist:GiantSoldier","theDuelist:DoubleTool","theDuelist:Eva","theDuelist:HappyLover+1","theDuelist:MillenniumScorpion+1","theDuelist:GridRod+1","theDuelist:HappyLover+1","theDuelist:CursedBill"],"relics":["theDuelist:MillenniumPuzzle","theDuelist:CardPoolRelic","theDuelist:CardPoolBasicRelic","theDuelist:BoosterPackPoolRelic","theDuelist:CardPoolAddRelic","theDuelist:CardPoolMinusRelic","theDuelist:CardPoolSaveRelic","theDuelist:CardPoolOptionsRelic","theDuelist:NamelessHungerRelic","theDuelist:NamelessPowerRelicB","theDuelist:MetronomeRelicB","Ancient Tea Set","Sozu","Nloth\u0027s Gift","Pen Nib","Blood Vial","theDuelist:MetronomeRelicD","theDuelist:MillenniumScale","theDuelist:BoosterPackMonsterEgg"],"acts_visited":["Exordium","TheCity","TheBeyond"],"potions_floor_usage":[16,16,50],"damage_taken":[{"damage":0,"enemies":"2 Louse","floor":1,"turns":4},{"damage":4,"enemies":"Cultist","floor":3,"turns":6},{"damage":0,"enemies":"Small Slimes","floor":4,"turns":3},{"damage":1,"enemies":"Red Slaver","floor":8,"turns":5},{"damage":17,"enemies":"Exordium Wildlife","floor":10,"turns":6},{"damage":6,"enemies":"Large Slime","floor":11,"turns":5},{"damage":0,"enemies":"Red Slaver","floor":12,"turns":4},{"damage":0,"enemies":"Slime Boss","floor":16,"turns":3},{"damage":0,"enemies":"3 Byrds","floor":18,"turns":5},{"damage":0,"enemies":"Shell Parasite","floor":21,"turns":6},{"damage":11,"enemies":"Sentry and Sphere","floor":22,"turns":9},{"damage":0,"enemies":"Book of Stabbing","floor":24,"turns":8},{"damage":0,"enemies":"Snecko","floor":27,"turns":3},{"damage":0,"enemies":"Snake Plant","floor":30,"turns":5},{"damage":0,"enemies":"3 Cultists","floor":31,"turns":5},{"damage":0,"enemies":"Automaton","floor":33,"turns":9},{"damage":17,"enemies":"Orb Walker","floor":35,"turns":10},{"damage":0,"enemies":"3 Shapes","floor":37,"turns":3},{"damage":14,"enemies":"Jaw Worm Horde","floor":38,"turns":4},{"damage":19,"enemies":"4 Shapes","floor":41,"turns":4},{"damage":0,"enemies":"Writhing Mass","floor":44,"turns":5},{"damage":0,"enemies":"Mind Bloom Boss Battle","floor":46,"turns":6},{"damage":0,"enemies":"Jaw Worm Horde","floor":48,"turns":4},{"damage":3,"enemies":"Awakened One","floor":50,"turns":10}],"seed_played":"4435747745275439235","potions_obtained":[{"floor":1,"key":"Ambrosia"},{"floor":7,"key":"Strength Potion"},{"floor":7,"key":"theDuelist:WaterBottle"},{"floor":16,"key":"theDuelist:SummonArmorPotion"}],"is_trial":false,"path_per_floor":["M","?","M","M","?","R","?","M","T","M","M","M","T","$","R","B",null,"M","?","$","M","M","R","E","R","T","M","R","?","M","M","R","B",null,"M","$","M","M","?","R","M","R","T","M","?","?","R","M","R","B",null],"character_chosen":"THE_DUELIST","items_purchased":["ClockworkSouvenir","theDuelist:MagicHoleGolem","theDuelist:FluteKuriboh","theDuelist:MillenniumScorpion"],"campfire_rested":3,"item_purchase_floors":[14,14,20,36],"current_hp_per_floor":[80,80,76,76,66,66,70,69,69,52,46,46,46,46,70,72,82,82,82,82,82,71,71,71,71,71,73,73,73,75,77,77,79,82,65,65,67,55,55,79,62,62,62,64,64,66,66,68,82,79],"gold":241,"neow_bonus":"HUNDRED_GOLD","is_daily":false,"chose_seed":false,"campfire_upgraded":7,"win_rate":0.0,"timestamp":1612609516,"path_taken":["M","?","?","M","?","R","?","M","T","?","M","M","?","$","R","BOSS","M","?","$","M","?","R","E","R","T","M","R","?","M","M","R","BOSS","M","$","M","M","?","R","?","R","T","M","?","?","R","M","R","BOSS"],"items_purchased_type":["Relic","Card","Card","Card"],"build_version":"2020-12-22","purchased_purges":2,"victory":true,"max_hp_per_floor":[80,80,80,80,76,76,80,80,80,80,80,80,80,80,80,82,82,82,82,82,82,82,82,82,82,82,82,82,82,82,82,82,82,82,82,82,82,82,82,82,82,82,82,82,82,82,82,82,82,82],"card_choices":[{"not_picked":["theDuelist:ClearKuriboh","theDuelist:GilfordLegend","theDuelist:RainbowOverdragon","theDuelist:SmashingGround"],"picked":"theDuelist:PowerGiant","floor":1},{"not_picked":["theDuelist:SpellShatteringArrow","theDuelist:MeteorDestruction","theDuelist:Hinotama","theDuelist:CoreBlaster"],"picked":"theDuelist:GravityBlaster","floor":3},{"not_picked":["theDuelist:BigFire","theDuelist:PowerKaishin","theDuelist:WhiteMagicalHat","theDuelist:EgoBoost"],"picked":"theDuelist:SilverApples","floor":4},{"not_picked":["theDuelist:Hinotama","theDuelist:CoreBlaster","theDuelist:CombinationAttack","theDuelist:VenomShot"],"picked":"theDuelist:DoubleTool","floor":8},{"not_picked":["theDuelist:Hinotama","theDuelist:Tuningware","theDuelist:ScrapFactory","theDuelist:BigFire"],"picked":"theDuelist:Eva","floor":10},{"not_picked":["theDuelist:FuryFire","theDuelist:GauntletWarrior","theDuelist:LightningVortex","theDuelist:Sangan"],"picked":"theDuelist:Raigeki","floor":11},{"not_picked":["theDuelist:SpellShatteringArrow","theDuelist:MeteorDestruction","theDuelist:CoreBlaster","theDuelist:CombinationAttack","theDuelist:Sangan"],"picked":"SKIP","floor":12},{"not_picked":["theDuelist:YamiForm","theDuelist:Raigeki","theDuelist:LightLaser","theDuelist:FeatherShot"],"picked":"theDuelist:KamionTimelord","floor":16},{"not_picked":["theDuelist:RainbowNeos","theDuelist:HappyLover","theDuelist:Eva","theDuelist:RainbowOverdragon"],"picked":"theDuelist:RainbowKuriboh","floor":18},{"not_picked":["theDuelist:WhiteHowling+1","theDuelist:PsychicShockwave","theDuelist:Reinforcements","theDuelist:PowerWall+1"],"picked":"theDuelist:MiraculousDescent+1","floor":21},{"not_picked":["theDuelist:CoreBlaster","theDuelist:SilverApples","theDuelist:SpiritHarp","theDuelist:MagnumShield","theDuelist:BigFire"],"picked":"SKIP","floor":22},{"not_picked":["theDuelist:Wiretap","theDuelist:FairyBox","theDuelist:SilverApples+1","theDuelist:PowerWall"],"picked":"theDuelist:ImperialOrder","floor":24},{"not_picked":["theDuelist:CombinationAttack","theDuelist:FluteKuriboh","theDuelist:WormApocalypse","theDuelist:WhiteMagicalHat+1","theDuelist:SparkBlaster"],"picked":"SKIP","floor":27},{"not_picked":["theDuelist:ClearKuriboh","theDuelist:GreenGraveOni","theDuelist:HeavyStorm","theDuelist:MagicalStone"],"picked":"theDuelist:PotGreed+1","floor":30},{"not_picked":["theDuelist:CombinationAttack","theDuelist:BigFire","theDuelist:ScrapFactory","theDuelist:Invigoration","theDuelist:Hinotama"],"picked":"SKIP","floor":31},{"not_picked":["theDuelist:RainbowNeos","theDuelist:KamionTimelord+1","theDuelist:Eva+1","theDuelist:RainbowOverdragon"],"picked":"theDuelist:HappyLover+1","floor":33},{"not_picked":["theDuelist:Hinotama+1","theDuelist:DoubleTool+1","theDuelist:Invigoration","theDuelist:FluteKuriboh","theDuelist:Predaponics"],"picked":"SKIP","floor":35},{"not_picked":["theDuelist:CombinationAttack+1","theDuelist:AfterTheStorm+1","theDuelist:WormApocalypse","theDuelist:Downbeat","theDuelist:StarBlast+1"],"picked":"SKIP","floor":37},{"not_picked":["theDuelist:WhiteHowling+1","theDuelist:ImperialOrder+1","theDuelist:GravityAxe","theDuelist:ElectromagneticShield"],"picked":"theDuelist:GridRod+1","floor":38},{"not_picked":["theDuelist:WhiteHowling+1","theDuelist:PsychicShockwave","theDuelist:FairyBox","theDuelist:SilverApples+1","theDuelist:CrystalRaigeki"],"picked":"SKIP","floor":41},{"not_picked":["theDuelist:RainbowNeos","theDuelist:KamionTimelord","theDuelist:Eva+1","theDuelist:RainbowKuriboh+1"],"picked":"theDuelist:HappyLover","floor":44},{"not_picked":["theDuelist:SpellShatteringArrow+1","theDuelist:DoubleTool","theDuelist:CombinationAttack+1","theDuelist:BigFire+1","theDuelist:SangaEarth+1"],"picked":"SKIP","floor":48}],"player_experience":2092902,"relics_obtained":[{"floor":9,"key":"theDuelist:MetronomeRelicB"},{"floor":13,"key":"Ancient Tea Set"},{"floor":24,"key":"Pen Nib"},{"floor":26,"key":"Blood Vial"},{"floor":43,"key":"theDuelist:MetronomeRelicD"},{"floor":46,"key":"theDuelist:BoosterPackMonsterEgg"}],"event_choices":[{"cards_removed":["theDuelist:Sparks"],"damage_healed":0,"gold_gain":0,"player_choice":"Purged","damage_taken":0,"max_hp_gain":0,"max_hp_loss":0,"event_name":"Purifier","floor":2,"gold_loss":0},{"power_reward":3,"total_magic_score":37,"gold_gain":0,"duelist":true,"damage_taken":10,"relics_obtained":["theDuelist:NamelessHungerRelic","theDuelist:NamelessPowerRelicB"],"points":8,"max_hp_gain":0,"max_hp_loss":4,"spent_points":{"magic":0,"greed":2,"war":0,"power":3,"hunger":3},"event_name":"Nameless Tomb","hunger_reward":3,"floor":5,"gold_loss":0,"cards_obtained":[]},{"damage_healed":0,"gold_gain":0,"player_choice":"Bought 2 Potions","damage_taken":0,"max_hp_gain":0,"max_hp_loss":0,"event_name":"The Woman in Blue","floor":7,"gold_loss":0},{"damage_healed":0,"gold_gain":0,"player_choice":"Traded Relic","damage_taken":0,"relics_obtained":["Nloth\u0027s Gift"],"max_hp_gain":0,"max_hp_loss":0,"event_name":"N\u0027loth","floor":19,"relics_lost":["ClockworkSouvenir"],"gold_loss":0},{"cards_removed":["theDuelist:BeaverWarrior"],"damage_healed":0,"gold_gain":0,"player_choice":"Elegance","damage_taken":0,"max_hp_gain":0,"max_hp_loss":0,"event_name":"Back to Basics","floor":29,"gold_loss":0},{"damage_healed":0,"gold_gain":0,"player_choice":"Leave","duelist":true,"damage_taken":0,"max_hp_gain":0,"max_hp_loss":0,"event_name":"Card Trader","floor":39,"gold_loss":0},{"damage_healed":0,"gold_gain":0,"player_choice":"Took item - Received: Millennium Scale","duelist":true,"damage_taken":0,"max_hp_gain":0,"max_hp_loss":0,"event_name":"Millennium Items","floor":45,"gold_loss":0},{"damage_healed":0,"gold_gain":0,"player_choice":"Fight","damage_taken":0,"max_hp_gain":0,"max_hp_loss":0,"event_name":"MindBloom","floor":46,"gold_loss":0}],"is_beta":false,"boss_relics":[{"not_picked":["Mark of Pain","Runic Dome"],"picked":"Sozu"},{"not_picked":["Philosopher\u0027s Stone","Runic Pyramid","HoveringKite"]}],"items_purged_floors":[14,36],"is_endless":false,"potions_floor_spawned":[1,8,10,16,22,24,27,30,38,44,48],"ascension_level":2}}