{"host":"utqe55yv0jihe4d6","time":1612581446,"event":{"mods":["2.2 Compatiblity","AchievementEnabler","BaseMod","Block Reminder","Colored Map","Colored Powertips","Minty Spire (QoL Compilation)","Quick Restart","Rare Cards Sparkle","Relic Stats","SuperFastMode"],"gold_per_floor":[112,128,128,139,139,139,165,6,32,60,60,60,94,104,104,192,192,214,214,214,241,264,264,264],"floor_reached":23,"language":"ENG","playtime":723,"items_purged":["Strike_G"],"score":414,"play_id":"2535cb09-c647-401f-aa44-5bb4cb2ced54","local_time":"20210205221726","is_ascension_mode":true,"campfire_choices":[{"data":"Footwork","floor":6,"key":"SMITH"},{"floor":12,"key":"REST"},{"data":"Noxious Fumes","floor":15,"key":"SMITH"}],"circlet_count":0,"master_deck":["AscendersBane","Strike_G+1","Strike_G+1","Strike_G+1","Strike_G+1","Defend_G+1","Defend_G+1","Defend_G+1","Defend_G+1","Defend_G+1","Survivor","Neutralize","CurseOfTheBell","Bane","Footwork+1","Slice","Noxious Fumes+1","Footwork","Calculated Gamble","Wraith Form v2","Skewer","Malaise","Predator","Dagger Throw+1"],"relics":["Calling Bell","Vajra","Pantograph","Turnip","Regal Pillow","Centennial Puzzle","Dream Catcher","Eternal Feather","CeramicFish","Cursed Key","MutagenicStrength","Red Mask"],"acts_visited":["Exordium","TheCity"],"potions_floor_usage":[7,21,21],"damage_taken":[{"damage":0,"enemies":"Jaw Worm","floor":1,"turns":6},{"damage":8,"enemies":"2 Louse","floor":2,"turns":3},{"damage":0,"enemies":"Small Slimes","floor":4,"turns":5},{"damage":37,"enemies":"Gremlin Nob","floor":7,"turns":6},{"damage":1,"enemies":"Lagavulin","floor":10,"turns":9},{"damage":14,"enemies":"3 Sentries","floor":13,"turns":10},{"damage":13,"enemies":"Exordium Wildlife","floor":14,"turns":4},{"damage":59,"enemies":"Slime Boss","floor":16,"turns":13},{"damage":5,"enemies":"3 Byrds","floor":18,"turns":6},{"damage":24,"enemies":"Masked Bandits","floor":21,"turns":6},{"damage":1,"enemies":"Chosen","floor":22,"turns":5},{"damage":42,"enemies":"Book of Stabbing","floor":23,"turns":7}],"seed_played":"-6651018050429847499","potions_obtained":[{"floor":1,"key":"EssenceOfSteel"},{"floor":7,"key":"Block Potion"},{"floor":14,"key":"Regen Potion"}],"is_trial":false,"path_per_floor":["M","M","?","M","?","R","E","$","T","E","T","R","E","M","R","B",null,"M","?","?","?","M","E"],"character_chosen":"THE_SILENT","items_purchased":["Footwork"],"campfire_rested":1,"item_purchase_floors":[8],"current_hp_per_floor":[59,51,51,51,56,56,19,19,19,18,18,63,49,36,48,12,56,51,51,51,42,41,0,0],"gold":264,"neow_bonus":"BOSS_RELIC","is_daily":false,"chose_seed":false,"campfire_upgraded":2,"win_rate":0.0,"timestamp":1612581446,"path_taken":["M","M","?","M","?","R","E","$","T","E","?","R","E","M","R","BOSS","M","?","?","?","M","E"],"items_purchased_type":["Card"],"build_version":"2020-12-22","purchased_purges":1,"victory":false,"max_hp_per_floor":[66,66,66,66,71,71,71,71,71,71,71,71,71,71,71,71,71,71,71,71,71,71,71,71],"relic_stats":{"Regal Pillow":15,"Centennial Puzzle":[24],"Dream Catcher":1,"counters":[12,80],"Pantograph":23,"CeramicFish":36,"Eternal Feather":21,"Turnip":[8],"Cursed Key":0,"obtain_stats":[{"Regal Pillow":7,"CeramicFish":13,"Vajra":0,"Eternal Feather":11,"Cursed Key":17,"Calling Bell":0,"Centennial Puzzle":9,"Dream Catcher":10,"Pantograph":0,"MutagenicStrength":20,"Turnip":0,"Red Mask":21,"Ring of the Snake":0},{"Regal Pillow":4,"CeramicFish":6,"Vajra":0,"Eternal Feather":5,"Cursed Key":8,"Calling Bell":0,"Centennial Puzzle":4,"Dream Catcher":5,"Pantograph":0,"MutagenicStrength":9,"Turnip":0,"Red Mask":10,"Ring of the Snake":0},{"Regal Pillow":20,"CeramicFish":39,"Vajra":0,"Eternal Feather":29,"Cursed Key":56,"Calling Bell":0,"Centennial Puzzle":20,"Dream Catcher":29,"Pantograph":0,"MutagenicStrength":62,"Turnip":0,"Red Mask":68,"Ring of the Snake":0}]},"card_choices":[{"not_picked":["Deflect","Dodge and Roll"],"picked":"Bane","floor":1},{"not_picked":["Poisoned Stab","Prepared"],"picked":"Footwork","floor":2},{"not_picked":["Catalyst","PiercingWail"],"picked":"Slice","floor":4},{"not_picked":["Finisher","Dagger Throw"],"picked":"Noxious Fumes","floor":7},{"not_picked":["Bane","Concentrate"],"picked":"Calculated Gamble","floor":10},{"not_picked":["Noxious Fumes","Tactician"],"picked":"Wraith Form v2","floor":12},{"not_picked":["Sucker Punch","All Out Attack"],"picked":"Skewer","floor":13},{"not_picked":["Distraction","All Out Attack","Bane"],"picked":"SKIP","floor":14},{"not_picked":["After Image","Doppelganger"],"picked":"Malaise","floor":16},{"not_picked":["Prepared","Skewer+1"],"picked":"Predator","floor":18},{"not_picked":["Predator","Backflip"],"picked":"Dagger Throw+1","floor":22}],"player_experience":3020166,"relics_obtained":[{"floor":0,"key":"Vajra"},{"floor":0,"key":"Pantograph"},{"floor":0,"key":"Turnip"},{"floor":7,"key":"Regal Pillow"},{"floor":9,"key":"Centennial Puzzle"},{"floor":10,"key":"Dream Catcher"},{"floor":11,"key":"Eternal Feather"},{"floor":13,"key":"CeramicFish"},{"floor":21,"key":"Red Mask"}],"event_choices":[{"damage_healed":0,"gold_gain":0,"player_choice":"Ignored","damage_taken":0,"max_hp_gain":0,"max_hp_loss":0,"event_name":"Liars Game","floor":3,"gold_loss":0},{"damage_healed":0,"gold_gain":0,"player_choice":"Donut","damage_taken":0,"max_hp_gain":5,"max_hp_loss":0,"event_name":"Big Fish","floor":5,"gold_loss":0},{"damage_healed":0,"gold_gain":0,"player_choice":"Simplicity","damage_taken":0,"max_hp_gain":0,"max_hp_loss":0,"event_name":"Back to Basics","floor":19,"gold_loss":0,"cards_upgraded":["Strike_G","Strike_G","Strike_G","Strike_G","Defend_G","Defend_G","Defend_G","Defend_G","Defend_G"]},{"damage_healed":0,"gold_gain":0,"player_choice":"Inject Mutagens","damage_taken":0,"relics_obtained":["MutagenicStrength"],"max_hp_gain":0,"max_hp_loss":0,"event_name":"Drug Dealer","floor":20,"gold_loss":0},{"damage_healed":0,"gold_gain":0,"player_choice":"Fought Bandits","damage_taken":0,"max_hp_gain":0,"max_hp_loss":0,"event_name":"Masked Bandits","floor":21,"gold_loss":0}],"is_beta":false,"boss_relics":[{"not_picked":["Black Star","Busted Crown"],"picked":"Cursed Key"}],"items_purged_floors":[8],"is_endless":false,"potions_floor_spawned":[1,7,14,18],"killed_by":"Book of Stabbing","ascension_level":20}}