{"host":"d63uwpbtkw1o9fo5","time":1612625001,"event":{"mods":["Arknights","BaseMod","Dio Mod","Dota2Spire","Downfall","Hunter 猎人","Lobotomy","Marisa（F雨　魔理沙）","Minty Spire (QoL Compilation)","Reimu（博丽灵梦）","Remilia（蕾米莉亚）","Replay The Spire","StSLib","The Bug Knight","The Cursed","The Gatherer","WarShipGirlsR/战舰少女R mod","Warlord Emblem","【功能Mod】混沌之环修复补丁"],"gold_per_floor":[110,137,62,72,88,116,116,130,154,154,154,168,168,179,179,179,179],"floor_reached":16,"language":"ZHS","playtime":685,"items_purged":["ats:Armor Crushing Shot"],"score":102,"play_id":"8beaf0d7-bf2c-446f-8280-b2496b2657d4","local_time":"20210206232321","is_ascension_mode":false,"campfire_choices":[{"data":"ats:Automatic Cover","floor":7,"key":"SMITH"},{"data":"ats:Apocalypse","floor":11,"key":"SMITH"},{"data":"ats:Assault Order","floor":13,"key":"SMITH"},{"floor":15,"key":"RECALL"}],"circlet_count":0,"master_deck":["ats:Strike C","ats:Strike G","ats:Strike S","ats:Strike V","ats:Defend","ats:Defend","ats:Defend","ats:Defend","ats:Emotion Absorption","ats:Guard Mode","ats:Leaping Hammer","ats:Guard Mode","ats:Curse Doll","ats:Automatic Cover+1","ats:Apocalypse+1","ats:Assault Order+1","ats:Red Shift"],"relics":["ats:Sanity","NeowsBlessing","Dota2Spire:OctarineCore","ats:Originium","Orichalcum","Happy Flower"],"acts_visited":["Exordium"],"potions_floor_usage":[6,16],"damage_taken":[{"damage":0.0,"enemies":"2 Louse","floor":1.0,"turns":1.0},{"damage":0.0,"enemies":"Small Slimes","floor":4.0,"turns":1.0},{"damage":0.0,"enemies":"Cultist","floor":5.0,"turns":1.0},{"damage":20,"enemies":"Lagavulin","floor":6,"turns":5},{"damage":2,"enemies":"Looter","floor":8,"turns":4},{"damage":0,"enemies":"Red Slaver","floor":12,"turns":4},{"damage":2,"enemies":"Gremlin Gang","floor":14,"turns":12},{"damage":72,"enemies":"Hexaghost","floor":16,"turns":16}],"seed_played":"2209882704648652527","potions_obtained":[{"floor":4.0,"key":"Death Potion"},{"floor":8,"key":"Dexterity Potion"},{"floor":14,"key":"Block Potion"}],"is_trial":false,"path_per_floor":["M","?","$","M","M","E","R","M","T","?","R","M","R","M","R","B"],"character_chosen":"DOCTOR_CLASS","items_purchased":[],"campfire_rested":0,"item_purchase_floors":[],"current_hp_per_floor":[72,44,44,44,44,24,24,22,22,22,22,28,28,44,44,0,0],"gold":179,"neow_bonus":"THREE_ENEMY_KILL","is_daily":false,"chose_seed":false,"campfire_upgraded":3,"win_rate":0.0,"timestamp":1612625001,"path_taken":["M","?","$","M","M","E","R","M","T","?","R","M","R","M","R","BOSS"],"items_purchased_type":[],"build_version":"2020-12-22","purchased_purges":1,"victory":false,"max_hp_per_floor":[72,72,72,72,72,72,72,72,72,72,72,72,72,72,72,72,72],"card_choices":[{"not_picked":["ats:Cat Scratch","ats:Thermite Blade"],"picked":"ats:Guard Mode","floor":1.0},{"not_picked":["ats:Counter Healing Mode","ats:Phantom"],"picked":"ats:Leaping Hammer","floor":2.0},{"not_picked":["ats:Explosion Area Strengthen","ats:Flexible Camouflage"],"picked":"ats:Guard Mode","floor":4.0},{"not_picked":["ats:Cat Scratch","ats:Flame Of Heaven"],"picked":"ats:Curse Doll","floor":5.0},{"not_picked":["ats:Blood Oath","ats:Absolute Focus"],"picked":"ats:Automatic Cover","floor":6},{"not_picked":["ats:Rat Pack","ats:Ignite"],"picked":"ats:Apocalypse","floor":8},{"not_picked":["ats:Neurotoxin","ats:Explosion Area Strengthen"],"picked":"ats:Assault Order","floor":12},{"not_picked":["ats:Revitalization","ats:Collapsing Strike"],"picked":"ats:Red Shift","floor":14}],"player_experience":570690,"relics_obtained":[{"floor":2.0,"key":"Dota2Spire:OctarineCore"},{"floor":6,"key":"ats:Originium"},{"floor":6,"key":"Orichalcum"},{"floor":9,"key":"Happy Flower"}],"event_choices":[{"damage_healed":0,"gold_gain":0,"player_choice":"Ignored","damage_taken":0,"max_hp_gain":0,"max_hp_loss":0,"event_name":"NoteForYourself","floor":10,"gold_loss":0}],"is_beta":false,"boss_relics":[],"items_purged_floors":[3],"is_endless":false,"potions_floor_spawned":[4,8,14],"killed_by":"Hexaghost","ascension_level":0}}