{"host":"92wx9z21c4p52du4","time":1612592533,"event":{"mods":["BaseMod","Downfall","Hermit","Minty Spire (QoL Compilation)","Reliquary","StSLib","The Hierophant"],"gold_per_floor":[99,111,561,571,746,37,60,80,98,129,145,158,158,168,186,283,283,283,301,301,32,49,63,87,101,118,118,129,129,129,148,162,264,264,264,283,283,283,301,318,318,335,350,362,362,372,13,63,79,79,79,79],"floor_reached":50,"language":"ENG","playtime":3690,"items_purged":["Doubt","downfall:Icky"],"score":533,"play_id":"482a1044-79ff-4f3d-8369-bbd1acc2cf27","local_time":"20210206002213","is_ascension_mode":false,"campfire_choices":[{"data":"bronze:Replicate","floor":1,"key":"SMITH"},{"data":"Apotheosis","floor":13,"key":"SMITH"},{"data":"bronze:TinkerersToolbox","floor":18,"key":"SMITH"},{"data":"bronze:Verify","floor":27,"key":"SMITH"},{"data":"bronze:Assembly","floor":35,"key":"SMITH"}],"circlet_count":0,"master_deck":["bronze:Defend","bronze:Defend","bronze:Defend","bronze:Defend","bronze:Replicate+1","bronze:Goto+1","bronze:ItsAFeature","bronze:BuggyMess","bronze:FollowUp","Apotheosis+1","bronze:BugBarrage","bronze:Shell","bronze:WildBeam","bronze:ItsAFeature","bronze:AlphaBuild","bronze:Repair","bronze:CloningBeam","bronze:Turbo","bronze:Shield","bronze:ClassDefault+1","bronze:GetLatest","bronze:ChosenStrike","bronze:Overheat","bronze:Verify+1","bronze:TinkerersToolbox+1","bronze:FunctionCard","bronze:BugBarrage+1","bronze:Philosophize","bronze:InfiniteBeams","bronze:InfiniteBeams","bronze:Shield","Slimebound:Tackle+1","Slimebound:Tackle+1","Slimebound:Tackle+1","bronze:FollowUp","bronze:Assembly+1","bronze:MaxOutput","Parasite","bronze:ShipIt","bronze:BronzeOrb"],"relics":["bronze:PlatinumCore","Orrery","reliquary:PorcupineQuills","StrikeDummy","bronze:MakeshiftBattery","Shuriken","Orichalcum","Dead Branch","Mercury Hourglass","reliquary:PurpleTingedLeaf","reliquary:PrincelyHelmet","StoneCalendar"],"acts_visited":["Exordium","TheCity","TheBeyond"],"potions_floor_usage":[9,10,16,19,26,26,28,39,43,44,48,50,50],"damage_taken":[{"damage":5,"enemies":"Small Slimes","floor":2,"turns":3},{"damage":3,"enemies":"Jaw Worm","floor":4,"turns":4},{"damage":0,"enemies":"downfall:FleeingMerchant","floor":6,"turns":4},{"damage":0,"enemies":"Cultist","floor":8,"turns":2},{"damage":14,"enemies":"Gremlin Gang","floor":9,"turns":5},{"damage":11,"enemies":"Gremlin Nob","floor":10,"turns":4},{"damage":0,"enemies":"Exordium Wildlife","floor":11,"turns":5},{"damage":0,"enemies":"Blue Slaver","floor":12,"turns":3},{"damage":7,"enemies":"2 Fungi Beasts","floor":14,"turns":4},{"damage":2,"enemies":"Exordium Thugs","floor":15,"turns":4},{"damage":34,"enemies":"SI_SHIV_ARCHETYPE","floor":16,"turns":9},{"damage":13,"enemies":"3 Byrds","floor":19,"turns":4},{"damage":0,"enemies":"downfall:FleeingMerchant","floor":21,"turns":4},{"damage":4,"enemies":"Shell Parasite","floor":22,"turns":4},{"damage":0,"enemies":"Snake Plant","floor":23,"turns":3},{"damage":5,"enemies":"3 Cultists","floor":25,"turns":4},{"damage":6,"enemies":"Snecko","floor":26,"turns":4},{"damage":19,"enemies":"Centurion and Healer","floor":28,"turns":5},{"damage":0,"enemies":"Cultist and Chosen","floor":31,"turns":4},{"damage":12,"enemies":"Snake Plant","floor":32,"turns":4},{"damage":33,"enemies":"IC_MUSHROOM_ARCHETYPE","floor":33,"turns":7},{"damage":21,"enemies":"Orb Walker","floor":36,"turns":3},{"damage":26,"enemies":"3 Darklings","floor":39,"turns":6},{"damage":31,"enemies":"Maw","floor":40,"turns":7},{"damage":5,"enemies":"Writhing Mass","floor":42,"turns":6},{"damage":3,"enemies":"4 Shapes","floor":43,"turns":4},{"damage":8,"enemies":"Spire Growth","floor":44,"turns":5},{"damage":0,"enemies":"Maw","floor":46,"turns":7},{"damage":3,"enemies":"downfall:FleeingMerchant","floor":47,"turns":4},{"damage":1,"enemies":"downfall:FleeingMerchant","floor":48,"turns":4},{"damage":0,"enemies":"3 Darklings","floor":49,"turns":3},{"damage":91,"enemies":"WA_ARCHETYPE_DIVINITY","floor":50,"turns":7}],"seed_played":"-1672632889312582773","potions_obtained":[{"floor":2,"key":"champ:CounterPotion"},{"floor":8,"key":"Guardian:BlockOnCardUsePotion"},{"floor":10,"key":"Strength Potion"},{"floor":11,"key":"sneckomod:MuddlingPotion"},{"floor":14,"key":"Strength Potion"},{"floor":16,"key":"hexamod:SoulburnPotion"},{"floor":22,"key":"bronze:CleanCodePotion"},{"floor":28,"key":"Explosive Potion"},{"floor":32,"key":"BlessingOfTheForge"},{"floor":33,"key":"bronze:CleanCodePotion"},{"floor":39,"key":"sneckomod:MuddlingPotion"},{"floor":48,"key":"FearPotion"},{"floor":49,"key":"ColorlessPotion"}],"is_trial":false,"path_per_floor":["R","M","?","M","?","$","T","M","M","E","M","M","R","M","M","B",null,"R","M","?","$","M","M","T","M","M","R","M","?","?","M","M","B",null,"R","M","?","?","M","M","T","M","M","M","T","M","$","?","M","B"],"character_chosen":"THE_AUTOMATON","items_purchased":["Apotheosis","bronze:Safeguard","bronze:BugBarrage","bronze:Shell","bronze:WildBeam","bronze:ItsAFeature","Orrery","Shuriken","reliquary:PrincelyHelmet"],"campfire_rested":0,"item_purchase_floors":[6,6,6,6,6,6,6,21,47],"current_hp_per_floor":[70,65,65,62,62,62,62,69,55,51,51,58,58,58,66,32,70,70,57,57,57,60,60,60,55,49,49,30,30,30,40,28,5,70,70,49,49,41,36,15,15,24,29,28,28,52,70,69,70,0,0,0],"gold":79,"neow_bonus":"UPGRADE_CARD","is_daily":false,"chose_seed":false,"campfire_upgraded":5,"win_rate":0.0,"timestamp":1612592533,"path_taken":["R","M","?","M","?","?","T","?","M","E","M","M","R","M","M","BOSS","R","?","?","$","M","M","T","M","M","R","M","?","?","M","M","BOSS","R","M","?","?","M","?","T","M","M","M","?","M","?","?","M","BOSS"],"items_purchased_type":["Card","Card","Card","Card","Card","Card","Relic","Relic","Relic"],"build_version":"2020-12-22","purchased_purges":2,"victory":false,"max_hp_per_floor":[70,70,70,70,70,70,70,70,70,70,70,70,70,70,70,70,70,70,70,70,70,70,70,70,70,70,70,70,70,70,70,70,70,70,70,70,70,70,70,70,70,70,70,70,70,70,70,70,70,70,70,70],"card_choices":[{"not_picked":["bronze:Invalidate","bronze:DelayedGuard"],"picked":"bronze:ItsAFeature","floor":2},{"not_picked":["bronze:WildBeam","bronze:Separator"],"picked":"bronze:BuggyMess","floor":4},{"not_picked":["bronze:BronzeArmor","bronze:Turbo"],"picked":"bronze:FollowUp","floor":6},{"not_picked":["bronze:BuggyMess","bronze:DarkDash"],"picked":"bronze:AlphaBuild","floor":6},{"not_picked":["bronze:Philosophize","bronze:DarkDash"],"picked":"bronze:Repair","floor":6},{"not_picked":["bronze:WildBeam","bronze:Iterate"],"picked":"bronze:Hardcode","floor":6},{"not_picked":["bronze:DelayedSlice","bronze:CutThrough"],"picked":"bronze:CloningBeam","floor":6},{"not_picked":["bronze:Philosophize","bronze:Deprecate"],"picked":"bronze:Iterate","floor":6},{"not_picked":["bronze:Invalidate","bronze:CutThrough"],"picked":"bronze:Turbo","floor":8},{"not_picked":["bronze:Overheat","bronze:Iterate"],"picked":"bronze:Shield","floor":9},{"not_picked":["bronze:Turbo","bronze:DelayedGuard"],"picked":"bronze:ClassDefault","floor":10},{"not_picked":["bronze:Branch","bronze:WhirlingStrike"],"picked":"bronze:GetLatest","floor":11},{"not_picked":["bronze:BitShift","bronze:WildBeam"],"picked":"bronze:ChosenStrike","floor":12},{"not_picked":["bronze:OilSpill","bronze:Deprecate"],"picked":"bronze:Overheat","floor":14},{"not_picked":["bronze:ForceShield","bronze:Iterate"],"picked":"bronze:Verify","floor":15},{"not_picked":["bronze:Break","bronze:Mutator"],"picked":"bronze:TinkerersToolbox","floor":16},{"not_picked":["bronze:Overheat+1","bronze:Safeguard+1"],"picked":"bronze:BugBarrage+1","floor":19},{"not_picked":["bronze:Safeguard+1","bronze:Constructor"],"picked":"bronze:InfiniteBeams","floor":21},{"not_picked":["bronze:WhirlingStrike+1","bronze:Iterate","bronze:CutThrough"],"picked":"SKIP","floor":22},{"not_picked":["bronze:NullPointer","bronze:Invalidate"],"picked":"bronze:InfiniteBeams","floor":23},{"not_picked":["bronze:WildBeam","bronze:Invalidate","bronze:Branch+1"],"picked":"SKIP","floor":25},{"not_picked":["bronze:DelayedSlice","bronze:AlphaBuild","bronze:Backtrace+1"],"picked":"SKIP","floor":26},{"not_picked":["bronze:Overheat","bronze:Boost"],"picked":"bronze:Shield","floor":28},{"not_picked":["bronze:Boost+1","bronze:BitShift"],"picked":"bronze:FollowUp","floor":31},{"not_picked":["bronze:ForceShield","bronze:BitShift","bronze:CutThrough"],"picked":"SKIP","floor":32},{"not_picked":["bronze:Mutator","bronze:InfiniteLoop"],"picked":"bronze:Assembly","floor":33},{"not_picked":["bronze:BugBarrage","bronze:Overload","bronze:Refactor+1"],"picked":"SKIP","floor":36},{"not_picked":["bronze:Flail","bronze:Repair+1","bronze:ChosenStrike"],"picked":"SKIP","floor":39},{"not_picked":["bronze:ItsAFeature+1","bronze:WhirlingStrike+1"],"picked":"bronze:MaxOutput","floor":40},{"not_picked":["bronze:CutThrough","bronze:DigitalCarnage","bronze:Shield"],"picked":"SKIP","floor":42},{"not_picked":["bronze:OilSpill+1","bronze:Shield+1","bronze:Deprecate"],"picked":"SKIP","floor":43},{"not_picked":["bronze:CutThrough","bronze:Frontload+1"],"picked":"bronze:ShipIt","floor":44},{"not_picked":["bronze:Constructor","bronze:ItsAFeature","bronze:Repair"],"picked":"SKIP","floor":46},{"not_picked":["bronze:DelayedGuard+1","bronze:Overload+1","bronze:Constructor"],"picked":"SKIP","floor":47},{"not_picked":["bronze:DelayedGuard","bronze:Branch+1"],"picked":"bronze:BronzeOrb","floor":48},{"not_picked":["bronze:Overheat","bronze:DelayedSlice","bronze:Overload+1"],"picked":"SKIP","floor":49}],"player_experience":287591,"relics_obtained":[{"floor":7,"key":"reliquary:PorcupineQuills"},{"floor":10,"key":"StrikeDummy"},{"floor":24,"key":"Orichalcum"},{"floor":37,"key":"Dead Branch"},{"floor":41,"key":"Mercury Hourglass"},{"floor":45,"key":"reliquary:PurpleTingedLeaf"},{"floor":48,"key":"StoneCalendar"}],"event_choices":[{"damage_healed":0,"gold_gain":0,"player_choice":"Ignored","damage_taken":0,"max_hp_gain":0,"max_hp_loss":0,"event_name":"Ghosts","floor":30,"gold_loss":0}],"is_beta":false,"boss_relics":[{"not_picked":["reliquary:RedCape","Black Star"],"picked":"bronze:MakeshiftBattery"},{"not_picked":["SacredBark","Astrolabe"],"picked":"bronze:PlatinumCore"}],"items_purged_floors":[6,47],"is_endless":false,"potions_floor_spawned":[2,8,10,11,14,16,22,28,32,33,39,40,48,49],"killed_by":"WA_ARCHETYPE_DIVINITY","ascension_level":0}}