{"host":"y087t2reloz9bi43","time":1612634933,"event":{"mods":["2.2 Compatiblity","AchievementEnabler","Aspiration","BaseMod","Beaked The Cultist","Bestiary","Better Note","Better Vampires","BetterRewards","ChefMod","Clockwork Mod","Colored Map","Colored Powertips","Conspire","Downfall","Ekko","Fireblade Mod","Friendly Minions","GifTheSpireLib","Gold Saver","Gremlin Mod","Halation","Hermit","Hubris","Infinite Spire","Jedi Mod","JesterMod","Jorbs\u0027s Wanderer Trilogy","Mad Scientist","Marisa????????","Mimic Mod","Minty Spire (QoL Compilation)","Permanent Neow","Potionbrewer","Rare Cards Sparkle","Relic Stats","Reliquary","Replay The Spire","Robot Space Explorer","Shade Mod","Shop Mod","StSLib","The Alterego","The Blackbeard","The Bug Knight","The Construct","The Cursed","The Disciple","The Elementalist","The Exalted","The Hierophant","The Jungle","The Marked","The Mystic","The Necromancer","The Runesmith","The Senshi","The Servant 0.9.4","TheBandit","TheFirefly","TheHero","TheVacant","Transform Curses","Uncapped","everything is the same but u backflip on backflip","thorton"],"gold_per_floor":[775,775,788,788,788,788,807,826,850,862,912,940,950,983,983,1078,1078,1098,851,851,951,961,961,961],"floor_reached":23,"language":"ENG","playtime":1453,"items_purged":["Strike_P"],"score":226,"play_id":"88130eba-2bb4-4e14-842b-a399503b014d","local_time":"20210206180853","is_ascension_mode":false,"campfire_choices":[{"data":"Eruption","floor":6,"key":"SMITH"},{"data":"Prostrate","floor":15,"key":"SMITH"}],"circlet_count":0,"master_deck":["Strike_P","Strike_P","Strike_P","Defend_P","Defend_P","Defend_P","Eruption+1","Vigilance","Replay:ManipulateFuture+1","Protect","SignatureMove","Brilliance","Prostrate+1","TalkToTheHand","Meditate","Judgement","ForeignInfluence+1","Apotheosis","WindmillStrike+1"],"relics":["PureWater","halation:EternalFortune","Gremlin Food","Lantern","aspiration:RandomNobGenerator"],"acts_visited":["Exordium","TheCity"],"potions_floor_usage":[12,16,16,22,22],"damage_taken":[{"damage":0,"enemies":"conspire:RoseBush","floor":1,"turns":6},{"damage":0,"enemies":"2 Louse","floor":3,"turns":3},{"damage":4,"enemies":"Small Slimes","floor":7,"turns":4},{"damage":7,"enemies":"conspire:2 RoseBushes","floor":8,"turns":6},{"damage":0,"enemies":"Large Slime","floor":10,"turns":2},{"damage":0,"enemies":"HollowMod:MossKnight","floor":12,"turns":2},{"damage":0,"enemies":"Blue Slaver","floor":13,"turns":1},{"damage":1,"enemies":"Lagavulin","floor":14,"turns":5},{"damage":29,"enemies":"Hexaghost","floor":16,"turns":6},{"damage":0,"enemies":"Spheric Guardian","floor":18,"turns":1},{"damage":19,"enemies":"conspire:FuzzyDice","floor":22,"turns":5},{"damage":65,"enemies":"Slavers","floor":23,"turns":2}],"seed_played":"-9129666892182574175","potions_obtained":[{"floor":1,"key":"potionbrewer:DiscountPotion"},{"floor":7,"key":"potionbrewer:AcidPotion"},{"floor":8,"key":"champ:CounterPotion"},{"floor":13,"key":"FearPotion"},{"floor":18,"key":"Weak Potion"}],"is_trial":false,"path_per_floor":["M","?","M","?","?","R","M","M","T","M","?","E","M","E","R","B",null,"M","$","?","?","M","E"],"character_chosen":"WATCHER","items_purchased":["Apotheosis"],"campfire_rested":0,"item_purchase_floors":[19],"current_hp_per_floor":[72,75,75,75,68,68,64,57,57,57,57,57,57,56,56,27,75,75,75,75,75,56,0,0],"gold":961,"neow_bonus":"THREE_CARDS","is_daily":false,"chose_seed":false,"campfire_upgraded":2,"win_rate":0.0,"timestamp":1612634933,"path_taken":["M","?","M","?","?","R","?","M","T","M","?","E","M","E","R","BOSS","M","$","?","?","M","E"],"items_purchased_type":["Card"],"build_version":"2020-12-22","purchased_purges":1,"victory":false,"max_hp_per_floor":[72,75,75,75,75,75,75,75,75,75,75,75,75,75,75,75,75,75,75,75,75,75,75,75],"relic_stats":{"counters":[12,43],"obtain_stats":[{"Gremlin Food":9,"Lantern":12,"halation:EternalFortune":2,"aspiration:RandomNobGenerator":17,"PureWater":0},{"Gremlin Food":4,"Lantern":6,"halation:EternalFortune":1,"aspiration:RandomNobGenerator":9,"PureWater":0},{"Gremlin Food":19,"Lantern":23,"halation:EternalFortune":6,"aspiration:RandomNobGenerator":35,"PureWater":0}]},"card_choices":[{"not_picked":["CrushJoints","SashWhip"],"picked":"Replay:ManipulateFuture","floor":0},{"not_picked":["Replay:BluntJabs","EmptyBody"],"picked":"Protect","floor":1},{"not_picked":["JustLucky","Consecrate"],"picked":"SignatureMove","floor":3},{"not_picked":["EmptyBody","Protect"],"picked":"Brilliance","floor":7},{"not_picked":["Consecrate","SashWhip"],"picked":"Prostrate","floor":8},{"not_picked":["Evaluate","Halt","ThirdEye"],"picked":"SKIP","floor":10},{"not_picked":["Replay:AtTheReady","WaveOfTheHand","FlyingSleeves"],"picked":"SKIP","floor":12},{"not_picked":["EmptyFist","BowlingBash"],"picked":"TalkToTheHand","floor":13},{"not_picked":["FearNoEvil","ClearTheMind"],"picked":"Meditate","floor":14},{"not_picked":["Vault","Replay:AllIn"],"picked":"Judgement","floor":16},{"not_picked":["Tantrum","SashWhip+1"],"picked":"ForeignInfluence+1","floor":18},{"not_picked":["Fasting2","Indignation"],"picked":"WindmillStrike+1","floor":22}],"player_experience":475738,"relics_obtained":[{"floor":9,"key":"Gremlin Food"},{"floor":12,"key":"Lantern"}],"event_choices":[{"cards_removed":["Defend_P"],"damage_healed":0,"gold_gain":0,"player_choice":"Card Removal","damage_taken":7,"max_hp_gain":0,"max_hp_loss":0,"event_name":"Golden Wing","floor":5,"gold_loss":0},{"cards_removed":["Apotheosis"],"damage_healed":0,"gold_gain":0,"player_choice":"Give","damage_taken":0,"max_hp_gain":0,"max_hp_loss":0,"event_name":"betterNote:BetterNote","floor":20,"gold_loss":0,"cards_obtained":["Guardian:Planning"]},{"damage_healed":0,"gold_gain":100,"player_choice":"Pray","damage_taken":0,"max_hp_gain":0,"max_hp_loss":0,"event_name":"Golden Shrine","floor":21,"gold_loss":0}],"is_beta":false,"boss_relics":[{"not_picked":["potionbrewer:BhaskarasWheel","infinitespire:Cupcake"],"picked":"aspiration:RandomNobGenerator"}],"items_purged_floors":[19],"is_endless":false,"potions_floor_spawned":[1,7,8,13,18],"killed_by":"Slavers","ascension_level":0}}