{"host":"0rw6szqh3yi1u2jw","time":1612587541,"event":{"mods":["BaseMod","Bestiary","Minty Spire (QoL Compilation)"],"gold_per_floor":[15,29,40,54,129,129,161,161,161,161,161,180,198,210,210,314,314,324,324,338,348,10,10,10],"floor_reached":23,"language":"ENG","playtime":1247,"items_purged":[],"score":205,"play_id":"cbaf2473-780a-4f23-b555-f3da7887e16b","local_time":"20210205235901","is_ascension_mode":true,"campfire_choices":[{"data":"Dual Wield","floor":6,"key":"SMITH"},{"floor":8,"key":"REST"},{"floor":11,"key":"REST"},{"data":"Fiend Fire","floor":15,"key":"SMITH"}],"circlet_count":0,"master_deck":["Strike_R","Strike_R","Strike_R","Defend_R","Defend_R","Defend_R","Defend_R","Bash","Flex","Metallicize","Cleave","Fire Breathing+1","Dual Wield+1","Disarm","Fiend Fire+1","Pommel Strike","Cleave","Headbutt","Exhume","Inflame","Necronomicurse","Heavy Blade","Wild Strike"],"relics":["Burning Blood","Boot","Blue Candle","Cursed Key","Necronomicon","Bird Faced Urn"],"acts_visited":["Exordium","TheCity"],"potions_floor_usage":[16,18,20,21,23],"damage_taken":[{"damage":14,"enemies":"Jaw Worm","floor":1,"turns":6},{"damage":0,"enemies":"2 Louse","floor":2,"turns":3},{"damage":1,"enemies":"Cultist","floor":3,"turns":3},{"damage":13,"enemies":"3 Louse","floor":4,"turns":3},{"damage":58,"enemies":"Gremlin Nob","floor":7,"turns":6},{"damage":9,"enemies":"2 Fungi Beasts","floor":12,"turns":4},{"damage":2,"enemies":"Looter","floor":13,"turns":4},{"damage":6,"enemies":"Large Slime","floor":14,"turns":5},{"damage":43,"enemies":"The Guardian","floor":16,"turns":13},{"damage":33,"enemies":"Spheric Guardian","floor":18,"turns":7},{"damage":27,"enemies":"3 Byrds","floor":20,"turns":4},{"damage":5,"enemies":"3 Cultists","floor":21,"turns":5},{"damage":36,"enemies":"Gremlin Leader","floor":23,"turns":4}],"seed_played":"-2776874461625082628","potions_obtained":[{"floor":7,"key":"Swift Potion"},{"floor":12,"key":"FearPotion"},{"floor":13,"key":"SpeedPotion"},{"floor":14,"key":"Regen Potion"},{"floor":20,"key":"HeartOfIron"}],"is_trial":false,"path_per_floor":["M","M","M","M","?","R","E","R","T","?","R","M","M","M","R","B",null,"M","?","M","M","$","E"],"character_chosen":"IRONCLAD","items_purchased":["Bird Faced Urn","Explosive Potion"],"campfire_rested":2,"item_purchase_floors":[22,22],"current_hp_per_floor":[72,78,80,73,62,62,10,34,34,34,58,55,59,59,59,22,80,65,49,28,29,29,0,0],"gold":10,"neow_bonus":"TRANSFORM_TWO_CARDS","is_daily":false,"chose_seed":false,"campfire_upgraded":2,"win_rate":0.0,"timestamp":1612587541,"path_taken":["M","M","M","M","?","R","E","R","T","?","R","M","?","M","R","BOSS","M","?","M","M","$","E"],"items_purchased_type":["Relic","Potion"],"build_version":"2020-12-22","purchased_purges":0,"victory":false,"max_hp_per_floor":[80,80,80,80,80,80,80,80,80,80,80,80,80,80,80,80,80,80,80,80,80,80,80,80],"card_choices":[{"not_picked":["Clothesline","Dual Wield"],"picked":"Cleave","floor":1},{"not_picked":["Rampage","Cleave"],"picked":"Fire Breathing","floor":2},{"not_picked":["Shockwave","Anger"],"picked":"Dual Wield","floor":3},{"not_picked":["Cleave","True Grit"],"picked":"Disarm","floor":4},{"not_picked":["Twin Strike","Shrug It Off"],"picked":"Fiend Fire","floor":7},{"not_picked":["Body Slam","True Grit"],"picked":"Pommel Strike","floor":12},{"not_picked":["Combust","Pommel Strike"],"picked":"Cleave","floor":13},{"not_picked":["Havoc","Anger"],"picked":"Headbutt","floor":14},{"not_picked":["Brutality","Berserk"],"picked":"Exhume","floor":16},{"not_picked":["True Grit","Pommel Strike"],"picked":"Inflame","floor":18},{"not_picked":["Entrench","Twin Strike"],"picked":"Heavy Blade","floor":20},{"not_picked":["Headbutt","Thunderclap"],"picked":"Wild Strike","floor":21}],"player_experience":119203,"relics_obtained":[{"floor":7,"key":"Boot"},{"floor":9,"key":"Blue Candle"},{"floor":19,"key":"Necronomicon"}],"event_choices":[{"damage_healed":0,"gold_gain":75,"player_choice":"Gather Gold","damage_taken":11,"max_hp_gain":0,"max_hp_loss":0,"event_name":"World of Goop","floor":5,"gold_loss":0},{"damage_healed":0,"gold_gain":0,"player_choice":"Upgraded","damage_taken":0,"max_hp_gain":0,"max_hp_loss":0,"event_name":"Upgrade Shrine","floor":10,"gold_loss":0,"cards_upgraded":["Fire Breathing"]},{"damage_healed":0,"gold_gain":0,"player_choice":"Obtained Book","damage_taken":16,"max_hp_gain":0,"max_hp_loss":0,"event_name":"Cursed Tome","floor":19,"gold_loss":0}],"is_beta":false,"boss_relics":[{"not_picked":["Philosopher\u0027s Stone","Runic Dome"],"picked":"Cursed Key"}],"items_purged_floors":[],"is_endless":false,"potions_floor_spawned":[7,12,13,14,20],"killed_by":"Gremlin Leader","ascension_level":1}}