{"host":"jqkewjmybebgw3gd","time":1612622756,"event":{"mods":["AchievementEnabler","BaseMod","Colored Map","DeckTracker","Minty Spire (QoL Compilation)","StSLib","SuperFastMode"],"gold_per_floor":[115,115,62,79,96,124,124,124,124,124,8,37,37,58,58,177,177,202,215,215,16,34,77,100,143,221,221,241,261,281,324,324,447,447,472,472,495,495,558,601,601,664,744,767,538,577,595,610,610,610,610,610,142,177,177],"floor_reached":56,"language":"KOR","playtime":2710,"items_purged":[],"score":1717,"play_id":"00595c99-a4df-4153-aa96-607e5c0317d7","local_time":"20210206234556","is_ascension_mode":false,"campfire_choices":[{"floor":7,"key":"RECALL"},{"floor":13,"key":"REST"},{"floor":15,"key":"REST"},{"data":"Barricade","floor":32,"key":"SMITH"}],"circlet_count":0,"master_deck":["Body Slam+1","Body Slam+1","Shrug It Off+1","Shrug It Off+1","Dual Wield+1","Entrench+1","Entrench+1","Barricade+1","Impervious+1","Impervious+1","Offering+1","Offering+1","Evolve+1","Battle Trance+1","Battle Trance+1","Ghostly Armor+1","Ghostly Armor+1","Shrug It Off+1","Ghostly Armor+1","Barricade+1","Necronomicurse","Ghostly Armor+1","Ghostly Armor+1","Panacea","Good Instincts","Master of Strategy","Secret Technique"],"relics":["Burning Blood","Ancient Tea Set","Calipers","The Courier","Golden Idol","ClockworkSouvenir","Odd Mushroom","Coffee Dripper","Necronomicon","Matryoshka","Red Skull","Orichalcum","Toy Ornithopter","Mummified Hand","InkBottle","Fusion Hammer","Turnip","Nunchaku","CaptainsWheel","Smiling Mask","Darkstone Periapt","Unceasing Top","Bag of Marbles","HornCleat","Cauldron","FossilizedHelix"],"acts_visited":["Exordium","TheCity","TheBeyond","TheEnding"],"potions_floor_usage":[50,55,55],"damage_taken":[{"damage":6,"enemies":"Cultist","floor":1,"turns":3},{"damage":6,"enemies":"Jaw Worm","floor":4,"turns":1},{"damage":0,"enemies":"Small Slimes","floor":5,"turns":1},{"damage":6,"enemies":"Lagavulin","floor":6,"turns":2},{"damage":6,"enemies":"The Mushroom Lair","floor":12,"turns":7},{"damage":0,"enemies":"Looter","floor":14,"turns":2},{"damage":0,"enemies":"Hexaghost","floor":16,"turns":2},{"damage":6,"enemies":"Spheric Guardian","floor":18,"turns":2},{"damage":0,"enemies":"2 Thieves","floor":19,"turns":2},{"damage":0,"enemies":"Snake Plant","floor":22,"turns":3},{"damage":6,"enemies":"Book of Stabbing","floor":23,"turns":1},{"damage":0,"enemies":"Cultist and Chosen","floor":24,"turns":4},{"damage":0,"enemies":"Slavers","floor":25,"turns":4},{"damage":0,"enemies":"Centurion and Healer","floor":28,"turns":4},{"damage":0,"enemies":"Snake Plant","floor":29,"turns":2},{"damage":0,"enemies":"Chosen and Byrds","floor":30,"turns":4},{"damage":0,"enemies":"Book of Stabbing","floor":31,"turns":3},{"damage":0,"enemies":"Champ","floor":33,"turns":3},{"damage":0,"enemies":"3 Shapes","floor":35,"turns":5},{"damage":0,"enemies":"3 Darklings","floor":37,"turns":4},{"damage":0,"enemies":"2 Orb Walkers","floor":39,"turns":3},{"damage":0,"enemies":"Giant Head","floor":40,"turns":3},{"damage":0,"enemies":"Mind Bloom Boss Battle","floor":42,"turns":3},{"damage":0,"enemies":"Sphere and 2 Shapes","floor":44,"turns":3},{"damage":0,"enemies":"Reptomancer","floor":46,"turns":1},{"damage":0,"enemies":"Spire Growth","floor":47,"turns":3},{"damage":0,"enemies":"Maw","floor":48,"turns":3},{"damage":0,"enemies":"Donu and Deca","floor":50,"turns":3},{"damage":0,"enemies":"Shield and Spear","floor":54,"turns":3},{"damage":0,"enemies":"The Heart","floor":55,"turns":5}],"seed_played":"6055489958120104243","potions_obtained":[{"floor":1,"key":"BlessingOfTheForge"},{"floor":12,"key":"DistilledChaos"},{"floor":14,"key":"BloodPotion"},{"floor":25,"key":"SkillPotion"},{"floor":35,"key":"LiquidBronze"},{"floor":53,"key":"Block Potion"}],"is_trial":false,"path_per_floor":["M","$","$","M","M","E","R","?","T","?","$","?","R","M","R","B",null,"M","M","?","$","M","E","M","E","T","?","M","M","M","E","R","B",null,"M","?","M","?","?","E","R","?","T","M","$","E","M","M","R","B",null,"R","$","E","B",null],"character_chosen":"IRONCLAD","items_purchased":["Shrug It Off","ClockworkSouvenir","Matryoshka","Unceasing Top","HornCleat","Secret Technique","Cauldron"],"campfire_rested":2,"item_purchase_floors":[3,11,21,45,53,53,53],"current_hp_per_floor":[80,80,80,80,80,80,80,60,60,44,44,44,68,74,80,80,80,80,80,64,64,70,70,76,80,80,80,80,80,80,80,80,80,80,80,80,80,70,76,80,80,80,80,80,80,80,80,80,80,80,80,80,80,80,80],"gold":177,"neow_bonus":"RANDOM_COMMON_RELIC","is_daily":false,"chose_seed":false,"campfire_upgraded":1,"win_rate":0.0,"timestamp":1612622756,"path_taken":["M","?","$","M","?","E","R","?","T","?","?","?","R","M","R","BOSS","M","M","?","$","M","E","M","E","T","?","M","M","M","E","R","BOSS","M","?","?","?","?","E","R","?","T","M","$","E","M","M","R","BOSS","R","$","E","BOSS"],"items_purchased_type":["Card","Relic","Relic","Relic","Relic","Card","Relic"],"build_version":"2020-12-22","purchased_purges":0,"victory":true,"max_hp_per_floor":[80,80,80,80,80,80,80,80,80,80,80,80,80,80,80,80,80,80,80,80,80,80,80,80,80,80,80,80,80,80,80,80,80,80,80,80,80,80,80,80,80,80,80,80,80,80,80,80,80,80,80,80,80,80,80],"card_choices":[{"not_picked":["Dual Wield","Carnage","Sword Boomerang"],"picked":"SKIP","floor":1},{"not_picked":["Dual Wield","Carnage","Sword Boomerang"],"picked":"SKIP","floor":1},{"not_picked":["Armaments","Evolve","Sentinel"],"picked":"SKIP","floor":4},{"not_picked":["Pommel Strike","Blood for Blood","Body Slam"],"picked":"SKIP","floor":5},{"not_picked":["Warcry","Inflame"],"picked":"Ghostly Armor","floor":6},{"not_picked":["Anger","Thunderclap","Headbutt"],"picked":"SKIP","floor":14},{"not_picked":["Offering","Immolate"],"picked":"Barricade","floor":16},{"not_picked":["Armaments","Burning Pact","Rage+1"],"picked":"SKIP","floor":18},{"not_picked":["Flame Barrier","Cleave","Flex"],"picked":"SKIP","floor":19},{"not_picked":["Hemokinesis","Anger","Flex"],"picked":"SKIP","floor":22},{"not_picked":["Sentinel","Power Through+1"],"picked":"Ghostly Armor+1","floor":23},{"not_picked":["Shrug It Off","Cleave","Thunderclap+1"],"picked":"SKIP","floor":24},{"not_picked":["Pommel Strike","Limit Break","Metallicize+1"],"picked":"SKIP","floor":25},{"not_picked":["Rampage","Shrug It Off","Clash"],"picked":"SKIP","floor":28},{"not_picked":["Infernal Blade","Entrench","Pommel Strike+1"],"picked":"SKIP","floor":29},{"not_picked":["Heavy Blade","Thunderclap"],"picked":"Ghostly Armor+1","floor":30},{"not_picked":["Shrug It Off+1","Iron Wave","Thunderclap"],"picked":"SKIP","floor":31},{"not_picked":["Warcry","True Grit+1","Spot Weakness"],"picked":"SKIP","floor":35},{"not_picked":["Rampage+1","Spot Weakness+1","Wild Strike+1"],"picked":"SKIP","floor":37},{"not_picked":["Forethought","Chrysalis"],"picked":"Panacea","floor":38},{"not_picked":["Dramatic Entrance","Magnetism"],"picked":"Good Instincts","floor":38},{"not_picked":["Finesse","Enlightenment"],"picked":"Master of Strategy","floor":38},{"not_picked":["Sword Boomerang","Spot Weakness+1","Havoc+1"],"picked":"SKIP","floor":40},{"not_picked":["Cleave+1","Anger+1","Spot Weakness+1"],"picked":"SKIP","floor":44},{"not_picked":["Carnage+1","Headbutt+1","Perfected Strike"],"picked":"SKIP","floor":46},{"not_picked":["Thunderclap","Disarm+1","Havoc"],"picked":"SKIP","floor":47},{"not_picked":["Warcry+1","Thunderclap","True Grit+1"],"picked":"SKIP","floor":48},{"not_picked":["Spot Weakness","Shrug It Off","Sentinel+1"],"picked":"SKIP","floor":54}],"player_experience":481261,"relics_obtained":[{"floor":6,"key":"The Courier"},{"floor":12,"key":"Odd Mushroom"},{"floor":20,"key":"Necronomicon"},{"floor":23,"key":"Red Skull"},{"floor":25,"key":"Orichalcum"},{"floor":26,"key":"Toy Ornithopter"},{"floor":26,"key":"Mummified Hand"},{"floor":31,"key":"InkBottle"},{"floor":39,"key":"Turnip"},{"floor":40,"key":"Nunchaku"},{"floor":42,"key":"CaptainsWheel"},{"floor":43,"key":"Smiling Mask"},{"floor":43,"key":"Darkstone Periapt"},{"floor":46,"key":"Bag of Marbles"},{"floor":54,"key":"FossilizedHelix"}],"event_choices":[{"damage_healed":0,"gold_gain":0,"player_choice":"Take Damage","damage_taken":20,"relics_obtained":["Golden Idol"],"max_hp_gain":0,"max_hp_loss":0,"event_name":"Golden Idol","floor":8,"gold_loss":0},{"damage_healed":0,"gold_gain":0,"player_choice":"Entered Light","damage_taken":16,"max_hp_gain":0,"max_hp_loss":0,"event_name":"Shining Light","floor":10,"gold_loss":0,"cards_upgraded":["Ghostly Armor","Shrug It Off"]},{"damage_healed":0,"gold_gain":0,"player_choice":"Fought Mushrooms","damage_taken":0,"max_hp_gain":0,"max_hp_loss":0,"event_name":"Mushrooms","floor":12,"gold_loss":0},{"damage_healed":0,"gold_gain":0,"player_choice":"Obtained Book","damage_taken":16,"max_hp_gain":0,"max_hp_loss":0,"event_name":"Cursed Tome","floor":20,"gold_loss":0},{"cards_removed":["Juggernaut"],"damage_healed":0,"gold_gain":0,"player_choice":"Elegance","damage_taken":0,"max_hp_gain":0,"max_hp_loss":0,"event_name":"Back to Basics","floor":27,"gold_loss":0},{"damage_healed":0,"gold_gain":0,"player_choice":"Ignored","damage_taken":0,"max_hp_gain":0,"max_hp_loss":0,"event_name":"SecretPortal","floor":36,"gold_loss":0},{"damage_healed":0,"gold_gain":0,"player_choice":"Memory 3","damage_taken":10,"max_hp_gain":0,"max_hp_loss":0,"event_name":"SensoryStone","floor":38,"gold_loss":0},{"damage_healed":0,"gold_gain":0,"player_choice":"Fight","damage_taken":0,"max_hp_gain":0,"max_hp_loss":0,"event_name":"Mysterious Sphere","floor":39,"gold_loss":0},{"damage_healed":0,"gold_gain":0,"player_choice":"Fight","damage_taken":0,"max_hp_gain":0,"max_hp_loss":0,"event_name":"MindBloom","floor":42,"gold_loss":0}],"is_beta":false,"boss_relics":[{"not_picked":["Philosopher\u0027s Stone","Astrolabe"],"picked":"Coffee Dripper"},{"not_picked":["Tiny House","SacredBark"],"picked":"Fusion Hammer"}],"items_purged_floors":[],"is_endless":false,"potions_floor_spawned":[1,12,14,18,24,25,30,35,37,44,46,54],"ascension_level":0}}