{"host":"z2o61o1qvcmvhuul","time":1612614798,"event":{"mods":["Alarm Clock","BaseMod","Minty Spire (QoL Compilation)","Quick Restart","StSLib","Starting Relic: Pandora\u0027s Box","SuperFastMode","¡¾ÒÅÎï¿¨ÅÆ¡¿REMEMod"],"gold_per_floor":[116,133,151,171,25,57,57,77,77,94,19,19,19,38,38,136,136,154,164,164,64,81,81,93,128,128,3,3,3,23,40,40,139,139,159,159,179,45,45,75,75,92,92,92,108,126,126,126,126,126],"floor_reached":51,"language":"ZHS","playtime":2097,"items_purged":["FlyingSleeves","CrushJoints","SashWhip"],"score":839,"play_id":"0a87d565-5911-45b9-b031-28940e7a6974","local_time":"20210206203318","is_ascension_mode":true,"campfire_choices":[{"data":"REME_BuildACard","floor":7.0,"key":"SMITH"},{"floor":13.0,"key":"REST"},{"data":"Eruption","floor":15.0,"key":"SMITH"},{"floor":23.0,"key":"REST"},{"floor":28.0,"key":"REST"},{"data":"Adaptation","floor":32.0,"key":"SMITH"},{"data":"MasterReality","floor":41,"key":"SMITH"},{"data":"REME_MawOfCthun","floor":44,"key":"SMITH"},{"data":"TalkToTheHand","floor":49,"key":"SMITH"}],"circlet_count":0,"master_deck":["Eruption+1","ClearTheMind","Evaluate","Crescendo","EmptyBody","REME_BuildACard+1","BowlingBash","REME_MusicOfDeath","ReachHeaven","Study","InnerPeace","MentalFortress","REME_EmptyShield","Consecrate","REME_WorshipGod","DeusExMachina","REME_MusicOfDeath","Adaptation+1","MasterReality+1","Master of Strategy","Evaluate+1","REME_TwoStrings","InnerPeace","REME_MawOfCthun+1","Adaptation+1","Secret Technique","TalkToTheHand+1"],"relics":["REME_ComplimentaryCards","Runic Dome","Orrery","Art of War","GoldenEye","Philosopher\u0027s Stone","Lizard Tail","Question Card","REME_LowDesire","Juzu Bracelet","Orichalcum","Thread and Needle","Girya"],"acts_visited":["Exordium","TheCity","TheBeyond"],"potions_floor_usage":[45,50,50],"damage_taken":[{"damage":0.0,"enemies":"Cultist","floor":1.0,"turns":2.0},{"damage":0.0,"enemies":"Small Slimes","floor":2.0,"turns":3.0},{"damage":2.0,"enemies":"Jaw Worm","floor":3.0,"turns":2.0},{"damage":8.0,"enemies":"Large Slime","floor":4.0,"turns":3.0},{"damage":19.0,"enemies":"3 Sentries","floor":6.0,"turns":3.0},{"damage":13.0,"enemies":"Exordium Wildlife","floor":8.0,"turns":4.0},{"damage":18.0,"enemies":"3 Louse","floor":10.0,"turns":3.0},{"damage":0.0,"enemies":"The Mushroom Lair","floor":12.0,"turns":1.0},{"damage":0.0,"enemies":"Red Slaver","floor":14.0,"turns":3.0},{"damage":0.0,"enemies":"Slime Boss","floor":16.0,"turns":5.0},{"damage":0.0,"enemies":"Shell Parasite","floor":18.0,"turns":5.0},{"damage":26.0,"enemies":"3 Byrds","floor":19.0,"turns":6.0},{"damage":18.0,"enemies":"Sentry and Sphere","floor":22.0,"turns":4.0},{"damage":14.0,"enemies":"Snake Plant","floor":24.0,"turns":4.0},{"damage":18.0,"enemies":"Gremlin Leader","floor":25.0,"turns":5.0},{"damage":2.0,"enemies":"Snecko","floor":30.0,"turns":5.0},{"damage":8.0,"enemies":"Cultist and Chosen","floor":31.0,"turns":4.0},{"damage":13.0,"enemies":"Automaton","floor":33.0,"turns":6.0},{"damage":18,"enemies":"3 Shapes","floor":35,"turns":3},{"damage":15,"enemies":"Orb Walker","floor":37,"turns":6},{"damage":4,"enemies":"Giant Head","floor":40,"turns":4},{"damage":0,"enemies":"Maw","floor":42,"turns":4},{"damage":7,"enemies":"Sphere and 2 Shapes","floor":45,"turns":4},{"damage":49,"enemies":"4 Shapes","floor":46,"turns":7},{"damage":61,"enemies":"Time Eater","floor":50,"turns":8}],"seed_played":"2962694540312405039","potions_obtained":[{"floor":6.0,"key":"SmokeBomb"},{"floor":8.0,"key":"Ancient Potion"},{"floor":16.0,"key":"EssenceOfSteel"},{"floor":18.0,"key":"Dexterity Potion"},{"floor":22.0,"key":"Strength Potion"},{"floor":24.0,"key":"Swift Potion"},{"floor":25.0,"key":"StancePotion"},{"floor":37,"key":"BottledMiracle"},{"floor":40,"key":"Swift Potion"}],"is_trial":false,"path_per_floor":["M","M","M","M","$","E","R","M","T","M","$","?","R","M","R","B",null,"M","M","?","$","M","R","M","E","T","$","R","?","M","M","R","B",null,"M","?","M","$","?","E","R","M","T","R","M","M","?","?","R","B",null],"character_chosen":"WATCHER","items_purchased":["Orrery","REME_TwoStrings","InnerPeace"],"campfire_rested":3,"item_purchase_floors":[5,38,38],"current_hp_per_floor":[72,72,70,62,62,43,43,30,30,12,12,12,33,33,33,33,72,72,46,33,33,15,38,24,6,6,6,29,29,27,19,19,6,77,59,59,44,44,44,40,40,40,40,40,33,26,26,64,64,3],"gold":126,"neow_bonus":"BOSS_RELIC","is_daily":false,"chose_seed":false,"campfire_upgraded":6,"win_rate":0.0,"timestamp":1612614798,"path_taken":["M","?","M","M","$","E","R","M","T","M","$","?","R","M","R","BOSS","M","M","?","$","M","R","M","E","T","?","R","?","M","?","R","BOSS","M","?","M","$","?","E","R","M","T","R","M","M","?","?","R","BOSS"],"items_purchased_type":["Relic","Card","Card"],"build_version":"2020-12-22","purchased_purges":3,"victory":true,"max_hp_per_floor":[72,72,72,72,72,72,72,72,72,72,72,72,72,72,72,72,72,72,72,77,77,77,77,77,77,77,77,77,77,77,77,77,77,77,77,77,77,77,77,77,77,77,77,77,77,77,73,64,64,64],"card_choices":[{"not_picked":["WheelKick","EmptyFist"],"picked":"BowlingBash","floor":1.0},{"not_picked":["Prostrate","EmptyBody"],"picked":"REME_MusicOfDeath","floor":2.0},{"not_picked":["Worship","Protect","CarveReality"],"picked":"SKIP","floor":3.0},{"not_picked":["ClearTheMind","WindmillStrike"],"picked":"ReachHeaven","floor":4.0},{"not_picked":["Consecrate","InnerPeace"],"picked":"REME_Repentance","floor":5.0},{"not_picked":["Nirvana","Worship"],"picked":"Study","floor":5.0},{"not_picked":["Protect","EmptyFist"],"picked":"InnerPeace","floor":5.0},{"not_picked":["WaveOfTheHand","Wireheading"],"picked":"MentalFortress","floor":5.0},{"not_picked":["EmptyBody","Halt","SashWhip"],"picked":"SKIP","floor":6.0},{"not_picked":["EmptyFist","Swivel","Halt"],"picked":"SKIP","floor":8.0},{"not_picked":["WheelKick","Worship"],"picked":"REME_EmptyShield","floor":10.0},{"not_picked":["BowlingBash","PathToVictory"],"picked":"Consecrate","floor":14.0},{"not_picked":["Judgement","Omniscience"],"picked":"REME_WorshipGod","floor":16.0},{"not_picked":["Consecrate","ThirdEye","FollowUp"],"picked":"SKIP","floor":18.0},{"not_picked":["Evaluate","SashWhip","ForeignInfluence"],"picked":"SKIP","floor":19.0},{"not_picked":["ReachHeaven","BattleHymn","Protect"],"picked":"SKIP","floor":22.0},{"not_picked":["EmptyMind","Evaluate"],"picked":"DeusExMachina","floor":24.0},{"not_picked":["EmptyBody","WreathOfFlame+1","PathToVictory"],"picked":"SKIP","floor":25.0},{"not_picked":["Evaluate","Swivel","ClearTheMind"],"picked":"REME_MusicOfDeath","floor":30.0},{"not_picked":["FollowUp","SashWhip","CrushJoints"],"picked":"Adaptation","floor":31.0},{"not_picked":["Wish","SpiritShield","ConjureBlade"],"picked":"MasterReality","floor":33.0},{"not_picked":["BowlingBash","ClearTheMind","Sanctity+1","ThirdEye"],"picked":"Master of Strategy","floor":35},{"not_picked":["JustLucky+1","FlyingSleeves+1","PathToVictory+1","Deep Breath"],"picked":"Evaluate+1","floor":37},{"not_picked":["SandsOfTime","Evaluate","ReachHeaven","DeusExMachina"],"picked":"REME_MawOfCthun","floor":40},{"not_picked":["BattleHymn","SignatureMove","FlurryOfBlows+1","Transmutation"],"picked":"Adaptation+1","floor":42},{"not_picked":["WreathOfFlame+1","ReachHeaven+1","CrushJoints+1","ClearTheMind"],"picked":"Secret Technique","floor":45},{"not_picked":["FlurryOfBlows+1","Wireheading+1","Crescendo","REME_TheoryOfElimination"],"picked":"TalkToTheHand","floor":46}],"player_experience":113852,"relics_obtained":[{"floor":6.0,"key":"Art of War"},{"floor":9.0,"key":"GoldenEye"},{"floor":25.0,"key":"Lizard Tail"},{"floor":26.0,"key":"Question Card"},{"floor":34,"key":"Juzu Bracelet"},{"floor":34,"key":"Orichalcum"},{"floor":40,"key":"Thread and Needle"},{"floor":43,"key":"Girya"}],"event_choices":[{"damage_healed":0.0,"max_hp_gain":0.0,"max_hp_loss":0.0,"gold_gain":0.0,"event_name":"Mushrooms","player_choice":"Fought Mushrooms","floor":12.0,"gold_loss":0.0,"damage_taken":0.0},{"damage_healed":0.0,"max_hp_gain":5.0,"max_hp_loss":0.0,"gold_gain":0.0,"event_name":"Forgotten Altar","player_choice":"Shed Blood","floor":20.0,"gold_loss":0.0,"damage_taken":18.0},{"cards_removed":["JustLucky"],"damage_healed":0.0,"max_hp_gain":0.0,"max_hp_loss":0.0,"gold_gain":0.0,"event_name":"Back to Basics","player_choice":"Elegance","floor":29.0,"gold_loss":0.0,"damage_taken":0.0},{"cards_removed":["REME_Repentance"],"damage_healed":0,"gold_gain":0,"player_choice":"Purged","damage_taken":0,"max_hp_gain":0,"max_hp_loss":0,"event_name":"Purifier","floor":36,"gold_loss":0},{"cards_removed":["Vigilance"],"damage_healed":0,"gold_gain":0,"player_choice":"Removed Skill","damage_taken":0,"max_hp_gain":0,"max_hp_loss":0,"event_name":"Falling","floor":39,"gold_loss":0},{"damage_healed":0,"gold_gain":0,"player_choice":"Max HP","damage_taken":0,"max_hp_gain":0,"max_hp_loss":4,"event_name":"Winding Halls","floor":47,"gold_loss":0},{"damage_healed":64,"gold_gain":0,"player_choice":"Heal","damage_taken":0,"max_hp_gain":0,"max_hp_loss":9,"event_name":"The Moai Head","floor":48,"gold_loss":0}],"is_beta":false,"boss_relics":[{"not_picked":["Black Star","SacredBark"],"picked":"Philosopher\u0027s Stone"},{"not_picked":["Snecko Eye","Velvet Choker"],"picked":"REME_LowDesire"}],"items_purged_floors":[11,21,27],"is_endless":false,"potions_floor_spawned":[6,8,12,16,18,22,24,25,37,40],"ascension_level":1}}