{"host":"kiehjq3lc4w5t4uc","time":1612624159,"event":{"mods":["AchievementEnabler","BaseMod","BetterRewards","Colored Map","Colored Powertips","DeckTracker","Good Game Mod","Minty Spire (QoL Compilation)","Quick Restart","Rare Cards Sparkle","Relic Stats","Shop Mod","Spicy Shops","StSLib","SuperFastMode"],"gold_per_floor":[118,83,83,83,97,129,129,129,129,129,154,154,189,209,209,310,310,325,100,15,30,45,45,45,71,71,71,87,87,106,116,116,220,220,236,252,271,291,291,291,319,369,415,415,82,100,100,110,110,110,110,110,57,84,84],"floor_reached":56,"language":"KOR","playtime":946,"items_purged":["LessonLearned+1"],"score":2228,"play_id":"7d79d04e-cb2f-4d03-b07c-8e4f2e63d49b","local_time":"20210207000919","is_ascension_mode":true,"campfire_choices":[{"data":"Finesse","floor":8.0,"key":"SMITH"},{"data":"Finesse","floor":15.0,"key":"SMITH"},{"floor":23.0,"key":"RECALL"},{"floor":27.0,"key":"REST"},{"floor":32.0,"key":"REST"},{"floor":40.0,"key":"REST"},{"floor":47.0,"key":"REST"},{"floor":49.0,"key":"REST"},{"floor":52.0,"key":"REST"}],"circlet_count":0,"master_deck":["Finesse+1","Grand Finale+1","Finesse+1","Grand Finale+1","Crescendo","Panacea"],"relics":["PureWater","REME:ComplimentaryCards","Vajra","Sling","Torii","Shuriken","Oddly Smooth Stone","Unceasing Top","DollysMirror","Anchor","Orichalcum","Bag of Preparation","FossilizedHelix","Matryoshka","ClockworkSouvenir","HandDrill","Bag of Marbles","MealTicket","Strawberry","Juzu Bracelet","Boot","PreservedInsect","Frozen Egg 2","Sozu","Ice Cream","Pen Nib","Happy Flower","War Paint","Singing Bowl","Philosopher\u0027s Stone","InkBottle","Pocketwatch","Toy Ornithopter","Mercury Hourglass","Eternal Feather"],"acts_visited":["Exordium","TheCity","TheBeyond","TheEnding"],"potions_floor_usage":[],"damage_taken":[{"damage":0.0,"enemies":"Jaw Worm","floor":1.0,"turns":1.0},{"damage":0.0,"enemies":"2 Louse","floor":3.0,"turns":1.0},{"damage":0.0,"enemies":"Small Slimes","floor":5.0,"turns":1.0},{"damage":0.0,"enemies":"Lagavulin","floor":6.0,"turns":1.0},{"damage":0.0,"enemies":"Gremlin Gang","floor":7.0,"turns":1.0},{"damage":0.0,"enemies":"3 Sentries","floor":11.0,"turns":1.0},{"damage":0.0,"enemies":"Lagavulin","floor":13.0,"turns":1.0},{"damage":0.0,"enemies":"Lots of Slimes","floor":14.0,"turns":1.0},{"damage":0.0,"enemies":"Hexaghost","floor":16.0,"turns":1.0},{"damage":0.0,"enemies":"Shell Parasite","floor":18.0,"turns":1.0},{"damage":0.0,"enemies":"Chosen","floor":21.0,"turns":1.0},{"damage":0.0,"enemies":"Sentry and Sphere","floor":22.0,"turns":1.0},{"damage":0.0,"enemies":"Slavers","floor":25.0,"turns":1.0},{"damage":0.0,"enemies":"3 Cultists","floor":28.0,"turns":1.0},{"damage":0.0,"enemies":"Shelled Parasite and Fungi","floor":30.0,"turns":1.0},{"damage":0.0,"enemies":"Snake Plant","floor":31.0,"turns":1.0},{"damage":0.0,"enemies":"Collector","floor":33.0,"turns":1.0},{"damage":0.0,"enemies":"3 Shapes","floor":35.0,"turns":1.0},{"damage":0.0,"enemies":"Orb Walker","floor":36.0,"turns":1.0},{"damage":0.0,"enemies":"Writhing Mass","floor":37.0,"turns":1.0},{"damage":0.0,"enemies":"Maw","floor":38.0,"turns":1.0},{"damage":0.0,"enemies":"Giant Head","floor":41.0,"turns":1.0},{"damage":0.0,"enemies":"Mind Bloom Boss Battle","floor":42.0,"turns":1.0},{"damage":0.0,"enemies":"Sphere and 2 Shapes","floor":44.0,"turns":1.0},{"damage":0.0,"enemies":"Transient","floor":46.0,"turns":4.0},{"damage":0.0,"enemies":"3 Darklings","floor":48.0,"turns":1.0},{"damage":0.0,"enemies":"Awakened One","floor":50.0,"turns":2.0},{"damage":0.0,"enemies":"Shield and Spear","floor":54.0,"turns":1.0},{"damage":0,"enemies":"The Heart","floor":55,"turns":3}],"seed_played":"4504967107561553217","potions_obtained":[{"floor":1.0,"key":"Ambrosia"},{"floor":11.0,"key":"BlessingOfTheForge"}],"is_trial":false,"path_per_floor":["M","?","M","?","M","E","M","R","T","T","E","T","E","M","R","B",null,"M","$","?","M","M","R","?","E","T","R","M","$","M","M","R","B",null,"M","M","M","M","?","R","E","?","T","M","$","M","R","M","R","B",null,"R","$","E","B",null],"character_chosen":"WATCHER","items_purchased":["Vajra","Sling","Torii","Shuriken","Oddly Smooth Stone","Unceasing Top","DollysMirror","Anchor","Orichalcum","Bag of Preparation","FossilizedHelix","Matryoshka","ClockworkSouvenir","HandDrill","Bag of Marbles","Ice Cream","Pen Nib","Mercury Hourglass","Crescendo"],"campfire_rested":6,"item_purchase_floors":[0,0,0,0,0,0,0,0,0,0,0,0,0,0,0,19,19,45,53],"current_hp_per_floor":[72,72,72,72,72,72,72,72,79,79,79,79,79,79,79,79,79,79,79,79,79,79,79,79,79,79,79,81,81,83,83,83,83,83,85,87,89,91,93,93,95,97,97,97,97,99,99,101,101,101,101,101,101,103,103],"gold":84,"neow_bonus":"","is_daily":false,"chose_seed":false,"campfire_upgraded":2,"win_rate":0.0,"timestamp":1612624159,"path_taken":["M","?","M","?","M","E","M","R","T","?","E","?","E","M","R","BOSS","M","$","?","M","M","R","?","E","T","R","M","$","M","M","R","BOSS","M","M","M","M","?","R","E","?","T","M","$","M","R","M","R","BOSS","R","$","E","BOSS"],"items_purchased_type":["Relic","Relic","Relic","Relic","Relic","Relic","Relic","Relic","Relic","Relic","Relic","Relic","Relic","Relic","Relic","Relic","Relic","Relic","Card"],"build_version":"2020-12-22","purchased_purges":1,"victory":true,"max_hp_per_floor":[72,72,72,72,72,72,72,72,79,79,79,79,79,79,79,79,79,79,79,79,79,79,79,79,79,79,79,81,81,83,83,83,83,83,85,87,89,91,93,93,95,97,97,97,97,99,99,101,101,101,101,101,101,103,103],"relic_stats":{"Torii":0,"Happy Flower":[25],"Singing Bowl":24,"counters":[184,657],"Eternal Feather":0,"PreservedInsect":454,"Pen Nib":[6],"Bag of Preparation":[74],"Juzu Bracelet":0,"Orichalcum":[6],"War Paint":[],"Boot":[0],"Mercury Hourglass":[99],"Sozu":0,"Shuriken":[13],"MealTicket":0,"HandDrill":[16],"obtain_stats":[{"Whetstone":8,"Boot":5,"Sling":0,"Blood Vial":42,"Sundial":3,"MealTicket":13,"Fusion Hammer":34,"HandDrill":0,"Necronomicon":19,"Kunai":7,"Runic Cube":34,"Pear":13,"Blue Candle":9,"Eternal Feather":41,"Pen Nib":7,"SlaversCollar":17,"Bird Faced Urn":44,"MutagenicStrength":31,"Pandora\u0027s Box":17,"StrikeDummy":20,"Unceasing Top":0,"Lantern":35,"Regal Pillow":26,"Torii":41,"Singing Bowl":0,"StoneCalendar":54,"Bag of Preparation":25,"Smiling Mask":23,"Burning Blood":0,"Matryoshka":31,"Chemical X":0,"InkBottle":43,"Paper Frog":10,"Lee\u0027s Waffle":22,"Golden Idol":0,"Damaru":6,"The Courier":0,"PreservedInsect":26,"Omamori":38,"Frozen Egg 2":23,"MawBank":46,"GoldenEye":0,"Ornamental Fan":14,"Orrery":0,"Turnip":45,"Art of War":6,"Bottled Lightning":6,"Toy Ornithopter":18,"Ice Cream":0,"Calipers":0,"Gremlin Horn":36,"Vajra":24,"Sozu":17,"Lizard Tail":45,"Centennial Puzzle":46,"FaceOfCleric":3,"DollysMirror":47,"Strawberry":55,"Prayer Wheel":4,"Philosopher\u0027s Stone":17,"Toxic Egg 2":9,"Girya":45,"Happy Flower":47,"Dead Branch":0,"Astrolabe":34,"Oddly Smooth Stone":30,"Letter Opener":10,"War Paint":29,"Question Card":45,"Du-Vu Doll":22,"Bottled Flame":27,"Shuriken":54,"Bronze Scales":55,"Molten Egg 2":25,"Black Star":0,"Meat on the Bone":30,"Pocketwatch":34,"Darkstone Periapt":44,"Mango":44,"Juzu Bracelet":26,"ClockworkSouvenir":10,"Frozen Eye":0,"SsserpentHead":21,"Nunchaku":47,"TheAbacus":24,"Mummified Hand":39,"Pantograph":13,"Gambling Chip":0,"Tiny Chest":1,"Red Skull":23,"Orichalcum":54,"Medical Kit":45,"White Beast Statue":14,"Mercury Hourglass":12,"Peace Pipe":8,"Calling Bell":34,"Cauldron":0,"Anchor":44,"CaptainsWheel":48,"REME:ComplimentaryCards":0,"Coffee Dripper":34,"Bag of Marbles":43,"Membership Card":0,"PureWater":0,"FossilizedHelix":6},{"Whetstone":7,"Boot":4,"Sling":155,"Blood Vial":24,"Sundial":2,"MealTicket":8,"Fusion Hammer":50,"HandDrill":32,"Necronomicon":126,"Kunai":6,"Runic Cube":79,"Pear":8,"Blue Candle":7,"Eternal Feather":24,"Pen Nib":6,"SlaversCollar":40,"Bird Faced Urn":24,"MutagenicStrength":49,"Pandora\u0027s Box":96,"StrikeDummy":12,"Unceasing Top":32,"Lantern":21,"Regal Pillow":74,"Torii":24,"Singing Bowl":32,"StoneCalendar":60,"Bag of Preparation":15,"Smiling Mask":13,"Burning Blood":0,"Matryoshka":19,"Chemical X":32,"InkBottle":24,"Paper Frog":8,"Lee\u0027s Waffle":72,"Golden Idol":0,"Damaru":118,"The Courier":0,"PreservedInsect":141,"Omamori":22,"Frozen Egg 2":45,"MawBank":26,"GoldenEye":128,"Ornamental Fan":9,"Orrery":32,"Turnip":84,"Art of War":65,"Bottled Lightning":5,"Toy Ornithopter":11,"Ice Cream":0,"Calipers":32,"Gremlin Horn":22,"Vajra":14,"Sozu":10,"Lizard Tail":25,"Centennial Puzzle":26,"FaceOfCleric":63,"DollysMirror":57,"Strawberry":31,"Prayer Wheel":3,"Philosopher\u0027s Stone":137,"Toxic Egg 2":36,"Girya":56,"Happy Flower":27,"Dead Branch":88,"Astrolabe":145,"Oddly Smooth Stone":18,"Letter Opener":8,"War Paint":17,"Question Card":25,"Du-Vu Doll":12,"Bottled Flame":16,"Shuriken":30,"Bronze Scales":31,"Molten Egg 2":15,"Black Star":0,"Meat on the Bone":18,"Pocketwatch":106,"Darkstone Periapt":24,"Mango":151,"Juzu Bracelet":47,"ClockworkSouvenir":36,"Frozen Eye":112,"SsserpentHead":139,"Nunchaku":27,"TheAbacus":140,"Mummified Hand":23,"Pantograph":8,"Gambling Chip":32,"Tiny Chest":1,"Red Skull":13,"Orichalcum":30,"Medical Kit":84,"White Beast Statue":9,"Mercury Hourglass":8,"Peace Pipe":7,"Calling Bell":106,"Cauldron":88,"Anchor":24,"CaptainsWheel":28,"REME:ComplimentaryCards":0,"Coffee Dripper":20,"Bag of Marbles":24,"Membership Card":0,"PureWater":88,"FossilizedHelix":5},{"Whetstone":26,"Boot":10,"Sling":622,"Blood Vial":75,"Sundial":5,"MealTicket":30,"Fusion Hammer":158,"HandDrill":97,"Necronomicon":488,"Kunai":21,"Runic Cube":292,"Pear":30,"Blue Candle":26,"Eternal Feather":75,"Pen Nib":21,"SlaversCollar":119,"Bird Faced Urn":75,"MutagenicStrength":151,"Pandora\u0027s Box":361,"StrikeDummy":45,"Unceasing Top":97,"Lantern":68,"Regal Pillow":261,"Torii":75,"Singing Bowl":97,"StoneCalendar":188,"Bag of Preparation":51,"Smiling Mask":47,"Burning Blood":0,"Matryoshka":62,"Chemical X":97,"InkBottle":75,"Paper Frog":30,"Lee\u0027s Waffle":253,"Golden Idol":0,"Damaru":444,"The Courier":0,"PreservedInsect":569,"Omamori":69,"Frozen Egg 2":134,"MawBank":78,"GoldenEye":500,"Ornamental Fan":33,"Orrery":97,"Turnip":315,"Art of War":220,"Bottled Lightning":16,"Toy Ornithopter":41,"Ice Cream":0,"Calipers":97,"Gremlin Horn":69,"Vajra":49,"Sozu":39,"Lizard Tail":77,"Centennial Puzzle":78,"FaceOfCleric":200,"DollysMirror":179,"Strawberry":92,"Prayer Wheel":7,"Philosopher\u0027s Stone":555,"Toxic Egg 2":105,"Girya":176,"Happy Flower":81,"Dead Branch":333,"Astrolabe":587,"Oddly Smooth Stone":60,"Letter Opener":30,"War Paint":56,"Question Card":77,"Du-Vu Doll":45,"Bottled Flame":53,"Shuriken":90,"Bronze Scales":92,"Molten Egg 2":51,"Black Star":0,"Meat on the Bone":60,"Pocketwatch":397,"Darkstone Periapt":75,"Mango":610,"Juzu Bracelet":143,"ClockworkSouvenir":105,"Frozen Eye":422,"SsserpentHead":562,"Nunchaku":81,"TheAbacus":564,"Mummified Hand":71,"Pantograph":30,"Gambling Chip":97,"Tiny Chest":2,"Red Skull":47,"Orichalcum":90,"Medical Kit":315,"White Beast Statue":33,"Mercury Hourglass":30,"Peace Pipe":26,"Calling Bell":397,"Cauldron":333,"Anchor":75,"CaptainsWheel":82,"REME:ComplimentaryCards":0,"Coffee Dripper":67,"Bag of Marbles":75,"Membership Card":0,"PureWater":333,"FossilizedHelix":16}],"Unceasing Top":[3],"InkBottle":[58],"Toy Ornithopter":0,"Pocketwatch":[0]},"card_choices":[{"not_picked":["CrushJoints","Conclude","Nirvana"],"picked":"SKIP","floor":1.0},{"not_picked":["EmptyBody","DeceiveReality","Weave"],"picked":"SKIP","floor":3.0},{"not_picked":["ForeignInfluence","Nirvana","FlurryOfBlows"],"picked":"SKIP","floor":5.0},{"not_picked":["SignatureMove","Wallop","InnerPeace"],"picked":"SKIP","floor":6.0},{"not_picked":["Crescendo","FollowUp","WindmillStrike"],"picked":"SKIP","floor":7.0},{"not_picked":["Sanctity","ThirdEye","WindmillStrike"],"picked":"SKIP","floor":11.0},{"not_picked":["BattleHymn+1","WaveOfTheHand","Vengeance"],"picked":"SKIP","floor":13.0},{"not_picked":["SashWhip","WaveOfTheHand","Worship"],"picked":"SKIP","floor":14.0},{"not_picked":["ThirdEye","InnerPeace+1","JustLucky"],"picked":"SKIP","floor":18.0},{"not_picked":["Indignation","SandsOfTime","Prostrate"],"picked":"SKIP","floor":21.0},{"not_picked":["ThirdEye+1","WindmillStrike","BowlingBash"],"picked":"SKIP","floor":22.0},{"not_picked":["Weave","CrushJoints","ForeignInfluence"],"picked":"SKIP","floor":25.0},{"not_picked":["BattleHymn+1","EmptyBody","Fasting2+1"],"picked":"Singing Bowl","floor":28.0},{"not_picked":["Nirvana+1","CrushJoints","WreathOfFlame"],"picked":"Singing Bowl","floor":30.0},{"not_picked":["Alpha","FollowUp","Evaluate"],"picked":"SKIP","floor":31.0},{"not_picked":["DevaForm+1","Devotion+1"],"picked":"LessonLearned","floor":33.0},{"not_picked":["CrushJoints+1","Swivel","Conclude+1"],"picked":"Singing Bowl","floor":35.0},{"not_picked":["Meditate","TalkToTheHand+1","ThirdEye+1"],"picked":"Singing Bowl","floor":36.0},{"not_picked":["FollowUp+1","Consecrate+1","PathToVictory+1"],"picked":"Singing Bowl","floor":37.0},{"not_picked":["TalkToTheHand+1","EmptyMind+1","Vault"],"picked":"Singing Bowl","floor":38.0},{"not_picked":["Thinking Ahead","Blind","Dark Shackles"],"picked":"Singing Bowl","floor":39.0},{"not_picked":["Study+1","ClearTheMind","TalkToTheHand+1"],"picked":"Singing Bowl","floor":41.0},{"not_picked":["PathToVictory+1","Protect+1","Prostrate"],"picked":"Singing Bowl","floor":42.0},{"not_picked":["PathToVictory+1","Halt+1","Wireheading+1"],"picked":"SKIP","floor":44.0},{"not_picked":["Fasting2+1","BowlingBash+1","Weave+1"],"picked":"Singing Bowl","floor":46.0},{"not_picked":["SignatureMove+1","FollowUp","CrushJoints+1"],"picked":"Singing Bowl","floor":48.0},{"not_picked":["CarveReality","BowlingBash+1","SignatureMove+1"],"picked":"Singing Bowl","floor":54.0}],"player_experience":161375,"relics_obtained":[{"floor":6.0,"key":"MealTicket"},{"floor":9.0,"key":"Strawberry"},{"floor":9.0,"key":"Juzu Bracelet"},{"floor":11.0,"key":"Boot"},{"floor":12.0,"key":"PreservedInsect"},{"floor":13.0,"key":"Frozen Egg 2"},{"floor":25.0,"key":"War Paint"},{"floor":26.0,"key":"Singing Bowl"},{"floor":41.0,"key":"InkBottle"},{"floor":42.0,"key":"Pocketwatch"},{"floor":43.0,"key":"Toy Ornithopter"},{"floor":54.0,"key":"Eternal Feather"}],"event_choices":[{"damage_healed":18.0,"max_hp_gain":0.0,"max_hp_loss":0.0,"gold_gain":0.0,"event_name":"The Cleric","player_choice":"Healed","floor":2.0,"gold_loss":35.0,"damage_taken":0.0},{"damage_healed":0.0,"max_hp_gain":0.0,"max_hp_loss":0.0,"gold_gain":0.0,"event_name":"Addict","player_choice":"Obtained Relic","floor":20.0,"gold_loss":85.0,"damage_taken":0.0,"relics_obtained":["Happy Flower"]},{"damage_healed":0.0,"max_hp_gain":0.0,"max_hp_loss":0.0,"gold_gain":0.0,"event_name":"Back to Basics","player_choice":"Simplicity","floor":24.0,"gold_loss":0.0,"damage_taken":0.0,"cards_upgraded":[]},{"damage_healed":0.0,"max_hp_gain":0.0,"max_hp_loss":0.0,"gold_gain":0.0,"event_name":"SensoryStone","player_choice":"Memory 1","floor":39.0,"gold_loss":0.0,"damage_taken":0.0},{"damage_healed":0.0,"max_hp_gain":0.0,"max_hp_loss":0.0,"gold_gain":0.0,"event_name":"MindBloom","player_choice":"Fight","floor":42.0,"gold_loss":0.0,"damage_taken":0.0}],"is_beta":false,"boss_relics":[{"not_picked":["Ectoplasm","Tiny House"],"picked":"Sozu"},{"not_picked":["Black Star","HolyWater"],"picked":"Philosopher\u0027s Stone"}],"items_purged_floors":[45],"is_endless":false,"potions_floor_spawned":[1,3,11,14,18,21,31,33,41,42,44,48],"ascension_level":3}}