{"host":"bnpj5ln693dhfj4y","time":1612635049,"event":{"mods":["AchievementEnabler","BaseMod","Colored Map","Colored Powertips","DeckTracker","Minty Spire (QoL Compilation)","Weighted Paths"],"gold_per_floor":[111,126,137,87,144,170,170,170,170,203,203,233,69,94,94,192,192,204,204,222,239,258,258,258,274,320,320,320],"floor_reached":27,"language":"ENG","playtime":1597,"items_purged":[],"score":326,"play_id":"91be019e-2640-465f-a14e-03433855acdf","local_time":"20210206191049","is_ascension_mode":true,"campfire_choices":[{"floor":8,"key":"REST"},{"floor":11,"key":"REST"},{"floor":15,"key":"REST"},{"floor":24,"key":"REST"}],"circlet_count":0,"master_deck":["Strike_R","Strike_R+1","Defend_R","Defend_R","Defend_R","Bash+1","Clothesline","Entrench+1","Heavy Blade","Cleave","Twin Strike","Rampage","Evolve+1","Spot Weakness","Body Slam","Bludgeon","Double Tap","Bludgeon+1","Juggernaut+1","Hemokinesis+1","Cleave","Ghostly Armor","Battle Trance"],"relics":["Fusion Hammer","Mango","Frozen Egg 2","Anchor","Calipers","Smiling Mask","Astrolabe","Bag of Marbles"],"acts_visited":["Exordium","TheCity"],"potions_floor_usage":[6,21,23,23,23],"damage_taken":[{"damage":2,"enemies":"Jaw Worm","floor":1,"turns":3},{"damage":5,"enemies":"Small Slimes","floor":2,"turns":3},{"damage":0,"enemies":"Cultist","floor":3,"turns":3},{"damage":14,"enemies":"Gremlin Nob","floor":6,"turns":4},{"damage":30,"enemies":"Lagavulin","floor":10,"turns":5},{"damage":10,"enemies":"3 Sentries","floor":12,"turns":6},{"damage":6,"enemies":"Gremlin Nob","floor":14,"turns":3},{"damage":55,"enemies":"The Guardian","floor":16,"turns":9},{"damage":20,"enemies":"3 Byrds","floor":18,"turns":5},{"damage":13,"enemies":"2 Thieves","floor":20,"turns":3},{"damage":15,"enemies":"Cultist and Chosen","floor":21,"turns":5},{"damage":22,"enemies":"3 Cultists","floor":22,"turns":4},{"damage":3,"enemies":"Slavers","floor":23,"turns":2},{"damage":0,"enemies":"Snecko","floor":25,"turns":2},{"damage":36,"enemies":"Book of Stabbing","floor":27,"turns":4}],"seed_played":"5848309727995754276","potions_obtained":[{"floor":1,"key":"Strength Potion"},{"floor":3,"key":"ColorlessPotion"},{"floor":12,"key":"AttackPotion"},{"floor":21,"key":"SmokeBomb"},{"floor":22,"key":"SpeedPotion"}],"is_trial":false,"path_per_floor":["M","M","M","?","?","E","?","R","T","E","R","E","$","E","R","B",null,"M","?","M","M","M","E","R","M","T","E"],"character_chosen":"IRONCLAD","items_purchased":["Evolve+1","Spot Weakness","Body Slam"],"campfire_rested":4,"item_purchase_floors":[13,13,13],"current_hp_per_floor":[78,73,73,73,73,73,54,82,82,52,80,70,70,64,92,37,80,60,60,47,32,10,7,35,35,35,0,0],"gold":320,"neow_bonus":"BOSS_RELIC","is_daily":false,"chose_seed":false,"campfire_upgraded":0,"win_rate":0.0,"timestamp":1612635049,"path_taken":["M","M","M","?","?","E","?","R","T","E","R","E","$","E","R","BOSS","M","?","M","?","?","E","R","M","T","E"],"items_purchased_type":["Card","Card","Card"],"build_version":"2020-12-22","purchased_purges":0,"victory":false,"max_hp_per_floor":[80,80,80,80,80,94,94,94,94,94,94,94,94,94,94,94,94,94,94,94,94,94,94,94,94,94,94,94],"card_choices":[{"not_picked":["Fire Breathing","True Grit"],"picked":"Clothesline","floor":1},{"not_picked":["Uppercut","Bloodletting"],"picked":"Entrench","floor":2},{"not_picked":["Feel No Pain","Body Slam"],"picked":"Heavy Blade","floor":3},{"not_picked":["Second Wind","Pummel"],"picked":"Cleave","floor":6},{"not_picked":["Ghostly Armor","Blood for Blood"],"picked":"Twin Strike","floor":10},{"not_picked":["Armaments","Anger"],"picked":"Rampage","floor":12},{"not_picked":["Anger","Intimidate"],"picked":"Bludgeon","floor":14},{"not_picked":["Fiend Fire","Immolate"],"picked":"Double Tap","floor":16},{"not_picked":["Entrench","Rupture+1"],"picked":"Cleave","floor":18},{"not_picked":["Iron Wave","Seeing Red"],"picked":"Ghostly Armor","floor":20},{"not_picked":["Combust+1","Whirlwind","Armaments"],"picked":"SKIP","floor":21},{"not_picked":["Sentinel","Spot Weakness"],"picked":"Battle Trance","floor":22},{"not_picked":["Twin Strike","Clothesline+1","Clash+1"],"picked":"SKIP","floor":25}],"player_experience":350225,"relics_obtained":[{"floor":6,"key":"Mango"},{"floor":9,"key":"Frozen Egg 2"},{"floor":10,"key":"Anchor"},{"floor":12,"key":"Calipers"},{"floor":14,"key":"Smiling Mask"},{"floor":26,"key":"Bag of Marbles"}],"event_choices":[{"cards_removed":["Strike_R"],"damage_healed":0,"gold_gain":0,"player_choice":"Card Removal","damage_taken":0,"max_hp_gain":0,"max_hp_loss":0,"event_name":"The Cleric","floor":4,"gold_loss":50},{"damage_healed":0,"gold_gain":57,"player_choice":"Gained Gold","damage_taken":0,"max_hp_gain":0,"max_hp_loss":0,"event_name":"Golden Wing","floor":5,"gold_loss":0},{"damage_healed":0,"gold_gain":0,"player_choice":"Entered Light","damage_taken":19,"max_hp_gain":0,"max_hp_loss":0,"event_name":"Shining Light","floor":7,"gold_loss":0,"cards_upgraded":["Bash","Strike_R"]},{"damage_healed":0,"gold_gain":0,"player_choice":"Forge","damage_taken":0,"max_hp_gain":0,"max_hp_loss":0,"event_name":"Accursed Blacksmith","floor":19,"gold_loss":0,"cards_upgraded":["Entrench"]}],"is_beta":false,"boss_relics":[{"not_picked":["Ectoplasm","Pandora\u0027s Box"],"picked":"Astrolabe"}],"items_purged_floors":[],"is_endless":false,"potions_floor_spawned":[1,3,12,21,22,23],"killed_by":"Book of Stabbing","ascension_level":5}}