{"host":"z9x5nldzhmx4jdfi","time":1612645078,"event":{"mods":["2.2 Compatiblity","BaseMod","Better Altar","Better Match","Better Note","Better Sensory Stone","Better Skull","Better Third Choice","BetterRewards","Block Reminder","Card Filter","Colored Powertips","Infinite Spire","Minty Spire (QoL Compilation)","Relic Filter","StSLib","Td1madao Mod","The Animator","The Servant 0.9.4","Wandering Minibosses"],"gold_per_floor":[112,112,112,187,204,250,250,250,250],"floor_reached":8,"language":"ENG","playtime":371,"items_purged":["animator:Strike","animator:Strike"],"score":81,"play_id":"d274bf36-d46b-47a1-b6fc-432a587240a2","local_time":"20210206145758","is_ascension_mode":true,"campfire_choices":[{"data":"animator:Caster","floor":7,"key":"SMITH"}],"circlet_count":0,"master_deck":["AscendersBane","animator:Strike_Fate","animator:Defend_Fate","animator:Strike","animator:Defend","animator:Defend","animator:Defend","animator:Alexander","animator:Rider","animator:Archer","animator:SakuraMatou","animator:Alexander","animator:ShinjiMatou","animator:Archer","animator:Caster+1"],"relics":["animator:LivingPicture","animator:TheMissingPiece","Lantern","Oddly Smooth Stone","Runic Capacitor","animator:WornHelmet","Potion Belt"],"acts_visited":["Exordium"],"potions_floor_usage":[6],"damage_taken":[{"damage":0,"enemies":"Jaw Worm","floor":1,"turns":3},{"damage":8,"enemies":"Small Slimes","floor":5,"turns":2},{"damage":1,"enemies":"3 Sentries","floor":6,"turns":4},{"damage":6,"enemies":"Gremlin Nob","floor":8,"turns":3}],"seed_played":"-3840450254024167964","potions_obtained":[{"floor":5,"key":"animator:FalseLifePotion"},{"floor":6,"key":"SteroidPotion"}],"is_trial":false,"path_per_floor":["M","?","T","?","M","E","R","E"],"character_chosen":"THE_ANIMATOR","items_purchased":["Lantern","animator:Archer","animator:SakuraMatou","Oddly Smooth Stone","Runic Capacitor","animator:Alexander","animator:ShinjiMatou","animator:Archer"],"campfire_rested":0,"item_purchase_floors":[0,0,0,0,0,0,0,0],"current_hp_per_floor":[23,28,28,21,13,12,12,6,6],"gold":250,"neow_bonus":"","is_daily":false,"chose_seed":false,"campfire_upgraded":1,"win_rate":0.0,"timestamp":1612645078,"path_taken":["M","?","?","?","M","E","R","E"],"items_purchased_type":["Relic","Card","Card","Relic","Relic","Card","Card","Card"],"build_version":"2020-12-22","purchased_purges":2,"victory":false,"max_hp_per_floor":[66,71,71,71,71,71,71,71,71],"card_choices":[{"not_picked":["animator:ShinjiMatou","animator:LeleiLaLalena","animator:Alexander"],"picked":"SKIP","floor":1},{"not_picked":["animator:Gillette","animator:HighElfArcher","animator:Cocytus"],"picked":"SKIP","floor":5},{"not_picked":["animator:Genos","animator:Assassin"],"picked":"animator:Caster","floor":6}],"player_experience":1515575,"relics_obtained":[{"floor":3,"key":"animator:WornHelmet"},{"floor":6,"key":"Potion Belt"}],"event_choices":[{"damage_healed":0,"gold_gain":0,"player_choice":"Donut","damage_taken":0,"max_hp_gain":5,"max_hp_loss":0,"event_name":"Big Fish","floor":2,"gold_loss":0},{"damage_healed":0,"gold_gain":75,"player_choice":"Touch","damage_taken":7,"max_hp_gain":0,"max_hp_loss":0,"event_name":"FaceTrader","floor":4,"gold_loss":0}],"is_beta":false,"boss_relics":[],"items_purged_floors":[0,0],"is_endless":false,"potions_floor_spawned":[5,6],"killed_by":"Gremlin Nob","ascension_level":10}}