{"host":"opg65mucj6ra7dr1","time":1612625141,"event":{"mods":["BaseMod","DeckTracker","Keyboard Shortcuts","Minty Spire (QoL Compilation)","Permanent Neow","Quick Restart","everything is the same but u backflip on backflip"],"gold_per_floor":[109,120,172,1,16,16,16,51,51,51,80,80,98,113,113,209,209,193,78,78,78,78,78,78,78],"floor_reached":24,"language":"KOR","playtime":871,"items_purged":["Strike_R"],"score":293,"play_id":"f72e9df4-cecc-4450-8b8a-f3f80016674d","local_time":"20210207002541","is_ascension_mode":true,"campfire_choices":[{"data":"True Grit","floor":6,"key":"SMITH"},{"data":"Armaments","floor":10,"key":"SMITH"},{"data":"Body Slam","floor":15,"key":"SMITH"},{"data":"Pommel Strike","floor":23,"key":"SMITH"}],"circlet_count":0,"master_deck":["Strike_R","Strike_R","Strike_R","Defend_R","Defend_R","Defend_R+1","Defend_R+1","Bash","Pommel Strike+1","True Grit+1","Body Slam+1","Armaments+1","Headbutt","Flame Barrier","Intimidate","Decay"],"relics":["Black Blood","War Paint","Membership Card","Juzu Bracelet","Orichalcum","Matryoshka","Sundial","ClockworkSouvenir","MutagenicStrength"],"acts_visited":["Exordium","TheCity"],"potions_floor_usage":[8,16,24],"damage_taken":[{"damage":6,"enemies":"Cultist","floor":1,"turns":3},{"damage":3,"enemies":"2 Louse","floor":2,"turns":3},{"damage":0,"enemies":"Small Slimes","floor":5,"turns":3},{"damage":27,"enemies":"Gremlin Nob","floor":8,"turns":5},{"damage":14,"enemies":"3 Sentries","floor":11,"turns":13},{"damage":12,"enemies":"Gremlin Gang","floor":13,"turns":6},{"damage":8,"enemies":"Blue Slaver","floor":14,"turns":6},{"damage":36,"enemies":"The Guardian","floor":16,"turns":17},{"damage":17,"enemies":"2 Thieves","floor":18,"turns":4},{"damage":46,"enemies":"Slavers","floor":24,"turns":4}],"seed_played":"4272984857496257462","potions_obtained":[{"floor":2,"key":"Weak Potion"},{"floor":8,"key":"DistilledChaos"},{"floor":14,"key":"Regen Potion"}],"is_trial":false,"path_per_floor":["M","M","T","$","M","R","?","E","T","R","E","?","M","M","R","B",null,"M","$","?","?","?","R","E"],"character_chosen":"IRONCLAD","items_purchased":["Armaments","Membership Card","ClockworkSouvenir"],"campfire_rested":0,"item_purchase_floors":[4,4,19],"current_hp_per_floor":[72,75,75,75,80,80,68,47,47,47,39,39,33,31,31,16,64,59,59,44,44,44,44,0,0],"gold":78,"neow_bonus":"TRANSFORM_CARD","is_daily":false,"chose_seed":false,"campfire_upgraded":4,"win_rate":0.0,"timestamp":1612625141,"path_taken":["M","?","?","?","?","R","?","E","T","R","E","?","M","M","R","BOSS","M","$","?","?","?","R","E"],"items_purchased_type":["Card","Relic","Relic"],"build_version":"2020-12-22","purchased_purges":1,"victory":false,"max_hp_per_floor":[80,80,80,80,80,80,80,80,80,80,80,80,80,80,80,80,80,80,80,85,85,85,85,85,85],"card_choices":[{"not_picked":["Clash","Pummel"],"picked":"True Grit","floor":1},{"not_picked":["Pommel Strike","Pummel"],"picked":"Body Slam","floor":2},{"not_picked":["Pommel Strike","Spot Weakness"],"picked":"Headbutt","floor":5},{"not_picked":["Clash","Iron Wave"],"picked":"Flame Barrier","floor":8},{"not_picked":["Combust","Perfected Strike"],"picked":"Intimidate","floor":11},{"not_picked":["Iron Wave","Intimidate","True Grit"],"picked":"SKIP","floor":13},{"not_picked":["Dark Embrace","Sword Boomerang","Seeing Red"],"picked":"SKIP","floor":14},{"not_picked":["Searing Blow","Rupture","Iron Wave"],"picked":"SKIP","floor":18}],"player_experience":172211,"relics_obtained":[{"floor":3,"key":"War Paint"},{"floor":8,"key":"Orichalcum"},{"floor":9,"key":"Matryoshka"},{"floor":11,"key":"Sundial"}],"event_choices":[{"damage_healed":0,"gold_gain":0,"player_choice":"Success","damage_taken":12,"relics_obtained":["Juzu Bracelet"],"max_hp_gain":0,"max_hp_loss":0,"event_name":"Scrap Ooze","floor":7,"gold_loss":0},{"damage_healed":0,"gold_gain":0,"player_choice":"Cursed","damage_taken":0,"max_hp_gain":0,"max_hp_loss":0,"event_name":"Wheel of Change","floor":12,"gold_loss":0,"cards_obtained":["Decay"]},{"damage_healed":0,"gold_gain":0,"player_choice":"Shed Blood","damage_taken":20,"max_hp_gain":5,"max_hp_loss":0,"event_name":"Forgotten Altar","floor":20,"gold_loss":0},{"damage_healed":0,"gold_gain":0,"player_choice":"Inject Mutagens","damage_taken":0,"relics_obtained":["MutagenicStrength"],"max_hp_gain":0,"max_hp_loss":0,"event_name":"Drug Dealer","floor":21,"gold_loss":0},{"damage_healed":0,"gold_gain":0,"player_choice":"0 cards matched","damage_taken":0,"max_hp_gain":0,"max_hp_loss":0,"event_name":"Match and Keep!","floor":22,"gold_loss":0,"cards_obtained":[]}],"is_beta":false,"boss_relics":[{"not_picked":["Cursed Key","SacredBark"],"picked":"Black Blood"}],"items_purged_floors":[19],"is_endless":false,"potions_floor_spawned":[2,8,14],"killed_by":"Slavers","ascension_level":9}}