{"host":"344lv32hnei0mdhu","time":1612586463,"event":{"mods":["Act Like it!","BaseMod","Better Match","Better Sensory Stone","Better Skull","Better Third Choice","Better Vampires","Colored Powertips","Highlight Path","Minty Spire (QoL Compilation)","Quick Restart","Random Character Button","Rare Cards Sparkle","StSLib"],"gold_per_floor":[116,131,131,149,73,107,107,43,43,72,72,87,113,113],"floor_reached":13,"language":"ENG","playtime":494,"items_purged":[],"score":160,"play_id":"ca14146c-d849-45cb-8efc-01560bdbb149","local_time":"20210205224103","is_ascension_mode":true,"campfire_choices":[{"floor":7,"key":"REST"}],"circlet_count":0,"master_deck":["AscendersBane","Strike_B","Strike_B","Strike_B","Defend_B","Defend_B","Defend_B","Defend_B","Zap","Dualcast","Beam Cell","Self Repair","Glacier","Capacitor","Auto Shields","Static Discharge","Buffer"],"relics":["Cracked Core","NeowsBlessing","The Courier","White Beast Statue","Regal Pillow","Pocketwatch"],"acts_visited":["Exordium"],"potions_floor_usage":[10,12,13],"damage_taken":[{"damage":0,"enemies":"Jaw Worm","floor":1,"turns":1},{"damage":0,"enemies":"Cultist","floor":2,"turns":1},{"damage":0,"enemies":"Small Slimes","floor":4,"turns":1},{"damage":37,"enemies":"3 Sentries","floor":6,"turns":14},{"damage":23,"enemies":"Gremlin Nob","floor":10,"turns":5},{"damage":13,"enemies":"Exordium Thugs","floor":12,"turns":4},{"damage":47,"enemies":"3 Sentries","floor":13,"turns":13}],"seed_played":"5618583109062844978","potions_obtained":[{"floor":2,"key":"Swift Potion"},{"floor":6,"key":"LiquidBronze"},{"floor":10,"key":"SkillPotion"},{"floor":12,"key":"Regen Potion"},{"floor":13,"key":"AttackPotion"}],"is_trial":false,"path_per_floor":["M","M","?","M","$","E","R","$","T","E","?","M","E"],"character_chosen":"DEFECT","items_purchased":["Capacitor","Static Discharge"],"campfire_rested":1,"item_purchase_floors":[5,8],"current_hp_per_floor":[68,68,72,72,72,42,64,64,64,48,48,42,17,17],"gold":113,"neow_bonus":"THREE_ENEMY_KILL","is_daily":false,"chose_seed":false,"campfire_upgraded":0,"win_rate":0.0,"timestamp":1612586463,"path_taken":["M","M","?","?","$","E","R","$","T","E","?","M","E"],"items_purchased_type":["Card","Card"],"build_version":"2020-12-22","purchased_purges":0,"victory":false,"max_hp_per_floor":[75,75,75,75,75,75,75,75,75,75,75,75,75,75],"card_choices":[{"not_picked":["Stack","Hologram"],"picked":"Beam Cell","floor":1},{"not_picked":["Cold Snap","Conserve Battery"],"picked":"Self Repair","floor":2},{"not_picked":["Turbo","Leap"],"picked":"Glacier","floor":4},{"not_picked":["Sweeping Beam","Darkness"],"picked":"Auto Shields","floor":6},{"not_picked":["Cold Snap","Coolheaded","Sweeping Beam"],"picked":"SKIP","floor":10},{"not_picked":["Conserve Battery","Sweeping Beam"],"picked":"Buffer","floor":12}],"player_experience":408984,"relics_obtained":[{"floor":6,"key":"The Courier"},{"floor":9,"key":"White Beast Statue"},{"floor":10,"key":"Regal Pillow"},{"floor":13,"key":"Pocketwatch"}],"event_choices":[{"damage_healed":4,"gold_gain":0,"player_choice":"LEAVE ","damage_taken":0,"relics_obtained":[],"max_hp_gain":0,"max_hp_loss":0,"event_name":"betterSkull:BetterSkull","floor":3,"gold_loss":0,"cards_upgraded":[]},{"cards_removed":["Strike_B"],"damage_healed":0,"gold_gain":0,"player_choice":"Purged","damage_taken":0,"max_hp_gain":0,"max_hp_loss":0,"event_name":"Purifier","floor":11,"gold_loss":0}],"is_beta":false,"boss_relics":[],"items_purged_floors":[],"is_endless":false,"potions_floor_spawned":[2,6,10,12,13],"killed_by":"3 Sentries","ascension_level":11}}