{"host":"fzjk61lpi4bwj033","time":1612644116,"event":{"mods":["BaseMod","Hermit","Jorbs\u0027s Wanderer Trilogy","Minty Spire (QoL Compilation)","Rare Cards Sparkle","Relic Stats","StSLib"],"gold_per_floor":[16,32,32,47,65,65,103,103,103,103,135,154,50,66,66,71,71],"floor_reached":16,"language":"ENG","playtime":739,"items_purged":["hermit:Strike_Hermit"],"score":204,"play_id":"70ca6e29-3e00-41ae-aa5e-54d47fce3c45","local_time":"20210206144156","is_ascension_mode":true,"campfire_choices":[{"data":"hermit:Gestalt","floor":6,"key":"SMITH"},{"floor":8,"key":"REST"},{"data":"hermit:Snapshot","floor":10,"key":"SMITH"},{"floor":15,"key":"REST"}],"circlet_count":0,"master_deck":["AscendersBane","hermit:Strike_Hermit","hermit:Strike_Hermit","hermit:Strike_Hermit","hermit:Defend_Hermit","hermit:Defend_Hermit","hermit:Defend_Hermit","hermit:Defend_Hermit","hermit:Snapshot+1","hermit:Covet","hermit:Dive","hermit:Scavenge","hermit:Gestalt+1","hermit:GhostlyPresence","hermit:Coalescence","hermit:Desperado","hermit:Headshot","hermit:TrackingShot"],"relics":["hermit:Momento","Ancient Tea Set","Odd Mushroom"],"acts_visited":["Exordium"],"potions_floor_usage":[7,11],"damage_taken":[{"damage":6,"enemies":"Cultist","floor":1,"turns":4},{"damage":6,"enemies":"Small Slimes","floor":2,"turns":4},{"damage":0,"enemies":"2 Louse","floor":4,"turns":3},{"damage":10,"enemies":"Large Slime","floor":5,"turns":10},{"damage":34,"enemies":"3 Sentries","floor":7,"turns":15},{"damage":9,"enemies":"The Mushroom Lair","floor":11,"turns":5},{"damage":10,"enemies":"3 Louse","floor":12,"turns":6},{"damage":11,"enemies":"Lots of Slimes","floor":14,"turns":4},{"damage":36,"enemies":"Slime Boss","floor":16,"turns":10}],"seed_played":"2854603834031821172","potions_obtained":[{"floor":4,"key":"Explosive Potion"},{"floor":7,"key":"Fire Potion"},{"floor":11,"key":"SteroidPotion"},{"floor":12,"key":"hermit:Tonic"},{"floor":14,"key":"FairyPotion"}],"is_trial":false,"path_per_floor":["M","M","$","M","M","R","E","R","T","R","?","M","$","M","R","B"],"character_chosen":"HERMIT","items_purchased":["hermit:Headshot"],"campfire_rested":2,"item_purchase_floors":[13],"current_hp_per_floor":[72,66,66,66,56,56,22,47,47,47,38,28,28,17,42,6,6],"gold":71,"neow_bonus":"TWENTY_PERCENT_HP_BONUS","is_daily":false,"chose_seed":false,"campfire_upgraded":2,"win_rate":0.0,"timestamp":1612644116,"path_taken":["M","M","?","M","M","R","E","R","T","R","?","M","$","M","R","BOSS"],"items_purchased_type":["Card"],"build_version":"2020-12-22","purchased_purges":1,"victory":false,"max_hp_per_floor":[85,85,85,85,85,85,85,85,85,85,85,85,85,85,85,85,85],"relic_stats":{"counters":[9,61],"obtain_stats":[{"Odd Mushroom":11,"Ancient Tea Set":7,"hermit:Momento":0},{"Odd Mushroom":6,"Ancient Tea Set":5,"hermit:Momento":0},{"Odd Mushroom":41,"Ancient Tea Set":36,"hermit:Momento":0}]},"card_choices":[{"not_picked":["hermit:Glare","hermit:NoHoldsBarred"],"picked":"hermit:Dive","floor":1},{"not_picked":["hermit:ItchyTrigger","hermit:Dive"],"picked":"hermit:Scavenge","floor":2},{"not_picked":["hermit:Manifest","hermit:Headshot"],"picked":"hermit:Gestalt","floor":4},{"not_picked":["hermit:BodyArmor","hermit:Misfire"],"picked":"hermit:GhostlyPresence","floor":5},{"not_picked":["hermit:Dive","hermit:EyeOfTheStorm"],"picked":"hermit:Coalescence","floor":7},{"not_picked":["hermit:Headshot","hermit:OverwhelmingPower"],"picked":"hermit:Desperado","floor":12},{"not_picked":["hermit:CalledShot","hermit:GhostlyPresence"],"picked":"hermit:TrackingShot","floor":14}],"player_experience":790348,"relics_obtained":[{"floor":7,"key":"Ancient Tea Set"},{"floor":11,"key":"Odd Mushroom"}],"event_choices":[{"damage_healed":0,"gold_gain":0,"player_choice":"Fought Mushrooms","damage_taken":0,"max_hp_gain":0,"max_hp_loss":0,"event_name":"Mushrooms","floor":11,"gold_loss":0}],"is_beta":false,"boss_relics":[],"items_purged_floors":[13],"is_endless":false,"potions_floor_spawned":[4,7,11,12,14],"killed_by":"Slime Boss","ascension_level":20}}