{"host":"nj4msrt0z6tj4wtb","time":1612589041,"event":{"mods":["AchievementEnabler","BaseMod","Colored Map","Colored Powertips","DeckTracker","Highlight Path","Keyboard Shortcuts","Minty Spire (QoL Compilation)","Quick Restart","Random Character Button","StSLib","SuperFastMode"],"gold_per_floor":[111,122,136,149,149,149,224,259,284,284,284],"floor_reached":10,"language":"KOR","playtime":193,"items_purged":[],"score":82,"play_id":"6d6741d4-2dc4-45ef-beab-862e93651c44","local_time":"20210206142401","is_ascension_mode":true,"campfire_choices":[{"data":"Zap","floor":6,"key":"SMITH"}],"circlet_count":0,"master_deck":["Strike_B","Strike_B","Strike_B","Strike_B","Defend_B","Defend_B","Defend_B","Defend_B","Zap+1","Dualcast","Conserve Battery","Leap","Capacitor","Undo","Defragment"],"relics":["Cracked Core","NeowsBlessing","Golden Idol","Nunchaku","Vajra"],"acts_visited":["Exordium"],"potions_floor_usage":[8],"damage_taken":[{"damage":0,"enemies":"Small Slimes","floor":1,"turns":1},{"damage":0,"enemies":"2 Louse","floor":2,"turns":1},{"damage":0,"enemies":"Cultist","floor":3,"turns":1},{"damage":18,"enemies":"Red Slaver","floor":4,"turns":5},{"damage":21,"enemies":"3 Sentries","floor":8,"turns":10},{"damage":13,"enemies":"Gremlin Nob","floor":10,"turns":2}],"seed_played":"-7179320858067783939","potions_obtained":[{"floor":3,"key":"EssenceOfSteel"}],"is_trial":false,"path_per_floor":["M","M","M","M","?","R","?","E","T","E"],"character_chosen":"DEFECT","items_purchased":[],"campfire_rested":0,"item_purchase_floors":[],"current_hp_per_floor":[75,75,75,57,39,39,28,7,7,0,0],"gold":284,"neow_bonus":"THREE_ENEMY_KILL","is_daily":false,"chose_seed":false,"campfire_upgraded":1,"win_rate":0.0,"timestamp":1612589041,"path_taken":["M","M","M","M","?","R","?","E","T","E"],"items_purchased_type":[],"build_version":"2020-12-22","purchased_purges":0,"victory":false,"max_hp_per_floor":[75,75,75,75,75,75,75,75,75,75,75],"card_choices":[{"not_picked":["Recycle","Chill"],"picked":"Conserve Battery","floor":1},{"not_picked":["Redo","Go for the Eyes"],"picked":"Leap","floor":2},{"not_picked":["Ball Lightning","BootSequence"],"picked":"Capacitor","floor":3},{"not_picked":["Hologram","Rebound"],"picked":"Undo","floor":4},{"not_picked":["Stack","Meteor Strike"],"picked":"Defragment","floor":8}],"player_experience":657781,"relics_obtained":[{"floor":8,"key":"Nunchaku"},{"floor":9,"key":"Vajra"}],"event_choices":[{"damage_healed":0,"gold_gain":0,"player_choice":"Take Damage","damage_taken":18,"relics_obtained":["Golden Idol"],"max_hp_gain":0,"max_hp_loss":0,"event_name":"Golden Idol","floor":5,"gold_loss":0},{"damage_healed":0,"gold_gain":75,"player_choice":"Gather Gold","damage_taken":11,"max_hp_gain":0,"max_hp_loss":0,"event_name":"World of Goop","floor":7,"gold_loss":0}],"is_beta":false,"boss_relics":[],"items_purged_floors":[],"is_endless":false,"potions_floor_spawned":[3],"killed_by":"Gremlin Nob","ascension_level":4}}