{"host":"1ooxfz79hmpvpehx","time":1612621147,"event":{"mods":["BaseMod","Minty Spire (QoL Compilation)","Quick Restart","Replay The Spire","StSLib","SuperFastMode"],"gold_per_floor":[111,127,52,52,127,127,127,167,167,67,67,67,81,81,114,114,64,192,192,205,205,225,225,29,29,29,41,41,59,76,76,31,62,62,167,167,181,31,47,47,57,57,57,57],"floor_reached":43,"language":"ENG","playtime":919,"items_purged":["Languid","Strike_B","Defend_B","Strike_B"],"score":452,"play_id":"7eebd63d-69f9-4e46-a00d-2a5d3d815565","local_time":"20210206111907","is_ascension_mode":false,"campfire_choices":[{"data":"Rebound","floor":6,"key":"SMITH"},{"data":"Zap","floor":14,"key":"SMITH"},{"data":"ReplayGash","floor":25,"key":"SMITH"},{"data":"Buffer","floor":31,"key":"SMITH"},{"data":"Gash","floor":34,"key":"SMITH"},{"floor":42,"key":"RECALL"}],"circlet_count":0,"master_deck":["Zap+1","Dualcast","BootSequence","Rebound+1","Buffer+1","Streamline+1","Ghostly","Ghostly","Ghostly","Ghostly","Ghostly","ReplayGash+1","FIFO Queue","Gash+1","Hologram"],"relics":["Cracked Core","Bloody Idol","Toy Ornithopter","Blood Vial","Calipers","Runic Dome","Symbiotic Virus","ReplayTheSpireMod:Ninjato","Happy Flower","Ring of Chaos"],"acts_visited":["Exordium","TheCity","TheBeyond"],"potions_floor_usage":[15,15,18,22,35,35,43],"damage_taken":[{"damage":6,"enemies":"Cultist","floor":1,"turns":3},{"damage":1,"enemies":"Jaw Worm","floor":2,"turns":2},{"damage":20,"enemies":"Gremlin Nob","floor":8,"turns":4},{"damage":0,"enemies":"2 Louse","floor":13,"turns":2},{"damage":12,"enemies":"3 Sentries","floor":15,"turns":5},{"damage":49,"enemies":"Fading Forest","floor":18,"turns":11},{"damage":5,"enemies":"2 Thieves","floor":20,"turns":4},{"damage":5,"enemies":"3 Byrds","floor":22,"turns":4},{"damage":0,"enemies":"Centurion and Healer","floor":27,"turns":5},{"damage":8,"enemies":"Snake Plant","floor":29,"turns":5},{"damage":4,"enemies":"Shelled Parasite and Fungi","floor":30,"turns":5},{"damage":17,"enemies":"Slavers","floor":33,"turns":6},{"damage":7,"enemies":"Collector","floor":35,"turns":7},{"damage":1,"enemies":"Orb Walker","floor":37,"turns":4},{"damage":12,"enemies":"3 Shapes","floor":39,"turns":6},{"damage":1,"enemies":"Transient","floor":41,"turns":5},{"damage":41,"enemies":"Nemesis","floor":43,"turns":6}],"seed_played":"3219399402872295395","potions_obtained":[{"floor":8,"key":"FocusPotion"},{"floor":13,"key":"Fire Potion"},{"floor":15,"key":"Strength Potion"},{"floor":18,"key":"Elixir"},{"floor":20,"key":"Strength Potion"},{"floor":30,"key":"Milkshake"},{"floor":33,"key":"Strength Potion"},{"floor":37,"key":"FearPotion"},{"floor":41,"key":"LifebloodPotion"}],"is_trial":false,"path_per_floor":["M","M","$","?","?","R","?","E","T","$","PTL","PTL","M","R","E","$","R","B",null,"M","?","M","?","$","R","?","M","T","M","M","R","$","E","R","B",null,"M","$","M","?","M","R","E"],"character_chosen":"DEFECT","items_purchased":["ReplayGash","Gash"],"campfire_rested":0,"item_purchase_floors":[24,32],"current_hp_per_floor":[69,68,68,68,57,57,57,37,37,37,37,37,39,39,39,39,39,7,69,64,64,69,34,34,34,34,34,34,31,34,34,34,22,22,32,34,34,34,27,27,33,33,0,0],"gold":57,"neow_bonus":"TRANSFORM_TWO_CARDS","is_daily":false,"chose_seed":false,"campfire_upgraded":5,"win_rate":0.0,"timestamp":1612621147,"path_taken":["M","M","$","?","?","R","?","E","T","?","PTL","PTL","M","R","E","$","R","BOSS","M","?","M","?","$","R","?","M","T","M","?","R","$","E","R","BOSS","M","$","M","?","M","R","E"],"items_purchased_type":["Card","Card"],"build_version":"2020-12-22","purchased_purges":4,"victory":false,"max_hp_per_floor":[75,75,75,75,75,75,69,69,69,69,69,69,69,69,69,69,69,69,69,69,69,69,34,34,34,34,34,34,34,34,34,34,34,34,34,34,34,34,34,34,34,34,34,34],"card_choices":[{"not_picked":["Hologram","Barrage","Reinforced Body"],"picked":"SKIP","floor":1},{"not_picked":["Ball Lightning","Loop","ReplayTheSpireMod:GoodbyeWorld"],"picked":"SKIP","floor":2},{"not_picked":["BasicCrystalCard","Sunder","Capacitor"],"picked":"SKIP","floor":8},{"not_picked":["Ball Lightning","Tempest","Sunder"],"picked":"SKIP","floor":13},{"not_picked":["Multi-Cast","Turbo","Barrage"],"picked":"SKIP","floor":15},{"not_picked":["Biased Cognition","All For One"],"picked":"Buffer","floor":18},{"not_picked":["Coolheaded","Hologram+1"],"picked":"Streamline+1","floor":20},{"not_picked":["Crystallizer","Double Energy","Coolheaded"],"picked":"SKIP","floor":22},{"not_picked":["Ball Lightning+1","Leap"],"picked":"FIFO Queue","floor":27},{"not_picked":["Aggregate","Tempest","Go for the Eyes"],"picked":"SKIP","floor":29},{"not_picked":["Storm","Lockon","Reinforced Body"],"picked":"SKIP","floor":30},{"not_picked":["Sweeping Beam","Capacitor","Go for the Eyes+1"],"picked":"SKIP","floor":33},{"not_picked":["BootSequence+1","Ball Lightning"],"picked":"Hologram","floor":37},{"not_picked":["Go for the Eyes","Reprogram","Storm"],"picked":"SKIP","floor":39},{"not_picked":["Leap+1","FTL","Barrage+1"],"picked":"SKIP","floor":41}],"player_experience":19648,"relics_obtained":[{"floor":8,"key":"Toy Ornithopter"},{"floor":9,"key":"Blood Vial"},{"floor":15,"key":"Calipers"},{"floor":28,"key":"ReplayTheSpireMod:Ninjato"},{"floor":33,"key":"Happy Flower"}],"event_choices":[{"damage_healed":0,"gold_gain":75,"player_choice":"Gather Gold","damage_taken":11,"max_hp_gain":0,"max_hp_loss":0,"event_name":"World of Goop","floor":5,"gold_loss":0},{"damage_healed":0,"gold_gain":0,"player_choice":"Lose Max HP","damage_taken":0,"relics_obtained":["Golden Idol"],"max_hp_gain":0,"max_hp_loss":6,"event_name":"Golden Idol","floor":7,"gold_loss":0},{"cards_removed":["Defend_B"],"damage_healed":0,"gold_gain":0,"player_choice":"Card Removal","damage_taken":0,"max_hp_gain":0,"max_hp_loss":0,"event_name":"The Cleric","floor":17,"gold_loss":50},{"damage_healed":0,"gold_gain":0,"player_choice":"Gave Idol","damage_taken":0,"relics_obtained":["Bloody Idol"],"max_hp_gain":0,"max_hp_loss":0,"event_name":"Forgotten Altar","floor":21,"relics_lost":["Golden Idol"],"gold_loss":0},{"damage_healed":0,"gold_gain":0,"player_choice":"Became a Ghost","damage_taken":0,"max_hp_gain":0,"max_hp_loss":35,"event_name":"Ghosts","floor":23,"gold_loss":0,"cards_obtained":["Ghostly","Ghostly","Ghostly","Ghostly","Ghostly"]},{"damage_healed":0,"gold_gain":0,"player_choice":"Gave Potion","damage_taken":0,"relics_obtained":["Symbiotic Virus"],"max_hp_gain":0,"max_hp_loss":0,"event_name":"WeMeetAgain","floor":26,"gold_loss":0},{"cards_removed":["Strike_B"],"damage_healed":0,"gold_gain":0,"player_choice":"Offered Basic","damage_taken":0,"max_hp_gain":0,"max_hp_loss":0,"event_name":"Bonfire Elementals","floor":40,"gold_loss":0}],"is_beta":false,"boss_relics":[{"not_picked":["Philosopher\u0027s Stone","Honey Jar"],"picked":"Runic Dome"},{"not_picked":["Black Star","ChewingGum"],"picked":"Ring of Chaos"}],"items_purged_floors":[3,10,24,38],"is_endless":false,"potions_floor_spawned":[8,13,15,18,20,30,33,37,41],"killed_by":"Nemesis","ascension_level":0}}