{"host":"o3b7ow6d1xe49css","time":1612589780,"event":{"mods":["Act Like it!","Aspiration","BaseMod","Bestiary","Better Altar","Better Match","Better Note","Better Sensory Stone","Better Skull","Better Third Choice","Colored Powertips","Conspire","Energized Spire","Force Act Four","GifTheSpireLib","Halation","Hermit","Hubris","Infinite Spire","Lobotomy","Minty Spire (QoL Compilation)","Quick Restart","Rare Cards Sparkle","Relic Filter Mod","Reliquary","Replay The Spire","Spicy Shops","Spikes Relics","Spire Arcade","StSLib","Stuff the Spire","The Blue Laboratory","Wandering Minibosses"],"gold_per_floor":[112,130,149,149,6,6,37,68,91,91,126,159,188,40,40,40,40],"floor_reached":16,"language":"ENG","playtime":926,"items_purged":[],"score":170,"play_id":"93120243-06c1-4acf-9ccb-916e49ba5249","local_time":"20210205203620","daily_mods":["Heirloom","Flight"],"is_ascension_mode":true,"campfire_choices":[{"data":"Dualcast","floor":6,"key":"SMITH"},{"floor":10,"key":"REST"},{"data":"Capacitor","floor":15,"key":"SMITH"}],"circlet_count":0,"master_deck":["Strike_B","Strike_B","Strike_B","Strike_B","Defend_B","Defend_B","Defend_B","Defend_B","Zap+1","Dualcast+1","Conserve Battery","Capacitor+1","Hologram","Glacier","UniverseFragment"],"relics":["Cracked Core","Ring of Chaos","aspiration:HatOfInfinitePower","CogitoBucket","halation:PromiseList","Mummified Hand","StuffTheSpire:PointBlank","halation:PrussianBluePaint","hubris:GlazedTorus","conspire:Dentures","Blood Vial","Replay:Frozen Program"],"acts_visited":["Exordium"],"potions_floor_usage":[7,8,12,13,13,13,13],"damage_taken":[{"damage":1,"enemies":"Cultist","floor":1,"turns":3},{"damage":2,"enemies":"2 Louse","floor":2,"turns":3},{"damage":0,"enemies":"conspire:RoseBush","floor":3,"turns":5},{"damage":5,"enemies":"Gremlin Nob","floor":7,"turns":3},{"damage":30,"enemies":"3 Sentries","floor":8,"turns":8},{"damage":35,"enemies":"Gremlin Nob","floor":11,"turns":4},{"damage":2,"enemies":"3 Sentries","floor":12,"turns":10},{"damage":6,"enemies":"Gremlin Nob","floor":13,"turns":5},{"damage":42,"enemies":"Fading Forest","floor":16,"turns":9}],"seed_played":"-3766668987014529926","potions_obtained":[{"floor":1,"key":"CultistPotion"},{"floor":2,"key":"BlessingOfTheForge"},{"floor":11,"key":"FocusPotion"},{"floor":12,"key":"EntropicBrew"}],"is_trial":true,"path_per_floor":["M","M","M","?","$","R","E","E","T","R","E","E","E","$","R","B"],"character_chosen":"DEFECT","items_purchased":["halation:PromiseList","Replay:Frozen Program"],"campfire_rested":1,"item_purchase_floors":[5,14],"current_hp_per_floor":[74,72,72,72,72,72,67,37,37,59,24,22,16,16,16,0,0],"gold":40,"neow_bonus":"","is_daily":false,"chose_seed":false,"campfire_upgraded":2,"win_rate":0.0,"timestamp":1612589780,"path_taken":["M","M","M","?","$","R","E","E","T","R","E","E","E","$","R","BOSS"],"items_purchased_type":["Relic","Relic"],"build_version":"2020-12-22","purchased_purges":0,"victory":false,"max_hp_per_floor":[75,75,75,75,75,75,75,75,75,75,75,75,75,75,75,75,75],"card_choices":[{"not_picked":["ReplayTheSpireMod:Reroute Power","Coolheaded"],"picked":"Conserve Battery","floor":1},{"not_picked":["BigBird","Bloodbath","WallGazer"],"picked":"Singing Bowl","floor":2},{"not_picked":["Beam Cell","BasicCrystalCard","Turbo"],"picked":"SKIP","floor":2},{"not_picked":["GreedKing","LittleHelper","FairyFestival"],"picked":"Singing Bowl","floor":3},{"not_picked":["Rebound","StuffTheSpire:LoadUp","Melter"],"picked":"SKIP","floor":3},{"not_picked":["Go for the Eyes","BasicCrystalCard"],"picked":"Capacitor","floor":7},{"not_picked":["DespairKnight","Bloodbath","QueenBee"],"picked":"Singing Bowl","floor":7},{"not_picked":["Turbo","StuffTheSpire:ShieldGenerator"],"picked":"Hologram","floor":8},{"not_picked":["BasicCrystalCard","Sweeping Beam"],"picked":"Glacier","floor":11},{"not_picked":["MeatLantern","Bloodbath","Wellcheers"],"picked":"Singing Bowl","floor":11},{"not_picked":["Scorched","PunishingBird"],"picked":"UniverseFragment","floor":12},{"not_picked":["Auto Shields","ReplaySort","Go for the Eyes"],"picked":"SKIP","floor":12},{"not_picked":["Turbo","Hyperbeam","Chaos"],"picked":"SKIP","floor":13}],"player_experience":1306846,"relics_obtained":[{"floor":7,"key":"Mummified Hand"},{"floor":8,"key":"StuffTheSpire:PointBlank"},{"floor":9,"key":"halation:PrussianBluePaint"},{"floor":11,"key":"hubris:GlazedTorus"},{"floor":12,"key":"conspire:Dentures"},{"floor":13,"key":"Blood Vial"}],"event_choices":[{"damage_healed":0,"gold_gain":0,"player_choice":"Upgraded","damage_taken":0,"max_hp_gain":0,"max_hp_loss":0,"event_name":"Upgrade Shrine","floor":4,"gold_loss":0,"cards_upgraded":["Zap"]}],"is_beta":false,"boss_relics":[],"items_purged_floors":[],"is_endless":false,"potions_floor_spawned":[1,2,11,12],"killed_by":"Fading Forest","ascension_level":5}}