{"host":"z9x5nldzhmx4jdfi","time":1612646909,"event":{"mods":["2.2 Compatiblity","BaseMod","Better Altar","Better Match","Better Note","Better Sensory Stone","Better Skull","Better Third Choice","BetterRewards","Block Reminder","Card Filter","Colored Powertips","Infinite Spire","Minty Spire (QoL Compilation)","Relic Filter","StSLib","Td1madao Mod","The Animator","The Servant 0.9.4","Wandering Minibosses"],"gold_per_floor":[31,144,155,80,92,92,92,92],"floor_reached":7,"language":"ENG","playtime":311,"items_purged":[],"score":62,"play_id":"c54318df-d9e2-4c73-994f-a77344ac851b","local_time":"20210206152829","is_ascension_mode":true,"campfire_choices":[{"data":"animator:Berserker","floor":6.0,"key":"SMITH"}],"circlet_count":0,"master_deck":["AscendersBane","animator:Strike_Fate","animator:Defend_Fate","animator:Strike","animator:Strike","animator:Strike","animator:Defend+1","animator:Defend","animator:Defend","animator:Alexander","animator:Rider","animator:Berserker+1","animator:Kaijin"],"relics":["animator:LivingPicture","animator:TheMissingPiece","Gambling Chip","Strawberry","Blood Vial","Akabeko"],"acts_visited":["Exordium"],"potions_floor_usage":[7],"damage_taken":[{"damage":4.0,"enemies":"Jaw Worm","floor":1.0,"turns":6.0},{"damage":0.0,"enemies":"Cultist","floor":3.0,"turns":3.0},{"damage":0.0,"enemies":"2 Louse","floor":5.0,"turns":2.0},{"damage":17,"enemies":"Gremlin Nob","floor":7,"turns":3}],"seed_played":"-5530273868287155082","potions_obtained":[{"floor":3.0,"key":"Energy Potion"}],"is_trial":false,"path_per_floor":["M","?","M","?","M","R","E"],"character_chosen":"THE_ANIMATOR","items_purchased":[],"campfire_rested":0,"item_purchase_floors":[],"current_hp_per_floor":[55,8,10,10,12,12,0,0],"gold":92,"neow_bonus":"ONE_RARE_RELIC","is_daily":false,"chose_seed":false,"campfire_upgraded":1,"win_rate":0.0,"timestamp":1612646909,"path_taken":["M","?","?","?","M","R","E"],"items_purchased_type":[],"build_version":"2020-12-22","purchased_purges":0,"victory":false,"max_hp_per_floor":[66,73,73,73,73,73,73,73],"card_choices":[{"not_picked":["animator:AcuraTooru","animator:PandorasActor"],"picked":"animator:Berserker","floor":1.0},{"not_picked":["animator:Guy","animator:Rider"],"picked":"animator:Kaijin","floor":3.0},{"not_picked":["animator:Shion","animator:Viivi","animator:Sebas"],"picked":"SKIP","floor":5.0}],"player_experience":1517041,"relics_obtained":[],"event_choices":[{"damage_healed":0.0,"max_hp_gain":0.0,"max_hp_loss":0.0,"gold_gain":113.0,"event_name":"betterSkull:BetterSkull","player_choice":"RE RE RE GO ","floor":2.0,"gold_loss":0.0,"damage_taken":61.0,"cards_upgraded":[],"relics_obtained":["Strawberry","Blood Vial","Akabeko"]},{"damage_healed":0.0,"max_hp_gain":0.0,"max_hp_loss":0.0,"gold_gain":0.0,"event_name":"betterMatch:BetterMatch","player_choice":"2","floor":4.0,"gold_loss":0.0,"damage_taken":0.0,"cards_obtained":[]}],"is_beta":false,"boss_relics":[],"items_purged_floors":[],"is_endless":false,"potions_floor_spawned":[3],"killed_by":"Gremlin Nob","ascension_level":10}}