{"host":"vyjryxuuuxkt43k4","time":1612623076,"event":{"mods":["AchievementEnabler","BaseMod","Colored Map","DeckTracker","Highlight Path","Keyboard Shortcuts","Minty Spire (QoL Compilation)","Permanent Neow","Quick Restart","StSLib","SuperFastMode","everything is the same but u backflip on backflip"],"gold_per_floor":[360,370,370,12,22,57,57,74,74,94,111,111,138,138,138,241,241,260,60,60,60,72,102,102,102,102,102,115,133,133,93,93,189,189,200,93,143,189,200,200,82,95,95,126,3,3,3,3,3,3],"floor_reached":51,"language":"KOR","playtime":1362,"items_purged":["Strike_R","Strike_R","Strike_R","Barricade"],"score":751,"play_id":"45e46e6d-3fe9-4ece-bd0e-f53e70cc5860","local_time":"20210206235116","is_ascension_mode":false,"campfire_choices":[{"data":"Sword Boomerang","floor":7.0,"key":"SMITH"},{"data":"Inflame","floor":12.0,"key":"SMITH"},{"data":"Entrench","floor":15.0,"key":"SMITH"},{"floor":24.0,"key":"REST"},{"data":"Barricade","floor":27.0,"key":"SMITH"},{"data":"Seeing Red","floor":30.0,"key":"SMITH"},{"data":"Ghostly Armor","floor":32.0,"key":"SMITH"},{"data":"Burning Pact","floor":40.0,"key":"SMITH"},{"data":"Trip","floor":46,"key":"SMITH"},{"data":"Impervious","floor":49,"key":"SMITH"}],"circlet_count":0,"master_deck":["Defend_R","Defend_R","Defend_R","Defend_R","Bash","Sword Boomerang+1","Seeing Red+1","Body Slam+1","Dual Wield","Uppercut+1","Immolate+1","Entrench+1","Barricade+1","Flex+1","Ghostly Armor+1","Body Slam+1","Impervious+1","Purity","Battle Trance+1","Burning Pact+1","Trip+1","Disarm+1"],"relics":["Burning Blood","Membership Card","Molten Egg 2","HornCleat","Darkstone Periapt","Juzu Bracelet","Centennial Puzzle","Cursed Key","Pen Nib","Lee\u0027s Waffle","Self Forming Clay","Snecko Eye","StoneCalendar","CaptainsWheel","Red Skull","Bottled Tornado"],"acts_visited":["Exordium","TheCity","TheBeyond"],"potions_floor_usage":[50,50],"damage_taken":[{"damage":1.0,"enemies":"2 Louse","floor":1.0,"turns":4.0},{"damage":9.0,"enemies":"Cultist","floor":2.0,"turns":4.0},{"damage":0.0,"enemies":"Small Slimes","floor":5.0,"turns":3.0},{"damage":36.0,"enemies":"Gremlin Nob","floor":6.0,"turns":5.0},{"damage":7.0,"enemies":"Blue Slaver","floor":8.0,"turns":3.0},{"damage":0.0,"enemies":"Large Slime","floor":10.0,"turns":3.0},{"damage":0.0,"enemies":"3 Louse","floor":11.0,"turns":3.0},{"damage":0.0,"enemies":"3 Sentries","floor":13.0,"turns":2.0},{"damage":33.0,"enemies":"The Guardian","floor":16.0,"turns":11.0},{"damage":7.0,"enemies":"Shell Parasite","floor":18.0,"turns":5.0},{"damage":20.0,"enemies":"2 Thieves","floor":22.0,"turns":3.0},{"damage":66.0,"enemies":"Slavers","floor":23.0,"turns":4.0},{"damage":1.0,"enemies":"Cultist and Chosen","floor":28.0,"turns":6.0},{"damage":0.0,"enemies":"Centurion and Healer","floor":29.0,"turns":4.0},{"damage":16.0,"enemies":"Automaton","floor":33.0,"turns":6.0},{"damage":0.0,"enemies":"Orb Walker","floor":35.0,"turns":2.0},{"damage":0.0,"enemies":"Mind Bloom Boss Battle","floor":37.0,"turns":3.0},{"damage":0.0,"enemies":"2 Orb Walkers","floor":38.0,"turns":4.0},{"damage":19.0,"enemies":"3 Shapes","floor":39.0,"turns":3.0},{"damage":12.0,"enemies":"Spire Growth","floor":42.0,"turns":3.0},{"damage":10,"enemies":"Giant Head","floor":44,"turns":4},{"damage":16,"enemies":"Awakened One","floor":50,"turns":8}],"seed_played":"-7826686399102273721","potions_obtained":[{"floor":6.0,"key":"Regen Potion"},{"floor":8.0,"key":"Block Potion"},{"floor":10.0,"key":"Explosive Potion"},{"floor":13.0,"key":"ColorlessPotion"},{"floor":16.0,"key":"Regen Potion"},{"floor":22.0,"key":"Weak Potion"},{"floor":31.0,"key":"FairyPotion"},{"floor":31.0,"key":"PowerPotion"},{"floor":39.0,"key":"Explosive Potion"},{"floor":42.0,"key":"DistilledChaos"}],"is_trial":false,"path_per_floor":["M","M","?","$","M","E","R","M","T","M","M","R","E","?","R","B",null,"M","$","?","?","M","E","R","?","T","R","M","M","R","?","R","B",null,"M","$","?","?","M","R","$","M","T","E","$","R","?","?","R","B",null],"character_chosen":"IRONCLAD","items_purchased":["Membership Card","Molten Egg 2","Seeing Red","Pen Nib","Lee\u0027s Waffle","Purity","Trip","Bottled Tornado"],"campfire_rested":1,"item_purchase_floors":[4,4,4,19,19,36,41,45],"current_hp_per_floor":[72,69,69,69,72,42,42,41,41,47,53,53,59,59,59,32,72,71,79,79,79,65,17,40,40,40,40,45,51,51,51,51,55,79,79,79,79,79,66,66,66,60,60,56,56,56,56,56,56,46],"gold":3,"neow_bonus":"TWO_FIFTY_GOLD","is_daily":false,"chose_seed":false,"campfire_upgraded":9,"win_rate":0.0,"timestamp":1612623076,"path_taken":["M","M","?","$","M","E","R","M","T","M","M","R","E","?","R","BOSS","M","$","?","?","M","E","R","?","T","R","M","M","R","?","R","BOSS","M","$","?","?","M","R","$","M","T","E","$","R","?","?","R","BOSS"],"items_purchased_type":["Relic","Relic","Card","Relic","Relic","Card","Card","Relic"],"build_version":"2020-12-22","purchased_purges":4,"victory":true,"max_hp_per_floor":[72,72,72,72,72,72,72,72,72,72,72,72,72,72,72,72,72,72,79,79,79,79,79,79,79,79,79,79,79,79,79,79,79,79,79,79,79,79,79,79,79,79,79,79,79,79,75,75,75,75],"card_choices":[{"not_picked":["True Grit","Rupture"],"picked":"Sword Boomerang","floor":1.0},{"not_picked":["Second Wind","Infernal Blade","True Grit"],"picked":"SKIP","floor":2.0},{"not_picked":["Shrug It Off","Perfected Strike+1"],"picked":"Inflame","floor":5.0},{"not_picked":["Rampage+1","Cleave+1"],"picked":"Body Slam+1","floor":6.0},{"not_picked":["Havoc","Twin Strike+1"],"picked":"Dual Wield","floor":8.0},{"not_picked":["Entrench","Thunderclap+1"],"picked":"Uppercut+1","floor":10.0},{"not_picked":["Heavy Blade+1","Reckless Charge+1"],"picked":"Immolate+1","floor":11.0},{"not_picked":["Demon Form","Disarm"],"picked":"Entrench","floor":13.0},{"not_picked":["Feed+1","Bludgeon+1"],"picked":"Barricade","floor":16.0},{"not_picked":["Twin Strike+1","Iron Wave+1"],"picked":"Flex+1","floor":18.0},{"not_picked":["Cleave+1","Dropkick+1","Dual Wield"],"picked":"SKIP","floor":22.0},{"not_picked":["Hemokinesis+1","Exhume"],"picked":"Ghostly Armor","floor":23.0},{"not_picked":["Havoc","Heavy Blade+1"],"picked":"Body Slam+1","floor":28.0},{"not_picked":["Wild Strike+1","Headbutt+1","Combust"],"picked":"SKIP","floor":29.0},{"not_picked":["Double Tap","Juggernaut"],"picked":"Impervious","floor":33.0},{"not_picked":["Sword Boomerang+1","Wild Strike+1","Clothesline+1"],"picked":"SKIP","floor":35.0},{"not_picked":["True Grit+1","Shrug It Off"],"picked":"Battle Trance+1","floor":37.0},{"not_picked":["Ghostly Armor+1","Perfected Strike+1"],"picked":"Burning Pact","floor":38.0},{"not_picked":["Anger+1","Inflame","Battle Trance"],"picked":"SKIP","floor":39.0},{"not_picked":["Thunderclap+1","Power Through"],"picked":"Disarm+1","floor":42.0},{"not_picked":["Clothesline+1","Warcry+1","Iron Wave+1"],"picked":"SKIP","floor":44}],"player_experience":804373,"relics_obtained":[{"floor":6.0,"key":"HornCleat"},{"floor":9.0,"key":"Darkstone Periapt"},{"floor":13.0,"key":"Juzu Bracelet"},{"floor":23.0,"key":"Self Forming Clay"},{"floor":37.0,"key":"StoneCalendar"},{"floor":38.0,"key":"CaptainsWheel"},{"floor":44,"key":"Red Skull"}],"event_choices":[{"cards_removed":["Strike_R"],"damage_healed":0.0,"max_hp_gain":0.0,"max_hp_loss":0.0,"gold_gain":0.0,"event_name":"Living Wall","player_choice":"Forget","floor":3.0,"gold_loss":0.0,"damage_taken":0.0},{"damage_healed":0.0,"max_hp_gain":0.0,"max_hp_loss":0.0,"gold_gain":0.0,"event_name":"WeMeetAgain","player_choice":"Gave Potion","floor":14.0,"gold_loss":0.0,"damage_taken":0.0,"relics_obtained":["Centennial Puzzle"]},{"damage_healed":0.0,"max_hp_gain":0.0,"max_hp_loss":0.0,"gold_gain":0.0,"cards_transformed":["Strike_R"],"event_name":"Transmorgrifier","player_choice":"Transformed","floor":20.0,"gold_loss":0.0,"damage_taken":0.0,"cards_obtained":["Barricade"]},{"damage_healed":0.0,"max_hp_gain":0.0,"max_hp_loss":0.0,"gold_gain":0.0,"event_name":"Ghosts","player_choice":"Ignored","floor":21.0,"gold_loss":0.0,"damage_taken":0.0},{"damage_healed":0.0,"max_hp_gain":0.0,"max_hp_loss":0.0,"gold_gain":0.0,"event_name":"N\u0027loth","player_choice":"Ignored","floor":25.0,"gold_loss":0.0,"damage_taken":0.0},{"damage_healed":0.0,"max_hp_gain":0.0,"max_hp_loss":0.0,"gold_gain":0.0,"event_name":"The Woman in Blue","player_choice":"Bought 3 Potions","floor":31.0,"gold_loss":0.0,"damage_taken":0.0},{"damage_healed":0.0,"max_hp_gain":0.0,"max_hp_loss":0.0,"gold_gain":0.0,"event_name":"MindBloom","player_choice":"Fight","floor":37.0,"gold_loss":0.0,"damage_taken":0.0},{"damage_healed":0.0,"max_hp_gain":0.0,"max_hp_loss":0.0,"gold_gain":0.0,"event_name":"Mysterious Sphere","player_choice":"Fight","floor":38.0,"gold_loss":0.0,"damage_taken":0.0},{"damage_healed":0,"gold_gain":0,"player_choice":"Max HP","damage_taken":0,"max_hp_gain":0,"max_hp_loss":4,"event_name":"Winding Halls","floor":47,"gold_loss":0},{"cards_removed":["Inflame"],"damage_healed":0,"gold_gain":0,"player_choice":"Removed Power","damage_taken":0,"max_hp_gain":0,"max_hp_loss":0,"event_name":"Falling","floor":48,"gold_loss":0}],"is_beta":false,"boss_relics":[{"not_picked":["Sozu","Fusion Hammer"],"picked":"Cursed Key"},{"not_picked":["Mark of Pain","SacredBark"],"picked":"Snecko Eye"}],"items_purged_floors":[4,19,36,41],"is_endless":false,"potions_floor_spawned":[6,8,10,13,16,22,39,42],"ascension_level":0}}