{"host":"c44ey07ufggfw2m8","time":1612611011,"event":{"mods":["2.2 Compatiblity","BaseMod","Colored Map","DeckTracker","Highlight Path","Keyboard Shortcuts","Minty Spire (QoL Compilation)","Permanent Neow","Quick Restart","StSLib","SuperFastMode","UnlockEverythingMod"],"gold_per_floor":[116,127,140,315,331,357,357,367,392,421,439,439,439,439,439,537,537,552,566,566,576,199,226,82,109,134,162,162,162,162,192,192,289,289,306,306,361,33,33,66,66,66,112,126,161,190,213,239,239,239],"floor_reached":51,"language":"KOR","playtime":2066,"items_purged":["Doubt","Strike_P+1"],"score":1414,"play_id":"df1c51dd-88f7-41c9-a831-50a94d0a0514","local_time":"20210206203011","is_ascension_mode":true,"campfire_choices":[{"data":"Meditate","floor":7.0,"key":"SMITH"},{"data":"Halt","floor":12.0,"key":"SMITH"},{"floor":15.0,"key":"REST"},{"data":"Defend_P","floor":28.0,"key":"SMITH"},{"data":"Ghostly","floor":32,"key":"SMITH"},{"data":"Madness","floor":41,"key":"SMITH"},{"data":"Madness","floor":42,"key":"SMITH"},{"floor":49,"key":"REST"}],"circlet_count":0,"master_deck":["Defend_P+1","Defend_P+1","Defend_P+1","Eruption+1","Vigilance+1","LessonLearned+1","CarveReality+1","Evaluate+1","Crescendo+1","Meditate+1","WheelKick+1","EmptyBody+1","Halt+1","DeusExMachina+1","ClearTheMind+1","Ragnarok+1","MentalFortress+1","Ghostly+1","Ghostly+1","Ghostly+1","Ghostly+1","Ghostly+1","Wireheading+1","Scrawl+1","Vault+1","Adaptation+1","Tantrum+1","Madness+1","Madness+1","Wallop+1","MentalFortress+1","TalkToTheHand+1"],"relics":["PureWater","WingedGreaves","Vajra","MealTicket","Black Star","Sling","Akabeko","Juzu Bracelet","Medical Kit","Pear","Sundial","Tiny Chest","Mummified Hand","Torii","Darkstone Periapt","Regal Pillow","Astrolabe","Lantern","Happy Flower","TungstenRod","Whetstone","Art of War","CeramicFish","Potion Belt","War Paint","Strawberry","Centennial Puzzle","TeardropLocket"],"acts_visited":["Exordium","TheCity","TheBeyond"],"potions_floor_usage":[33,50,50,50,50],"damage_taken":[{"damage":10.0,"enemies":"2 Louse","floor":1.0,"turns":3.0},{"damage":2.0,"enemies":"Jaw Worm","floor":2.0,"turns":3.0},{"damage":1.0,"enemies":"Cultist","floor":3.0,"turns":3.0},{"damage":0.0,"enemies":"Large Slime","floor":5.0,"turns":5.0},{"damage":0.0,"enemies":"Gremlin Nob","floor":6.0,"turns":2.0},{"damage":6.0,"enemies":"2 Fungi Beasts","floor":8.0,"turns":3.0},{"damage":12.0,"enemies":"Lagavulin","floor":10.0,"turns":5.0},{"damage":0.0,"enemies":"Gremlin Gang","floor":11.0,"turns":3.0},{"damage":0.0,"enemies":"Slime Boss","floor":16.0,"turns":7.0},{"damage":10.0,"enemies":"Chosen","floor":18.0,"turns":7.0},{"damage":0.0,"enemies":"Spheric Guardian","floor":19.0,"turns":3.0},{"damage":0.0,"enemies":"3 Cultists","floor":21.0,"turns":4.0},{"damage":0.0,"enemies":"Slavers","floor":23.0,"turns":1.0},{"damage":7.0,"enemies":"Gremlin Leader","floor":25.0,"turns":4.0},{"damage":1.0,"enemies":"Book of Stabbing","floor":27.0,"turns":3.0},{"damage":14,"enemies":"Gremlin Leader","floor":31,"turns":7},{"damage":0,"enemies":"Champ","floor":33,"turns":9},{"damage":0,"enemies":"3 Shapes","floor":35,"turns":8},{"damage":0,"enemies":"Giant Head","floor":40,"turns":6},{"damage":0,"enemies":"3 Darklings","floor":44,"turns":6},{"damage":0,"enemies":"Nemesis","floor":45,"turns":3},{"damage":0,"enemies":"Reptomancer","floor":46,"turns":5},{"damage":0,"enemies":"Transient","floor":47,"turns":6},{"damage":0,"enemies":"Nemesis","floor":48,"turns":4},{"damage":33,"enemies":"Awakened One","floor":50,"turns":8}],"seed_played":"-401692702216636978","potions_obtained":[{"floor":1.0,"key":"PowerPotion"},{"floor":2.0,"key":"FearPotion"},{"floor":3.0,"key":"ColorlessPotion"},{"floor":11.0,"key":"CultistPotion"},{"floor":16.0,"key":"ColorlessPotion"},{"floor":18.0,"key":"Ambrosia"},{"floor":25.0,"key":"Dexterity Potion"},{"floor":44,"key":"Explosive Potion"},{"floor":46,"key":"BlessingOfTheForge"},{"floor":48,"key":"GamblersBrew"}],"is_trial":false,"path_per_floor":["M","M","M","?","M","E","R","M","T","E","M","R","?","?","R","B",null,"M","M","?","M","$","E","$","E","T","E","R","?","?","E","R","B",null,"M","?","T","$","?","E","R","R","T","M","E","E","M","E","R","B",null],"character_chosen":"WATCHER","items_purchased":["Ragnarok","Sling","Medical Kit","Wallop","Happy Flower"],"campfire_rested":2,"item_purchase_floors":[22,22,24,38,38],"current_hp_per_floor":[62,60,59,59,59,59,59,53,53,41,41,41,27,27,48,48,72,62,62,62,62,72,72,72,75,75,74,74,41,41,27,27,27,41,41,36,36,41,41,41,41,41,41,41,41,48,48,48,48,15],"gold":239,"neow_bonus":"ONE_RANDOM_RARE_CARD","is_daily":false,"chose_seed":false,"campfire_upgraded":6,"win_rate":0.0,"timestamp":1612611011,"path_taken":["M","M","M","?","M","E","R","M","T","E","M","R","?","?","R","BOSS","M","M","?","M","$","E","$","E","T","E","R","?","?","E","R","BOSS","M","?","?","$","?","E","R","R","T","M","E","E","M","E","R","BOSS"],"items_purchased_type":["Card","Relic","Relic","Card","Relic"],"build_version":"2020-12-22","purchased_purges":2,"victory":true,"max_hp_per_floor":[72,72,72,72,72,72,72,72,72,72,72,72,72,72,72,72,72,72,72,72,72,72,72,72,82,82,82,82,41,41,41,41,41,41,41,41,41,41,41,41,41,41,41,41,41,48,48,48,48,48],"card_choices":[{"not_picked":["ThirdEye","CrushJoints"],"picked":"CarveReality","floor":1.0},{"not_picked":["ThirdEye","FlyingSleeves"],"picked":"Evaluate","floor":2.0},{"not_picked":["SignatureMove","FlyingSleeves"],"picked":"Crescendo","floor":3.0},{"not_picked":["SpiritShield","Halt"],"picked":"Meditate","floor":5.0},{"not_picked":["FlyingSleeves","FollowUp"],"picked":"WheelKick","floor":6.0},{"not_picked":["FlyingSleeves","BowlingBash","EmptyBody"],"picked":"SKIP","floor":8.0},{"not_picked":["SignatureMove","Fasting2"],"picked":"EmptyBody","floor":10.0},{"not_picked":["Protect","FlyingSleeves"],"picked":"Halt","floor":11.0},{"not_picked":["DevaForm","MasterReality"],"picked":"DeusExMachina","floor":16.0},{"not_picked":["CrushJoints","FlurryOfBlows+1"],"picked":"ClearTheMind","floor":18.0},{"not_picked":["JustLucky","FollowUp","EmptyBody"],"picked":"SKIP","floor":19.0},{"not_picked":["FlurryOfBlows","SignatureMove","Prostrate"],"picked":"SKIP","floor":21.0},{"not_picked":["Halt+1","SashWhip","ForeignInfluence+1"],"picked":"SKIP","floor":23.0},{"not_picked":["FlurryOfBlows","Establishment"],"picked":"MentalFortress+1","floor":25.0},{"not_picked":["Ragnarok","FollowUp","Swivel"],"picked":"SKIP","floor":27.0},{"not_picked":["Evaluate","WheelKick+1","PathToVictory+1"],"picked":"SKIP","floor":31},{"not_picked":["Establishment","Alpha"],"picked":"Scrawl","floor":33},{"not_picked":["CutThroughFate+1","Indignation+1"],"picked":"Tantrum+1","floor":35},{"not_picked":["Evaluate","TalkToTheHand"],"picked":"MentalFortress+1","floor":40},{"not_picked":["CarveReality","CrushJoints+1","BowlingBash"],"picked":"SKIP","floor":44},{"not_picked":["Collect+1","Weave","Nirvana"],"picked":"SKIP","floor":45},{"not_picked":["Prostrate","Vengeance+1","LikeWater+1"],"picked":"SKIP","floor":46},{"not_picked":["Prostrate","Consecrate"],"picked":"TalkToTheHand","floor":47},{"not_picked":["WaveOfTheHand+1","Crescendo+1","SashWhip+1"],"picked":"SKIP","floor":48}],"player_experience":114750,"relics_obtained":[{"floor":6.0,"key":"WingedGreaves"},{"floor":9.0,"key":"Vajra"},{"floor":10.0,"key":"MealTicket"},{"floor":23.0,"key":"Akabeko"},{"floor":23.0,"key":"Juzu Bracelet"},{"floor":25.0,"key":"Pear"},{"floor":25.0,"key":"Sundial"},{"floor":26.0,"key":"Tiny Chest"},{"floor":27.0,"key":"Mummified Hand"},{"floor":27.0,"key":"Torii"},{"floor":31,"key":"Darkstone Periapt"},{"floor":31,"key":"Regal Pillow"},{"floor":37,"key":"Lantern"},{"floor":40,"key":"TungstenRod"},{"floor":40,"key":"Whetstone"},{"floor":43,"key":"Art of War"},{"floor":45,"key":"CeramicFish"},{"floor":45,"key":"Potion Belt"},{"floor":46,"key":"War Paint"},{"floor":46,"key":"Strawberry"},{"floor":48,"key":"Centennial Puzzle"},{"floor":48,"key":"TeardropLocket"}],"event_choices":[{"damage_healed":0.0,"max_hp_gain":0.0,"max_hp_loss":0.0,"gold_gain":175.0,"event_name":"Liars Game","player_choice":"AGREE","floor":4.0,"gold_loss":0.0,"damage_taken":0.0,"cards_obtained":["Doubt"]},{"damage_healed":0.0,"max_hp_gain":0.0,"max_hp_loss":0.0,"gold_gain":0.0,"event_name":"Shining Light","player_choice":"Entered Light","floor":13.0,"gold_loss":0.0,"damage_taken":14.0,"cards_upgraded":["Defend_P","Evaluate"]},{"damage_healed":0.0,"max_hp_gain":0.0,"max_hp_loss":0.0,"gold_gain":0.0,"event_name":"Accursed Blacksmith","player_choice":"Forge","floor":14.0,"gold_loss":0.0,"damage_taken":0.0,"cards_upgraded":["WheelKick"]},{"damage_healed":0.0,"max_hp_gain":0.0,"max_hp_loss":0.0,"gold_gain":0.0,"event_name":"Vampires","player_choice":"Ignored","floor":20.0,"gold_loss":0.0,"damage_taken":0.0},{"damage_healed":0,"gold_gain":0,"player_choice":"Became a Ghost","damage_taken":0,"max_hp_gain":0,"max_hp_loss":41,"event_name":"Ghosts","floor":29,"gold_loss":0,"cards_obtained":["Ghostly","Ghostly","Ghostly","Ghostly","Ghostly"]},{"damage_healed":0,"gold_gain":0,"cards_transformed":["Strike_P"],"player_choice":"Transformed","damage_taken":0,"max_hp_gain":0,"max_hp_loss":0,"event_name":"Transmorgrifier","floor":30,"gold_loss":0,"cards_obtained":["Wireheading"]},{"damage_healed":0,"gold_gain":0,"player_choice":"Embrace Madness","damage_taken":5,"max_hp_gain":0,"max_hp_loss":0,"event_name":"Winding Halls","floor":36,"gold_loss":0,"cards_obtained":["Madness","Madness"]},{"cards_removed":["ReachHeaven"],"damage_healed":0,"gold_gain":0,"player_choice":"Offered Uncommon","damage_taken":0,"max_hp_gain":0,"max_hp_loss":0,"event_name":"Bonfire Elementals","floor":39,"gold_loss":0}],"is_beta":false,"boss_relics":[{"not_picked":["Pandora\u0027s Box","Runic Dome"],"picked":"Black Star"},{"not_picked":["HolyWater","Snecko Eye"],"picked":"Astrolabe"}],"items_purged_floors":[22,38],"is_endless":false,"potions_floor_spawned":[1,2,3,11,16,18,25,44,46,48],"ascension_level":4}}