{"host":"m3qxensetu6036ua","time":1612622760,"event":{"mods":["2.2 Compatiblity","AchievementEnabler","BaseMod","Better Altar","Better Match","Better Sensory Stone","Better Skull","Better Third Choice","Better Vampires","Block Reminder","Colored Powertips","Displayed Cursed Tome","Evolution","Good Game Mod","GungeonMod","Hubris","Jedi Mod","Minty Spire (QoL Compilation)","Rare Cards Sparkle","Remove Card Discount Mod","Replay The Spire","Spicy Shops","StSLib","The Cursed"],"gold_per_floor":[113,125,66,66,341,341,371,371,371,386,418,435,450,501,501,598,598,617,617,632,212,223,223,249,249,249],"floor_reached":25,"language":"ENG","playtime":1060,"items_purged":["True Grit","Doubt","Pain","ReplayTheSpireMod:Restless Dread"],"score":268,"play_id":"4e938d38-1b87-401f-ab2f-b6ae6db92f02","local_time":"20210206154600","is_ascension_mode":true,"campfire_choices":[{"data":"1","floor":6,"key":"LIFT"},{"floor":8,"key":"REST"},{"data":"2","floor":15,"key":"LIFT"},{"data":"3","floor":23,"key":"LIFT"}],"circlet_count":0,"master_deck":["Cleave+1","Cleave","Cleave","Cleave","Cleave+1","Defend_R","Defend_R","Defend_R","Bash","Echo Form","Sword Boomerang","Inflame","Pommel Strike","Evolve","Hemokinesis","Spot Weakness","Limit Break","ReplayTheSpireMod:LeadingStrike"],"relics":["Burning Blood","EVO:Axolotl","REME:ComplimentaryCards","Girya","Omamori","Happy Flower","hubris:CuriousFeather","ReplayTheSpireMod:Lightbulb","Replay:Ancient Bell","hubris:TenFootPole","Replay:Bottled Flurry","jedi:kaleidoscope","ReplayTheSpireMod:CursedCoin","Replay:Baseball","Bottled Tornado","Whetstone","jedi:crownofsimplicity"],"acts_visited":["Exordium","TheCity"],"potions_floor_usage":[10,11,20,24],"damage_taken":[{"damage":0,"enemies":"Cultist","floor":1,"turns":3},{"damage":5,"enemies":"Small Slimes","floor":2,"turns":2},{"damage":27,"enemies":"3 Sentries","floor":7,"turns":4},{"damage":0,"enemies":"2 Louse","floor":10,"turns":1},{"damage":12,"enemies":"Gremlin Nob","floor":11,"turns":3},{"damage":0,"enemies":"Exordium Wildlife","floor":12,"turns":2},{"damage":0,"enemies":"Gremlin Gang","floor":13,"turns":1},{"damage":30,"enemies":"The Guardian","floor":16,"turns":8},{"damage":8,"enemies":"Chosen","floor":18,"turns":3},{"damage":17,"enemies":"3 Byrds","floor":20,"turns":3},{"damage":12,"enemies":"3 Cultists","floor":22,"turns":3},{"damage":26,"enemies":"Gremlin Leader","floor":24,"turns":3},{"damage":41,"enemies":"Snake Plant","floor":25,"turns":2}],"seed_played":"1239698047175834351","potions_obtained":[{"floor":2,"key":"ElixirPotion"},{"floor":7,"key":"ColorlessPotion"},{"floor":10,"key":"ColorlessPotion"},{"floor":11,"key":"Explosive Potion"},{"floor":22,"key":"AttackPotion"}],"is_trial":false,"path_per_floor":["M","M","$","?","?","R","E","R","T","M","E","M","M","?","R","B",null,"M","?","M","$","M","R","E","M"],"character_chosen":"IRONCLAD","items_purchased":["Omamori","ReplayTheSpireMod:CursedCoin","Replay:Baseball","Bottled Tornado","Whetstone"],"campfire_rested":1,"item_purchase_floors":[3,21,21,21,21],"current_hp_per_floor":[62,63,63,63,63,63,42,66,66,72,66,72,78,78,78,54,80,78,78,67,67,61,61,41,0,0],"gold":249,"neow_bonus":"ONE_RARE_RELIC","is_daily":false,"chose_seed":false,"campfire_upgraded":0,"win_rate":0.0,"timestamp":1612622760,"path_taken":["M","M","$","?","?","R","E","R","T","M","E","M","?","?","R","BOSS","M","?","M","$","?","R","E","M"],"items_purchased_type":["Relic","Relic","Relic","Relic","Relic"],"build_version":"2020-12-22","purchased_purges":4,"victory":false,"max_hp_per_floor":[80,80,80,80,80,80,80,80,80,80,80,80,80,80,80,80,80,80,80,80,80,80,80,80,80,80],"card_choices":[{"not_picked":["hubris:CleavingFinish","Dark Embrace"],"picked":"Sword Boomerang","floor":1},{"not_picked":["Heavy Blade","Warcry"],"picked":"Inflame","floor":2},{"not_picked":["Replay:Undeath\u0027s Touch","Bloodletting","Warcry"],"picked":"SKIP","floor":7},{"not_picked":["Headbutt","Armaments"],"picked":"Evolve","floor":10},{"not_picked":["Replay:Undeath\u0027s Touch","Combust"],"picked":"Hemokinesis","floor":11},{"not_picked":["Cleave","jedi:MakeshiftSword","Sword Boomerang"],"picked":"SKIP","floor":12},{"not_picked":["jedi:harder","Replay:Undeath\u0027s Touch"],"picked":"Spot Weakness","floor":13},{"not_picked":["Corruption","jedi:harder"],"picked":"Limit Break","floor":16},{"not_picked":["Parasite","Delirium"],"picked":"Pain","floor":17},{"not_picked":["hubris:Compulsion","Hallucinations"],"picked":"Doubt","floor":17},{"not_picked":["hubris:Gluttony","ReplayTheSpireMod:Faulty Equipment"],"picked":"ReplayTheSpireMod:Splinters","floor":17},{"not_picked":["hubris:ReadiedAction","Heavy Blade+1","Reckless Charge"],"picked":"SKIP","floor":18},{"not_picked":["True Grit","hubris:StunningStrike"],"picked":"ReplayTheSpireMod:LeadingStrike","floor":20},{"not_picked":["Iron Wave","Flex","Sword Boomerang"],"picked":"SKIP","floor":22},{"not_picked":["Combust","Iron Wave","jedi:fear"],"picked":"SKIP","floor":24}],"player_experience":232536,"relics_obtained":[{"floor":7,"key":"Happy Flower"},{"floor":9,"key":"hubris:CuriousFeather"},{"floor":11,"key":"ReplayTheSpireMod:Lightbulb"},{"floor":24,"key":"jedi:crownofsimplicity"}],"event_choices":[{"damage_healed":0,"gold_gain":275,"player_choice":"Desecrate","damage_taken":0,"max_hp_gain":0,"max_hp_loss":0,"event_name":"Golden Shrine","floor":5,"gold_loss":0,"cards_obtained":["Regret"]},{"damage_healed":0,"gold_gain":51,"player_choice":"Gained Gold","damage_taken":0,"max_hp_gain":0,"max_hp_loss":0,"event_name":"Golden Wing","floor":14,"gold_loss":0},{"cards_removed":["ReplayTheSpireMod:Splinters"],"damage_healed":0,"gold_gain":0,"player_choice":"Purged","damage_taken":0,"max_hp_gain":0,"max_hp_loss":0,"event_name":"Purifier","floor":19,"gold_loss":0}],"is_beta":false,"boss_relics":[{"not_picked":["Black Star","jedi:paperlyon"],"picked":"Replay:Ancient Bell"},{"not_picked":["hubris:SlimyHat","Smiling Mask"],"picked":"hubris:TenFootPole"},{"not_picked":["Iron Hammer","Blue Candle"],"picked":"Replay:Bottled Flurry"},{"not_picked":["Replay:PocketPolymizer","Unceasing Top"],"picked":"jedi:kaleidoscope"}],"items_purged_floors":[3,21,21,21],"is_endless":false,"potions_floor_spawned":[2,7,10,11,22],"killed_by":"Snake Plant","ascension_level":1}}