{"host":"p9t7qd83igtcp2bh","time":1612618402,"event":{"mods":["2.2 Compatiblity","AchievementEnabler","BaseMod","Colored Map","Colored Powertips","Custom Start","DeckTracker","Keyboard Shortcuts","Minty Spire (QoL Compilation)","Permanent Neow","Spicy Shops","StSLib","SuperFastMode","everything is the same but u backflip on backflip"],"gold_per_floor":[112,132,147,164,175,175,175,175],"floor_reached":7,"language":"KOR","playtime":182,"items_purged":[],"score":83,"play_id":"7d69bee6-f616-4573-97aa-ade896e0010d","local_time":"20210206223322","is_ascension_mode":true,"campfire_choices":[{"data":"Eruption","floor":6.0,"key":"SMITH"}],"circlet_count":0,"master_deck":["AscendersBane","Strike_P","Strike_P","Strike_P","Defend_P","Defend_P","Defend_P","Eruption+1","Vigilance","Protect","FollowUp","BowlingBash","Indignation","SashWhip"],"relics":["PureWater"],"acts_visited":["Exordium"],"potions_floor_usage":[],"damage_taken":[{"damage":0.0,"enemies":"Cultist","floor":1.0,"turns":2.0},{"damage":2.0,"enemies":"Small Slimes","floor":2.0,"turns":5.0},{"damage":0.0,"enemies":"Jaw Worm","floor":3.0,"turns":4.0},{"damage":0.0,"enemies":"Exordium Wildlife","floor":4.0,"turns":5.0},{"damage":7.0,"enemies":"Looter","floor":5.0,"turns":4.0},{"damage":35,"enemies":"Gremlin Nob","floor":7,"turns":3}],"seed_played":"2669721460385890062","potions_obtained":[{"floor":2.0,"key":"BlessingOfTheForge"},{"floor":5.0,"key":"Fire Potion"}],"is_trial":false,"path_per_floor":["M","M","M","M","M","R","E"],"character_chosen":"WATCHER","items_purchased":[],"campfire_rested":0,"item_purchase_floors":[],"current_hp_per_floor":[43,41,41,41,34,34,0,0],"gold":175,"neow_bonus":"REMOVE_TWO","is_daily":false,"chose_seed":false,"campfire_upgraded":1,"win_rate":0.0,"timestamp":1612618402,"path_taken":["M","M","M","M","M","R","E"],"items_purchased_type":[],"build_version":"2020-12-22","purchased_purges":0,"victory":false,"max_hp_per_floor":[68,68,68,68,68,68,68,68],"card_choices":[{"not_picked":["ForeignInfluence","EmptyBody"],"picked":"Protect","floor":1.0},{"not_picked":["Vengeance","WreathOfFlame"],"picked":"FollowUp","floor":2.0},{"not_picked":["ThirdEye","Collect"],"picked":"BowlingBash","floor":3.0},{"not_picked":["BowlingBash","JustLucky"],"picked":"Indignation","floor":4.0},{"not_picked":["Crescendo","BowlingBash"],"picked":"SashWhip","floor":5.0}],"player_experience":706816,"relics_obtained":[],"event_choices":[],"is_beta":false,"boss_relics":[],"items_purged_floors":[],"is_endless":false,"potions_floor_spawned":[2,5],"killed_by":"Gremlin Nob","ascension_level":17}}