{"host":"xp5rvh2jwe2ejyfm","time":1612652851,"event":{"mods":["2.2 Compatiblity","Aspiration","BaseMod","Better Altar","Better Match","Better Note","Better Sensory Stone","Better Skull","BetterRewards","Colored Powertips","Conspire","Downfall","GifTheSpireLib","Gremlin Mod","GungeonMod","Hermit","Hubris","Jorbs\u0027s Wanderer Trilogy","Minty Spire (QoL Compilation)","Potionbrewer","Quick Restart","Replay The Spire","Robot Space Explorer","Shade Mod","Somnambulant","StSLib","The Bug Knight","The Clintock","The Construct","The Cursed","The Disciple","The Forsaken","The Hierophant","The Necromancer","The Runesmith","The Servant 0.9.4","The Valiant","The Witch","TheFirefly","thorton"],"gold_per_floor":[112,112,122,136,136,136,153,178,201,211,211,245,264,277,277,379,379,394,17,31,31,42,55,55,55],"floor_reached":24,"language":"ENG","playtime":952,"items_purged":[],"score":212,"play_id":"e2b7b803-8249-4173-891d-e012ebd23808","local_time":"20210206180731","is_ascension_mode":false,"campfire_choices":[{"data":"ZombieSpit","floor":6,"key":"SMITH"},{"floor":11,"key":"REST"},{"floor":15,"key":"REST"}],"circlet_count":0,"master_deck":["Strike_Witch","Strike_Witch","Strike_Witch","Strike_Witch","Defend_Witch","Defend_Witch","Defend_Witch","Defend_Witch","Hexguard+1","ZombieSpit+1","WretchedNails","BoneCarving+1","SummonRatFamiliar","Bewitch","BlackBolt","Demonfyre","Malady","WretchedNails","TwistedMind","UnnaturalEnergy","MortusClaw+1","Demonfyre","Transmutation","CorruptBlood","BlackShield","UnnaturalEnergy"],"relics":["BlackCat","NeowsBlessing","aspiration:FrozenJewel","DemoMod:WeirdEgg","thethorton:BottledFunds","Oddly Smooth Stone","DemoMod:GlassGuonStoneRelic"],"acts_visited":["Exordium","TheCity"],"potions_floor_usage":[8,14,18,18],"damage_taken":[{"damage":0,"enemies":"Jaw Worm","floor":1,"turns":1},{"damage":0,"enemies":"Cultist","floor":3,"turns":1},{"damage":0,"enemies":"Small Slimes","floor":4,"turns":1},{"damage":8,"enemies":"Looter","floor":7,"turns":3},{"damage":16,"enemies":"Gremlin Nob","floor":8,"turns":3},{"damage":3,"enemies":"3 Louse","floor":10,"turns":3},{"damage":39,"enemies":"3 Sentries","floor":12,"turns":8},{"damage":14,"enemies":"Gremlin Gang","floor":13,"turns":3},{"damage":0,"enemies":"Red Slaver","floor":14,"turns":2},{"damage":4,"enemies":"Hexaghost","floor":16,"turns":7},{"damage":14,"enemies":"Shell Parasite","floor":18,"turns":6},{"damage":39,"enemies":"conspire:FuzzyDice","floor":20,"turns":6},{"damage":9,"enemies":"Snake Plant","floor":22,"turns":5},{"damage":0,"enemies":"conspire:HollyBat","floor":23,"turns":8},{"damage":8,"enemies":"Centurion and Healer","floor":24,"turns":1}],"seed_played":"-4908792917711328852","potions_obtained":[{"floor":1,"key":"Venom Potion"},{"floor":7,"key":"GamblersBrew"},{"floor":10,"key":"SpeedPotion"},{"floor":12,"key":"potionbrewer:EndurancePotion"},{"floor":16,"key":"potionbrewer:DiscountPotion"}],"is_trial":false,"path_per_floor":["M","?","M","M","?","R","M","E","T","M","R","E","M","M","R","B",null,"M","$","M","$","M","M","M"],"character_chosen":"WITCH","items_purchased":["Oddly Smooth Stone","Demonfyre","Transmutation"],"campfire_rested":2,"item_purchase_floors":[19,19,19],"current_hp_per_floor":[67,67,67,67,67,67,59,43,43,40,60,21,7,7,27,23,67,53,53,14,14,5,5,0,0],"gold":55,"neow_bonus":"THREE_ENEMY_KILL","is_daily":false,"chose_seed":false,"campfire_upgraded":1,"win_rate":0.0,"timestamp":1612652851,"path_taken":["M","?","M","M","?","R","M","E","T","M","R","E","M","?","R","BOSS","M","$","M","$","M","M","M"],"items_purchased_type":["Relic","Card","Card"],"build_version":"2020-12-22","purchased_purges":0,"victory":false,"max_hp_per_floor":[67,67,67,67,67,67,67,67,67,67,67,67,67,67,67,67,67,67,67,67,67,67,67,67,67],"card_choices":[{"not_picked":["RiteOfSummer","SaltCircle"],"picked":"WretchedNails","floor":1},{"not_picked":["BalefulWard","RoilingBarrier"],"picked":"BoneCarving","floor":3},{"not_picked":["MagicFang","FatalRay"],"picked":"SummonRatFamiliar","floor":4},{"not_picked":["SummonCatFamiliar","BalefulWard"],"picked":"Bewitch","floor":7},{"not_picked":["SaltCircle","Decrepify"],"picked":"BlackBolt","floor":8},{"not_picked":["Decrepify","KarmaDrain"],"picked":"Demonfyre","floor":10},{"not_picked":["Puncture","Pillage"],"picked":"Malady","floor":12},{"not_picked":["SummonOwlFamiliar","SoulBarrier"],"picked":"WretchedNails","floor":13},{"not_picked":["Harmlessness","RiteOfSummer"],"picked":"TwistedMind","floor":14},{"not_picked":["VileEgg","FatalRay"],"picked":"UnnaturalEnergy","floor":16},{"not_picked":["RiteOfAutumn","Decrepify+1"],"picked":"MortusClaw+1","floor":18},{"not_picked":["CrystalResonance","BalefulWard"],"picked":"CorruptBlood","floor":20},{"not_picked":["BleedOut","SoulBarrier+1"],"picked":"BlackShield","floor":22},{"not_picked":["CorruptBlood","Harmlessness"],"picked":"UnnaturalEnergy","floor":23}],"player_experience":453372,"relics_obtained":[{"floor":8,"key":"aspiration:FrozenJewel"},{"floor":12,"key":"DemoMod:WeirdEgg"}],"event_choices":[{"damage_healed":0,"gold_gain":0,"player_choice":"Upgraded","damage_taken":0,"max_hp_gain":0,"max_hp_loss":0,"event_name":"Upgrade Shrine","floor":5,"gold_loss":0,"cards_upgraded":["BoneCarving"]}],"is_beta":false,"boss_relics":[{"not_picked":["Ring of Chaos","Replay:Wanted Poster"],"picked":"thethorton:BottledFunds"}],"items_purged_floors":[],"is_endless":false,"potions_floor_spawned":[1,7,10,12,16],"killed_by":"Centurion and Healer","ascension_level":0}}