{"host":"640uue19m79c7wbt","time":1612639095,"event":{"mods":["BaseMod","Colored Map","Googly Eyes","Highlight Path","Minty Spire (QoL Compilation)","Quick Restart","StSLib"],"gold_per_floor":[112,112,131,131,141,168,56,56,56,74,107,124,124,124],"floor_reached":13,"language":"ENG","playtime":366,"items_purged":["Strike_G"],"score":185,"play_id":"bc956057-edee-4469-9cde-23fee6dce78f","local_time":"20210206141815","is_ascension_mode":true,"campfire_choices":[{"data":"Cloak And Dagger","floor":8,"key":"SMITH"}],"circlet_count":0,"master_deck":["AscendersBane","Strike_G","Strike_G","Strike_G","Defend_G","Defend_G","Defend_G","Defend_G","Defend_G","Survivor","Neutralize","Endless Agony","Dagger Throw","Cloak And Dagger+1","Poisoned Stab","Underhanded Strike","Caltrops","Acrobatics","Night Terror","Caltrops"],"relics":["Ring of the Snake","NeowsBlessing","Gremlin Horn","Nunchaku","Boot"],"acts_visited":["Exordium"],"potions_floor_usage":[6,11],"damage_taken":[{"damage":0,"enemies":"Cultist","floor":1,"turns":1},{"damage":0,"enemies":"Small Slimes","floor":3,"turns":1},{"damage":0,"enemies":"2 Louse","floor":5,"turns":1},{"damage":8,"enemies":"Gremlin Nob","floor":6,"turns":3},{"damage":1,"enemies":"Exordium Thugs","floor":10,"turns":3},{"damage":11,"enemies":"3 Sentries","floor":11,"turns":6},{"damage":7,"enemies":"Exordium Wildlife","floor":12,"turns":4},{"damage":8,"enemies":"Gremlin Nob","floor":13,"turns":3}],"seed_played":"-1589591662528110281","potions_obtained":[{"floor":1,"key":"SmokeBomb"},{"floor":3,"key":"Dexterity Potion"},{"floor":4,"key":"LiquidBronze"},{"floor":4,"key":"FearPotion"},{"floor":11,"key":"Ancient Potion"}],"is_trial":false,"path_per_floor":["M","?","M","?","M","E","$","R","T","M","E","M","E"],"character_chosen":"THE_SILENT","items_purchased":["Caltrops"],"campfire_rested":0,"item_purchase_floors":[7],"current_hp_per_floor":[59,59,59,59,59,51,51,51,51,50,39,32,24,24],"gold":124,"neow_bonus":"THREE_ENEMY_KILL","is_daily":false,"chose_seed":false,"campfire_upgraded":1,"win_rate":0.0,"timestamp":1612639095,"path_taken":["M","?","?","?","M","E","?","R","T","M","E","?","E"],"items_purchased_type":["Card"],"build_version":"2020-12-22","purchased_purges":1,"victory":false,"max_hp_per_floor":[66,66,66,66,66,66,66,66,66,66,66,66,66,66],"card_choices":[{"not_picked":["Escape Plan","Poisoned Stab"],"picked":"Endless Agony","floor":1},{"not_picked":["Quick Slash","Acrobatics"],"picked":"Cloak And Dagger","floor":3},{"not_picked":["Flying Knee","Sucker Punch"],"picked":"Poisoned Stab","floor":5},{"not_picked":["Quick Slash","Crippling Poison"],"picked":"Underhanded Strike","floor":6},{"not_picked":["Distraction","Bane"],"picked":"Acrobatics","floor":10},{"not_picked":["Noxious Fumes","Poisoned Stab"],"picked":"Night Terror","floor":11},{"not_picked":["Concentrate","Dagger Throw"],"picked":"Caltrops","floor":12}],"player_experience":664098,"relics_obtained":[{"floor":6,"key":"Gremlin Horn"},{"floor":9,"key":"Nunchaku"},{"floor":11,"key":"Boot"}],"event_choices":[{"damage_healed":0,"gold_gain":0,"cards_transformed":["Strike_G"],"player_choice":"Transformed","damage_taken":0,"max_hp_gain":0,"max_hp_loss":0,"event_name":"Transmorgrifier","floor":2,"gold_loss":0,"cards_obtained":["Dagger Throw"]},{"damage_healed":0,"gold_gain":0,"player_choice":"Got Potions","damage_taken":0,"max_hp_gain":0,"max_hp_loss":0,"event_name":"Lab","floor":4,"gold_loss":0}],"is_beta":false,"boss_relics":[],"items_purged_floors":[7],"is_endless":false,"potions_floor_spawned":[1,3,11],"killed_by":"Gremlin Nob","ascension_level":19}}