{"host":"dfaptdojq2t2jkjw","time":1612623530,"event":{"mods":["BaseMod","Better Match","BetterRewards","Colored Map","Colored Powertips","GifTheSpireLib","Marisa????????","Minty Spire (QoL Compilation)","Quick Restart","Rare Cards Sparkle","Replay The Spire","Shop Mod","StSLib","Stuff the Spire","The Mystic","The Senshi"],"gold_per_floor":[128,151,151,178,178,204,266,295,342,377,43,43,43,43,43,158,158,180,207,248,209,235,235,257,257],"floor_reached":24,"language":"ENG","playtime":1138,"items_purged":["StuffTheSpire:CuriosityCurse"],"score":373,"play_id":"20e3e04b-b330-4db5-be60-b79fb9e94eee","local_time":"20210206145850","is_ascension_mode":true,"campfire_choices":[{"data":"Demon Form","floor":15,"key":"SMITH"},{"floor":23,"key":"REST"}],"circlet_count":0,"master_deck":["Strike_R","Strike_R","Strike_R","Strike_R","Strike_R","Defend_R","Defend_R","Bash","Anger","Reckless Charge","Rupture","Whirlwind","Pommel Strike","Spot Weakness","Flex","Armaments","Demon Form+1","Demon Form","Regret","StuffTheSpire:TitanForm","Sword Boomerang","Carnage","ReplayTheSpireMod:Splinters","Fiend Fire","Inflame"],"relics":["Burning Blood","Replay:Bandana","Blood Vial","StuffTheSpire:GrapeVine","StuffTheSpire:BottledHeartBeat","StuffTheSpire:Gunfinga","Lee\u0027s Waffle","StuffTheSpire:RedRose","Black Star","Kunai"],"acts_visited":["TheCity"],"potions_floor_usage":[7,16,18],"damage_taken":[{"damage":15,"enemies":"Small Slimes","floor":1,"turns":3},{"damage":0,"enemies":"2 Louse","floor":2,"turns":1},{"damage":12,"enemies":"Jaw Worm","floor":4,"turns":2},{"damage":13,"enemies":"Blue Slaver","floor":6,"turns":2},{"damage":15,"enemies":"3 Sentries","floor":7,"turns":3},{"damage":18,"enemies":"Large Slime","floor":8,"turns":4},{"damage":15,"enemies":"Gremlin Gang","floor":10,"turns":2},{"damage":16,"enemies":"Slime Boss","floor":16,"turns":5},{"damage":39,"enemies":"2 Thieves","floor":18,"turns":4},{"damage":9,"enemies":"Chosen","floor":19,"turns":4},{"damage":48,"enemies":"Centurion and Healer","floor":22,"turns":4},{"damage":48,"enemies":"Gremlin Leader","floor":24,"turns":3}],"seed_played":"-1083386611931119461","potions_obtained":[{"floor":1,"key":"Ancient Potion"},{"floor":2,"key":"Energy Potion"},{"floor":4,"key":"SpeedPotion"},{"floor":10,"key":"Milkshake"},{"floor":14,"key":"Fruit Juice"},{"floor":14,"key":"AttackPotion"},{"floor":16,"key":"Swift Potion"},{"floor":18,"key":"GamblersBrew"}],"is_trial":false,"path_per_floor":["M","M","?","M","?","M","E","M","T","M","$","?","$","?","R","B",null,"M","M","?","$","M","R","E"],"character_chosen":"IRONCLAD","items_purchased":["Replay:Bandana","Rupture","Demon Form","Lee\u0027s Waffle","Inflame"],"campfire_rested":1,"item_purchase_floors":[0,0,11,11,21],"current_hp_per_floor":[71,77,77,73,61,56,49,39,39,32,87,87,87,87,87,77,85,59,58,58,58,18,45,0,0],"gold":257,"neow_bonus":"","is_daily":false,"chose_seed":false,"campfire_upgraded":1,"win_rate":0.0,"timestamp":1612623530,"path_taken":["M","M","?","M","?","M","E","M","T","M","?","?","$","?","R","BOSS","M","?","?","?","?","R","E"],"items_purchased_type":["Relic","Card","Card","Relic","Card"],"build_version":"2020-12-22","purchased_purges":1,"victory":false,"max_hp_per_floor":[80,80,80,80,80,80,80,80,80,80,87,87,87,87,87,87,87,92,92,92,92,92,92,92,92],"card_choices":[{"not_picked":["Armaments","Run Through"],"picked":"Whirlwind","floor":1},{"not_picked":["StuffTheSpire:Incineration","Iron Wave"],"picked":"Pommel Strike","floor":2},{"not_picked":["Body Slam","Replay:Undeath\u0027s Touch"],"picked":"Spot Weakness","floor":4},{"not_picked":["Intimidate","Havoc","Battle Trance"],"picked":"SKIP","floor":6},{"not_picked":["ReplayTheSpireMod:Strike From Hell","True Grit","Impervious"],"picked":"SKIP","floor":7},{"not_picked":["Hemokinesis","StuffTheSpire:Incineration"],"picked":"Flex","floor":8},{"not_picked":["StuffTheSpire:Slingshot","Havoc"],"picked":"Armaments","floor":10},{"not_picked":["Demon Form","Barricade"],"picked":"StuffTheSpire:TitanForm","floor":16},{"not_picked":["Havoc","ReplayTheSpireMod:Strike From Hell"],"picked":"Sword Boomerang","floor":18},{"not_picked":["Searing Blow","Twin Strike"],"picked":"Carnage","floor":19},{"not_picked":["Perfected Strike","Pommel Strike"],"picked":"Fiend Fire","floor":20},{"not_picked":["StuffTheSpire:RockThrow","True Grit","Shrug It Off"],"picked":"SKIP","floor":22}],"player_experience":87914,"relics_obtained":[{"floor":7,"key":"StuffTheSpire:BottledHeartBeat"},{"floor":9,"key":"StuffTheSpire:Gunfinga"},{"floor":20,"key":"Kunai"}],"event_choices":[{"damage_healed":0,"gold_gain":0,"player_choice":"Success","damage_taken":12,"relics_obtained":["StuffTheSpire:GrapeVine"],"max_hp_gain":0,"max_hp_loss":0,"event_name":"Scrap Ooze","floor":5,"gold_loss":0},{"damage_healed":0,"gold_gain":0,"player_choice":"Got Potions","damage_taken":0,"max_hp_gain":0,"max_hp_loss":0,"event_name":"Lab","floor":14,"gold_loss":0}],"is_beta":false,"boss_relics":[{"not_picked":["Snecko Eye","Kintsugi"],"picked":"Black Star"}],"items_purged_floors":[11],"is_endless":false,"potions_floor_spawned":[1,2,4,10,16,18,19],"killed_by":"Gremlin Leader","ascension_level":5}}