{"host":"d73an99q9oevilk5","time":1612649668,"event":{"mods":["2.2 Compatiblity","AchievementEnabler","Act Like it!","Aspiration","BaseMod","Beaked The Cultist","Better Third Choice","BetterRewards","Colored Map","Colored Powertips","Conspire","Downfall","GifTheSpireLib","Halation","Hubris","Infinite Spire","Marisa????????","Mimic Mod","Minty Spire (QoL Compilation)","Quick Restart","Relic Sorter","Reliquary","Replay The Spire","Shop Mod","Spikes Relics","StSLib","Stuff the Spire","The Cursed","The Necromancer","The Saiyan","Waifu the Spire","egg","slay the spire mod where everything is the same but ironclad has a cowboy hat"],"gold_per_floor":[113,129,129,139,139,139,169,184,234,184,184,215,230,247,247,352,352,367,382,382,382,382,408,419,439,465,4,15,15,15,26,26,129,129,173,173,173,173,30,79,79,126,126,170,170,190,240,192,192,192],"floor_reached":51,"language":"ENG","playtime":2308,"items_purged":["beaked:Strike_Y"],"score":954,"play_id":"6ffe0598-78b4-474b-b611-d36f3936f310","local_time":"20210206151428","is_ascension_mode":false,"campfire_choices":[{"data":"beaked:BraceForImpact","floor":6,"key":"SMITH"},{"data":"beaked:Ceremony","floor":11,"key":"SMITH"},{"data":"beaked:Ceremony","floor":15,"key":"SMITH"},{"data":"Wish","floor":32,"key":"SMITH"},{"data":"beaked:AwakenedForm","floor":45,"key":"SMITH"},{"data":"PathToVictory","floor":49,"key":"SMITH"}],"circlet_count":0,"master_deck":["beaked:Strike_Y","beaked:Strike_Y","beaked:Strike_Y","beaked:Strike_Y","beaked:Strike_Y","beaked:Defend_Y","beaked:Defend_Y","beaked:Defend_Y","beaked:Ceremony+1","beaked:Ceremony+1","beaked:Ceremony","beaked:BraceForImpact+1","beaked:Brace","beaked:AwakenedForm+1","FlyingSleeves","beaked:Insight","beaked:CursingBlood+1","PathToVictory+1","Wish+1","CurseOfTheBell","CurseOfTheBell","Perseverance+1","PathToVictory","Replay:Fractal Strike","ForeignInfluence","conspire:Banana","WreathOfFlame+1","PathToVictory"],"relics":["beaked:MendingPlumage","Replay:Winged Headress","hubris:PeanutButter","hubris:SlimyHat","WizardHat","hubris:Towel","LugNut","Strawberry","infinitespire:Bottled Soul","aspiration:WatcherSkillbook","aspiration:RitualStick","hubris:BottledRain","Oddly Smooth Stone","Kunai","hubris:EmptyBottle","RoseTintedShades","downfall:ExtraCursedBell","Blood Vial","GiantMaggot","Thread and Needle","hubris:Backtick","Replay:Byrd Feeder","halation:PinkSoulGem","Replay:Rubber Ducky","Mango","Turnip"],"acts_visited":["Exordium","TheCity","TheBeyond"],"potions_floor_usage":[12,16,16,23,23,23,28,28,46,50,50,50,50],"damage_taken":[{"damage":5,"enemies":"2 Louse","floor":1,"turns":3},{"damage":0,"enemies":"conspire:RoseBush","floor":2,"turns":5},{"damage":4,"enemies":"Jaw Worm","floor":4,"turns":5},{"damage":39,"enemies":"Gremlin Nob","floor":7,"turns":5},{"damage":5,"enemies":"Large Slime","floor":8,"turns":7},{"damage":7,"enemies":"3 Sentries","floor":12,"turns":7},{"damage":6,"enemies":"3 Louse","floor":13,"turns":6},{"damage":3,"enemies":"Looter","floor":14,"turns":4},{"damage":21,"enemies":"Fading Forest","floor":16,"turns":11},{"damage":2,"enemies":"Spheric Guardian","floor":18,"turns":4},{"damage":0,"enemies":"Shell Parasite","floor":19,"turns":5},{"damage":1,"enemies":"Gremlin Leader","floor":23,"turns":6},{"damage":23,"enemies":"Centurion and Healer","floor":24,"turns":5},{"damage":17,"enemies":"3 Cultists","floor":25,"turns":6},{"damage":30,"enemies":"Snake Plant","floor":28,"turns":3},{"damage":3,"enemies":"conspire:HollyBat","floor":31,"turns":5},{"damage":8,"enemies":"conspire:MysteriousRune","floor":33,"turns":7},{"damage":0,"enemies":"3 Darklings","floor":35,"turns":6},{"damage":0,"enemies":"Orb Walker","floor":40,"turns":5},{"damage":9,"enemies":"3 Darklings","floor":42,"turns":5},{"damage":0,"enemies":"4 Shapes","floor":44,"turns":6},{"damage":0,"enemies":"Sphere and 2 Shapes","floor":46,"turns":7},{"damage":0,"enemies":"Mind Bloom Boss Battle","floor":47,"turns":8},{"damage":55,"enemies":"conspire:OrnateMirror","floor":50,"turns":6}],"seed_played":"-5047157854590532749","potions_obtained":[{"floor":2,"key":"Explosive Potion"},{"floor":4,"key":"Adrenaline Potion"},{"floor":12,"key":"DistilledChaos"},{"floor":16,"key":"Flashbang"},{"floor":18,"key":"Swift Potion"},{"floor":19,"key":"Explosive Potion"},{"floor":25,"key":"SpeedPotion"},{"floor":40,"key":"LiquidBronze"},{"floor":44,"key":"PowerPotion"},{"floor":47,"key":"LiquidBronze"}],"is_trial":false,"path_per_floor":["M","M","?","M","?","R","E","M","T","?","R","E","M","M","R_BF","B",null,"M","M","?","?","?","E","M","M","T","$","M","T","?","M","R","B",null,"M","?","?","?","$","M","?","M","T","M","R","M","?","$","R","B",null],"character_chosen":"BEAKED_THE_CULTIST","items_purchased":["hubris:PeanutButter","hubris:SlimyHat","Kunai","hubris:EmptyBottle","champ:CounterPotion","Replay:Rubber Ducky","PathToVictory"],"campfire_rested":0,"item_purchase_floors":[0,0,27,27,27,39,48],"current_hp_per_floor":[50,50,50,48,48,48,18,38,45,45,45,57,57,57,57,57,57,57,57,46,46,46,57,54,57,57,57,33,33,33,54,54,57,57,57,57,57,43,43,57,57,58,72,73,73,74,75,75,75,33],"gold":192,"neow_bonus":"","is_daily":false,"chose_seed":false,"campfire_upgraded":6,"win_rate":0.0,"timestamp":1612649668,"path_taken":["M","M","?","M","?","R","E","M","T","?","R","E","M","M","R_BF","BOSS","M","M","?","?","?","E","M","M","T","?","M","?","?","M","R","BOSS","M","?","?","?","$","M","?","M","T","M","R","M","?","$","R","BOSS"],"items_purchased_type":["Relic","Relic","Relic","Relic","Potion","Relic","Card"],"build_version":"2020-12-22","purchased_purges":1,"victory":true,"max_hp_per_floor":[50,50,50,50,50,50,50,50,57,57,57,57,57,57,57,57,57,57,57,57,57,57,57,57,57,57,57,57,57,57,57,57,57,57,57,57,57,57,57,57,57,58,72,73,73,74,75,75,75,77],"card_choices":[{"not_picked":["beaked:StunningBlow","beaked:WindBringer","beaked:Cower"],"picked":"SKIP","floor":1},{"not_picked":["beaked:Tradeoff","beaked:SurvivalInstinct","beaked:TuckingFeathers"],"picked":"SKIP","floor":2},{"not_picked":["beaked:SurvivalInstinct","beaked:Tradeoff"],"picked":"beaked:BraceForImpact","floor":4},{"not_picked":["beaked:Replenish","beaked:Struggle","beaked:VolatileMisfortune"],"picked":"SKIP","floor":7},{"not_picked":["beaked:Molting","beaked:Windmill"],"picked":"beaked:Brace","floor":8},{"not_picked":["beaked:FeelMyPain","beaked:Overexert","beaked:BloodForTheGods"],"picked":"SKIP","floor":12},{"not_picked":["beaked:BounceBack","beaked:Brace","beaked:StickSmack"],"picked":"SKIP","floor":13},{"not_picked":["beaked:Replenish","beaked:MimicWarrior","beaked:Poke"],"picked":"SKIP","floor":14},{"not_picked":["beaked:LiftOff","beaked:WildInstinct"],"picked":"beaked:AwakenedForm","floor":16},{"not_picked":["Replay:BluntJabs","beaked:HuntressEssence+1","beaked:Flinch+1"],"picked":"FlyingSleeves","floor":18},{"not_picked":["EmptyBody+1","beaked:BloodRitual","Replay:Hum","Worship+1"],"picked":"SKIP","floor":19},{"not_picked":["Replay:DivineShield","beaked:DigDeeper","Replay:ManipulateFuture+1"],"picked":"beaked:CursingBlood+1","floor":23},{"not_picked":["beaked:DigDeep","beaked:Evade","beaked:Cower"],"picked":"PathToVictory","floor":24},{"not_picked":["Replay:AtTheReady","EmptyMind+1","ThirdEye+1"],"picked":"Wish","floor":25},{"not_picked":["Wireheading","beaked:BloodRitual","beaked:WindBringer","beaked:DarkPact"],"picked":"SKIP","floor":28},{"not_picked":["beaked:TuckingFeathers+1","Replay:Vibes","beaked:RuinSticks"],"picked":"Perseverance+1","floor":31},{"not_picked":["Prostrate+1","Replay:AllIn","beaked:Insight+1"],"picked":"PathToVictory","floor":35},{"not_picked":["hubris:InfiniteBlow","infinitespire:Punishment"],"picked":"Replay:Fractal Strike","floor":38},{"not_picked":["WheelKick+1","beaked:SurvivalInstinct","beaked:RuinSticks"],"picked":"ForeignInfluence","floor":40},{"not_picked":["ReplayTheSpireMod:Brewmster","Impatience","Flash of Steel"],"picked":"conspire:Banana","floor":41},{"not_picked":["ThirdEye","beaked:Resilience+1","CutThroughFate+1","beaked:CrazyRituals"],"picked":"SKIP","floor":42},{"not_picked":["Pray+1","Replay:DivineShield+1","beaked:ShadowFade"],"picked":"WreathOfFlame+1","floor":44},{"not_picked":["CutThroughFate","ReplayTheSpireMod:RavenHex+1","FollowUp","Evaluate+1"],"picked":"SKIP","floor":46}],"player_experience":1849866,"relics_obtained":[{"floor":7,"key":"LugNut"},{"floor":9,"key":"Strawberry"},{"floor":12,"key":"infinitespire:Bottled Soul"},{"floor":23,"key":"hubris:BottledRain"},{"floor":26,"key":"Oddly Smooth Stone"},{"floor":29,"key":"RoseTintedShades"},{"floor":30,"key":"Blood Vial"},{"floor":30,"key":"GiantMaggot"},{"floor":30,"key":"Thread and Needle"},{"floor":43,"key":"Mango"},{"floor":47,"key":"Turnip"}],"event_choices":[{"damage_healed":0,"gold_gain":0,"player_choice":"Box","damage_taken":0,"relics_obtained":["Replay:Winged Headress"],"max_hp_gain":0,"max_hp_loss":0,"event_name":"Big Fish","floor":5,"gold_loss":0,"cards_obtained":["Regret"]},{"cards_removed":["Regret"],"damage_healed":0,"gold_gain":0,"player_choice":"Card Removal","damage_taken":0,"max_hp_gain":0,"max_hp_loss":0,"event_name":"The Cleric","floor":10,"gold_loss":50},{"damage_healed":0,"gold_gain":0,"player_choice":"Read","damage_taken":0,"max_hp_gain":0,"max_hp_loss":0,"event_name":"The Library","floor":21,"gold_loss":0,"cards_obtained":["beaked:Insight"]},{"damage_healed":0,"gold_gain":0,"player_choice":"Ignored","damage_taken":0,"max_hp_gain":0,"max_hp_loss":0,"event_name":"Vampires","floor":22,"gold_loss":0},{"damage_healed":0,"gold_gain":0,"player_choice":"Memory 1","damage_taken":0,"max_hp_gain":0,"max_hp_loss":0,"event_name":"SensoryStone","floor":41,"gold_loss":0},{"damage_healed":0,"gold_gain":0,"player_choice":"Fight","damage_taken":0,"max_hp_gain":0,"max_hp_loss":0,"event_name":"MindBloom","floor":47,"gold_loss":0}],"is_beta":false,"boss_relics":[{"not_picked":["halation:ForbiddenBikini","halation:SmartPhone"],"picked":"aspiration:WatcherSkillbook"},{"not_picked":["Fusion Hammer","reliquary:KinkedSpring"],"picked":"hubris:Backtick"}],"items_purged_floors":[0],"is_endless":false,"potions_floor_spawned":[2,4,12,16,18,19,25,40,44,47],"ascension_level":0}}