{"host":"n605f8gctjc87d7h","time":1612632205,"event":{"mods":["Aspiration","Bard","BaseMod","Better Match","Better Note","Better Skull","Better Third Choice","Conspire","Downfall","Halation","Hermit","Infinite Spire","Minty Spire (QoL Compilation)","Replay The Spire","Retaliation","Shade Mod","Spicy Shops","StSLib","The IronCluck","The Jungle"],"gold_per_floor":[109,109,109,109,133,133,152,152,152,152,152,176,176,176],"floor_reached":13,"language":"ENG","playtime":790,"items_purged":[],"score":113,"play_id":"e5abbbdd-f640-494c-b8a9-316dcae54c1f","local_time":"20210206092325","is_ascension_mode":true,"campfire_choices":[{"floor":6,"key":"REST"},{"data":"ReplayTheSpireMod:Speed Training","floor":8,"key":"SMITH"},{"data":"Flying Knee","floor":10,"key":"SMITH"}],"circlet_count":0,"master_deck":["AscendersBane","Strike_G","Strike_G","Strike_G","Strike_G","Strike_G","Defend_G","Defend_G","Defend_G","Defend_G","Defend_G","Survivor","Neutralize","ReplayTheSpireMod:Speed Training+1","Injury","Acrobatics","Flying Knee+1"],"relics":["Ring of the Snake","aspiration:Nostalgia","m_CorellonBlood","halation:AfternoonTea","Golden Idol","Ginger","Slimebound:PreparedRelic"],"acts_visited":["Exordium"],"potions_floor_usage":[12,13],"damage_taken":[{"damage":0,"enemies":"Small Slimes","floor":1,"turns":5},{"damage":0,"enemies":"conspire:RoseBush","floor":5,"turns":4},{"damage":10,"enemies":"2 Louse","floor":7,"turns":5},{"damage":7,"enemies":"Exordium Thugs","floor":12,"turns":7},{"damage":63,"enemies":"3 Sentries","floor":13,"turns":12}],"seed_played":"2414098951282804797","potions_obtained":[{"floor":5,"key":"Languid Potion"},{"floor":12,"key":"AttackPotion"}],"is_trial":false,"path_per_floor":["M","$","?","?","M","R","M","R","T","R","T","M","E"],"character_chosen":"THE_SILENT","items_purchased":[],"campfire_rested":1,"item_purchase_floors":[],"current_hp_per_floor":[63,63,38,38,38,59,62,62,62,62,62,55,0,0],"gold":176,"neow_bonus":"NOSTALGIA","is_daily":false,"chose_seed":false,"campfire_upgraded":2,"win_rate":0.0,"timestamp":1612632205,"path_taken":["M","$","?","?","M","R","M","R","T","R","?","M","E"],"items_purchased_type":[],"build_version":"2020-12-22","purchased_purges":0,"victory":false,"max_hp_per_floor":[70,70,70,70,70,70,70,70,70,70,70,70,70,70],"card_choices":[{"not_picked":["Tactician","ReplayTheSpireMod:Limb From Limb"],"picked":"ReplayTheSpireMod:Speed Training","floor":1},{"not_picked":["Heel Hook","PiercingWail"],"picked":"Acrobatics","floor":5},{"not_picked":["Skewer","Dagger Spray"],"picked":"Flying Knee","floor":7},{"not_picked":["Flying Knee","Cloak And Dagger","Blade Dance"],"picked":"SKIP","floor":12}],"player_experience":829073,"relics_obtained":[{"floor":9,"key":"Ginger"},{"floor":11,"key":"Slimebound:PreparedRelic"}],"event_choices":[{"damage_healed":0,"gold_gain":0,"player_choice":"Relic ","damage_taken":25,"max_hp_gain":0,"max_hp_loss":0,"event_name":"betterThird:BetterScrap","floor":3,"gold_loss":0,"cards_obtained":["DDmod:GrandUltimatumAttack"]},{"damage_healed":0,"gold_gain":0,"player_choice":"Take Wound","damage_taken":0,"relics_obtained":["Golden Idol"],"max_hp_gain":0,"max_hp_loss":0,"event_name":"Golden Idol","floor":4,"gold_loss":0,"cards_obtained":["Injury"]}],"is_beta":false,"boss_relics":[],"items_purged_floors":[],"is_endless":false,"potions_floor_spawned":[5,12],"killed_by":"3 Sentries","ascension_level":11}}