{"host":"4a0aa7b2d8dxohwr","time":1612596118,"event":{"mods":["ATMod(∞¢Ë™Mod)","Act Like it!","BaseMod","Dota2Spire","Friendly Minions","Gensokyo","GifTheSpireLib","GungeonMod","Marisa£®ÏF”Í°°ƒß¿Ì…≥£©","Minty Spire (QoL Compilation)","Reimu£®≤©¿ˆ¡È√Œ£©","Remilia£®¿Ÿ√◊¿Ú—«£©","Shop Mod","StSLib","The Senshi","The Servant 0.9.4","Youmu£®ªÍ∆«—˝√Œ£©","[IsaacMod]“‘»ˆº‚À˛"],"gold_per_floor":[114,125,125,205,53,88,102,313,313,313,331,331,343,377,377,449,449,468,468,468,568,588,588,620,633,633,633,660,18,28,48,48,126,126,126,15,43,43],"floor_reached":39,"language":"ZHS","playtime":2591,"items_purged":["Strike_G"],"score":1403,"play_id":"738b053b-a17a-4db2-95a6-967dd61cb7d4","local_time":"20210206152158","is_ascension_mode":true,"campfire_choices":[{"data":"AT_ArcaneSupremacy","floor":10.0,"key":"SMITH"},{"data":"AT_Dispersion","floor":12.0,"key":"SMITH"},{"data":"1","floor":15.0,"key":"LIFT"},{"data":"Venomology","floor":23.0,"key":"SMITH"},{"data":"Distraction","floor":27.0,"key":"SMITH"},{"data":"Cloak And Dagger","floor":32,"key":"SMITH"},{"data":"AT_Desolate","floor":35,"key":"SMITH"}],"circlet_count":0,"master_deck":["AscendersBane","Strike_G","Strike_G","Strike_G","Strike_G","Defend_G","Defend_G","Defend_G","Defend_G","Defend_G","Survivor","Neutralize","AT_Dispersion+1","Quick Slash","Adrenaline","Distraction+1","AT_ArcaneSupremacy+1","Dagger Spray","Backflip","PiercingWail","Venomology+1","Choke+1","Dagger Throw+1","Blade Dance","AT_Desolate+1","AT_WindFlip+1","CurseOfTheBell","Cloak And Dagger+1","Venomology","AT_KneejerkReflex"],"relics":["HushsDoor","D4","Tea:ReiMu","DemoMod:OrangeGuonStone","DemoMod:Relodestone","AT_TimeSand","Dota2Spire:PhaseBoots","Empty Cage","OrangePellets","Question Card","Dota2Spire:ArmletOfMordiggian","SteamSale","Bag of Preparation","Dead Branch","DemoMod:PinkGuonStone","AT_GuinsooRageblade","Dota2Spire:BladeMail","AT_GoldPhoenixTree","MerchantsRug","TheAbacus","Chemical X"],"acts_visited":["Exordium","Gensokyo:Gensokyo","TheBeyond","TheEnding"],"potions_floor_usage":[30,33,33,33,37,38,38,38,38],"damage_taken":[{"damage":10.0,"enemies":"Gensokyo:3_Fairies","floor":1.0,"turns":5.0},{"damage":10.0,"enemies":"Gensokyo:Python","floor":2.0,"turns":5.0},{"damage":11.0,"enemies":"Gensokyo:Cirno","floor":6.0,"turns":13.0},{"damage":1.0,"enemies":"Gensokyo:2_Kodama","floor":7.0,"turns":8.0},{"damage":2.0,"enemies":"Gensokyo:CorruptedTreant","floor":8.0,"turns":7.0},{"damage":5.0,"enemies":"Gensokyo:2_Rabbits","floor":11.0,"turns":5.0},{"damage":4.0,"enemies":"Gensokyo:LivingMonolith","floor":13.0,"turns":4.0},{"damage":0.0,"enemies":"Gensokyo:Aya","floor":14.0,"turns":7.0},{"damage":2.0,"enemies":"Gensokyo:Yukari","floor":16.0,"turns":9.0},{"damage":23.0,"enemies":"Gensokyo:3_Dogs","floor":18.0,"turns":6.0},{"damage":0.0,"enemies":"Gensokyo:3_Dogs","floor":21.0,"turns":14.0},{"damage":1.0,"enemies":"Gensokyo:CosmicMonolith","floor":22.0,"turns":3.0},{"damage":14.0,"enemies":"Gensokyo:Koishi","floor":24.0,"turns":5.0},{"damage":7.0,"enemies":"Gensokyo:Chomper_and_Gloop","floor":25.0,"turns":3.0},{"damage":0.0,"enemies":"Gensokyo:Reisen","floor":28.0,"turns":3.0},{"damage":0,"enemies":"Gensokyo:Swordslinger","floor":30,"turns":2},{"damage":0,"enemies":"Gensokyo:Slime_Group","floor":31,"turns":2},{"damage":1,"enemies":"Gensokyo:Eiki","floor":33,"turns":5},{"damage":46,"enemies":"Shield and Spear","floor":37,"turns":5},{"damage":39,"enemies":"The Heart","floor":38,"turns":5}],"seed_played":"-2813969389908330103","potions_obtained":[{"floor":2.0,"key":"DemoMod:LeadSkinPotion"},{"floor":6.0,"key":"Ancient Potion"},{"floor":7.0,"key":"FearPotion"},{"floor":8.0,"key":"GrandPatriotsElixir:ReiMu"},{"floor":14.0,"key":"Dota2Spire:Clarity"},{"floor":16.0,"key":"ZuzhouPotion:ReiMu"},{"floor":18.0,"key":"DemoMod:LeadSkinPotion"},{"floor":21.0,"key":"SmokeBomb"},{"floor":28.0,"key":"SkillPotion"}],"is_trial":false,"path_per_floor":["M","M","?","?","COS","E","M","M","T","R","M","R","M","E","R","B",null,"M","?","?","?","M","R","E","M","T","R","E","COS","M","M","R","B",null,"R","$","E","B",null],"character_chosen":"THE_SILENT","items_purchased":["AT_KneejerkReflex","MerchantsRug","TheAbacus","Dexterity Potion","Dota2Spire:HealingSalve"],"campfire_rested":0,"item_purchase_floors":[36,36,36,36,36],"current_hp_per_floor":[53,43,43,43,43,32,31,29,29,29,24,24,20,20,20,18,57,34,34,34,34,33,33,19,12,12,12,12,12,12,12,12,11,80,80,80,43,4],"gold":43,"neow_bonus":"BOSS_RELIC","is_daily":false,"chose_seed":false,"campfire_upgraded":6,"win_rate":0.0,"timestamp":1612596118,"path_taken":["M","M","?","?","COS","E","M","M","T","R","M","R","M","E","R","BOSS","M","?","?","?","M","R","E","M","T","R","E","COS","M","M","R","BOSS","R","$","E","BOSS"],"items_purchased_type":["Card","Relic","Relic","Potion","Potion"],"build_version":"2020-12-22","purchased_purges":1,"victory":true,"max_hp_per_floor":[70,70,70,70,70,70,70,70,70,70,70,70,70,70,70,70,70,70,70,70,70,70,70,70,70,70,70,70,70,70,70,70,70,84,84,84,84,84],"card_choices":[{"not_picked":[],"picked":"Bomb","floor":0.0},{"not_picked":["Flying Knee","PiercingWail"],"picked":"Quick Slash","floor":1.0},{"not_picked":["Acrobatics","Skewer"],"picked":"Adrenaline","floor":2.0},{"not_picked":["Doppelganger","Dagger Spray"],"picked":"Distraction","floor":6.0},{"not_picked":["Infinite Blades","Prepared"],"picked":"AT_ArcaneSupremacy","floor":7.0},{"not_picked":["Caltrops","Riddle With Holes","AT_TinkerSharpsword"],"picked":"SKIP","floor":8.0},{"not_picked":["Underhanded Strike","Dodge and Roll"],"picked":"Dagger Spray","floor":11.0},{"not_picked":["Deadly Poison","AT_ShadowStep"],"picked":"Backflip","floor":13.0},{"not_picked":["Doppelganger","Malaise"],"picked":"PiercingWail","floor":14.0},{"not_picked":["A Thousand Cuts","Doppelganger"],"picked":"Venomology","floor":16.0},{"not_picked":["Bane+1","Endless Agony+1"],"picked":"Choke+1","floor":18.0},{"not_picked":["Skewer+1","Flechettes+1"],"picked":"Dagger Throw+1","floor":21.0},{"not_picked":["Backflip","Bane+1"],"picked":"Blade Dance","floor":22.0},{"not_picked":["AT_WomanClash+1","AT_TinkerSharpsword+1"],"picked":"AT_Desolate","floor":24.0},{"not_picked":["AT_ThistleTea","PiercingWail"],"picked":"AT_WindFlip+1","floor":25.0},{"not_picked":["Flying Knee+1","Deadly Poison","Masterful Stab+1"],"picked":"SKIP","floor":28.0},{"not_picked":["Leg Sweep+1","Dagger Throw+1","Poisoned Stab+1"],"picked":"SKIP","floor":30},{"not_picked":["AT_ShadowStep","Dagger Throw+1"],"picked":"Cloak And Dagger","floor":31},{"not_picked":["Unload+1","Malaise"],"picked":"Venomology","floor":33},{"not_picked":["Blade Dance","Outmaneuver","Dagger Spray","Slice"],"picked":"SKIP","floor":37}],"player_experience":560090,"relics_obtained":[{"floor":6.0,"key":"Girya"},{"floor":14.0,"key":"Paper Frog"},{"floor":21.0,"key":"Dota2Spire:BattleFury"},{"floor":21.0,"key":"MoneyPower"},{"floor":21.0,"key":"Gensokyo:ConquerorOfFear"},{"floor":24.0,"key":"Vajra"},{"floor":26.0,"key":"DemoMod:VorpalBullet"},{"floor":28.0,"key":"HowToJump"},{"floor":29,"key":"Dota2Spire:MonkeyKingBar"},{"floor":29,"key":"BlankCard"},{"floor":37,"key":"Chemical X"}],"event_choices":[],"is_beta":false,"boss_relics":[{"not_picked":["Akabeko","GuppysPaw"],"picked":"Molten Egg 2"},{"not_picked":[]},{"not_picked":["Medical Kit","HandDrill"],"picked":"D4"},{"not_picked":[]},{"not_picked":[]}],"items_purged_floors":[36],"is_endless":false,"potions_floor_spawned":[2,6,7,14,16,18,21,28,31],"ascension_level":13}}