{"host":"zr590xw2unlz0wv7","time":1612640834,"event":{"mods":["BaseMod","Minty Spire (QoL Compilation)","READ ME - Guardian Mod","StSLib"],"gold_per_floor":[118,118,118,193,208,244,244,244,244,257,37,81,81,94,94,94,94],"floor_reached":16,"language":"ZHS","playtime":402,"items_purged":[],"score":135,"play_id":"d08399ab-8374-4d2c-991d-1f1d9b07132a","local_time":"20210207034714","is_ascension_mode":true,"campfire_choices":[{"data":"Genetic Algorithm","floor":7,"key":"SMITH"},{"floor":13,"key":"REST"},{"floor":15,"key":"REST"}],"circlet_count":0,"master_deck":["Strike_B","Strike_B","Strike_B","Defend_B","Defend_B","Defend_B","Defend_B","Zap","Dualcast","Genetic Algorithm+1","Regret","Injury","Ball Lightning","Self Repair","Reprogram","Capacitor","Streamline"],"relics":["Cracked Core","Darkstone Periapt","Golden Idol","Ancient Tea Set","PreservedInsect","Tiny Chest"],"acts_visited":["Exordium"],"potions_floor_usage":[6],"damage_taken":[{"damage":7,"enemies":"Jaw Worm","floor":1,"turns":3},{"damage":2,"enemies":"Small Slimes","floor":5,"turns":3},{"damage":20,"enemies":"Gremlin Nob","floor":6,"turns":4},{"damage":0,"enemies":"2 Louse","floor":10,"turns":2},{"damage":41,"enemies":"Lagavulin","floor":12,"turns":8},{"damage":17,"enemies":"Gremlin Gang","floor":14,"turns":5},{"damage":29,"enemies":"The Guardian","floor":16,"turns":7}],"seed_played":"-4118685328775830219","potions_obtained":[{"floor":1,"key":"ColorlessPotion"},{"floor":14,"key":"SteroidPotion"}],"is_trial":false,"path_per_floor":["M","?","?","?","M","E","R","?","T","M","$","E","R","M","R","B"],"character_chosen":"DEFECT","items_purchased":["Capacitor","PreservedInsect"],"campfire_rested":2,"item_purchase_floors":[11,11],"current_hp_per_floor":[68,74,80,69,67,47,47,47,47,47,47,13,39,29,55,26,26],"gold":94,"neow_bonus":"THREE_CARDS","is_daily":false,"chose_seed":false,"campfire_upgraded":1,"win_rate":0.0,"timestamp":1612640834,"path_taken":["M","?","?","?","M","E","R","?","T","M","$","E","R","M","R","BOSS"],"items_purchased_type":["Card","Relic"],"build_version":"2020-12-22","purchased_purges":0,"victory":false,"max_hp_per_floor":[75,81,87,87,87,87,87,87,87,87,87,87,87,87,87,87,87],"card_choices":[{"not_picked":["Barrage","Gash"],"picked":"Genetic Algorithm","floor":0},{"not_picked":["Steam Power","Scrape","Barrage"],"picked":"SKIP","floor":1},{"not_picked":["Go for the Eyes","Barrage"],"picked":"Ball Lightning","floor":5},{"not_picked":["Turbo","Redo"],"picked":"Self Repair","floor":6},{"not_picked":["Go for the Eyes","Hello World"],"picked":"Reprogram","floor":10},{"not_picked":["Ball Lightning","Rebound"],"picked":"Streamline","floor":12},{"not_picked":["Cold Snap","Ball Lightning","Barrage"],"picked":"SKIP","floor":14}],"player_experience":552696,"relics_obtained":[{"floor":6,"key":"Ancient Tea Set"},{"floor":12,"key":"Tiny Chest"}],"event_choices":[{"damage_healed":0,"gold_gain":0,"player_choice":"Box","damage_taken":0,"relics_obtained":["Darkstone Periapt"],"max_hp_gain":0,"max_hp_loss":0,"event_name":"Big Fish","floor":2,"gold_loss":0,"cards_obtained":["Regret"]},{"damage_healed":0,"gold_gain":0,"player_choice":"Take Wound","damage_taken":0,"relics_obtained":["Golden Idol"],"max_hp_gain":0,"max_hp_loss":0,"event_name":"Golden Idol","floor":3,"gold_loss":0,"cards_obtained":["Injury"]},{"damage_healed":0,"gold_gain":75,"player_choice":"Gather Gold","damage_taken":11,"max_hp_gain":0,"max_hp_loss":0,"event_name":"World of Goop","floor":4,"gold_loss":0},{"cards_removed":["Strike_B"],"damage_healed":0,"gold_gain":0,"player_choice":"Purged","damage_taken":0,"max_hp_gain":0,"max_hp_loss":0,"event_name":"Purifier","floor":8,"gold_loss":0}],"is_beta":false,"boss_relics":[],"items_purged_floors":[],"is_endless":false,"potions_floor_spawned":[1,14],"killed_by":"The Guardian","ascension_level":5}}