{"host":"1ooxfz79hmpvpehx","time":1612620224,"event":{"mods":["BaseMod","Minty Spire (QoL Compilation)","Quick Restart","Replay The Spire","StSLib","SuperFastMode"],"gold_per_floor":[117,192,64,64,84,116,126,126,150,150,164,197,217,244,244,244,244],"floor_reached":16,"language":"ENG","playtime":246,"items_purged":["Defend_B"],"score":170,"play_id":"0d68d444-0b95-48ee-b944-6542459f86d8","local_time":"20210206110344","is_ascension_mode":false,"campfire_choices":[{"data":"Gash","floor":8.0,"key":"SMITH"},{"data":"Gash","floor":10.0,"key":"SMITH"},{"floor":15.0,"key":"REST"}],"circlet_count":0,"master_deck":["Strike_B","Strike_B","Strike_B","Strike_B","Defend_B","Defend_B","Zap","Dualcast","Gash+1","Gash+1","Gash+1","Gash+1"],"relics":["Cracked Core","NeowsBlessing","Orichalcum","Potion Belt","Replay:Bottled Eggs","Counterbalance"],"acts_visited":["Exordium"],"potions_floor_usage":[16],"damage_taken":[{"damage":0.0,"enemies":"Jaw Worm","floor":1.0,"turns":1.0},{"damage":0.0,"enemies":"Small Slimes","floor":5.0,"turns":1.0},{"damage":0.0,"enemies":"Gremlin Nob","floor":6.0,"turns":1.0},{"damage":0.0,"enemies":"Cultist","floor":7.0,"turns":2.0},{"damage":5.0,"enemies":"Looter","floor":11.0,"turns":2.0},{"damage":23.0,"enemies":"3 Sentries","floor":12.0,"turns":6.0},{"damage":14.0,"enemies":"Large Slime","floor":13.0,"turns":4.0},{"damage":20.0,"enemies":"Lagavulin","floor":14.0,"turns":4.0},{"damage":25,"enemies":"The Guardian","floor":16,"turns":5}],"seed_played":"5649924443265952881","potions_obtained":[{"floor":11.0,"key":"Elixir"},{"floor":12.0,"key":"LiquidMemories"},{"floor":13.0,"key":"Strength Potion"},{"floor":14.0,"key":"Swift Potion"}],"is_trial":false,"path_per_floor":["M","?","$","?","M","E","M","R","T","R","M","E","M","E","R","B"],"character_chosen":"DEFECT","items_purchased":["Gash"],"campfire_rested":1,"item_purchase_floors":[3],"current_hp_per_floor":[75,64,64,64,64,64,64,64,64,64,59,36,22,2,24,0,0],"gold":244,"neow_bonus":"THREE_ENEMY_KILL","is_daily":false,"chose_seed":false,"campfire_upgraded":2,"win_rate":0.0,"timestamp":1612620224,"path_taken":["M","?","$","?","M","E","M","R","T","R","M","E","?","E","R","BOSS"],"items_purchased_type":["Card"],"build_version":"2020-12-22","purchased_purges":1,"victory":false,"max_hp_per_floor":[75,75,75,75,75,75,75,75,75,75,75,75,75,75,75,75,75],"card_choices":[{"not_picked":["BasicCrystalCard","Cold Snap","ReplayTheSpireMod:Repulse"],"picked":"SKIP","floor":1.0},{"not_picked":["Cold Snap","Redo","Blizzard"],"picked":"SKIP","floor":5.0},{"not_picked":["Beam Cell","Mirror Shield"],"picked":"Gash","floor":6.0},{"not_picked":["Conserve Battery","Rebound","Streamline"],"picked":"SKIP","floor":7.0},{"not_picked":["Redo","Ball Lightning","ReplayTheSpireMod:GoodbyeWorld"],"picked":"SKIP","floor":11.0},{"not_picked":["ReplaySolidLightProjector","Chaos","Meteor Strike"],"picked":"SKIP","floor":12.0},{"not_picked":["Darkness","Coolheaded"],"picked":"Gash","floor":13.0},{"not_picked":["Beam Cell","Steam Power"],"picked":"Gash","floor":14.0}],"player_experience":19648,"relics_obtained":[{"floor":6.0,"key":"Orichalcum"},{"floor":9.0,"key":"Potion Belt"},{"floor":12.0,"key":"Replay:Bottled Eggs"},{"floor":14.0,"key":"Counterbalance"}],"event_choices":[{"damage_healed":0.0,"max_hp_gain":0.0,"max_hp_loss":0.0,"gold_gain":75.0,"event_name":"World of Goop","player_choice":"Gather Gold","floor":2.0,"gold_loss":0.0,"damage_taken":11.0},{"cards_removed":["Defend_B"],"damage_healed":0.0,"max_hp_gain":0.0,"max_hp_loss":0.0,"gold_gain":0.0,"event_name":"Purifier","player_choice":"Purged","floor":4.0,"gold_loss":0.0,"damage_taken":0.0}],"is_beta":false,"boss_relics":[],"items_purged_floors":[3],"is_endless":false,"potions_floor_spawned":[11,12,13,14],"killed_by":"The Guardian","ascension_level":0}}