{"host":"o3b7ow6d1xe49css","time":1612588799,"event":{"mods":["Act Like it!","Aspiration","BaseMod","Bestiary","Better Altar","Better Match","Better Note","Better Sensory Stone","Better Skull","Better Third Choice","Colored Powertips","Conspire","Energized Spire","Force Act Four","GifTheSpireLib","Halation","Hermit","Hubris","Infinite Spire","Lobotomy","Minty Spire (QoL Compilation)","Quick Restart","Rare Cards Sparkle","Relic Filter Mod","Reliquary","Replay The Spire","Spicy Shops","Spikes Relics","Spire Arcade","StSLib","Stuff the Spire","The Blue Laboratory","Wandering Minibosses"],"gold_per_floor":[113,127,143,143,143,177,208,234,234,263,263,263,263,306,306,432,432],"floor_reached":16,"language":"ENG","playtime":875,"items_purged":[],"score":233,"play_id":"3a253c0b-0fe6-4222-b738-5eb388a02a7b","local_time":"20210205201959","daily_mods":["Heirloom","Flight"],"is_ascension_mode":true,"campfire_choices":[{"floor":13.0,"key":"REST"},{"data":"Bash","floor":15.0,"key":"SMITH"}],"circlet_count":0,"master_deck":["Strike_B","Strike_B","Strike_B","Strike_B","Defend_B","Defend_B+1","Defend_B","Defend_B","Zap+1","Coolheaded","Scorched","Beam Cell","ReplayTheSpireMod:Reroute Power+1","Ball Lightning","StuffTheSpire:Coldhearted","StuffTheSpire:Plugnplay","Injury","Bash+1"],"relics":["Ring of Chaos","CogitoBucket","TungstenRod","reliquary:Aerogel","aspiration:TomeofQuesting","reliquary:Buckler","halation:PromiseList","Golden Idol","Iron Core","infinitespire:SolderingIron"],"acts_visited":["Exordium"],"potions_floor_usage":[],"damage_taken":[{"damage":0.0,"enemies":"Small Slimes","floor":1.0,"turns":3.0},{"damage":11.0,"enemies":"Jaw Worm","floor":2.0,"turns":2.0},{"damage":0.0,"enemies":"2 Louse","floor":3.0,"turns":2.0},{"damage":9.0,"enemies":"3 Sentries","floor":6.0,"turns":4.0},{"damage":10.0,"enemies":"Replay:BlueRogue","floor":7.0,"turns":3.0},{"damage":12.0,"enemies":"Lagavulin","floor":8.0,"turns":6.0},{"damage":16.0,"enemies":"Replay:BlueRogue","floor":10.0,"turns":4.0},{"damage":4.0,"enemies":"Lagavulin","floor":14.0,"turns":5.0},{"damage":15.0,"enemies":"Fading Forest","floor":16.0,"turns":11.0}],"seed_played":"5902476442849654431","potions_obtained":[{"floor":1.0,"key":"blueLaboratory:BottledHope"},{"floor":10.0,"key":"blueLaboratory:SystemWipe"},{"floor":14.0,"key":"blueLaboratory:PlasmaFuel"}],"is_trial":true,"path_per_floor":["M","M","M","?","$","E","E","E","T","E","?","?","R","E","R","B"],"character_chosen":"DEFECT","items_purchased":[],"campfire_rested":1,"item_purchase_floors":[],"current_hp_per_floor":[75,64,64,64,64,55,45,33,33,17,17,17,39,35,35,28,28],"gold":432,"neow_bonus":"","is_daily":false,"chose_seed":false,"campfire_upgraded":1,"win_rate":0.0,"timestamp":1612588799,"path_taken":["M","M","M","?","$","E","E","E","T","E","?","?","R","E","R","BOSS","BOSS"],"items_purchased_type":[],"build_version":"2020-12-22","purchased_purges":0,"victory":false,"max_hp_per_floor":[75,75,75,75,75,75,75,75,75,75,75,75,75,75,75,75,75],"card_choices":[{"not_picked":["Auto Shields","Go for the Eyes"],"picked":"Coolheaded","floor":1.0},{"not_picked":["ShyLook","OldLady","CherryBlossoms"],"picked":"Singing Bowl","floor":1.0},{"not_picked":["WallGazer","SpiderBud"],"picked":"Scorched","floor":1.0},{"not_picked":["ReplaySort","Gash"],"picked":"Beam Cell","floor":2.0},{"not_picked":["Bloodbath","FairyFestival","VoidDream"],"picked":"Singing Bowl","floor":2.0},{"not_picked":["Redo","aspiration:Polymerization"],"picked":"ReplayTheSpireMod:Reroute Power","floor":3.0},{"not_picked":["BeautyBeast","MeatLantern","PunishingBird"],"picked":"Singing Bowl","floor":3.0},{"not_picked":["Stack","ReplayTheSpireMod:System Scan"],"picked":"Ball Lightning","floor":6.0},{"not_picked":["Chill","Panic Button"],"picked":"StuffTheSpire:Coldhearted","floor":7.0},{"not_picked":["HappyTeddy","LittleHelper","MHz"],"picked":"Singing Bowl","floor":8.0},{"not_picked":["StuffTheSpire:SnapShoot","ReplayTheSpireMod:System Scan","Scrape"],"picked":"SKIP","floor":8.0},{"not_picked":["Thunder Strike","Redo"],"picked":"StuffTheSpire:Plugnplay","floor":10.0},{"not_picked":["MeltingLove","QueenBee","FieryBird"],"picked":"Singing Bowl","floor":10.0},{"not_picked":["FairyFestival","CrumblingArmor","FieryBird"],"picked":"Singing Bowl","floor":14.0},{"not_picked":["Heavy Blade","Turbo","Leap"],"picked":"SKIP","floor":14.0}],"player_experience":1305953,"relics_obtained":[{"floor":6.0,"key":"reliquary:Aerogel"},{"floor":7.0,"key":"aspiration:TomeofQuesting"},{"floor":8.0,"key":"reliquary:Buckler"},{"floor":10.0,"key":"halation:PromiseList"},{"floor":14.0,"key":"infinitespire:SolderingIron"}],"event_choices":[{"damage_healed":0.0,"max_hp_gain":0.0,"max_hp_loss":0.0,"gold_gain":0.0,"event_name":"Living Wall","player_choice":"Grow","floor":4.0,"gold_loss":0.0,"damage_taken":0.0,"cards_upgraded":["Zap"]},{"damage_healed":0.0,"max_hp_gain":0.0,"max_hp_loss":0.0,"gold_gain":0.0,"event_name":"Golden Idol","player_choice":"Take Wound","floor":11.0,"gold_loss":0.0,"damage_taken":0.0,"relics_obtained":["Golden Idol"],"cards_obtained":["Injury"]}],"is_beta":false,"boss_relics":[],"items_purged_floors":[],"is_endless":false,"potions_floor_spawned":[1,10,14,16],"killed_by":"Fading Forest","ascension_level":5}}