{"host":"izaayrkpa5ecuvkh","time":1612597472,"event":{"mods":["AchievementEnabler","BaseMod","Colored Powertips","Highlight Path","Minty Spire (QoL Compilation)","Quick Restart","Relic Stats","StSLib","The Bug Knight","Transform Curses"],"gold_per_floor":[114,125,144,163,41,41,41],"floor_reached":6,"language":"ENG","playtime":3079,"items_purged":["HollowMod:QuickDashStart"],"score":38,"play_id":"1c0b7a2d-4ebb-480d-b812-439378aa4325","local_time":"20210206024432","is_ascension_mode":false,"campfire_choices":[],"circlet_count":0,"master_deck":["HollowMod:NailStrikeStart","HollowMod:NailStrikeStart","HollowMod:NailStrikeStart","HollowMod:NailStrikeStart","HollowMod:QuickDashStart","HollowMod:QuickDashStart","HollowMod:QuickDashStart","HollowMod:FocusHealStart","HollowMod:PogoStrike","HollowMod:RecoilStrike","HollowMod:DoubleDash","HollowMod:DoubleDash"],"relics":["HollowMod:VesselMask"],"acts_visited":["Exordium"],"potions_floor_usage":[6,6],"damage_taken":[{"damage":0,"enemies":"2 Louse","floor":1,"turns":2},{"damage":10,"enemies":"Small Slimes","floor":2,"turns":3},{"damage":0,"enemies":"Jaw Worm","floor":3,"turns":3},{"damage":0,"enemies":"Looter","floor":4,"turns":4},{"damage":93,"enemies":"Lagavulin","floor":6,"turns":15}],"seed_played":"2451295523615669896","potions_obtained":[{"floor":3,"key":"Regen Potion"},{"floor":4,"key":"Swift Potion"}],"is_trial":false,"path_per_floor":["M","M","M","M","$","E"],"character_chosen":"THE_BUGKNIGHT","items_purchased":["HollowMod:DoubleDash"],"campfire_rested":0,"item_purchase_floors":[5],"current_hp_per_floor":[82,72,72,78,78,12,12],"gold":41,"neow_bonus":"TEN_PERCENT_HP_BONUS","is_daily":false,"chose_seed":false,"campfire_upgraded":0,"win_rate":0.0,"timestamp":1612597472,"path_taken":["M","M","M","M","$","E"],"items_purchased_type":["Card"],"build_version":"2020-12-22","purchased_purges":1,"victory":false,"max_hp_per_floor":[82,82,82,82,82,82,82],"relic_stats":{"counters":[5,26],"obtain_stats":[{"HollowMod:VesselMask":0},{"HollowMod:VesselMask":0},{"HollowMod:VesselMask":0}]},"card_choices":[{"not_picked":["HollowMod:DashSlash","HollowMod:ShadowDash"],"picked":"HollowMod:RecoilStrike","floor":1},{"not_picked":["HollowMod:InfectionAssault","HollowMod:SharpenedNail","HollowMod:NewJinnsSoul"],"picked":"SKIP","floor":2},{"not_picked":["HollowMod:SoulStrike","HollowMod:TaintedHusks"],"picked":"HollowMod:DoubleDash","floor":3},{"not_picked":["HollowMod:InfectedCysts","HollowMod:HornetsHelp","HollowMod:DescendingDark"],"picked":"SKIP","floor":4}],"player_experience":223529,"relics_obtained":[],"event_choices":[],"is_beta":false,"boss_relics":[],"items_purged_floors":[5],"is_endless":false,"potions_floor_spawned":[3,4],"killed_by":"Lagavulin","ascension_level":0}}