{"host":"6p0attdrtjqaih7v","time":1612655181,"event":{"mods":["2.2 Compatiblity","AchievementEnabler","Bard","BaseMod","Better Skull","Better Third Choice","Colored Powertips","Hermit","Highlight Path","Key Reminder","Minty Spire (QoL Compilation)","Permanent Neow","Quick Restart","Random Character Button","Relic Stats","Reliquary","Replay The Spire","Robot Space Explorer","StSLib","The Hayseed","The Witch"],"gold_per_floor":[110,121,121,131,52,52,86,86,86,86,113,131,131,144,144,221,221,239,239,253,268,14,49,49,49,49],"floor_reached":25,"language":"ENG","playtime":1240,"items_purged":[],"score":462,"play_id":"509442e4-6184-4687-8a01-ff481ddd2e3b","local_time":"20210206184621","is_ascension_mode":true,"campfire_choices":[{"data":"Whirlwind","floor":6,"key":"SMITH"},{"floor":8,"key":"REST"},{"data":"Bash","floor":15,"key":"SMITH"},{"floor":24,"key":"REST"}],"circlet_count":0,"master_deck":["AscendersBane","Strike_R","Strike_R","Strike_R","Strike_R","Defend_R+1","Defend_R+1","Defend_R+1","Defend_R+1","Bash+1","Carnage","Pommel Strike","Twin Strike","Feel No Pain","Whirlwind+1","Intimidate","Disarm","Replay:Undeath\u0027s Touch","Corruption","Anger","Ghostly","Ghostly","Ghostly","Disarm","Apotheosis","Inflame"],"relics":["Burning Blood","Bottled Flame","Snack Pack","Replay:Bottled Eggs","SlaversCollar","Incense Burner","keyreminder:keyreminder"],"acts_visited":["Exordium","TheCity"],"potions_floor_usage":[11,21,23],"damage_taken":[{"damage":0,"enemies":"Cultist","floor":1,"turns":2},{"damage":9,"enemies":"Jaw Worm","floor":2,"turns":3},{"damage":0,"enemies":"Small Slimes","floor":4,"turns":2},{"damage":47,"enemies":"Lagavulin","floor":7,"turns":6},{"damage":17,"enemies":"3 Sentries","floor":11,"turns":6},{"damage":0,"enemies":"2 Fungi Beasts","floor":12,"turns":2},{"damage":2,"enemies":"Looter","floor":14,"turns":3},{"damage":35,"enemies":"The Guardian","floor":16,"turns":14},{"damage":37,"enemies":"Shell Parasite","floor":18,"turns":7},{"damage":7,"enemies":"Spheric Guardian","floor":20,"turns":6},{"damage":2,"enemies":"3 Cultists","floor":21,"turns":5},{"damage":41,"enemies":"Book of Stabbing","floor":23,"turns":8},{"damage":38,"enemies":"Gremlin Leader","floor":25,"turns":4}],"seed_played":"4679093586741505379","potions_obtained":[{"floor":1,"key":"Ancient Potion"},{"floor":7,"key":"Weak Potion"},{"floor":12,"key":"SpeedPotion"},{"floor":18,"key":"Fire Potion"}],"is_trial":false,"path_per_floor":["M","M","?","M","$","R","E","R","T","?","E","M","?","M","R","B",null,"M","?","M","M","$","E","R","E"],"character_chosen":"IRONCLAD","items_purchased":["Whirlwind","Apotheosis","Elixir"],"campfire_rested":2,"item_purchase_floors":[5,22,22],"current_hp_per_floor":[74,71,64,70,70,70,29,51,51,51,40,46,51,55,55,28,67,38,38,40,40,40,15,27,0,0],"gold":49,"neow_bonus":"THREE_CARDS","is_daily":false,"chose_seed":false,"campfire_upgraded":2,"win_rate":0.0,"timestamp":1612655181,"path_taken":["M","M","?","M","$","R","E","R","T","?","E","M","?","M","R","BOSS","M","?","M","M","$","E","R","E"],"items_purchased_type":["Card","Card","Potion"],"build_version":"2020-12-22","purchased_purges":0,"victory":false,"max_hp_per_floor":[75,75,75,75,75,75,75,75,75,75,75,75,80,80,80,80,80,80,40,40,40,40,40,40,40,40],"relic_stats":{"counters":[13,68],"obtain_stats":[{"keyreminder:keyreminder":23,"SlaversCollar":17,"Bottled Flame":7,"Snack Pack":9,"Incense Burner":23,"Replay:Bottled Eggs":11,"Burning Blood":0},{"keyreminder:keyreminder":12,"SlaversCollar":8,"Bottled Flame":4,"Snack Pack":4,"Incense Burner":12,"Replay:Bottled Eggs":5,"Burning Blood":0},{"keyreminder:keyreminder":64,"SlaversCollar":38,"Bottled Flame":13,"Snack Pack":13,"Incense Burner":64,"Replay:Bottled Eggs":19,"Burning Blood":0}],"Burning Blood":65},"card_choices":[{"not_picked":["Massacre","Headbutt"],"picked":"Carnage","floor":0},{"not_picked":["Warcry","Replay:Undeath\u0027s Touch"],"picked":"Pommel Strike","floor":1},{"not_picked":["Entrench","Second Wind"],"picked":"Twin Strike","floor":2},{"not_picked":["Clash","Second Wind"],"picked":"Feel No Pain","floor":4},{"not_picked":["Warcry","Havoc"],"picked":"Intimidate","floor":7},{"not_picked":["Flex","Exhume"],"picked":"Disarm","floor":11},{"not_picked":["Uppercut","Armaments","Pommel Strike"],"picked":"SKIP","floor":12},{"not_picked":["Warcry","Blood for Blood"],"picked":"Replay:Undeath\u0027s Touch","floor":14},{"not_picked":["Double Tap","Feed"],"picked":"Corruption","floor":16},{"not_picked":["Sword Boomerang","Ghostly Armor+1"],"picked":"Anger","floor":18},{"not_picked":["ReplayTheSpireMod:Strike From Hell","Heavy Blade","Cleave"],"picked":"SKIP","floor":20},{"not_picked":["Iron Wave","Warcry"],"picked":"Disarm","floor":21},{"not_picked":["Bloodletting","Rampage"],"picked":"Inflame","floor":23}],"player_experience":1055122,"relics_obtained":[{"floor":7,"key":"Bottled Flame"},{"floor":9,"key":"Snack Pack"},{"floor":11,"key":"Replay:Bottled Eggs"},{"floor":23,"key":"Incense Burner"}],"event_choices":[{"cards_removed":["Strike_R"],"damage_healed":0,"gold_gain":0,"player_choice":"Card Removal","damage_taken":7,"max_hp_gain":0,"max_hp_loss":0,"event_name":"Golden Wing","floor":3,"gold_loss":0},{"damage_healed":0,"gold_gain":0,"player_choice":"Donut","damage_taken":0,"max_hp_gain":5,"max_hp_loss":0,"event_name":"Big Fish","floor":13,"gold_loss":0},{"damage_healed":0,"gold_gain":0,"player_choice":"Became a Ghost","damage_taken":0,"max_hp_gain":0,"max_hp_loss":40,"event_name":"Ghosts","floor":19,"gold_loss":0,"cards_obtained":["Ghostly","Ghostly","Ghostly"]}],"is_beta":false,"boss_relics":[{"not_picked":["Fusion Hammer","Painkiller Herb"],"picked":"SlaversCollar"}],"items_purged_floors":[],"is_endless":false,"potions_floor_spawned":[1,7,12,16,18],"killed_by":"Gremlin Leader","ascension_level":20}}