{"host":"uceopoba4zvqsgiy","time":1612605216,"event":{"mods":["2.2 Compatiblity","Act Like it!","BaseMod","Better Skull","Better Third Choice","Elementarium","Evolution","GifTheSpireLib","Hermit","Humility","Infinite Spire","Jorbs\u0027s Wanderer Trilogy","Marked Mod","Minty Spire (QoL Compilation)","Potionbrewer","Reliquary","Replay The Spire","Robot Space Explorer","Shade Mod","Spicy Shops","StS++","StSLib","Stuff the Spire","The Blue Laboratory","The Caster","The Cursed","The Dragon Tamer","The Hierophant","The Judge","The Jungle","TheSurvivalist","Wandering Minibosses"],"gold_per_floor":[114,3,86,101,28,58,58,69,69,94,59,70,94,119,119,220,220,238,250,550,550,568,568,598,598,652,687,701,713,723,738,738,738,738],"floor_reached":33,"language":"ENG","playtime":2438,"items_purged":[],"score":506,"play_id":"5fd438f7-e0b2-4128-a653-1eb236345f60","local_time":"20210206202336","is_ascension_mode":true,"campfire_choices":[{"data":"ReplayTheSpireMod:Calculation Training","floor":7,"key":"SMITH"},{"data":"Defragment","floor":15,"key":"SMITH"},{"data":"StSpp:Igniter","floor":23,"key":"SMITH"},{"floor":32,"key":"REST"}],"circlet_count":0,"master_deck":["Cold Snap","Cold Snap","Strike_B","Strike_B","Defend_B","Defend_B","Defend_B","Defend_B","Zap","Dualcast","ReplayTheSpireMod:Calculation Training+1","Defragment+1","Gash","Rebound","Self Repair+1","Static Discharge+1","StSpp:Igniter+1","Gash","Storm+1","infinitespire:Fortify","StSpp:TargetLocked+1","StSpp:Igniter+1","Gash","Gash+1","Static Discharge","Defragment","Capacitor","Force Field+1","Fission"],"relics":["Cracked Core","EVO:Axolotl","NeowsBlessing","Dead Branch","Replay:Rubber Ducky","Ice Cream","StuffTheSpire:DarkSteelAnvil","Smiling Mask","infinitespire:Satchel","reliquary:TatteredRug","Prayer Wheel","reliquary:WritOfMandamus","Prayer Wheel","Inserter","Old Coin","reliquary:TuningFork","reliquary:ExpiredCoupon","Prayer Wheel","Replay:Accelerometer"],"acts_visited":["Exordium","TheCity"],"potions_floor_usage":[16,29],"damage_taken":[{"damage":0,"enemies":"Jaw Worm","floor":1,"turns":1},{"damage":0,"enemies":"2 Louse","floor":4,"turns":1},{"damage":0,"enemies":"Gremlin Nob","floor":6,"turns":1},{"damage":0,"enemies":"Cultist","floor":8,"turns":4},{"damage":11,"enemies":"Replay:BlueRogue","floor":10,"turns":5},{"damage":4,"enemies":"Blue Slaver","floor":12,"turns":3},{"damage":3,"enemies":"Lagavulin","floor":14,"turns":6},{"damage":19,"enemies":"The Guardian","floor":16,"turns":10},{"damage":9,"enemies":"Chosen","floor":18,"turns":6},{"damage":12,"enemies":"Shell Parasite","floor":19,"turns":6},{"damage":9,"enemies":"Snake Plant","floor":22,"turns":4},{"damage":15,"enemies":"Replay:Snechameleon","floor":24,"turns":3},{"damage":11,"enemies":"Nightmare","floor":27,"turns":5},{"damage":20,"enemies":"Snecko","floor":28,"turns":3},{"damage":23,"enemies":"Shelled Parasite and Fungi","floor":29,"turns":4},{"damage":14,"enemies":"Cultist and Chosen","floor":30,"turns":4},{"damage":13,"enemies":"Snake Plant","floor":31,"turns":2},{"damage":35,"enemies":"Automaton","floor":33,"turns":4}],"seed_played":"8215715838578916060","potions_obtained":[{"floor":1,"key":"potionbrewer:NoxiousPotion"},{"floor":8,"key":"blueLaboratory:FruitPunch"},{"floor":19,"key":"Strength Potion"},{"floor":27,"key":"EssenceOfSteel"},{"floor":31,"key":"SteroidPotion"}],"is_trial":false,"path_per_floor":["M","$","?","M","$","E","R","M","T","E","?","M","T","E","R","B",null,"M","M","AVR","?","M","R","E","?","T","NM","M","M","M","M","R","B"],"character_chosen":"DEFECT","items_purchased":["Dead Branch","ReplayTheSpireMod:Calculation Training","Defragment"],"campfire_rested":1,"item_purchase_floors":[2,2,5],"current_hp_per_floor":[68,68,68,68,68,68,68,68,68,57,75,71,71,68,68,51,71,62,61,61,66,68,68,53,53,53,53,44,32,18,5,28,0,0],"gold":738,"neow_bonus":"THREE_ENEMY_KILL","is_daily":false,"chose_seed":false,"campfire_upgraded":3,"win_rate":0.0,"timestamp":1612605216,"path_taken":["M","$","?","M","?","E","R","M","T","E","?","M","?","E","R","BOSS","M","M","AVR","?","?","R","E","?","T","NM","?","M","M","M","R","BOSS"],"items_purchased_type":["Relic","Card","Card"],"build_version":"2020-12-22","purchased_purges":0,"victory":false,"max_hp_per_floor":[75,75,75,75,75,75,75,75,75,75,75,75,75,75,75,77,77,77,77,77,77,77,77,77,77,77,77,77,77,77,77,77,77,77],"card_choices":[{"not_picked":["Redo","ReplayGash","Steam"],"picked":"SKIP","floor":1},{"not_picked":["Undo","Coolheaded","Hologram"],"picked":"SKIP","floor":4},{"not_picked":["Coolheaded","Fusion","Panic Button"],"picked":"SKIP","floor":6},{"not_picked":["Hello World","Panic Button"],"picked":"Gash","floor":8},{"not_picked":["Doom and Gloom","Skim","Panic Button"],"picked":"SKIP","floor":10},{"not_picked":["Steam Power","StuffTheSpire:Plugnplay","Chaos"],"picked":"SKIP","floor":12},{"not_picked":["Chaos","Hyperbeam"],"picked":"Rebound","floor":14},{"not_picked":["Biased Cognition","StSpp:Saturation"],"picked":"ReplayTheSpireMod:Fabricate Wheel","floor":16},{"not_picked":["ReplayTheSpireMod:System Scan","StuffTheSpire:Coldhearted"],"picked":"Self Repair+1","floor":18},{"not_picked":["StSpp:Mask","Compile Driver+1"],"picked":"Static Discharge","floor":18},{"not_picked":["Go for the Eyes","BasicCrystalCard","Sweeping Beam"],"picked":"SKIP","floor":18},{"not_picked":["Coolheaded","Turbo+1"],"picked":"StSpp:Igniter","floor":19},{"not_picked":["Ball Lightning+1","Leap"],"picked":"Gash","floor":19},{"not_picked":["Redo","ReplayTheSpireMod:GoodbyeWorld+1"],"picked":"Storm+1","floor":19},{"not_picked":["Hologram","Sweeping Beam"],"picked":"StSpp:TargetLocked+1","floor":22},{"not_picked":["ReplayGash","Sweeping Beam+1"],"picked":"StSpp:Igniter+1","floor":22},{"not_picked":["Steam","Sweeping Beam","Barrage"],"picked":"SKIP","floor":22},{"not_picked":["BootSequence","Seek","StuffTheSpire:NuclearReactor"],"picked":"SKIP","floor":24},{"not_picked":["Lockon","Turbo","Redo"],"picked":"SKIP","floor":27},{"not_picked":["Steam","Go for the Eyes"],"picked":"Gash","floor":28},{"not_picked":["Rebound","Coolheaded"],"picked":"Gash+1","floor":28},{"not_picked":["Hologram","Rip and Tear","Redo"],"picked":"SKIP","floor":28},{"not_picked":["StuffTheSpire:SnapShoot","Hologram","Cold Snap"],"picked":"SKIP","floor":28},{"not_picked":["Go for the Eyes","ReplayTheSpireMod:Calculation Training+1"],"picked":"Static Discharge","floor":29},{"not_picked":["StSpp:Fierceness+1","Auto Shields"],"picked":"Defragment","floor":29},{"not_picked":["Go for the Eyes+1","Beam Cell+1","Ball Lightning"],"picked":"SKIP","floor":29},{"not_picked":["BasicCrystalCard","StuffTheSpire:Plugnplay+1","Barrage"],"picked":"SKIP","floor":29},{"not_picked":["Stack","Redo+1","ReplayTheSpireMod:Omega Cannon"],"picked":"SKIP","floor":30},{"not_picked":["Rip and Tear","Steam+1","Leap"],"picked":"SKIP","floor":30},{"not_picked":["Conserve Battery+1","Sweeping Beam","Recycle+1"],"picked":"SKIP","floor":30},{"not_picked":["Go for the Eyes","Conserve Battery+1","Hologram"],"picked":"SKIP","floor":30},{"not_picked":["Hologram","Time Bomb"],"picked":"Capacitor","floor":31},{"not_picked":["Redo","Ball Lightning"],"picked":"Force Field+1","floor":31},{"not_picked":["Ball Lightning","Panic Button"],"picked":"Fission","floor":31},{"not_picked":["Steam Power","Beam Cell","Hologram"],"picked":"SKIP","floor":31}],"player_experience":1776323,"relics_obtained":[{"floor":3,"key":"Replay:Rubber Ducky"},{"floor":6,"key":"Ice Cream"},{"floor":9,"key":"StuffTheSpire:DarkSteelAnvil"},{"floor":10,"key":"Smiling Mask"},{"floor":13,"key":"infinitespire:Satchel"},{"floor":14,"key":"reliquary:TatteredRug"},{"floor":24,"key":"reliquary:TuningFork"},{"floor":26,"key":"reliquary:ExpiredCoupon"},{"floor":27,"key":"Replay:Accelerometer"}],"event_choices":[{"damage_healed":18,"gold_gain":0,"player_choice":"Healed","damage_taken":0,"max_hp_gain":0,"max_hp_loss":0,"event_name":"The Cleric","floor":11,"gold_loss":35},{"cards_removed":["StuffTheSpire:Snapshot"],"damage_healed":5,"gold_gain":0,"player_choice":"Offered Special","damage_taken":0,"max_hp_gain":0,"max_hp_loss":0,"event_name":"Bonfire Elementals","floor":21,"gold_loss":0},{"damage_healed":0,"gold_gain":0,"player_choice":"Upgraded","damage_taken":0,"max_hp_gain":0,"max_hp_loss":0,"event_name":"Upgrade Shrine","floor":25,"gold_loss":0,"cards_upgraded":["Static Discharge"]}],"is_beta":false,"boss_relics":[{"not_picked":["Honey Jar","reliquary:Craggleroot"],"picked":"reliquary:WritOfMandamus"}],"items_purged_floors":[],"is_endless":false,"potions_floor_spawned":[1,8,12,19,22,27,31],"killed_by":"Automaton","ascension_level":9,"is_humility":true}}