{"host":"yqw1zpryoutrnocq","time":1612647247,"event":{"mods":["2.2 Compatiblity","AchievementEnabler","BaseMod","Colored Map","Custom Start","DeckTracker","Minty Spire (QoL Compilation)","StSLib","SuperFastMode"],"gold_per_floor":[111,121,71,89,100,134,134,169,243,63,63,63,63,97,97,221,221,236,10,10,10,24,59,59,102,126,126,159,284,307,222,222,342,342,355,355,3,69,85,125,125,165,189,189,209,209,233,258,258,258,258,258,24,67,67],"floor_reached":56,"language":"KOR","playtime":1850,"items_purged":["Strike_G","Strike_G"],"score":1900,"play_id":"851a51b4-a72d-4eef-9a73-74b4139b4bc1","local_time":"20210206153407","is_ascension_mode":true,"campfire_choices":[{"data":"Accuracy","floor":7.0,"key":"SMITH"},{"data":"1","floor":12.0,"key":"LIFT"},{"data":"2","floor":15.0,"key":"LIFT"},{"data":"3","floor":24.0,"key":"LIFT"},{"floor":27.0,"key":"REST"},{"floor":32.0,"key":"REST"},{"floor":41.0,"key":"RECALL"},{"data":"Panacea","floor":44.0,"key":"SMITH"},{"data":"After Image","floor":46.0,"key":"SMITH"},{"data":"Adrenaline","floor":49.0,"key":"SMITH"},{"floor":52,"key":"REST"}],"circlet_count":0,"master_deck":["Strike_G","Strike_G","Defend_G","Defend_G","Defend_G","Defend_G","Survivor","Neutralize+1","Blade Dance","Dagger Spray+1","Accuracy+1","Bouncing Flask","Bullet Time","Blur","Cloak And Dagger","Dagger Spray+1","Footwork","Adrenaline+1","Infinite Blades","Panacea+1","Escape Plan","Finisher+1","After Image+1","Sucker Punch+1","Cloak And Dagger","Blade Dance+1","Wraith Form v2+1","Masterful Stab+1","PiercingWail","Dodge and Roll","Acrobatics","Backflip+1","Burst","Choke+1","Decay","Backstab+1","Dagger Throw+1","Caltrops+1","Acrobatics+1"],"relics":["Philosopher\u0027s Stone","Blood Vial","Girya","Molten Egg 2","Golden Idol","Odd Mushroom","WristBlade","Snake Skull","Question Card","Juzu Bracelet","Anchor","Dead Branch","Frozen Egg 2","CaptainsWheel","Cursed Key","Meat on the Bone","Thread and Needle","Whetstone","Bottled Tornado","ClockworkSouvenir","Pen Nib"],"acts_visited":["Exordium","TheCity","TheBeyond","TheEnding"],"potions_floor_usage":[50,50,54,55],"damage_taken":[{"damage":3.0,"enemies":"Small Slimes","floor":1.0,"turns":5.0},{"damage":10.0,"enemies":"2 Louse","floor":2.0,"turns":4.0},{"damage":4.0,"enemies":"Jaw Worm","floor":4.0,"turns":3.0},{"damage":4.0,"enemies":"Large Slime","floor":5.0,"turns":5.0},{"damage":12.0,"enemies":"Lagavulin","floor":6.0,"turns":5.0},{"damage":11.0,"enemies":"3 Sentries","floor":8.0,"turns":6.0},{"damage":7.0,"enemies":"The Mushroom Lair","floor":14.0,"turns":3.0},{"damage":4.0,"enemies":"Hexaghost","floor":16.0,"turns":9.0},{"damage":3.0,"enemies":"Chosen","floor":18.0,"turns":4.0},{"damage":0.0,"enemies":"Spheric Guardian","floor":22.0,"turns":3.0},{"damage":23.0,"enemies":"Book of Stabbing","floor":23.0,"turns":5.0},{"damage":17.0,"enemies":"Gremlin Leader","floor":25.0,"turns":7.0},{"damage":32.0,"enemies":"Slavers","floor":28.0,"turns":5.0},{"damage":1.0,"enemies":"Colosseum Slavers","floor":29.0,"turns":3.0},{"damage":6.0,"enemies":"Colosseum Nobs","floor":29.0,"turns":3.0},{"damage":4.0,"enemies":"Snecko","floor":30.0,"turns":3.0},{"damage":0.0,"enemies":"Collector","floor":33.0,"turns":4.0},{"damage":3.0,"enemies":"3 Darklings","floor":35.0,"turns":5.0},{"damage":30.0,"enemies":"2 Orb Walkers","floor":38.0,"turns":3.0},{"damage":0.0,"enemies":"3 Shapes","floor":39.0,"turns":3.0},{"damage":0.0,"enemies":"Nemesis","floor":40.0,"turns":3.0},{"damage":0.0,"enemies":"Reptomancer","floor":42.0,"turns":3.0},{"damage":11.0,"enemies":"Writhing Mass","floor":45.0,"turns":4.0},{"damage":7.0,"enemies":"3 Darklings","floor":47.0,"turns":3.0},{"damage":0.0,"enemies":"Transient","floor":48.0,"turns":5.0},{"damage":38,"enemies":"Time Eater","floor":50,"turns":9},{"damage":41,"enemies":"Shield and Spear","floor":54,"turns":4},{"damage":2,"enemies":"The Heart","floor":55,"turns":7}],"seed_played":"5250970121158336696","potions_obtained":[{"floor":2.0,"key":"EssenceOfSteel"},{"floor":5.0,"key":"DuplicationPotion"},{"floor":8.0,"key":"DistilledChaos"},{"floor":16.0,"key":"SpeedPotion"},{"floor":28.0,"key":"LiquidBronze"},{"floor":30.0,"key":"Strength Potion"},{"floor":39.0,"key":"DistilledChaos"},{"floor":42.0,"key":"LiquidBronze"},{"floor":47.0,"key":"DistilledChaos"},{"floor":48.0,"key":"Energy Potion"},{"floor":54,"key":"Energy Potion"}],"is_trial":false,"path_per_floor":["M","M","?","M","M","E","R","E","T","$","?","R","?","?","R","B",null,"M","$","?","$","M","E","R","E","T","R","E","?","M","?","R","B",null,"M","?","$","?","M","E","R","E","T","R","M","R","M","M","R","B",null,"R","$","E","B",null],"character_chosen":"THE_SILENT","items_purchased":["Cloak And Dagger","Dagger Spray+1","Infinite Blades","Panacea","PiercingWail","Meat on the Bone","Dodge and Roll","ClockworkSouvenir","CunningPotion"],"campfire_rested":3,"item_purchase_floors":[10,10,19,19,37,37,37,53,53],"current_hp_per_floor":[60,50,50,46,42,30,30,21,21,21,21,21,21,16,16,14,52,51,51,51,51,53,32,32,17,17,36,6,3,1,1,20,22,54,53,53,53,37,39,41,41,43,43,43,34,34,41,43,43,19,54,65,65,36,36],"gold":67,"neow_bonus":"BOSS_RELIC","is_daily":false,"chose_seed":false,"campfire_upgraded":4,"win_rate":0.0,"timestamp":1612647247,"path_taken":["M","M","?","M","M","E","R","E","T","$","?","R","?","?","R","BOSS","M","$","?","$","M","E","R","E","T","R","E","?","M","?","R","BOSS","M","?","$","?","M","E","R","E","T","R","M","R","M","M","R","BOSS","R","$","E","BOSS"],"items_purchased_type":["Card","Card","Card","Card","Card","Relic","Card","Relic","Potion"],"build_version":"2020-12-22","purchased_purges":2,"victory":true,"max_hp_per_floor":[70,70,70,70,70,70,70,70,70,70,65,65,65,65,65,65,65,65,65,65,65,65,65,65,65,65,65,65,65,65,65,65,65,65,65,65,65,65,65,65,65,65,65,65,65,65,65,65,65,65,65,65,65,65,65],"card_choices":[{"not_picked":["Cloak And Dagger","PiercingWail"],"picked":"Blade Dance","floor":1.0},{"not_picked":["Slice","Outmaneuver"],"picked":"Dagger Spray","floor":2.0},{"not_picked":["Blur","Prepared"],"picked":"Accuracy","floor":4.0},{"not_picked":["Outmaneuver","Poisoned Stab"],"picked":"Bouncing Flask","floor":5.0},{"not_picked":["Dodge and Roll","Bouncing Flask"],"picked":"Bullet Time","floor":6.0},{"not_picked":["Prepared","Acrobatics"],"picked":"Blur","floor":8.0},{"not_picked":["Reflex","Bane+1"],"picked":"Footwork","floor":14.0},{"not_picked":["Storm of Steel","Grand Finale+1"],"picked":"Adrenaline","floor":16.0},{"not_picked":["Deadly Poison","Dash+1","Outmaneuver"],"picked":"SKIP","floor":18.0},{"not_picked":["Deflect+1","Eviscerate+1"],"picked":"Escape Plan","floor":22.0},{"not_picked":["Deadly Poison","Distraction"],"picked":"Finisher+1","floor":23.0},{"not_picked":["Backflip+1","Outmaneuver"],"picked":"After Image","floor":25.0},{"not_picked":["Deadly Poison","Distraction","Concentrate"],"picked":"Sucker Punch+1","floor":28.0},{"not_picked":["Finisher+1","Bane+1","Deflect"],"picked":"Cloak And Dagger","floor":29.0},{"not_picked":["Deadly Poison","Masterful Stab+1","Dash+1"],"picked":"Blade Dance+1","floor":30.0},{"not_picked":["After Image+1","Phantasmal Killer","Storm of Steel"],"picked":"Wraith Form v2+1","floor":33.0},{"not_picked":["Distraction+1","Slice+1","Backflip+1"],"picked":"Masterful Stab+1","floor":35.0},{"not_picked":["Sucker Punch+1","PiercingWail","Bane+1"],"picked":"Acrobatics","floor":38.0},{"not_picked":["Well Laid Plans+1","Heel Hook+1","Acrobatics"],"picked":"Backflip+1","floor":39.0},{"not_picked":["Skewer+1","Unload+1","Dagger Spray+1"],"picked":"Burst","floor":40.0},{"not_picked":["Quick Slash+1","Acrobatics+1","Underhanded Strike+1"],"picked":"Choke+1","floor":42.0},{"not_picked":["Cloak And Dagger","Terror+1","Finisher+1"],"picked":"Backstab+1","floor":45.0},{"not_picked":["Acrobatics","Poisoned Stab+1","Distraction"],"picked":"Dagger Throw+1","floor":47.0},{"not_picked":["Skewer+1","Crippling Poison","Heel Hook+1"],"picked":"Caltrops+1","floor":48.0},{"not_picked":["Finisher+1","Deadly Poison","Slice+1"],"picked":"Acrobatics+1","floor":54}],"player_experience":304741,"relics_obtained":[{"floor":6.0,"key":"Blood Vial"},{"floor":8.0,"key":"Girya"},{"floor":9.0,"key":"Molten Egg 2"},{"floor":14.0,"key":"Odd Mushroom"},{"floor":23.0,"key":"Snake Skull"},{"floor":25.0,"key":"Question Card"},{"floor":26.0,"key":"Juzu Bracelet"},{"floor":28.0,"key":"Anchor"},{"floor":29.0,"key":"Dead Branch"},{"floor":29.0,"key":"Frozen Egg 2"},{"floor":38.0,"key":"Thread and Needle"},{"floor":40.0,"key":"Whetstone"},{"floor":42.0,"key":"Bottled Tornado"},{"floor":54,"key":"Pen Nib"}],"event_choices":[{"cards_removed":["Strike_G"],"damage_healed":0.0,"max_hp_gain":0.0,"max_hp_loss":0.0,"gold_gain":0.0,"event_name":"The Cleric","player_choice":"Card Removal","floor":3.0,"gold_loss":50.0,"damage_taken":0.0},{"damage_healed":0.0,"max_hp_gain":0.0,"max_hp_loss":5.0,"gold_gain":0.0,"event_name":"Golden Idol","player_choice":"Lose Max HP","floor":11.0,"gold_loss":0.0,"damage_taken":0.0,"relics_obtained":["Golden Idol"]},{"damage_healed":0.0,"max_hp_gain":0.0,"max_hp_loss":0.0,"gold_gain":0.0,"event_name":"Golden Wing","player_choice":"Ignored","floor":13.0,"gold_loss":0.0,"damage_taken":0.0},{"damage_healed":0.0,"max_hp_gain":0.0,"max_hp_loss":0.0,"gold_gain":0.0,"event_name":"Mushrooms","player_choice":"Fought Mushrooms","floor":14.0,"gold_loss":0.0,"damage_taken":0.0},{"damage_healed":0.0,"max_hp_gain":0.0,"max_hp_loss":0.0,"gold_gain":0.0,"event_name":"Vampires","player_choice":"Ignored","floor":20.0,"gold_loss":0.0,"damage_taken":0.0},{"damage_healed":0.0,"max_hp_gain":0.0,"max_hp_loss":0.0,"gold_gain":0.0,"event_name":"Colosseum","player_choice":"Fight","floor":29.0,"gold_loss":0.0,"damage_taken":0.0},{"damage_healed":0.0,"max_hp_gain":0.0,"max_hp_loss":0.0,"gold_gain":0.0,"event_name":"Colosseum","player_choice":"Fought Nobs","floor":29.0,"gold_loss":0.0,"damage_taken":0.0},{"damage_healed":0.0,"max_hp_gain":0.0,"max_hp_loss":0.0,"gold_gain":0.0,"event_name":"Addict","player_choice":"Obtained Relic","floor":31.0,"gold_loss":85.0,"damage_taken":0.0,"relics_obtained":["CaptainsWheel"]},{"cards_removed":["Defend_G"],"damage_healed":0.0,"max_hp_gain":0.0,"max_hp_loss":0.0,"gold_gain":0.0,"event_name":"Falling","player_choice":"Removed Skill","floor":36.0,"gold_loss":0.0,"damage_taken":0.0},{"damage_healed":0.0,"max_hp_gain":0.0,"max_hp_loss":0.0,"gold_gain":0.0,"event_name":"Mysterious Sphere","player_choice":"Fight","floor":38.0,"gold_loss":0.0,"damage_taken":0.0}],"is_beta":false,"boss_relics":[{"not_picked":["Fusion Hammer","Busted Crown"],"picked":"WristBlade"},{"not_picked":["SacredBark","Pandora\u0027s Box"],"picked":"Cursed Key"}],"items_purged_floors":[10,19],"is_endless":false,"potions_floor_spawned":[2,5,8,16,28,29,30,39,42,47,48,54],"ascension_level":9}}