{"host":"0t49mrxx90xkfqmj","time":1612627963,"event":{"mods":["AchievementEnabler","BaseMod","Colored Map","Colored Powertips","Minty Spire (QoL Compilation)","Relic Stats","Synergy Search"],"gold_per_floor":[109,129,143,157,168,195,195,222,222,238,238,238,248,265,265,265,265],"floor_reached":16,"language":"ENG","playtime":984,"items_purged":[],"score":128,"play_id":"4a8da406-36b6-4818-ac88-192c1c5d2d35","local_time":"20210206181243","is_ascension_mode":true,"campfire_choices":[{"data":"Noxious Fumes","floor":7,"key":"SMITH"},{"data":"Bouncing Flask","floor":12,"key":"SMITH"},{"data":"Bouncing Flask","floor":15,"key":"SMITH"}],"circlet_count":0,"master_deck":["Strike_G","Strike_G","Strike_G","Strike_G","Defend_G","Defend_G","Defend_G","Defend_G","Defend_G","Survivor","Neutralize","Deadly Poison","Noxious Fumes+1","Bouncing Flask+1","Escape Plan","Poisoned Stab","Prepared","Well Laid Plans","Bouncing Flask+1"],"relics":["Ring of the Snake","Orichalcum","Happy Flower","The Specimen"],"acts_visited":["Exordium"],"potions_floor_usage":[6,6,6,16],"damage_taken":[{"damage":0,"enemies":"Cultist","floor":1,"turns":4},{"damage":2,"enemies":"2 Louse","floor":2,"turns":5},{"damage":6,"enemies":"Small Slimes","floor":3,"turns":4},{"damage":3,"enemies":"Blue Slaver","floor":4,"turns":7},{"damage":7,"enemies":"Large Slime","floor":5,"turns":8},{"damage":3,"enemies":"Lagavulin","floor":6,"turns":6},{"damage":13,"enemies":"3 Sentries","floor":8,"turns":6},{"damage":8,"enemies":"Gremlin Gang","floor":10,"turns":5},{"damage":2,"enemies":"2 Fungi Beasts","floor":13,"turns":3},{"damage":0,"enemies":"Red Slaver","floor":14,"turns":3},{"damage":33,"enemies":"Slime Boss","floor":16,"turns":7}],"seed_played":"-5530852395580646795","potions_obtained":[{"floor":2,"key":"AttackPotion"},{"floor":3,"key":"SkillPotion"},{"floor":5,"key":"DistilledChaos"},{"floor":6,"key":"EssenceOfSteel"},{"floor":14,"key":"Dexterity Potion"}],"is_trial":false,"path_per_floor":["M","M","M","M","M","E","R","E","T","M","?","R","M","M","R","B"],"character_chosen":"THE_SILENT","items_purchased":[],"campfire_rested":0,"item_purchase_floors":[],"current_hp_per_floor":[77,75,69,66,59,56,56,43,43,35,35,35,33,33,33,0,0],"gold":265,"neow_bonus":"TEN_PERCENT_HP_BONUS","is_daily":false,"chose_seed":false,"campfire_upgraded":3,"win_rate":0.0,"timestamp":1612627963,"path_taken":["M","M","M","M","?","E","R","E","T","M","?","R","M","M","R","BOSS"],"items_purchased_type":[],"build_version":"2020-12-22","purchased_purges":0,"victory":false,"max_hp_per_floor":[77,77,77,77,77,77,77,77,77,77,77,77,77,77,77,77,77],"relic_stats":{"Happy Flower":[6],"counters":[11,58],"Orichalcum":[84],"obtain_stats":[{"Happy Flower":8,"The Specimen":9,"Orichalcum":6,"Ring of the Snake":0},{"Happy Flower":7,"The Specimen":7,"Orichalcum":6,"Ring of the Snake":0},{"Happy Flower":40,"The Specimen":40,"Orichalcum":34,"Ring of the Snake":0}],"Ring of the Snake":[22]},"card_choices":[{"not_picked":["Bane","Flechettes","Backflip"],"picked":"SKIP","floor":1},{"not_picked":["Sucker Punch","Dagger Throw"],"picked":"Deadly Poison","floor":2},{"not_picked":["Outmaneuver","Sucker Punch","Bane"],"picked":"SKIP","floor":3},{"not_picked":["Prepared","Leg Sweep","Underhanded Strike"],"picked":"SKIP","floor":4},{"not_picked":["Poisoned Stab","Caltrops"],"picked":"Noxious Fumes","floor":5},{"not_picked":["Dodge and Roll","Acrobatics"],"picked":"Bouncing Flask","floor":6},{"not_picked":["Dagger Throw","Choke"],"picked":"Escape Plan","floor":8},{"not_picked":["Flying Knee","Reflex"],"picked":"Poisoned Stab","floor":10},{"not_picked":["Underhanded Strike","Dash"],"picked":"Well Laid Plans","floor":13},{"not_picked":["Caltrops","Accuracy"],"picked":"Bouncing Flask","floor":14}],"player_experience":206770,"relics_obtained":[{"floor":6,"key":"Orichalcum"},{"floor":8,"key":"Happy Flower"},{"floor":9,"key":"The Specimen"}],"event_choices":[{"damage_healed":0,"gold_gain":0,"cards_transformed":["Strike_G"],"player_choice":"Transformed","damage_taken":0,"max_hp_gain":0,"max_hp_loss":0,"event_name":"Transmorgrifier","floor":11,"gold_loss":0,"cards_obtained":["Prepared"]}],"is_beta":false,"boss_relics":[],"items_purged_floors":[],"is_endless":false,"potions_floor_spawned":[2,3,5,6,14],"killed_by":"Slime Boss","ascension_level":2}}