{"host":"jwbw4f4imxd0v0b0","time":1612578426,"event":{"mods":["BaseMod","Colored Map","Highlight Path","Minty Spire (QoL Compilation)","Relic Stats","StSLib"],"gold_per_floor":[359,359,378,10,10,36,36,67,67,77,77,94,94,106,106,207,207,221,48,48,80,91,117,134,152,175,25,45,62,74,74,74,179,179,195,205,205,225,239,267,277,277,277,277,307,325,547,564,564,564],"floor_reached":51,"language":"ENG","playtime":3257,"items_purged":["Strike_P"],"score":943,"play_id":"5171368c-71ac-4568-a6a8-62d344c59144","local_time":"20210205202706","is_ascension_mode":false,"campfire_choices":[{"data":"Protect","floor":7.0,"key":"SMITH"},{"data":"TalkToTheHand","floor":13.0,"key":"SMITH"},{"data":"Eruption","floor":15.0,"key":"SMITH"},{"data":"TalkToTheHand","floor":32.0,"key":"SMITH"},{"data":"WheelKick","floor":49,"key":"SMITH"}],"circlet_count":0,"master_deck":["Strike_P","Strike_P","Strike_P","Defend_P+1","Defend_P","Defend_P","Defend_P","Eruption+1","Vigilance","FlurryOfBlows+1","Wallop+1","Protect+1","Establishment","Protect","TalkToTheHand+1","Consecrate+1","DevaForm+1","WheelKick+1","TalkToTheHand+1","FearNoEvil+1","Meditate","Shame","Crescendo+1","LikeWater","Blasphemy","LikeWater+1","Meditate","Clumsy","LikeWater","Decay","LessonLearned","WheelKick+1","Fasting2+1","Fasting2+1","Clumsy"],"relics":["PureWater","Shuriken","Thread and Needle","Strawberry","Lizard Tail","Cursed Key","Torii","Red Mask","Oddly Smooth Stone","Akabeko","Membership Card","Mercury Hourglass","Snecko Eye","Juzu Bracelet","Omamori"],"acts_visited":["Exordium","TheCity","TheBeyond"],"potions_floor_usage":[50,50,50],"damage_taken":[{"damage":5.0,"enemies":"Small Slimes","floor":1.0,"turns":6.0},{"damage":0.0,"enemies":"Cultist","floor":3.0,"turns":2.0},{"damage":1.0,"enemies":"3 Sentries","floor":6.0,"turns":8.0},{"damage":8.0,"enemies":"Gremlin Nob","floor":8.0,"turns":3.0},{"damage":0.0,"enemies":"Jaw Worm","floor":10.0,"turns":4.0},{"damage":0.0,"enemies":"Blue Slaver","floor":12.0,"turns":3.0},{"damage":0.0,"enemies":"Exordium Wildlife","floor":14.0,"turns":5.0},{"damage":0.0,"enemies":"Slime Boss","floor":16.0,"turns":6.0},{"damage":0.0,"enemies":"Chosen","floor":18.0,"turns":4.0},{"damage":19.0,"enemies":"Masked Bandits","floor":21.0,"turns":4.0},{"damage":0.0,"enemies":"Shell Parasite","floor":22.0,"turns":4.0},{"damage":0.0,"enemies":"Slavers","floor":23.0,"turns":5.0},{"damage":28.0,"enemies":"3 Cultists","floor":24.0,"turns":6.0},{"damage":1.0,"enemies":"Chosen and Byrds","floor":25.0,"turns":8.0},{"damage":0.0,"enemies":"Sentry and Sphere","floor":28.0,"turns":3.0},{"damage":0.0,"enemies":"Snecko","floor":29.0,"turns":1.0},{"damage":16.0,"enemies":"Snake Plant","floor":30.0,"turns":4.0},{"damage":0.0,"enemies":"Collector","floor":33.0,"turns":9.0},{"damage":0.0,"enemies":"3 Shapes","floor":35.0,"turns":2.0},{"damage":0.0,"enemies":"3 Darklings","floor":36.0,"turns":7.0},{"damage":0.0,"enemies":"Writhing Mass","floor":38.0,"turns":10.0},{"damage":2.0,"enemies":"4 Shapes","floor":39.0,"turns":4.0},{"damage":0.0,"enemies":"Nemesis","floor":40.0,"turns":7.0},{"damage":0.0,"enemies":"3 Darklings","floor":41.0,"turns":4.0},{"damage":0.0,"enemies":"Giant Head","floor":45.0,"turns":8.0},{"damage":2.0,"enemies":"Writhing Mass","floor":46.0,"turns":6.0},{"damage":1.0,"enemies":"Jaw Worm Horde","floor":48.0,"turns":3.0},{"damage":42,"enemies":"Awakened One","floor":50,"turns":9}],"seed_played":"-941443479017560877","potions_obtained":[{"floor":1.0,"key":"AttackPotion"},{"floor":2.0,"key":"Fruit Juice"},{"floor":2.0,"key":"Dexterity Potion"},{"floor":2.0,"key":"Swift Potion"},{"floor":14.0,"key":"GamblersBrew"},{"floor":16.0,"key":"Energy Potion"},{"floor":21.0,"key":"SkillPotion"},{"floor":24.0,"key":"BottledMiracle"},{"floor":29.0,"key":"BottledMiracle"},{"floor":33.0,"key":"AttackPotion"},{"floor":40.0,"key":"LiquidBronze"},{"floor":41.0,"key":"DuplicationPotion"}],"is_trial":false,"path_per_floor":["M","?","M","$","?","E","R","E","T","M","?","M","R","M","R","B",null,"M","$","?","?","M","E","M","M","T","$","M","M","M","T","R","B",null,"M","M","?","M","M","E","M","?","T","?","E","M","?","M","R","B",null],"character_chosen":"WATCHER","items_purchased":["Shuriken","Protect","TalkToTheHand","FearNoEvil","Meditate","Membership Card"],"campfire_rested":0,"item_purchase_floors":[4,4,19,19,19,27],"current_hp_per_floor":[46,51,51,51,51,50,50,49,49,49,49,49,49,49,49,49,84,84,84,84,65,65,65,37,36,36,36,36,36,20,20,20,20,84,84,84,84,84,82,82,82,82,82,84,84,82,82,81,81,39],"gold":564,"neow_bonus":"TWO_FIFTY_GOLD","is_daily":false,"chose_seed":false,"campfire_upgraded":5,"win_rate":0.0,"timestamp":1612578426,"path_taken":["M","?","?","$","?","E","R","E","T","M","?","M","R","M","R","BOSS","M","$","?","?","M","E","M","M","T","?","M","M","?","?","R","BOSS","M","M","?","?","M","E","M","?","T","?","E","M","?","M","R","BOSS"],"items_purchased_type":["Relic","Card","Card","Card","Card","Relic"],"build_version":"2020-12-22","purchased_purges":1,"victory":true,"max_hp_per_floor":[72,77,77,77,77,77,77,84,84,84,84,84,84,84,84,84,84,84,84,84,84,84,84,84,84,84,84,84,84,84,84,84,84,84,84,84,84,84,84,84,84,84,84,84,84,84,84,84,84,84],"relic_stats":{"Lizard Tail":0,"Torii":20,"counters":[28,145],"Shuriken":[52],"Snecko Eye":[109,87,104,107],"Juzu Bracelet":2,"Cursed Key":3,"obtain_stats":[{"Torii":20,"Oddly Smooth Stone":23,"Thread and Needle":6,"Juzu Bracelet":40,"Omamori":43,"Cursed Key":17,"Akabeko":26,"Mercury Hourglass":31,"Lizard Tail":9,"Shuriken":4,"Strawberry":8,"Snecko Eye":34,"Red Mask":21,"Membership Card":27,"PureWater":0},{"Torii":9,"Oddly Smooth Stone":12,"Thread and Needle":3,"Juzu Bracelet":23,"Omamori":24,"Cursed Key":8,"Akabeko":14,"Mercury Hourglass":17,"Lizard Tail":4,"Shuriken":2,"Strawberry":4,"Snecko Eye":18,"Red Mask":10,"Membership Card":14,"PureWater":0},{"Torii":41,"Oddly Smooth Stone":54,"Thread and Needle":16,"Juzu Bracelet":115,"Omamori":119,"Cursed Key":37,"Akabeko":68,"Mercury Hourglass":76,"Lizard Tail":19,"Shuriken":8,"Strawberry":19,"Snecko Eye":85,"Red Mask":45,"Membership Card":68,"PureWater":0}],"Mercury Hourglass":[257]},"card_choices":[{"not_picked":["CarveReality","Halt"],"picked":"FlurryOfBlows","floor":1.0},{"not_picked":["Nirvana","Prostrate"],"picked":"Wallop","floor":3.0},{"not_picked":["CutThroughFate","SashWhip"],"picked":"Establishment","floor":6.0},{"not_picked":["SignatureMove","Study","ConjureBlade"],"picked":"SKIP","floor":8.0},{"not_picked":["EmptyFist","Worship"],"picked":"Protect","floor":10.0},{"not_picked":["MentalFortress","EmptyFist"],"picked":"TalkToTheHand","floor":12.0},{"not_picked":["FlyingSleeves","Pray"],"picked":"Consecrate","floor":14.0},{"not_picked":["Scrawl","LessonLearned"],"picked":"DevaForm","floor":16.0},{"not_picked":["Evaluate","Collect+1"],"picked":"WheelKick","floor":18.0},{"not_picked":["Evaluate","FollowUp"],"picked":"Crescendo+1","floor":21.0},{"not_picked":["Consecrate","SignatureMove+1"],"picked":"LikeWater","floor":22.0},{"not_picked":["WheelKick+1","SashWhip"],"picked":"Blasphemy","floor":23.0},{"not_picked":["CutThroughFate","ThirdEye"],"picked":"LikeWater+1","floor":24.0},{"not_picked":["ThirdEye","WaveOfTheHand"],"picked":"Meditate","floor":25.0},{"not_picked":["InnerPeace","Meditate"],"picked":"LikeWater","floor":28.0},{"not_picked":["CrushJoints","JustLucky","Halt"],"picked":"SKIP","floor":29.0},{"not_picked":["Halt","EmptyBody","Worship"],"picked":"SKIP","floor":30.0},{"not_picked":["Alpha","DevaForm"],"picked":"LessonLearned","floor":33.0},{"not_picked":["EmptyBody","CrushJoints+1","Conclude+1"],"picked":"SKIP","floor":35.0},{"not_picked":["Halt+1","EmptyBody+1"],"picked":"WheelKick","floor":36.0},{"not_picked":["Consecrate","ForeignInfluence+1"],"picked":"Fasting2+1","floor":38.0},{"not_picked":["PathToVictory","EmptyMind","DeceiveReality"],"picked":"SKIP","floor":39.0},{"not_picked":["Crescendo","FollowUp+1","Nirvana+1"],"picked":"SKIP","floor":40.0},{"not_picked":["Perseverance+1","FearNoEvil+1","Crescendo"],"picked":"SKIP","floor":41.0},{"not_picked":["FearNoEvil+1","Evaluate","Meditate+1"],"picked":"SKIP","floor":45.0},{"not_picked":["SashWhip","ClearTheMind","Collect+1"],"picked":"SKIP","floor":46.0},{"not_picked":["DeceiveReality","ReachHeaven","FlurryOfBlows+1"],"picked":"SKIP","floor":48}],"player_experience":1213482,"relics_obtained":[{"floor":6.0,"key":"Thread and Needle"},{"floor":8.0,"key":"Strawberry"},{"floor":9.0,"key":"Lizard Tail"},{"floor":21.0,"key":"Red Mask"},{"floor":23.0,"key":"Oddly Smooth Stone"},{"floor":26.0,"key":"Akabeko"},{"floor":31.0,"key":"Mercury Hourglass"},{"floor":40.0,"key":"Juzu Bracelet"},{"floor":43.0,"key":"Omamori"}],"event_choices":[{"damage_healed":0.0,"max_hp_gain":0.0,"max_hp_loss":0.0,"gold_gain":0.0,"event_name":"Lab","player_choice":"Got Potions","floor":2.0,"gold_loss":0.0,"damage_taken":0.0},{"damage_healed":0.0,"max_hp_gain":0.0,"max_hp_loss":0.0,"gold_gain":0.0,"event_name":"Living Wall","player_choice":"Grow","floor":5.0,"gold_loss":0.0,"damage_taken":0.0,"cards_upgraded":["Wallop"]},{"damage_healed":0.0,"max_hp_gain":0.0,"max_hp_loss":0.0,"gold_gain":0.0,"event_name":"Liars Game","player_choice":"Ignored","floor":11.0,"gold_loss":0.0,"damage_taken":0.0},{"damage_healed":0.0,"max_hp_gain":0.0,"max_hp_loss":0.0,"gold_gain":0.0,"event_name":"Addict","player_choice":"Stole Relic","floor":20.0,"gold_loss":0.0,"damage_taken":0.0,"relics_obtained":["Torii"],"cards_obtained":["Shame"]},{"damage_healed":0.0,"max_hp_gain":0.0,"max_hp_loss":0.0,"gold_gain":0.0,"event_name":"Masked Bandits","player_choice":"Fought Bandits","floor":21.0,"gold_loss":0.0,"damage_taken":0.0},{"damage_healed":0.0,"max_hp_gain":0.0,"max_hp_loss":0.0,"gold_gain":0.0,"event_name":"SecretPortal","player_choice":"Ignored","floor":37.0,"gold_loss":0.0,"damage_taken":0.0},{"damage_healed":0.0,"max_hp_gain":0.0,"max_hp_loss":0.0,"gold_gain":0.0,"event_name":"Duplicator","player_choice":"Copied","floor":42.0,"gold_loss":0.0,"damage_taken":0.0,"cards_obtained":["Fasting2"]},{"damage_healed":21.0,"max_hp_gain":0.0,"max_hp_loss":0.0,"gold_gain":0.0,"event_name":"Winding Halls","player_choice":"Writhe","floor":44.0,"gold_loss":0.0,"damage_taken":0.0,"cards_obtained":["Writhe"]},{"damage_healed":0.0,"max_hp_gain":0.0,"max_hp_loss":0.0,"gold_gain":222.0,"event_name":"Tomb of Lord Red Mask","player_choice":"Wore Mask","floor":47.0,"gold_loss":0.0,"damage_taken":0.0}],"is_beta":false,"boss_relics":[{"not_picked":["Empty Cage","Tiny House"],"picked":"Cursed Key"},{"not_picked":["Velvet Choker","VioletLotus"],"picked":"Snecko Eye"}],"items_purged_floors":[4],"is_endless":false,"potions_floor_spawned":[1,3,14,16,21,24,29,30,33,40,41,46,48],"ascension_level":0}}