{"host":"rf8f5793azs0jd9i","time":1612577337,"event":{"mods":["AchievementEnabler","Aspiration","BaseMod","Colored Powertips","Hubris","Infinite Spire","Minty Spire (QoL Compilation)","Replay The Spire","StSLib"],"gold_per_floor":[116,134,148,4440,4457,4542,4542,4572,4572,4572,3835,3835,3849,3864,3864,3985,3985,4003,4027,4045,4060,4084,4184,4218,4218,4242,4256,4349,4365,4365,4383,4383,4509,4509,4533,4552,4552,4577,4577,4610,4610,4673,4673,4673,4673,4673,4711,4731,4731,4731,4731],"floor_reached":50,"language":"ENG","playtime":3232,"items_purged":["Strike_P","Defend_P"],"score":706,"play_id":"22a843d1-63ab-44d3-824c-ab1342209352","local_time":"20210205200857","is_ascension_mode":false,"campfire_choices":[{"data":"Eruption","floor":7,"key":"SMITH"},{"data":"Consecrate","floor":15,"key":"SMITH"},{"data":"Adrenaline","floor":23,"key":"SMITH"},{"data":"Judgement","floor":25,"key":"SMITH"},{"data":"Vengeance","floor":32,"key":"SMITH"},{"data":"Ragnarok","floor":41,"key":"SMITH"},{"data":"TalkToTheHand","floor":44,"key":"SMITH"},{"floor":46,"key":"RECALL"},{"data":"Omniscience","floor":49,"key":"SMITH"}],"circlet_count":0,"master_deck":["Strike_P","Strike_P","Defend_P","Defend_P","Defend_P","Eruption+1","Vigilance","Replay:BluntJabs","EmptyFist+1","BowlingBash","Replay:Hum","Vengeance+1","Halt","Consecrate+1","Escape Plan","Adrenaline+1","Halt+1","EmptyMind+1","Judgement+1","SignatureMove+1","Ragnarok+1","Tantrum+1","ReachHeaven","Replay:AtTheReady+1","TalkToTheHand+1","Omniscience+1","Parasite","FollowUp+1"],"relics":["PureWater","NeowsBlessing","hubris:MobiusCoin","infinitespire:Satchel","aspiration:Nostalgia","Replay:M_StaffOfTheSnake","Bronze Scales","hubris:TenFootPole","aspiration:StickyExplosives_weak","Simple Rune","hubris:CuriousFeather","Toolbox","Golden Idol","Painkiller Herb","Bottled Flame","aspiration:Lifesprig","aspiration:TomeofQuesting","Coffee Dripper","Mummified Hand","Mercury Hourglass","Incense Burner","Nunchaku","hubris:Potato"],"acts_visited":["Exordium","TheCity","TheBeyond"],"potions_floor_usage":[6,16,30,33,50,50],"damage_taken":[{"damage":0,"enemies":"2 Louse","floor":1,"turns":1},{"damage":0,"enemies":"Jaw Worm","floor":2,"turns":1},{"damage":0,"enemies":"Cultist","floor":3,"turns":1},{"damage":8,"enemies":"Red Slaver","floor":5,"turns":3},{"damage":18,"enemies":"Lagavulin","floor":6,"turns":3},{"damage":4,"enemies":"3 Sentries","floor":8,"turns":5},{"damage":0,"enemies":"2 Fungi Beasts","floor":13,"turns":1},{"damage":0,"enemies":"Blue Slaver","floor":14,"turns":2},{"damage":0,"enemies":"Fading Forest","floor":16,"turns":11},{"damage":4,"enemies":"Shell Parasite","floor":18,"turns":2},{"damage":1,"enemies":"3 Byrds","floor":19,"turns":2},{"damage":0,"enemies":"Cultist and Chosen","floor":20,"turns":4},{"damage":0,"enemies":"Centurion and Healer","floor":21,"turns":2},{"damage":0,"enemies":"Snake Plant","floor":22,"turns":1},{"damage":7,"enemies":"Book of Stabbing","floor":24,"turns":4},{"damage":0,"enemies":"Snecko","floor":27,"turns":3},{"damage":16,"enemies":"Nightmare","floor":28,"turns":4},{"damage":0,"enemies":"Cultist and Chosen","floor":29,"turns":3},{"damage":0,"enemies":"Snake Plant","floor":31,"turns":1},{"damage":0,"enemies":"Automaton","floor":33,"turns":3},{"damage":0,"enemies":"Orb Walker","floor":35,"turns":2},{"damage":0,"enemies":"3 Darklings","floor":36,"turns":1},{"damage":6,"enemies":"Spire Growth","floor":38,"turns":3},{"damage":5,"enemies":"Nemesis","floor":40,"turns":3},{"damage":0,"enemies":"Mind Bloom Boss Battle","floor":42,"turns":1},{"damage":0,"enemies":"Giant Head","floor":47,"turns":3},{"damage":21,"enemies":"Writhing Mass","floor":48,"turns":3},{"damage":132,"enemies":"Awakened One","floor":50,"turns":8}],"seed_played":"-2199626191617205291","potions_obtained":[{"floor":3,"key":"StancePotion"},{"floor":8,"key":"Reflective Coating"},{"floor":18,"key":"Swift Potion"},{"floor":21,"key":"BlessingOfTheForge"},{"floor":24,"key":"Explosive Potion"},{"floor":30,"key":"FairyPotion"},{"floor":30,"key":"Fruit Juice"},{"floor":30,"key":"Regen Potion"},{"floor":31,"key":"LifebloodPotion"},{"floor":35,"key":"Swift Potion"},{"floor":36,"key":"Adrenaline Potion"}],"is_trial":false,"path_per_floor":["M","M","M","$","M","E","R","E","T","?","$","?","M","M","R","B",null,"?","?","?","?","?","T","E","T","T","?","NM","?","?","?","T","B",null,"?","?","T","?","?","E","T","?","T","T","?","T","E","?","T","B"],"character_chosen":"WATCHER","items_purchased":["hubris:MobiusCoin","infinitespire:Satchel","aspiration:Nostalgia","Simple Rune","hubris:CuriousFeather","Toolbox","Consecrate"],"campfire_rested":0,"item_purchase_floors":[4,4,4,11,11,11,11],"current_hp_per_floor":[72,72,72,72,64,46,46,42,42,39,39,39,39,39,39,49,67,63,62,62,62,62,62,55,55,55,55,39,39,44,44,44,44,72,72,72,72,66,66,61,61,61,61,61,61,61,61,40,40,0,0],"gold":4731,"neow_bonus":"THREE_ENEMY_KILL","is_daily":false,"chose_seed":false,"campfire_upgraded":8,"win_rate":0.0,"timestamp":1612577337,"path_taken":["M","M","M","$","M","E","R","E","T","?","$","?","M","M","R","BOSS","?","?","?","?","?","T","E","T","T","?","NM","?","?","?","T","BOSS","?","?","?","?","?","E","T","?","T","T","?","T","E","?","T","BOSS"],"items_purchased_type":["Relic","Relic","Relic","Relic","Relic","Relic","Card"],"build_version":"2020-12-22","purchased_purges":2,"victory":false,"max_hp_per_floor":[72,72,72,72,72,72,72,72,72,72,72,67,67,67,67,67,67,67,67,67,67,67,67,67,67,67,67,67,67,72,72,72,72,72,72,72,72,72,72,72,72,72,72,72,72,72,72,72,72,72,72],"card_choices":[{"not_picked":["SashWhip","Evaluate"],"picked":"Replay:BluntJabs","floor":1},{"not_picked":["EmptyBody","Collect"],"picked":"EmptyFist","floor":2},{"not_picked":["PathToVictory","Protect"],"picked":"BowlingBash","floor":3},{"not_picked":["ReachHeaven","Outmaneuver"],"picked":"Replay:Hum","floor":5},{"not_picked":["Outmaneuver","FlurryOfBlows"],"picked":"Vengeance","floor":6},{"not_picked":["LikeWater","Replay:Battleflow"],"picked":"Halt","floor":8},{"not_picked":["Replay:AtTheReady","Replay:LoomingThreat"],"picked":"Escape Plan","floor":13},{"not_picked":["Replay:AtTheReady","WreathOfFlame","Protect"],"picked":"SKIP","floor":14},{"not_picked":["Establishment","Die Die Die"],"picked":"Adrenaline","floor":16},{"not_picked":["Fasting2","Swivel"],"picked":"Halt+1","floor":18},{"not_picked":["Weave","FlyingSleeves"],"picked":"EmptyMind+1","floor":19},{"not_picked":["Halt","FearNoEvil","Study"],"picked":"SKIP","floor":20},{"not_picked":["FlyingSleeves","Perseverance"],"picked":"Judgement","floor":21},{"not_picked":["FlyingSleeves","Protect","ReachHeaven"],"picked":"SKIP","floor":22},{"not_picked":["CrushJoints","Swivel","Fasting2"],"picked":"SKIP","floor":24},{"not_picked":["Replay:AtTheReady+1","CarveReality"],"picked":"SignatureMove+1","floor":27},{"not_picked":["Nirvana+1","CrushJoints","Replay:Cycle"],"picked":"SKIP","floor":28},{"not_picked":["Nirvana+1","CrushJoints","Replay:Cycle"],"picked":"SKIP","floor":28},{"not_picked":["SashWhip+1","PathToVictory+1","EmptyFist"],"picked":"SKIP","floor":29},{"not_picked":["Consecrate","Meditate","Replay:ManipulateFuture"],"picked":"SKIP","floor":31},{"not_picked":["LessonLearned","Replay:AllIn"],"picked":"Ragnarok","floor":33},{"not_picked":["CrushJoints","ClearTheMind"],"picked":"Tantrum+1","floor":35},{"not_picked":["WheelKick+1","Sanctity"],"picked":"ReachHeaven","floor":36},{"not_picked":["EmptyBody+1","CutThroughFate"],"picked":"Replay:AtTheReady+1","floor":38},{"not_picked":["Indignation","Evaluate","Nirvana"],"picked":"SKIP","floor":40},{"not_picked":["Halt+1","Replay:BluntJabs"],"picked":"TalkToTheHand","floor":42},{"not_picked":["ConjureBlade","Consecrate"],"picked":"Omniscience","floor":47},{"not_picked":["CutThroughFate","Halt+1"],"picked":"FollowUp+1","floor":48}],"player_experience":55243,"relics_obtained":[{"floor":6,"key":"Bronze Scales"},{"floor":8,"key":"hubris:TenFootPole"},{"floor":9,"key":"aspiration:StickyExplosives_weak"},{"floor":24,"key":"Bottled Flame"},{"floor":26,"key":"aspiration:Lifesprig"},{"floor":28,"key":"aspiration:TomeofQuesting"},{"floor":37,"key":"Mummified Hand"},{"floor":40,"key":"Mercury Hourglass"},{"floor":42,"key":"Incense Burner"},{"floor":43,"key":"Nunchaku"},{"floor":47,"key":"hubris:Potato"}],"event_choices":[{"cards_removed":["Strike_P"],"damage_healed":0,"gold_gain":0,"player_choice":"Card Removal","damage_taken":7,"max_hp_gain":0,"max_hp_loss":0,"event_name":"Golden Wing","floor":10,"gold_loss":0},{"damage_healed":0,"gold_gain":0,"player_choice":"Lose Max HP","damage_taken":0,"relics_obtained":["Golden Idol"],"max_hp_gain":0,"max_hp_loss":5,"event_name":"Golden Idol","floor":12,"gold_loss":0},{"damage_healed":0,"gold_gain":0,"player_choice":"Got Potions","damage_taken":0,"max_hp_gain":0,"max_hp_loss":0,"event_name":"Lab","floor":30,"gold_loss":0},{"damage_healed":0,"gold_gain":0,"player_choice":"Ignored","damage_taken":0,"max_hp_gain":0,"max_hp_loss":0,"event_name":"The Moai Head","floor":39,"gold_loss":0},{"damage_healed":0,"gold_gain":0,"player_choice":"Fight","damage_taken":0,"max_hp_gain":0,"max_hp_loss":0,"event_name":"MindBloom","floor":42,"gold_loss":0},{"damage_healed":0,"gold_gain":0,"player_choice":"Forge","damage_taken":0,"max_hp_gain":0,"max_hp_loss":0,"event_name":"Accursed Blacksmith","floor":45,"gold_loss":0,"cards_upgraded":["EmptyFist"]}],"is_beta":false,"boss_relics":[{"not_picked":["Empty Cage","Calling Bell"],"picked":"Painkiller Herb"},{"not_picked":["Snecko Heart","Kintsugi"],"picked":"Coffee Dripper"}],"items_purged_floors":[4,11],"is_endless":true,"potions_floor_spawned":[3,6,8,18,21,24,28,29,31,35,36,38],"killed_by":"Awakened One","ascension_level":0}}