{"host":"5icjlaq41ghjcr7h","time":1612593151,"event":{"mods":["AchievementEnabler","BaseMod","Colored Map","Minty Spire (QoL Compilation)","SuperFastMode","everything is the same but u backflip on backflip"],"gold_per_floor":[115,22,38,65,15,40,60,60,85,97,115,140,154,170,170,266,266,276,326,340,350,202,202,202],"floor_reached":23,"language":"KOR","playtime":587,"items_purged":["Defend_R"],"score":253,"play_id":"ce15f246-dba1-4601-8b99-d53d4abc6c62","local_time":"20210206153231","is_ascension_mode":true,"campfire_choices":[{"floor":8.0,"key":"RECALL"},{"floor":15.0,"key":"REST"}],"circlet_count":0,"master_deck":["Strike_R","Strike_R","Strike_R","Strike_R","Strike_R","Defend_R","Defend_R","Bash","Second Wind","Perfected Strike","Sever Soul","Heavy Blade","Flex","Twin Strike","Flex","Heavy Blade","Feed","Evolve+1","Flex","Pommel Strike"],"relics":["Burning Blood","NeowsBlessing","Frozen Egg 2","Smiling Mask","Dream Catcher","Art of War","SlaversCollar"],"acts_visited":["Exordium","TheCity"],"potions_floor_usage":[],"damage_taken":[{"damage":0.0,"enemies":"Cultist","floor":1.0,"turns":1.0},{"damage":0.0,"enemies":"Small Slimes","floor":3.0,"turns":1.0},{"damage":0.0,"enemies":"3 Sentries","floor":6.0,"turns":1.0},{"damage":0.0,"enemies":"Jaw Worm","floor":7.0,"turns":1.0},{"damage":10.0,"enemies":"Large Slime","floor":10.0,"turns":5.0},{"damage":13.0,"enemies":"Blue Slaver","floor":11.0,"turns":2.0},{"damage":24.0,"enemies":"Gremlin Nob","floor":12.0,"turns":4.0},{"damage":22.0,"enemies":"Looter","floor":13.0,"turns":3.0},{"damage":19.0,"enemies":"Exordium Thugs","floor":14.0,"turns":4.0},{"damage":30.0,"enemies":"Slime Boss","floor":16.0,"turns":9.0},{"damage":29.0,"enemies":"3 Byrds","floor":18.0,"turns":6.0},{"damage":35,"enemies":"Chosen","floor":20,"turns":6},{"damage":48,"enemies":"Snake Plant","floor":21,"turns":4},{"damage":16,"enemies":"Slavers","floor":23,"turns":1}],"seed_played":"-5555380565929026153","potions_obtained":[{"floor":6.0,"key":"Fire Potion"},{"floor":10.0,"key":"Explosive Potion"},{"floor":12.0,"key":"FairyPotion"},{"floor":14.0,"key":"LiquidMemories"},{"floor":21,"key":"SpeedPotion"}],"is_trial":false,"path_per_floor":["M","?","M","T","?","E","M","R","T","M","M","E","M","M","R","B",null,"M","?","M","M","$","E"],"character_chosen":"IRONCLAD","items_purchased":["Flex","Pommel Strike"],"campfire_rested":1,"item_purchase_floors":[22,22],"current_hp_per_floor":[80,80,80,80,80,80,80,80,80,76,69,51,35,22,46,22,80,60,60,31,14,14,0,0],"gold":202,"neow_bonus":"THREE_ENEMY_KILL","is_daily":false,"chose_seed":false,"campfire_upgraded":0,"win_rate":0.0,"timestamp":1612593151,"path_taken":["M","?","?","?","?","E","M","R","T","M","M","E","M","M","R","BOSS","M","?","?","M","?","E"],"items_purchased_type":["Card","Card"],"build_version":"2020-12-22","purchased_purges":1,"victory":false,"max_hp_per_floor":[80,80,80,80,80,80,80,80,80,80,80,80,80,80,80,80,80,83,83,83,83,83,83,83],"card_choices":[{"not_picked":["Havoc","Headbutt"],"picked":"Second Wind","floor":1.0},{"not_picked":["Intimidate","True Grit"],"picked":"Perfected Strike","floor":3.0},{"not_picked":["Dual Wield","Thunderclap"],"picked":"Sever Soul","floor":6.0},{"not_picked":["Iron Wave","Hemokinesis"],"picked":"Heavy Blade","floor":7.0},{"not_picked":["Thunderclap","Havoc"],"picked":"Flex","floor":10.0},{"not_picked":["Rampage","Thunderclap","Disarm"],"picked":"SKIP","floor":11.0},{"not_picked":["Juggernaut+1","Hemokinesis"],"picked":"Twin Strike","floor":12.0},{"not_picked":["Armaments","Headbutt"],"picked":"Flex","floor":13.0},{"not_picked":["Clash","Havoc","Anger"],"picked":"SKIP","floor":14.0},{"not_picked":["Thunderclap","Whirlwind"],"picked":"Heavy Blade","floor":15.0},{"not_picked":["Offering","Exhume"],"picked":"Feed","floor":16.0},{"not_picked":["Heavy Blade","Intimidate","Clothesline+1"],"picked":"SKIP","floor":18.0},{"not_picked":["Warcry+1","Spot Weakness"],"picked":"Evolve+1","floor":20},{"not_picked":["Dropkick","Thunderclap","Rage"],"picked":"SKIP","floor":21}],"player_experience":154230,"relics_obtained":[{"floor":6.0,"key":"Smiling Mask"},{"floor":9.0,"key":"Dream Catcher"},{"floor":12.0,"key":"Art of War"}],"event_choices":[{"damage_healed":0.0,"max_hp_gain":0.0,"max_hp_loss":0.0,"gold_gain":0.0,"event_name":"WeMeetAgain","player_choice":"Paid Gold","floor":2.0,"gold_loss":93.0,"damage_taken":0.0,"relics_obtained":["Frozen Egg 2"]},{"cards_removed":["Defend_R"],"damage_healed":0.0,"max_hp_gain":0.0,"max_hp_loss":0.0,"gold_gain":0.0,"event_name":"The Cleric","player_choice":"Card Removal","floor":5.0,"gold_loss":50.0,"damage_taken":0.0},{"damage_healed":0,"gold_gain":100,"player_choice":"Bet on Murderer","damage_taken":0,"max_hp_gain":0,"max_hp_loss":0,"event_name":"The Joust","floor":19,"gold_loss":50}],"is_beta":false,"boss_relics":[{"not_picked":["Runic Dome","Snecko Eye"],"picked":"SlaversCollar"}],"items_purged_floors":[22],"is_endless":false,"potions_floor_spawned":[6,10,12,14,21],"killed_by":"Slavers","ascension_level":2}}