{"host":"ufl0k2so27eic2iy","time":1612602249,"event":{"mods":["BaseMod","Downfall","Minty Spire (QoL Compilation)","StSLib","The Animator"],"gold_per_floor":[99,119,138,138,157,19,46,46,60,60,71,103,103,115,127,225,225,25,40,40,290,175,175,201,221,81,113,113,125,138,171,189,293,293,293,309,31,49,65,65,65,83,183,214,114,124,124,158,176,176,176,201,61,61,61,61],"floor_reached":57,"language":"ENG","playtime":3459,"items_purged":["Pain","bronze:Strike","bronze:Strike","bronze:Strike","bronze:Strike"],"score":1733,"play_id":"d6b7d701-b63d-4a58-aad4-37e7bccb34e2","local_time":"20210206090409","is_ascension_mode":true,"campfire_choices":[{"data":"bronze:Replicate","floor":1.0,"key":"SMITH"},{"data":"bronze:FollowUp","floor":8.0,"key":"SMITH"},{"data":"bronze:Invalidate","floor":10.0,"key":"SMITH"},{"data":"bronze:Format","floor":18.0,"key":"SMITH"},{"data":"bronze:Frontload","floor":23.0,"key":"SMITH"},{"floor":28.0,"key":"REST"},{"floor":35.0,"key":"RECALL"},{"data":"bronze:HardenedForm","floor":40.0,"key":"SMITH"},{"data":"bronze:HardenedForm","floor":45.0,"key":"SMITH"},{"data":"bronze:Frontload","floor":47.0,"key":"SMITH"},{"floor":54.0,"key":"REST"}],"circlet_count":0,"master_deck":["bronze:Defend","bronze:Defend","bronze:Defend","bronze:Defend","bronze:Replicate+1","bronze:Goto","bronze:HardenedForm+1","bronze:Frontload+1","bronze:FollowUp+1","bronze:Separator","bronze:DelayedGuard","bronze:Iterate","bronze:Invalidate+1","bronze:CutThrough","bronze:CloningBeam","bronze:ChosenStrike","bronze:Format+1","CurseOfTheBell","bronze:Branch+1","bronze:DelayedGuard+1","bronze:DelayedGuard+1","bronze:Shell","bronze:Overload","bronze:HardenedForm+1","bronze:ClassDefault+1","expansioncontent:DashGenerateEvil","bronze:Frontload+1","bronze:DelayedGuard+1","bronze:Flail+1","bronze:Fortify+1","bronze:TinkerersToolbox","bronze:ForceShield+1"],"relics":["bronze:BronzeCore","WarpedTongs","Juzu Bracelet","StoneCalendar","Calling Bell","Omamori","Matryoshka","Dead Branch","downfall:HeartBlessingGreen","downfall:HeartBlessingBlue","SsserpentHead","PreservedInsect","Strawberry","champ:DeflectingBracers","Regal Pillow","Velvet Choker","Eternal Feather","The Courier","hexamod:BolsterEngine","Turnip","Potion Belt","downfall:HeartBlessingRed","Guardian:PocketSentry","Pantograph"],"acts_visited":["Exordium","TheCity","TheBeyond","TheEnding"],"potions_floor_usage":[56,56,56,56],"damage_taken":[{"damage":1.0,"enemies":"Cultist","floor":2.0,"turns":4.0},{"damage":9.0,"enemies":"2 Louse","floor":3.0,"turns":3.0},{"damage":0.0,"enemies":"Small Slimes","floor":5.0,"turns":2.0},{"damage":3.0,"enemies":"downfall:FleeingMerchant","floor":6.0,"turns":4.0},{"damage":5.0,"enemies":"Exordium Thugs","floor":9.0,"turns":3.0},{"damage":0.0,"enemies":"2 Fungi Beasts","floor":11.0,"turns":4.0},{"damage":0.0,"enemies":"Gremlin Nob","floor":12.0,"turns":3.0},{"damage":8.0,"enemies":"Blue Slaver","floor":14.0,"turns":2.0},{"damage":6.0,"enemies":"Exordium Wildlife","floor":15.0,"turns":2.0},{"damage":10.0,"enemies":"SI_SHIV_ARCHETYPE","floor":16.0,"turns":5.0},{"damage":17.0,"enemies":"Shell Parasite","floor":19.0,"turns":4.0},{"damage":0.0,"enemies":"downfall:FleeingMerchant","floor":22.0,"turns":4.0},{"damage":0.0,"enemies":"Spheric Guardian","floor":25.0,"turns":4.0},{"damage":0.0,"enemies":"downfall:FleeingMerchant","floor":26.0,"turns":4.0},{"damage":32.0,"enemies":"Gremlin Leader","floor":27.0,"turns":8.0},{"damage":0.0,"enemies":"Chosen and Byrds","floor":29.0,"turns":4.0},{"damage":0.0,"enemies":"Shelled Parasite and Fungi","floor":30.0,"turns":6.0},{"damage":0.0,"enemies":"Book of Stabbing","floor":31.0,"turns":3.0},{"damage":3.0,"enemies":"Centurion and Healer","floor":32.0,"turns":4.0},{"damage":8.0,"enemies":"IC_MUSHROOM_ARCHETYPE","floor":33.0,"turns":8.0},{"damage":13.0,"enemies":"Orb Walker","floor":36.0,"turns":4.0},{"damage":0.0,"enemies":"downfall:FleeingMerchant","floor":37.0,"turns":3.0},{"damage":0.0,"enemies":"3 Shapes","floor":38.0,"turns":4.0},{"damage":21.0,"enemies":"3 Darklings","floor":39.0,"turns":5.0},{"damage":0.0,"enemies":"Spire Growth","floor":42.0,"turns":4.0},{"damage":0.0,"enemies":"Spire Growth","floor":43.0,"turns":4.0},{"damage":0.0,"enemies":"Nemesis","floor":44.0,"turns":5.0},{"damage":1.0,"enemies":"Sphere and 2 Shapes","floor":46.0,"turns":4.0},{"damage":0.0,"enemies":"Giant Head","floor":48.0,"turns":7.0},{"damage":0.0,"enemies":"Transient","floor":49.0,"turns":5.0},{"damage":0.0,"enemies":"WA_ARCHETYPE_DIVINITY","floor":50.0,"turns":9.0},{"damage":33.0,"enemies":"downfall:CharBossMerchant","floor":52.0,"turns":7.0},{"damage":24,"enemies":"downfall:NeowBoss","floor":55,"turns":15},{"damage":50,"enemies":"downfall:NeowBossFinal","floor":56,"turns":11}],"seed_played":"5144533715932013762","potions_obtained":[{"floor":3.0,"key":"GamblersBrew"},{"floor":9.0,"key":"SneckoOil"},{"floor":12.0,"key":"champ:CounterPotion"},{"floor":14.0,"key":"SkillPotion"},{"floor":25.0,"key":"Dexterity Potion"},{"floor":30.0,"key":"bronze:FreeFunctionsPotion"},{"floor":38.0,"key":"LiquidMemories"},{"floor":46.0,"key":"ColorlessPotion"},{"floor":52.0,"key":"bronze:BuildAFunctionPotion"}],"is_trial":false,"path_per_floor":["R","M","M","?","M","$","T","R","M","R","M","E","?","M","M","B",null,"R","M","?","?","$","R","T","M","$","E","R","M","M","E","M","B",null,"R","M","$","M","M","R","T","M","?","E","R","M","R","E","M","B",null,"E","$","R","B","B",null],"character_chosen":"THE_AUTOMATON","items_purchased":["bronze:Iterate","Eternal Feather","expansioncontent:DashGenerateEvil","bronze:Frontload"],"campfire_rested":2,"item_purchase_floors":[6,37,37,37],"current_hp_per_floor":[70,69,60,60,60,57,57,57,52,52,52,52,52,44,38,28,60,70,53,53,53,53,53,60,60,60,28,54,54,54,54,51,43,76,76,63,63,63,42,57,57,57,57,57,75,74,87,87,87,87,87,54,54,87,63,37],"gold":61,"neow_bonus":"ONE_RANDOM_RARE_CARD","is_daily":false,"chose_seed":false,"campfire_upgraded":8,"win_rate":0.0,"timestamp":1612602249,"path_taken":["R","M","M","?","?","$","T","R","M","R","M","E","?","M","M","BOSS","R","M","?","?","$","R","T","M","$","E","R","M","M","E","M","BOSS","R","M","$","M","M","R","T","M","?","E","R","M","R","E","M","BOSS","E","$","R","BOSS","BOSS"],"items_purchased_type":["Card","Relic","Card","Card"],"build_version":"2020-12-22","purchased_purges":5,"victory":true,"max_hp_per_floor":[70,70,70,70,70,70,70,70,70,70,70,70,70,70,70,70,70,80,80,80,80,80,80,87,87,87,87,87,87,87,87,87,87,87,87,87,87,87,87,87,87,87,87,87,87,87,87,87,87,87,87,87,87,87,87,87],"card_choices":[{"not_picked":["bronze:BuggyMess","bronze:Refactor"],"picked":"bronze:Frontload","floor":2.0},{"not_picked":["bronze:Deprecate","bronze:Terminator"],"picked":"bronze:FollowUp","floor":3.0},{"not_picked":["bronze:Backtrace","bronze:BugBarrage"],"picked":"bronze:Separator","floor":5.0},{"not_picked":["bronze:Flail","bronze:Shield"],"picked":"bronze:DelayedGuard","floor":6.0},{"not_picked":["bronze:Repulsor","bronze:Constructor"],"picked":"bronze:Invalidate","floor":9.0},{"not_picked":["bronze:Turbo","bronze:DelayedGuard"],"picked":"bronze:CutThrough","floor":11.0},{"not_picked":["bronze:ItsAFeature","bronze:ForLoop"],"picked":"bronze:CloningBeam","floor":12.0},{"not_picked":["bronze:WhirlingStrike","bronze:Constructor"],"picked":"bronze:ChosenStrike","floor":14.0},{"not_picked":["bronze:Turbo","bronze:Fortify","bronze:AlphaBuild"],"picked":"SKIP","floor":15.0},{"not_picked":["bronze:ThunderWave","bronze:Mutator"],"picked":"bronze:Format","floor":16.0},{"not_picked":["bronze:WhirlingStrike","bronze:Overheat","bronze:Verify"],"picked":"SKIP","floor":19.0},{"not_picked":["bronze:BuggyMess","bronze:BronzeArmor"],"picked":"bronze:Branch+1","floor":22.0},{"not_picked":["bronze:Turbo","bronze:WildBeam","bronze:CutThrough+1"],"picked":"SKIP","floor":25.0},{"not_picked":["bronze:WhirlingStrike","bronze:BronzeOrb"],"picked":"bronze:DelayedGuard+1","floor":26.0},{"not_picked":["bronze:Iterate+1","bronze:Invalidate+1"],"picked":"bronze:DelayedGuard+1","floor":27.0},{"not_picked":["bronze:Overheat","bronze:Branch"],"picked":"bronze:Shell","floor":29.0},{"not_picked":["bronze:Constructor","bronze:Deprecate","bronze:Safeguard"],"picked":"SKIP","floor":30.0},{"not_picked":["bronze:WhirlingStrike","bronze:Shell","bronze:Library"],"picked":"SKIP","floor":31.0},{"not_picked":["bronze:Overload","bronze:NullPointer+1","bronze:Separator+1"],"picked":"SKIP","floor":32.0},{"not_picked":["bronze:NullPointer+1","bronze:Separator+1"],"picked":"bronze:Overload","floor":32.0},{"not_picked":["bronze:CleanCode","bronze:AlphaBuild"],"picked":"bronze:HardenedForm","floor":33.0},{"not_picked":["bronze:Invalidate","bronze:GetLatest"],"picked":"bronze:ClassDefault+1","floor":36.0},{"not_picked":["bronze:Allocate+1","bronze:Overheat","bronze:Terminator"],"picked":"SKIP","floor":37.0},{"not_picked":["bronze:WildBeam","bronze:ItsAFeature"],"picked":"bronze:DelayedGuard+1","floor":38.0},{"not_picked":["bronze:Separator+1","bronze:OilSpill","bronze:WhirlingStrike+1"],"picked":"SKIP","floor":39.0},{"not_picked":["bronze:Shell","bronze:DelayedSlice","bronze:Turbo+1"],"picked":"SKIP","floor":42.0},{"not_picked":["bronze:Iterate+1","bronze:Shield+1"],"picked":"bronze:Flail+1","floor":43.0},{"not_picked":["bronze:Iterate+1","bronze:DelayedGuard+1","bronze:WildBeam+1"],"picked":"SKIP","floor":44.0},{"not_picked":["bronze:Allocate+1","bronze:HardenedForm"],"picked":"bronze:Fortify+1","floor":46.0},{"not_picked":["bronze:Allocate+1","bronze:Overload+1"],"picked":"bronze:TinkerersToolbox","floor":48.0},{"not_picked":["bronze:BugBarrage+1","bronze:GetLatest+1"],"picked":"bronze:ForceShield+1","floor":49.0},{"not_picked":["bronze:ForceShield","bronze:FineTuning","bronze:TinkerersToolbox"],"picked":"SKIP","floor":52.0}],"player_experience":2798685,"relics_obtained":[{"floor":12.0,"key":"Juzu Bracelet"},{"floor":17.0,"key":"Omamori"},{"floor":17.0,"key":"Matryoshka"},{"floor":17.0,"key":"Dead Branch"},{"floor":24.0,"key":"PreservedInsect"},{"floor":24.0,"key":"Strawberry"},{"floor":27.0,"key":"champ:DeflectingBracers"},{"floor":31.0,"key":"Regal Pillow"},{"floor":41.0,"key":"The Courier"},{"floor":41.0,"key":"hexamod:BolsterEngine"},{"floor":43.0,"key":"Turnip"},{"floor":44.0,"key":"Potion Belt"},{"floor":48.0,"key":"Guardian:PocketSentry"},{"floor":52.0,"key":"Pantograph"}],"event_choices":[{"damage_healed":0.0,"max_hp_gain":0.0,"max_hp_loss":0.0,"gold_gain":0.0,"event_name":"FaceTrader","player_choice":"Trade","floor":20.0,"gold_loss":0.0,"damage_taken":0.0,"relics_obtained":["SsserpentHead"]}],"is_beta":false,"boss_relics":[{"not_picked":["Pandora\u0027s Box","Busted Crown"],"picked":"Calling Bell"},{"not_picked":["Black Star","SacredBark"],"picked":"Velvet Choker"}],"items_purged_floors":[6,22,26,37,53],"is_endless":false,"potions_floor_spawned":[3,9,12,14,25,30,31,33,36,38,43,46,52],"ascension_level":5}}