{"host":"2ty4h143nj8vwezc","time":1612595153,"event":{"mods":["BaseMod","Colored Map","Googly Eyes","Highlight Path","Minty Spire (QoL Compilation)","Quick Restart","StSLib"],"gold_per_floor":[119,91,107,107,121,154,154,154,154],"floor_reached":8,"language":"ENG","playtime":436,"items_purged":[],"score":112,"play_id":"cc345d91-b75b-4c50-8354-d32e8098b9fe","local_time":"20210206020553","is_ascension_mode":true,"campfire_choices":[{"floor":7,"key":"REST"}],"circlet_count":0,"master_deck":["AscendersBane","Strike_G","Strike_G","Strike_G","Strike_G","Strike_G","Defend_G","Defend_G","Defend_G","Defend_G","Defend_G","Survivor","Neutralize+1","Footwork","PiercingWail","Flying Knee+1","After Image"],"relics":["Philosopher\u0027s Stone","FaceOfCleric","Whetstone"],"acts_visited":["Exordium"],"potions_floor_usage":[6],"damage_taken":[{"damage":11,"enemies":"Jaw Worm","floor":1,"turns":7},{"damage":0,"enemies":"Cultist","floor":3,"turns":5},{"damage":0,"enemies":"2 Louse","floor":5,"turns":4},{"damage":43,"enemies":"3 Sentries","floor":6,"turns":15},{"damage":25,"enemies":"Gremlin Nob","floor":8,"turns":4}],"seed_played":"-9173500692875720317","potions_obtained":[{"floor":3,"key":"GamblersBrew"}],"is_trial":false,"path_per_floor":["M","$","M","?","M","E","R","E"],"character_chosen":"THE_SILENT","items_purchased":["PiercingWail"],"campfire_rested":1,"item_purchase_floors":[2],"current_hp_per_floor":[48,48,48,48,49,7,27,2,2],"gold":154,"neow_bonus":"BOSS_RELIC","is_daily":false,"chose_seed":false,"campfire_upgraded":0,"win_rate":0.0,"timestamp":1612595153,"path_taken":["M","$","M","?","M","E","R","E"],"items_purchased_type":["Card"],"build_version":"2020-12-22","purchased_purges":0,"victory":false,"max_hp_per_floor":[66,66,66,66,67,68,68,68,68],"card_choices":[{"not_picked":["Blade Dance","Prepared"],"picked":"Footwork","floor":1},{"not_picked":["Prepared","Dagger Throw"],"picked":"Flying Knee","floor":3},{"not_picked":["Backflip","Terror"],"picked":"After Image","floor":5},{"not_picked":["Dodge and Roll","Blade Dance","Underhanded Strike"],"picked":"SKIP","floor":6}],"player_experience":346433,"relics_obtained":[{"floor":6,"key":"Whetstone"}],"event_choices":[{"damage_healed":0,"gold_gain":0,"player_choice":"Trade","damage_taken":0,"relics_obtained":["FaceOfCleric"],"max_hp_gain":0,"max_hp_loss":0,"event_name":"FaceTrader","floor":4,"gold_loss":0}],"is_beta":false,"boss_relics":[],"items_purged_floors":[],"is_endless":false,"potions_floor_spawned":[3],"killed_by":"Gremlin Nob","ascension_level":20}}