{"host":"Jinnai","time":1612626907,"event":{"mods":["BaseMod","Bestiary","Block Reminder","Colored Map","Colored Powertips","Curses Come First","Highlight Path","Minty Spire (QoL Compilation)","Permanent Neow","Potion Indicator Mod","Quick Restart","Random Character Button","Relic Stats","StSLib","ojb\u0027s Info Mod"],"gold_per_floor":[112,122,139,139,150,185,185,211,211,221,233,264,279,290,290,365,365,376,376,94,107,127,127,140,140,140],"floor_reached":25,"language":"ENG","playtime":1049,"items_purged":[],"score":458,"play_id":"43749bc1-3f7c-43a0-b8cd-30260aa14093","local_time":"20210206105507","is_ascension_mode":true,"campfire_choices":[{"floor":7,"key":"REST"},{"data":"Carnage","floor":15,"key":"SMITH"},{"data":"Immolate","floor":23,"key":"SMITH"}],"circlet_count":0,"master_deck":["AscendersBane","Strike_R","Strike_R","Strike_R","Defend_R","Defend_R","Defend_R","Defend_R","Bash","Twin Strike","Sever Soul","True Grit","Uppercut","Second Wind","Warcry","Cleave","Shockwave","Carnage+1","Combust","Offering","Headbutt","Shrug It Off","Immolate+1","Battle Trance","Shrug It Off","Shrug It Off"],"relics":["Mark of Pain","Meat on the Bone","Toy Ornithopter","InkBottle","Magic Flower","Empty Cage","Eternal Feather","Orrery"],"acts_visited":["Exordium","TheCity"],"potions_floor_usage":[8,12,14,22,25],"damage_taken":[{"damage":0,"enemies":"2 Louse","floor":1,"turns":4},{"damage":14,"enemies":"Small Slimes","floor":2,"turns":3},{"damage":0,"enemies":"Cultist","floor":3,"turns":2},{"damage":11,"enemies":"Looter","floor":5,"turns":2},{"damage":35,"enemies":"Lagavulin","floor":6,"turns":6},{"damage":6,"enemies":"Gremlin Nob","floor":8,"turns":3},{"damage":14,"enemies":"3 Louse","floor":10,"turns":3},{"damage":6,"enemies":"2 Fungi Beasts","floor":11,"turns":3},{"damage":23,"enemies":"Lagavulin","floor":12,"turns":5},{"damage":4,"enemies":"Looter","floor":13,"turns":3},{"damage":9,"enemies":"Blue Slaver","floor":14,"turns":2},{"damage":25,"enemies":"The Guardian","floor":16,"turns":9},{"damage":27,"enemies":"Spheric Guardian","floor":18,"turns":4},{"damage":22,"enemies":"Chosen","floor":21,"turns":4},{"damage":36,"enemies":"Sentry and Sphere","floor":22,"turns":4},{"damage":36,"enemies":"Snake Plant","floor":24,"turns":4},{"damage":61,"enemies":"Slavers","floor":25,"turns":4}],"seed_played":"8692068334123343310","potions_obtained":[{"floor":2,"key":"Energy Potion"},{"floor":6,"key":"Energy Potion"},{"floor":8,"key":"Fruit Juice"},{"floor":12,"key":"Ancient Potion"},{"floor":22,"key":"Regen Potion"}],"is_trial":false,"path_per_floor":["M","M","M","?","M","E","R","E","T","M","M","E","M","M","R","B",null,"M","?","$","M","M","R","M","E"],"character_chosen":"IRONCLAD","items_purchased":["Orrery","DuplicationPotion","Shrug It Off"],"campfire_rested":1,"item_purchase_floors":[20,20,20],"current_hp_per_floor":[68,54,54,59,48,13,37,43,43,41,47,41,55,62,62,55,78,51,51,51,47,37,52,34,0,0],"gold":140,"neow_bonus":"BOSS_RELIC","is_daily":false,"chose_seed":false,"campfire_upgraded":2,"win_rate":0.0,"timestamp":1612626907,"path_taken":["M","M","M","?","M","E","R","E","T","M","M","E","M","M","R","BOSS","M","?","$","M","M","R","?","E"],"items_purchased_type":["Relic","Potion","Card"],"build_version":"2020-12-18","purchased_purges":0,"victory":false,"max_hp_per_floor":[75,75,75,80,80,80,80,80,80,80,80,80,80,85,85,85,85,85,85,85,85,85,85,85,85,85],"relic_stats":{"counters":[17,65],"Magic Flower":[49],"Eternal Feather":15,"obtain_stats":[{"Magic Flower":12,"Orrery":20,"Eternal Feather":19,"Mark of Pain":0,"Empty Cage":17,"Burning Blood":0,"Toy Ornithopter":8,"InkBottle":9,"Meat on the Bone":6},{"Magic Flower":9,"Orrery":13,"Eternal Feather":13,"Mark of Pain":0,"Empty Cage":12,"Burning Blood":0,"Toy Ornithopter":6,"InkBottle":6,"Meat on the Bone":5},{"Magic Flower":31,"Orrery":49,"Eternal Feather":49,"Mark of Pain":0,"Empty Cage":45,"Burning Blood":0,"Toy Ornithopter":20,"InkBottle":20,"Meat on the Bone":17}],"Toy Ornithopter":29,"InkBottle":[11],"Meat on the Bone":138},"card_choices":[{"not_picked":["Heavy Blade","Dropkick"],"picked":"Twin Strike","floor":1},{"not_picked":["Power Through","Dual Wield"],"picked":"Sever Soul","floor":2},{"not_picked":["Warcry","Sentinel"],"picked":"True Grit","floor":3},{"not_picked":["Flex","True Grit"],"picked":"Uppercut","floor":5},{"not_picked":["Twin Strike","Iron Wave"],"picked":"Second Wind","floor":6},{"not_picked":["Combust","Heavy Blade"],"picked":"Warcry","floor":8},{"not_picked":["Whirlwind","Clothesline"],"picked":"Cleave","floor":10},{"not_picked":["Searing Blow","Iron Wave"],"picked":"Shockwave","floor":11},{"not_picked":["Sword Boomerang","Headbutt"],"picked":"Carnage","floor":12},{"not_picked":["Havoc","Bloodletting"],"picked":"Combust","floor":13},{"not_picked":["Cleave","Flex","Clash"],"picked":"SKIP","floor":14},{"not_picked":["Limit Break","Juggernaut"],"picked":"Offering","floor":16},{"not_picked":["Body Slam","Blood for Blood"],"picked":"Headbutt","floor":18},{"not_picked":["Flex+1","Iron Wave"],"picked":"Shrug It Off","floor":20},{"not_picked":["Havoc","Clothesline"],"picked":"Immolate","floor":20},{"not_picked":["Clash","Carnage"],"picked":"Battle Trance","floor":20},{"not_picked":["Clash","Seeing Red","Sword Boomerang"],"picked":"SKIP","floor":21},{"not_picked":["Seeing Red","Infernal Blade"],"picked":"Shrug It Off","floor":22},{"not_picked":["Seeing Red","Havoc","Body Slam"],"picked":"SKIP","floor":24}],"player_experience":1657280,"relics_obtained":[{"floor":6,"key":"Meat on the Bone"},{"floor":8,"key":"Toy Ornithopter"},{"floor":9,"key":"InkBottle"},{"floor":12,"key":"Magic Flower"}],"event_choices":[{"damage_healed":0,"gold_gain":0,"player_choice":"Donut","damage_taken":0,"max_hp_gain":5,"max_hp_loss":0,"event_name":"Big Fish","floor":4,"gold_loss":0},{"damage_healed":0,"gold_gain":0,"player_choice":"Gave Potion","damage_taken":0,"relics_obtained":["Eternal Feather"],"max_hp_gain":0,"max_hp_loss":0,"event_name":"WeMeetAgain","floor":19,"gold_loss":0}],"is_beta":true,"boss_relics":[{"not_picked":["Fusion Hammer","SlaversCollar"],"picked":"Empty Cage"}],"items_purged_floors":[],"is_endless":false,"potions_floor_spawned":[2,6,8,12,22],"killed_by":"Slavers","ascension_level":20}}