{"host":"z94nnvkgi5lm5f4m","time":1612584970,"event":{"mods":["AchievementEnabler","BaseMod","Colored Map","Colored Powertips","Minty Spire (QoL Compilation)"],"gold_per_floor":[115,190,209,209,66,92,108,108,108,108,125,125,158,169,169,169,169],"floor_reached":16,"language":"ENG","playtime":808,"items_purged":[],"score":110,"play_id":"e61b8872-5c2e-46dc-ba21-fa27dfc786d0","local_time":"20210205201610","is_ascension_mode":false,"campfire_choices":[{"floor":10.0,"key":"RECALL"},{"floor":12.0,"key":"REST"},{"floor":15.0,"key":"REST"}],"circlet_count":0,"master_deck":["Strike_R","Strike_R","Strike_R","Strike_R","Defend_R","Defend_R","Defend_R","Defend_R","Bash","Thunderclap","Pummel","Flex","True Grit","Berserk","Dropkick"],"relics":["Burning Blood","Magic Flower","PreservedInsect","Mummified Hand","InkBottle"],"acts_visited":["Exordium"],"potions_floor_usage":[],"damage_taken":[{"damage":11.0,"enemies":"Jaw Worm","floor":1.0,"turns":5.0},{"damage":11.0,"enemies":"2 Louse","floor":3.0,"turns":3.0},{"damage":14.0,"enemies":"Gremlin Nob","floor":6.0,"turns":3.0},{"damage":1.0,"enemies":"Cultist","floor":7.0,"turns":3.0},{"damage":9.0,"enemies":"Blue Slaver","floor":11.0,"turns":5.0},{"damage":26.0,"enemies":"Lagavulin","floor":13.0,"turns":5.0},{"damage":10.0,"enemies":"Looter","floor":14.0,"turns":4.0},{"damage":68,"enemies":"Slime Boss","floor":16,"turns":12}],"seed_played":"-3056902308012094687","potions_obtained":[{"floor":1.0,"key":"Explosive Potion"},{"floor":3.0,"key":"Regen Potion"},{"floor":7.0,"key":"AttackPotion"}],"is_trial":false,"path_per_floor":["M","?","M","?","$","E","M","?","T","R","M","R","E","M","R","B"],"character_chosen":"IRONCLAD","items_purchased":["PreservedInsect"],"campfire_rested":2,"item_purchase_floors":[5],"current_hp_per_floor":[54,43,41,41,41,44,52,52,52,52,52,76,59,58,80,12,12],"gold":169,"neow_bonus":"ONE_RARE_RELIC","is_daily":false,"chose_seed":false,"campfire_upgraded":0,"win_rate":0.0,"timestamp":1612584970,"path_taken":["M","?","M","?","$","E","?","?","T","R","M","R","E","M","R","BOSS"],"items_purchased_type":["Relic"],"build_version":"2020-12-22","purchased_purges":0,"victory":false,"max_hp_per_floor":[80,80,80,80,80,80,80,80,80,80,80,80,80,80,80,80,80],"card_choices":[{"not_picked":["Dark Embrace","Feel No Pain"],"picked":"Thunderclap","floor":1.0},{"not_picked":["Warcry","Rampage"],"picked":"Pummel","floor":3.0},{"not_picked":["Clothesline","Armaments"],"picked":"Flex","floor":6.0},{"not_picked":["Power Through","Twin Strike"],"picked":"True Grit","floor":7.0},{"not_picked":["True Grit","Headbutt"],"picked":"Berserk","floor":11.0},{"not_picked":["Thunderclap","Flame Barrier"],"picked":"Dropkick","floor":13.0},{"not_picked":["Clothesline","Iron Wave","Sever Soul"],"picked":"SKIP","floor":14.0}],"player_experience":86741,"relics_obtained":[{"floor":6.0,"key":"Mummified Hand"},{"floor":13.0,"key":"InkBottle"}],"event_choices":[{"damage_healed":0.0,"max_hp_gain":0.0,"max_hp_loss":0.0,"gold_gain":75.0,"event_name":"World of Goop","player_choice":"Gather Gold","floor":2.0,"gold_loss":0.0,"damage_taken":11.0},{"cards_removed":["Strike_R"],"damage_healed":0.0,"max_hp_gain":0.0,"max_hp_loss":0.0,"gold_gain":0.0,"event_name":"Purifier","player_choice":"Purged","floor":4.0,"gold_loss":0.0,"damage_taken":0.0},{"damage_healed":0.0,"max_hp_gain":0.0,"max_hp_loss":0.0,"gold_gain":0.0,"event_name":"Shining Light","player_choice":"Ignored","floor":8.0,"gold_loss":0.0,"damage_taken":0.0}],"is_beta":false,"boss_relics":[],"items_purged_floors":[],"is_endless":false,"potions_floor_spawned":[1,3,7],"killed_by":"Slime Boss","ascension_level":0}}