{"host":"7oiwk103j2prpym5","time":1612630973,"event":{"mods":["BaseMod","BetterRewards","Colored Map","Colored Powertips","GifTheSpireLib","Infinite Spire","Minty Spire (QoL Compilation)","Permanent Neow","Relic Filter Mod","Reliquary","Remove Card Discount Mod","Replay The Spire","StSLib","Stuff the Spire","Weighted Paths"],"gold_per_floor":[116,116,191,209,209,236,236,236,260,260,287,287,316,316,316,419,419,399,87,87,112,112,141,141,179,179,179,206,228,228,254,254,366,366,385,385,410,437,437,469,469,487,487,492,492],"floor_reached":44,"language":"ENG","playtime":2111,"items_purged":["Strike_R","Defend_R","Strike_R","Defend_R","Regret","Strike_R"],"score":818,"play_id":"ff557a49-ed18-441d-a6ad-177dec6fa037","local_time":"20210206110253","is_ascension_mode":true,"campfire_choices":[{"floor":7,"key":"REST"},{"floor":10,"key":"REST"},{"floor":12,"key":"REST"},{"floor":15,"key":"REST"},{"floor":27,"key":"RECALL"},{"floor":32,"key":"REST"}],"circlet_count":0,"master_deck":["Strike_R","Strike_R+1","Defend_R","Defend_R","Bash","Replay:Dark Deal","Spot Weakness+1","Clothesline","Thunderclap","Run Through","Cleave","Inflame","Thunderclap","Reckless Charge","Reaper","Infernal Blade","StuffTheSpire:FreeRealEstate","Flame Barrier","Rage+1","StuffTheSpire:WarGroove","Flex+1","Flex","StuffTheSpire:BrainWave","Shrug It Off+1","StuffTheSpire:WarCurse","Bludgeon","Pain","Thunderclap+1"],"relics":["Burning Blood","Replay:Towering Pillar of Hats","StuffTheSpire:RedRose","Juzu Bracelet","reliquary:OuijaBoard","infinitespire:EmpoweringShard","SacredBark","Tiny Chest","PreservedInsect","Bag of Preparation","Replay:Kaleidoscope","StuffTheSpire:NeowsTribute","reliquary:SharkskinSheath","Red Mask","Busted Crown","Blue Doll","Replay:Rubber Ducky","WarpedTongs","reliquary:IridiumChain","Happy Flower","StuffTheSpire:Tea"],"acts_visited":["Exordium","TheCity","TheBeyond"],"potions_floor_usage":[16,33,33],"damage_taken":[{"damage":6,"enemies":"2 Louse","floor":1,"turns":2},{"damage":0,"enemies":"Jaw Worm","floor":4,"turns":2},{"damage":28,"enemies":"Lagavulin","floor":6,"turns":5},{"damage":16,"enemies":"Gremlin Nob","floor":11,"turns":4},{"damage":32,"enemies":"3 Sentries","floor":13,"turns":4},{"damage":44,"enemies":"Hexaghost","floor":16,"turns":6},{"damage":28,"enemies":"2 Thieves","floor":18,"turns":4},{"damage":19,"enemies":"Chosen","floor":21,"turns":4},{"damage":34,"enemies":"Slavers","floor":23,"turns":2},{"damage":13,"enemies":"Gremlin Leader","floor":25,"turns":4},{"damage":23,"enemies":"3 Cultists","floor":29,"turns":5},{"damage":0,"enemies":"Masked Bandits","floor":31,"turns":2},{"damage":92,"enemies":"Champ","floor":33,"turns":10},{"damage":22,"enemies":"Orb Walker","floor":35,"turns":3},{"damage":11,"enemies":"Reptomancer","floor":40,"turns":3},{"damage":5,"enemies":"3 Shapes","floor":42,"turns":2},{"damage":86,"enemies":"Giant Head","floor":44,"turns":6}],"seed_played":"488337737699963561","potions_obtained":[{"floor":1,"key":"Weak Potion"},{"floor":4,"key":"Dexterity Potion"},{"floor":16,"key":"SpeedPotion"},{"floor":29,"key":"LiquidBronze"},{"floor":31,"key":"BloodPotion"},{"floor":33,"key":"Doom Potion"},{"floor":35,"key":"BlessingOfTheForge"}],"is_trial":false,"path_per_floor":["M","?","?","M","?","E","R","?","T","R","E","R","E","$","R","B",null,"M","$","?","M","?","E","?","E","T","R","T","M","?","?","R","B",null,"M","?","T","T","?","E","T","M","T","E"],"character_chosen":"IRONCLAD","items_purchased":["Replay:Dark Deal","Spot Weakness","Clothesline","Tiny Chest","PreservedInsect"],"campfire_rested":5,"item_purchase_floors":[0,0,0,19,19],"current_hp_per_floor":[56,56,45,51,51,29,53,53,53,77,67,80,54,54,78,40,70,48,48,36,33,33,35,15,26,26,26,26,36,21,51,75,21,65,49,49,49,49,49,63,63,73,73,0,0],"gold":492,"neow_bonus":"","is_daily":false,"chose_seed":false,"campfire_upgraded":0,"win_rate":0.0,"timestamp":1612630973,"path_taken":["M","?","?","M","?","E","R","?","T","R","E","R","E","?","R","BOSS","M","$","?","M","?","E","?","E","T","R","?","M","?","?","R","BOSS","M","?","?","?","?","E","?","M","T","E"],"items_purchased_type":["Card","Card","Card","Relic","Relic"],"build_version":"2020-12-22","purchased_purges":6,"victory":false,"max_hp_per_floor":[80,80,80,80,80,80,80,80,80,80,80,80,80,80,80,80,80,80,80,80,80,80,80,80,80,80,80,80,80,80,80,80,80,80,80,80,80,80,80,80,80,80,80,80,80],"card_choices":[{"not_picked":["Body Slam","Combust"],"picked":"Run Through","floor":1},{"not_picked":["ReplayReversal","Metallicize"],"picked":"Cleave","floor":4},{"not_picked":["Body Slam","Sentinel"],"picked":"Inflame","floor":6},{"not_picked":["Dark Embrace","Sword Boomerang"],"picked":"Thunderclap","floor":11},{"not_picked":["Burning Pact","Run Through"],"picked":"Reckless Charge","floor":13},{"not_picked":["Feed","Impervious"],"picked":"Reaper","floor":16},{"not_picked":["StuffTheSpire:Incineration+1","Headbutt"],"picked":"Infernal Blade","floor":18},{"not_picked":["StuffTheSpire:BloodClot","Searing Blow"],"picked":"Flame Barrier","floor":21},{"not_picked":["Corruption","Whirlwind+1"],"picked":"Rage+1","floor":23},{"not_picked":["Thunderclap","Ghostly Armor"],"picked":"Flex+1","floor":25},{"not_picked":["Flame Barrier","ReplayTheSpireMod:Stacked+1"],"picked":"Flex","floor":29},{"not_picked":["Pommel Strike","Sword Boomerang+1"],"picked":"Shrug It Off+1","floor":31},{"not_picked":["StuffTheSpire:TitanForm","Demonic Infusion"],"picked":"Bludgeon","floor":33},{"not_picked":["Clash"],"picked":"SKIP","floor":35},{"not_picked":[],"picked":"Thunderclap+1","floor":40},{"not_picked":["True Grit"],"picked":"SKIP","floor":42}],"player_experience":857627,"relics_obtained":[{"floor":6,"key":"Juzu Bracelet"},{"floor":11,"key":"reliquary:OuijaBoard"},{"floor":13,"key":"infinitespire:EmpoweringShard"},{"floor":23,"key":"Bag of Preparation"},{"floor":25,"key":"Replay:Kaleidoscope"},{"floor":26,"key":"StuffTheSpire:NeowsTribute"},{"floor":28,"key":"reliquary:SharkskinSheath"},{"floor":31,"key":"Red Mask"},{"floor":37,"key":"Blue Doll"},{"floor":38,"key":"Replay:Rubber Ducky"},{"floor":40,"key":"reliquary:IridiumChain"},{"floor":41,"key":"Happy Flower"},{"floor":43,"key":"StuffTheSpire:Tea"}],"event_choices":[{"damage_healed":0,"gold_gain":75,"player_choice":"Gather Gold","damage_taken":11,"max_hp_gain":0,"max_hp_loss":0,"event_name":"World of Goop","floor":3,"gold_loss":0},{"damage_healed":0,"gold_gain":0,"player_choice":"Grow","damage_taken":0,"max_hp_gain":0,"max_hp_loss":0,"event_name":"Living Wall","floor":8,"gold_loss":0,"cards_upgraded":["Spot Weakness"]},{"damage_healed":0,"gold_gain":0,"player_choice":"CARD ","damage_taken":12,"max_hp_gain":0,"max_hp_loss":0,"event_name":"Knowing Skull","floor":20,"potions_obtained":[],"gold_loss":0,"cards_obtained":["StuffTheSpire:FreeRealEstate"]},{"damage_healed":0,"gold_gain":0,"player_choice":"Fought Bandits","damage_taken":0,"max_hp_gain":0,"max_hp_loss":0,"event_name":"Masked Bandits","floor":31,"gold_loss":0},{"damage_healed":0,"gold_gain":0,"player_choice":"Rummage","damage_taken":0,"relics_obtained":["WarpedTongs"],"max_hp_gain":0,"max_hp_loss":0,"event_name":"Accursed Blacksmith","floor":39,"gold_loss":0,"cards_obtained":["Pain"]}],"is_beta":false,"boss_relics":[{"not_picked":["Electric Blood","Painkiller Herb"],"picked":"SacredBark"},{"not_picked":["Replay:Bronze Core","reliquary:RedPaperclip"],"picked":"Busted Crown"}],"items_purged_floors":[0,0,0,0,19,19],"is_endless":false,"potions_floor_spawned":[1,4,16,29,31,33,35],"killed_by":"Giant Head","ascension_level":5}}