{"host":"z2o61o1qvcmvhuul","time":1612616425,"event":{"mods":["Alarm Clock","BaseMod","Minty Spire (QoL Compilation)","Quick Restart","StSLib","Starting Relic: Pandora\u0027s Box","SuperFastMode","¡¾ÒÅÎï¿¨ÅÆ¡¿REMEMod"],"gold_per_floor":[116,132,57,57,67,92,92,52,126,139,170,245,245,91,91,195,195,213,128,128,88,104,138,149,149,149,179,4,17,37,37,37,137,137,147,47,73,73,87,113,113,144,144,250,280,280,315,361,361,424],"floor_reached":51,"language":"ZHS","playtime":1561,"items_purged":["Underhanded Strike","Survivor"],"score":1180,"play_id":"fc2ce30b-77a6-42f2-86fb-4a8a62f0d914","local_time":"20210206210025","is_ascension_mode":true,"campfire_choices":[{"data":"Acrobatics","floor":7.0,"key":"SMITH"},{"data":"Demon Form","floor":15.0,"key":"SMITH"},{"floor":25.0,"key":"DIG"},{"floor":32,"key":"DIG"},{"floor":46,"key":"DIG"},{"floor":49,"key":"DIG"}],"circlet_count":0,"master_deck":["Neutralize","Prepared","Acrobatics+1","Backstab+1","Backstab+1","Blade Dance","Escape Plan","Demon Form+1","Infinite Blades+1","Infinite Blades+1","Blade Dance","REME_GreenPollution","Acrobatics+1","REME_LeechingPoison","REME_GrazeFinale","CurseOfTheBell","Expertise+1","PiercingWail","Acrobatics+1","Sadistic Nature","After Image","Reflex+1","Prepared+1","Backflip+1","Calculated Gamble+1"],"relics":["REME_ComplimentaryCards","Astrolabe","Whetstone","Mummified Hand","Tiny Chest","Bottled Flame","REME_PuzzleBoxRelic","Calling Bell","Bronze Scales","Paper Crane","Shovel","Pear","The Specimen","Toxic Egg 2","Strawberry","Tough Bandages","Turnip","Akabeko","WristBlade","Ancient Tea Set","Pantograph","Shuriken","Lizard Tail","REME_ArchaeologicalTools","Gambling Chip","Kunai","Smiling Mask","REME_LimitBreaker"],"acts_visited":["Exordium","TheCity","TheBeyond"],"potions_floor_usage":[40,42,42,50],"damage_taken":[{"damage":0.0,"enemies":"Cultist","floor":1.0,"turns":2.0},{"damage":12.0,"enemies":"Jaw Worm","floor":2.0,"turns":2.0},{"damage":0.0,"enemies":"2 Louse","floor":5.0,"turns":2.0},{"damage":19.0,"enemies":"3 Sentries","floor":6.0,"turns":5.0},{"damage":13.0,"enemies":"Blue Slaver","floor":10.0,"turns":2.0},{"damage":2.0,"enemies":"Lagavulin","floor":11.0,"turns":3.0},{"damage":5.0,"enemies":"The Guardian","floor":16.0,"turns":6.0},{"damage":34.0,"enemies":"Spheric Guardian","floor":18.0,"turns":5.0},{"damage":7.0,"enemies":"Shell Parasite","floor":22.0,"turns":2.0},{"damage":0.0,"enemies":"Book of Stabbing","floor":23.0,"turns":2.0},{"damage":31.0,"enemies":"Shelled Parasite and Fungi","floor":24.0,"turns":4.0},{"damage":20.0,"enemies":"Slavers","floor":27.0,"turns":4.0},{"damage":12.0,"enemies":"Snake Plant","floor":29.0,"turns":3.0},{"damage":0.0,"enemies":"Snecko","floor":30.0,"turns":3.0},{"damage":0,"enemies":"Collector","floor":33,"turns":5},{"damage":18,"enemies":"3 Shapes","floor":35,"turns":3},{"damage":9,"enemies":"Orb Walker","floor":39,"turns":2},{"damage":0,"enemies":"Reptomancer","floor":40,"turns":4},{"damage":7,"enemies":"Giant Head","floor":42,"turns":4},{"damage":0,"enemies":"Reptomancer","floor":44,"turns":2},{"damage":2,"enemies":"Maw","floor":45,"turns":4},{"damage":0,"enemies":"Writhing Mass","floor":47,"turns":2},{"damage":7,"enemies":"Giant Head","floor":48,"turns":5},{"damage":64,"enemies":"Time Eater","floor":50,"turns":8}],"seed_played":"-6097575936985404432","potions_obtained":[{"floor":8.0,"key":"ColorlessPotion"},{"floor":8.0,"key":"DistilledChaos"},{"floor":8.0,"key":"Swift Potion"},{"floor":10.0,"key":"Strength Potion"},{"floor":11.0,"key":"Swift Potion"},{"floor":16.0,"key":"LiquidBronze"},{"floor":22.0,"key":"EssenceOfSteel"},{"floor":23.0,"key":"Poison Potion"},{"floor":29.0,"key":"BlessingOfTheForge"},{"floor":33,"key":"LiquidBronze"},{"floor":39,"key":"CunningPotion"},{"floor":40,"key":"AttackPotion"}],"is_trial":false,"path_per_floor":["M","M","$","?","M","E","R","?","T","M","E","?","T","$","R","B",null,"M","?","T","?","M","E","M","R","T","E","$","M","M","?","R","B",null,"M","$","T","$","M","E","T","E","T","E","M","R","M","E","R","B",null],"character_chosen":"THE_SILENT","items_purchased":["REME_PuzzleBoxRelic","Sadistic Nature"],"campfire_rested":0,"item_purchase_floors":[14,28],"current_hp_per_floor":[70,58,58,58,58,39,39,39,39,26,24,13,13,13,13,18,70,70,80,80,80,80,80,80,87,87,87,87,75,75,75,75,87,87,69,69,69,69,68,68,68,87,87,87,87,87,87,80,80,38],"gold":424,"neow_bonus":"BOSS_RELIC","is_daily":false,"chose_seed":false,"campfire_upgraded":2,"win_rate":0.0,"timestamp":1612616425,"path_taken":["M","M","$","?","?","E","R","?","T","?","E","?","?","$","R","BOSS","M","?","?","?","M","E","?","R","T","E","$","M","M","?","R","BOSS","M","$","?","$","?","E","?","E","T","E","M","R","?","E","R","BOSS"],"items_purchased_type":["Relic","Card"],"build_version":"2020-12-22","purchased_purges":2,"victory":true,"max_hp_per_floor":[70,70,70,70,70,70,70,70,70,70,70,70,70,70,70,70,70,70,80,80,80,80,80,80,87,87,87,87,87,87,87,87,87,87,87,87,87,87,87,87,87,87,87,87,87,87,87,87,87,87],"card_choices":[{"not_picked":["Sucker Punch","Slice"],"picked":"Blade Dance","floor":1.0},{"not_picked":["Masterful Stab","Deadly Poison","Quick Slash"],"picked":"SKIP","floor":2.0},{"not_picked":["Acrobatics","Deadly Poison"],"picked":"REME_GreenPollution","floor":5.0},{"not_picked":["Endless Agony","Dodge and Roll","Underhanded Strike"],"picked":"SKIP","floor":6.0},{"not_picked":["Dagger Spray","REME_ShadowStrike"],"picked":"Acrobatics","floor":10.0},{"not_picked":["Slice","Dodge and Roll"],"picked":"REME_LeechingPoison","floor":11.0},{"not_picked":["Die Die Die","Malaise"],"picked":"REME_GrazeFinale","floor":16.0},{"not_picked":["Skewer","Endless Agony"],"picked":"Expertise+1","floor":18.0},{"not_picked":["REME_GreenPollution","All Out Attack+1"],"picked":"PiercingWail","floor":22.0},{"not_picked":["Bane","Finisher"],"picked":"Acrobatics+1","floor":23.0},{"not_picked":["Flying Knee","Slice","Deflect+1"],"picked":"SKIP","floor":24.0},{"not_picked":["PiercingWail+1","Leg Sweep+1","Deadly Poison+1"],"picked":"SKIP","floor":27.0},{"not_picked":["Slice","Deadly Poison+1","Catalyst+1"],"picked":"SKIP","floor":29.0},{"not_picked":["Catalyst+1","Cloak And Dagger+1","Dagger Throw"],"picked":"SKIP","floor":30.0},{"not_picked":["REME_CopyPotion+1","A Thousand Cuts"],"picked":"After Image","floor":33},{"not_picked":["Dagger Spray","Poisoned Stab+1","Expertise+1"],"picked":"SKIP","floor":35},{"not_picked":["Poisoned Stab","Catalyst+1"],"picked":"Reflex+1","floor":39},{"not_picked":["Flying Knee+1","Outmaneuver+1"],"picked":"Prepared+1","floor":40},{"not_picked":["Corpse Explosion+1","Deadly Poison+1","Quick Slash"],"picked":"SKIP","floor":42},{"not_picked":["Outmaneuver+1","Poisoned Stab+1","Dodge and Roll+1"],"picked":"SKIP","floor":44},{"not_picked":["Cloak And Dagger+1","Acrobatics+1","Dagger Throw"],"picked":"SKIP","floor":45},{"not_picked":["Flying Knee+1","Concentrate+1"],"picked":"Backflip+1","floor":47},{"not_picked":["Flying Knee+1","Choke","Blade Dance+1"],"picked":"Calculated Gamble+1","floor":48}],"player_experience":115949,"relics_obtained":[{"floor":6.0,"key":"Whetstone"},{"floor":9.0,"key":"Mummified Hand"},{"floor":11.0,"key":"Tiny Chest"},{"floor":13.0,"key":"Bottled Flame"},{"floor":17.0,"key":"Bronze Scales"},{"floor":17.0,"key":"Paper Crane"},{"floor":17.0,"key":"Shovel"},{"floor":20.0,"key":"The Specimen"},{"floor":23.0,"key":"Toxic Egg 2"},{"floor":25.0,"key":"Strawberry"},{"floor":26.0,"key":"Tough Bandages"},{"floor":27.0,"key":"Turnip"},{"floor":32,"key":"Akabeko"},{"floor":37,"key":"Ancient Tea Set"},{"floor":40,"key":"Pantograph"},{"floor":41,"key":"Shuriken"},{"floor":42,"key":"Lizard Tail"},{"floor":43,"key":"REME_ArchaeologicalTools"},{"floor":44,"key":"Gambling Chip"},{"floor":46,"key":"Kunai"},{"floor":48,"key":"Smiling Mask"},{"floor":49,"key":"REME_LimitBreaker"}],"event_choices":[{"cards_removed":["Sucker Punch"],"damage_healed":0.0,"max_hp_gain":0.0,"max_hp_loss":0.0,"gold_gain":0.0,"event_name":"Purifier","player_choice":"Purged","floor":4.0,"gold_loss":0.0,"damage_taken":0.0},{"damage_healed":0.0,"max_hp_gain":0.0,"max_hp_loss":0.0,"gold_gain":0.0,"event_name":"The Woman in Blue","player_choice":"Bought 3 Potions","floor":8.0,"gold_loss":0.0,"damage_taken":0.0},{"damage_healed":0.0,"max_hp_gain":0.0,"max_hp_loss":0.0,"gold_gain":75.0,"event_name":"World of Goop","player_choice":"Gather Gold","floor":12.0,"gold_loss":0.0,"damage_taken":11.0},{"damage_healed":0.0,"max_hp_gain":0.0,"max_hp_loss":0.0,"gold_gain":0.0,"event_name":"Addict","player_choice":"Obtained Relic","floor":19.0,"gold_loss":85.0,"damage_taken":0.0,"relics_obtained":["Pear"]},{"damage_healed":0.0,"max_hp_gain":0.0,"max_hp_loss":0.0,"gold_gain":0.0,"event_name":"Designer","player_choice":"Upgrade","floor":21.0,"gold_loss":40.0,"damage_taken":0.0,"cards_upgraded":["Acrobatics"]},{"damage_healed":0,"gold_gain":0,"player_choice":"Ignored","damage_taken":0,"max_hp_gain":0,"max_hp_loss":0,"event_name":"The Mausoleum","floor":31,"gold_loss":0}],"is_beta":false,"boss_relics":[{"not_picked":["Runic Dome","Black Star"],"picked":"Calling Bell"},{"not_picked":["Tiny House","REME_DuelDisc"],"picked":"WristBlade"}],"items_purged_floors":[3,36],"is_endless":false,"potions_floor_spawned":[10,11,16,22,23,29,33,39,40],"ascension_level":2}}