{"host":"prxrhpgaxnj4om9r","time":1612590906,"event":{"mods":["AchievementEnabler","BaseMod","DeckTracker","Keyboard Shortcuts","Minty Spire (QoL Compilation)"],"gold_per_floor":[111,131,147,162,162,177,177,212,212,212,245,258,258,278,278,278,278],"floor_reached":16,"language":"KOR","playtime":707,"items_purged":[],"score":131,"play_id":"f01f7414-e52b-4f19-8fa6-e8f8747cacf7","local_time":"20210206145506","is_ascension_mode":true,"campfire_choices":[{"data":"Seeing Red","floor":7,"key":"SMITH"},{"floor":10,"key":"REST"},{"floor":13,"key":"REST"},{"data":"Body Slam","floor":15,"key":"SMITH"}],"circlet_count":0,"master_deck":["Strike_R","Strike_R","Strike_R","Strike_R","Strike_R","Defend_R","Defend_R","Defend_R","Defend_R","Bash","Seeing Red+1","Body Slam+1","Evolve","Sword Boomerang","True Grit","Immolate","Exhume","Flex","Searing Blow"],"relics":["Burning Blood","NeowsBlessing","Blood Vial","The Courier","Question Card"],"acts_visited":["Exordium"],"potions_floor_usage":[4,6,8,11,14],"damage_taken":[{"damage":0,"enemies":"Cultist","floor":1,"turns":1},{"damage":0,"enemies":"Jaw Worm","floor":2,"turns":1},{"damage":0,"enemies":"Small Slimes","floor":3,"turns":1},{"damage":16,"enemies":"Blue Slaver","floor":4,"turns":3},{"damage":24,"enemies":"Lots of Slimes","floor":6,"turns":5},{"damage":35,"enemies":"Gremlin Nob","floor":8,"turns":5},{"damage":51,"enemies":"Lagavulin","floor":11,"turns":8},{"damage":0,"enemies":"3 Louse","floor":12,"turns":1},{"damage":0,"enemies":"Large Slime","floor":14,"turns":4},{"damage":61,"enemies":"The Guardian","floor":16,"turns":6}],"seed_played":"-7832484667812139420","potions_obtained":[{"floor":1,"key":"CultistPotion"},{"floor":2,"key":"Regen Potion"},{"floor":3,"key":"LiquidMemories"},{"floor":5,"key":"DuplicationPotion"},{"floor":11,"key":"ColorlessPotion"},{"floor":14,"key":"SmokeBomb"}],"is_trial":false,"path_per_floor":["M","M","M","M","?","M","R","E","T","R","E","M","R","M","R","B"],"character_chosen":"IRONCLAD","items_purchased":[],"campfire_rested":2,"item_purchase_floors":[],"current_hp_per_floor":[80,80,80,70,70,52,52,23,23,47,19,27,51,59,59,0,0],"gold":278,"neow_bonus":"THREE_ENEMY_KILL","is_daily":false,"chose_seed":false,"campfire_upgraded":2,"win_rate":0.0,"timestamp":1612590906,"path_taken":["M","?","?","M","?","?","R","E","T","R","E","M","R","M","R","BOSS"],"items_purchased_type":[],"build_version":"2020-12-22","purchased_purges":0,"victory":false,"max_hp_per_floor":[80,80,80,80,80,80,80,80,80,80,80,80,80,80,80,80,80],"card_choices":[{"not_picked":["Pummel","Dual Wield"],"picked":"Seeing Red","floor":1},{"not_picked":["Entrench","Anger"],"picked":"Body Slam","floor":2},{"not_picked":["Twin Strike","Havoc"],"picked":"Evolve","floor":3},{"not_picked":["Wild Strike","Anger"],"picked":"Sword Boomerang","floor":4},{"not_picked":["Seeing Red","Cleave"],"picked":"True Grit","floor":6},{"not_picked":["Twin Strike","Cleave"],"picked":"Immolate","floor":8},{"not_picked":["Inflame","True Grit"],"picked":"Exhume","floor":11},{"not_picked":["Anger","Sword Boomerang","Wild Strike"],"picked":"Flex","floor":12},{"not_picked":["Twin Strike","Body Slam","Hemokinesis"],"picked":"Searing Blow","floor":14}],"player_experience":278816,"relics_obtained":[{"floor":8,"key":"Blood Vial"},{"floor":9,"key":"The Courier"},{"floor":11,"key":"Question Card"}],"event_choices":[{"damage_healed":0,"gold_gain":0,"player_choice":"Got Potions","damage_taken":0,"max_hp_gain":0,"max_hp_loss":0,"event_name":"Lab","floor":5,"gold_loss":0}],"is_beta":false,"boss_relics":[],"items_purged_floors":[],"is_endless":false,"potions_floor_spawned":[1,2,3,11,14],"killed_by":"The Guardian","ascension_level":3}}