{"host":"LaserWall","time":1612591897,"event":{"mods":["BaseMod","Minty Spire (QoL Compilation)","Relic Stats"],"gold_per_floor":[110,124,124,135,135,135,169,169,169,169,203,203,221,30,30,153,153,174,193,3,3,22,55,80,80,80],"floor_reached":25,"language":"ENG","playtime":1685,"items_purged":["Strike_P"],"score":266,"play_id":"f5dcbc67-99c2-4b9d-a0f6-5dab6d7c5e8e","local_time":"20210206011137","is_ascension_mode":true,"campfire_choices":[{"data":"Eruption","floor":6.0,"key":"SMITH"},{"data":"Crescendo","floor":8.0,"key":"SMITH"},{"floor":15.0,"key":"REST"}],"circlet_count":0,"master_deck":["Defend_P","Defend_P","Defend_P","Defend_P","Eruption+1","Vigilance","Crescendo+1","Halt","FollowUp","CutThroughFate","EmptyFist","FearNoEvil","TalkToTheHand","DevaForm","Crescendo+1","Prostrate","WindmillStrike","Alpha","EmptyBody","Brilliance","FlurryOfBlows"],"relics":["SacredBark","Singing Bowl","Vajra","Damaru","Golden Idol","Anchor","Philosopher\u0027s Stone","Peace Pipe"],"acts_visited":["Exordium","TheCity"],"potions_floor_usage":[],"damage_taken":[{"damage":2.0,"enemies":"Small Slimes","floor":1.0,"turns":6.0},{"damage":2.0,"enemies":"2 Louse","floor":2.0,"turns":2.0},{"damage":10.0,"enemies":"Cultist","floor":4.0,"turns":6.0},{"damage":7.0,"enemies":"Lagavulin","floor":7.0,"turns":8.0},{"damage":19.0,"enemies":"3 Sentries","floor":11.0,"turns":10.0},{"damage":3.0,"enemies":"Blue Slaver","floor":13.0,"turns":3.0},{"damage":22.0,"enemies":"Slime Boss","floor":16.0,"turns":8.0},{"damage":8.0,"enemies":"Shell Parasite","floor":18.0,"turns":6.0},{"damage":14.0,"enemies":"Chosen","floor":19.0,"turns":5.0},{"damage":7.0,"enemies":"Centurion and Healer","floor":22.0,"turns":6.0},{"damage":52.0,"enemies":"Book of Stabbing","floor":23.0,"turns":5.0},{"damage":9,"enemies":"Snecko","floor":24,"turns":4},{"damage":26,"enemies":"3 Cultists","floor":25,"turns":4}],"seed_played":"5307532397163642902","potions_obtained":[{"floor":4.0,"key":"StancePotion"},{"floor":7.0,"key":"Weak Potion"},{"floor":11.0,"key":"EssenceOfSteel"},{"floor":19.0,"key":"Fruit Juice"},{"floor":23.0,"key":"FairyPotion"},{"floor":24,"key":"SneckoOil"}],"is_trial":false,"path_per_floor":["M","M","?","M","?","R","E","R","T","?","E","?","M","$","R","B",null,"M","M","$","?","M","E","M","M"],"character_chosen":"WATCHER","items_purchased":["TalkToTheHand","Anchor","EssenceOfSteel","WindmillStrike"],"campfire_rested":1,"item_purchase_floors":[14,14,20,20],"current_hp_per_floor":[70,68,73,63,56,56,49,49,49,49,30,30,29,29,50,28,73,65,51,51,51,54,2,49,23,23],"gold":80,"neow_bonus":"BOSS_RELIC","is_daily":false,"chose_seed":false,"campfire_upgraded":2,"win_rate":0.0,"timestamp":1612591897,"path_taken":["M","M","?","M","?","R","E","R","T","?","E","?","M","$","R","BOSS","M","M","$","?","M","E","M","?"],"items_purchased_type":["Card","Relic","Potion","Card"],"build_version":"2020-12-18","purchased_purges":1,"victory":false,"max_hp_per_floor":[72,72,77,77,77,77,77,77,77,77,77,71,73,73,73,73,73,73,73,73,73,83,83,83,83,83],"relic_stats":{"Peace Pipe":0,"Singing Bowl":2,"counters":[13,73],"Golden Idol":53,"obtain_stats":[{"Peace Pipe":23,"Anchor":14,"Singing Bowl":7,"Golden Idol":12,"SacredBark":0,"Vajra":9,"Damaru":11,"Philosopher\u0027s Stone":17,"PureWater":0},{"Peace Pipe":11,"Anchor":6,"Singing Bowl":4,"Golden Idol":5,"SacredBark":0,"Vajra":4,"Damaru":5,"Philosopher\u0027s Stone":7,"PureWater":0},{"Peace Pipe":65,"Anchor":35,"Singing Bowl":22,"Golden Idol":32,"SacredBark":0,"Vajra":22,"Damaru":32,"Philosopher\u0027s Stone":43,"PureWater":0}]},"card_choices":[{"not_picked":["WreathOfFlame","CutThroughFate"],"picked":"Crescendo","floor":1.0},{"not_picked":["Nirvana","Indignation"],"picked":"Halt","floor":2.0},{"not_picked":["CutThroughFate","Protect"],"picked":"FollowUp","floor":4.0},{"not_picked":["BattleHymn","Protect"],"picked":"CutThroughFate","floor":7.0},{"not_picked":["FlyingSleeves","Crescendo"],"picked":"FearNoEvil","floor":11.0},{"not_picked":["Halt","ConjureBlade","CrushJoints"],"picked":"Singing Bowl","floor":13.0},{"not_picked":["ConjureBlade","Omniscience"],"picked":"DevaForm","floor":16.0},{"not_picked":["CutThroughFate","FlurryOfBlows"],"picked":"Crescendo+1","floor":18.0},{"not_picked":["EmptyBody","Worship"],"picked":"Prostrate","floor":19.0},{"not_picked":["InnerPeace","Indignation"],"picked":"EmptyBody","floor":22.0},{"not_picked":["Sanctity","Study"],"picked":"Brilliance","floor":23.0},{"not_picked":["BowlingBash+1","FearNoEvil+1"],"picked":"FlurryOfBlows","floor":24}],"player_experience":216621,"relics_obtained":[{"floor":7.0,"key":"Singing Bowl"},{"floor":9.0,"key":"Vajra"},{"floor":11.0,"key":"Damaru"},{"floor":23.0,"key":"Peace Pipe"}],"event_choices":[{"damage_healed":0.0,"max_hp_gain":5.0,"max_hp_loss":0.0,"gold_gain":0.0,"event_name":"Big Fish","player_choice":"Donut","floor":3.0,"gold_loss":0.0,"damage_taken":0.0},{"cards_removed":["Strike_P"],"damage_healed":0.0,"max_hp_gain":0.0,"max_hp_loss":0.0,"gold_gain":0.0,"event_name":"Golden Wing","player_choice":"Card Removal","floor":5.0,"gold_loss":0.0,"damage_taken":7.0},{"damage_healed":0.0,"max_hp_gain":0.0,"max_hp_loss":0.0,"gold_gain":0.0,"cards_transformed":["Strike_P"],"event_name":"Living Wall","player_choice":"Change","floor":10.0,"gold_loss":0.0,"damage_taken":0.0,"cards_obtained":["EmptyFist"]},{"damage_healed":0.0,"max_hp_gain":0.0,"max_hp_loss":6.0,"gold_gain":0.0,"event_name":"Golden Idol","player_choice":"Lose Max HP","floor":12.0,"gold_loss":0.0,"damage_taken":0.0,"relics_obtained":["Golden Idol"]},{"damage_healed":0.0,"max_hp_gain":0.0,"max_hp_loss":0.0,"gold_gain":0.0,"cards_transformed":["Strike_P"],"event_name":"Transmorgrifier","player_choice":"Transformed","floor":21.0,"gold_loss":0.0,"damage_taken":0.0,"cards_obtained":["Alpha"]}],"is_beta":true,"boss_relics":[{"not_picked":["Fusion Hammer","Sozu"],"picked":"Philosopher\u0027s Stone"}],"items_purged_floors":[20],"is_endless":false,"potions_floor_spawned":[4,7,11,19,23,24],"killed_by":"3 Cultists","ascension_level":3}}