{"host":"50per11302020","time":1612599056,"event":{"mods":["AchievementEnabler","BaseMod","Colored Map","Minty Spire (QoL Compilation)","Relic Stats","StSLib"],"gold_per_floor":[361,379,152,168,178,178,207,207,207,207,207],"floor_reached":10,"language":"ENG","playtime":383,"items_purged":["Defend_B"],"score":71,"play_id":"b70cbbf8-8d43-40f8-8691-1caba7e4357e","local_time":"20210206001056","is_ascension_mode":true,"campfire_choices":[{"data":"Zap","floor":6,"key":"SMITH"},{"floor":8,"key":"REST"}],"circlet_count":0,"master_deck":["Strike_B","Strike_B","Strike_B","Strike_B","Defend_B","Defend_B","Defend_B","Zap+1","Dualcast"],"relics":["Cracked Core","Runic Capacitor","Darkstone Periapt","Ornamental Fan"],"acts_visited":["Exordium"],"potions_floor_usage":[],"damage_taken":[{"damage":1,"enemies":"Jaw Worm","floor":1,"turns":3},{"damage":0,"enemies":"2 Louse","floor":2,"turns":3},{"damage":5,"enemies":"Small Slimes","floor":4,"turns":3},{"damage":13,"enemies":"2 Fungi Beasts","floor":5,"turns":3},{"damage":28,"enemies":"Gremlin Nob","floor":7,"turns":4},{"damage":39,"enemies":"Lagavulin","floor":10,"turns":7}],"seed_played":"3715483548983036078","potions_obtained":[{"floor":5,"key":"PotionOfCapacity"}],"is_trial":false,"path_per_floor":["M","M","$","M","M","R","E","R","T","E"],"character_chosen":"DEFECT","items_purchased":["Runic Capacitor"],"campfire_rested":1,"item_purchase_floors":[3],"current_hp_per_floor":[53,53,53,48,35,35,7,29,29,0,0],"gold":207,"neow_bonus":"TWO_FIFTY_GOLD","is_daily":false,"chose_seed":false,"campfire_upgraded":1,"win_rate":0.0,"timestamp":1612599056,"path_taken":["M","M","$","M","M","R","E","R","T","E"],"items_purchased_type":["Relic"],"build_version":"2020-12-18","purchased_purges":1,"victory":false,"max_hp_per_floor":[75,75,75,75,75,75,75,75,75,75,75],"relic_stats":{"Darkstone Periapt":0,"counters":[6,23],"Ornamental Fan":[4],"obtain_stats":[{"Darkstone Periapt":7,"Ornamental Fan":9,"Runic Capacitor":3,"Cracked Core":0},{"Darkstone Periapt":5,"Ornamental Fan":5,"Runic Capacitor":2,"Cracked Core":0},{"Darkstone Periapt":16,"Ornamental Fan":16,"Runic Capacitor":6,"Cracked Core":0}]},"card_choices":[{"not_picked":["Sweeping Beam","Leap","Reinforced Body"],"picked":"SKIP","floor":1},{"not_picked":["Darkness","Conserve Battery","Hologram"],"picked":"SKIP","floor":2},{"not_picked":["Conserve Battery","Streamline","Cold Snap"],"picked":"SKIP","floor":4},{"not_picked":["Sunder","Barrage","Coolheaded"],"picked":"SKIP","floor":5},{"not_picked":["Barrage","Darkness","Ball Lightning"],"picked":"SKIP","floor":7}],"player_experience":432168,"relics_obtained":[{"floor":7,"key":"Darkstone Periapt"},{"floor":9,"key":"Ornamental Fan"}],"event_choices":[],"is_beta":true,"boss_relics":[],"items_purged_floors":[3],"is_endless":false,"potions_floor_spawned":[5],"killed_by":"Lagavulin","ascension_level":1}}