{"host":"qhn6g0owdgjb77rz","time":1612611016,"event":{"mods":["BaseMod","BetterRewards","Colored Map","Downfall","Minty Spire (QoL Compilation)","Relic Sorter","Reliquary","Spire Arcade","StSLib"],"gold_per_floor":[0,20,470,470,470,470,541,341,251,278,278,293,313,341,356,453,453,453,466,351,369,30,30,30,40,71,71,71,144,44,44,72,187,199,211,235,264,296,328,386,421,433,472,411,441,458,171,171,186,186,186,219,7,7,7,7],"floor_reached":57,"language":"ENG","playtime":4517,"items_purged":["downfall:Icky","downfall:Icky","downfall:Icky","bronze:Strike"],"score":1437,"play_id":"6308c484-734a-4713-84e1-1e1639ed6ae2","local_time":"20210206203016","is_ascension_mode":true,"campfire_choices":[{"data":"bronze:Replicate","floor":1.0,"key":"SMITH"},{"floor":6.0,"key":"RECALL"},{"data":"bronze:Library","floor":8.0,"key":"SMITH"},{"data":"bronze:Spike","floor":11.0,"key":"SMITH"},{"data":"bronze:ItsAFeature","floor":18,"key":"SMITH"},{"data":"expansioncontent:DashGenerateEvil","floor":23,"key":"SMITH"},{"data":"bronze:BugBarrage","floor":27,"key":"SMITH"},{"data":"bronze:BugBarrage","floor":30,"key":"SMITH"},{"data":"bronze:Mutator","floor":35,"key":"SMITH"},{"data":"bronze:Goto","floor":42,"key":"SMITH"},{"data":"bronze:FollowUp","floor":54,"key":"SMITH"}],"circlet_count":0,"master_deck":["bronze:Strike","bronze:Defend","bronze:Defend","bronze:Replicate+1","bronze:Goto+1","bronze:ShipIt","bronze:Overheat","bronze:BuggyMess","bronze:Spike+1","bronze:DazingPulse","bronze:Repair","bronze:Library+1","bronze:CutThrough","bronze:BugBarrage+1","bronze:BugBarrage+1","bronze:ItsAFeature+1","bronze:Repulsor","bronze:FollowUp+1","bronze:Format","bronze:BuggyMess+1","expansioncontent:DashGenerateEvil+1","bronze:Deprecate+1","CurseOfTheBell","CurseOfTheBell","bronze:Invalidate+1","bronze:Mutator+1","bronze:BugBarrage+1","bronze:Repulsor+1","bronze:MaxOutput","bronze:MaxOutput"],"relics":["bronze:BronzeCore","downfall:HeartBlessingBlue","downfall:HeartBlessingRed","FossilizedHelix","Torii","Busted Crown","PreservedInsect","Gremlin Horn","MealTicket","bronze:CableSpool","downfall:HeartBlessingGreen","downfall:ExtraCursedBell","MawBank","Question Card","Guardian:GemstoneGun","Coffee Dripper","Turnip","CeramicFish","Eternal Feather","Membership Card","Potion Belt","bronze:SilverBullet","Mercury Hourglass","Shuriken","Toy Ornithopter","Anchor","Du-Vu Doll"],"acts_visited":["Exordium","TheCity","TheBeyond","TheEnding"],"potions_floor_usage":[20,22,37,39,40,50,55,55,56,56,56,56,56,56],"damage_taken":[{"damage":0.0,"enemies":"2 Louse","floor":2.0,"turns":2.0},{"damage":18.0,"enemies":"2 Louse","floor":4.0,"turns":6.0},{"damage":1.0,"enemies":"downfall:FleeingMerchant","floor":9.0,"turns":4.0},{"damage":13.0,"enemies":"Lagavulin","floor":10.0,"turns":6.0},{"damage":0.0,"enemies":"Small Slimes","floor":12.0,"turns":3.0},{"damage":0.0,"enemies":"Cultist","floor":13.0,"turns":2.0},{"damage":0.0,"enemies":"Gremlin Nob","floor":14.0,"turns":4.0},{"damage":32.0,"enemies":"Exordium Thugs","floor":15.0,"turns":5.0},{"damage":1.0,"enemies":"WA_ARCHETYPE_RETAIN","floor":16.0,"turns":7.0},{"damage":1,"enemies":"Shell Parasite","floor":19,"turns":3},{"damage":4,"enemies":"downfall:FleeingMerchant","floor":20,"turns":4},{"damage":18,"enemies":"Chosen and Byrds","floor":21,"turns":4},{"damage":0,"enemies":"downfall:FleeingMerchant","floor":22,"turns":4},{"damage":1,"enemies":"Shelled Parasite and Fungi","floor":25,"turns":4},{"damage":21,"enemies":"Slavers","floor":26,"turns":2},{"damage":1,"enemies":"Sentry and Sphere","floor":32,"turns":4},{"damage":17,"enemies":"IC_MUSHROOM_ARCHETYPE","floor":33,"turns":5},{"damage":1,"enemies":"3 Darklings","floor":36,"turns":4},{"damage":0,"enemies":"3 Shapes","floor":37,"turns":3},{"damage":1,"enemies":"Maw","floor":38,"turns":6},{"damage":0,"enemies":"4 Shapes","floor":39,"turns":2},{"damage":0,"enemies":"2 Orb Walkers","floor":40,"turns":4},{"damage":0,"enemies":"Giant Head","floor":43,"turns":4},{"damage":0,"enemies":"downfall:FleeingMerchant","floor":44,"turns":2},{"damage":0,"enemies":"Nemesis","floor":45,"turns":3},{"damage":0,"enemies":"Jaw Worm Horde","floor":46,"turns":2},{"damage":0,"enemies":"Transient","floor":49,"turns":5},{"damage":27,"enemies":"DF_ARCHETYPE_ORBS","floor":50,"turns":5},{"damage":21,"enemies":"downfall:CharBossMerchant","floor":52,"turns":5},{"damage":0,"enemies":"downfall:NeowBoss","floor":55,"turns":7},{"damage":12,"enemies":"downfall:NeowBossFinal","floor":56,"turns":6}],"seed_played":"5763954307707867861","potions_obtained":[{"floor":10.0,"key":"Weak Potion"},{"floor":12.0,"key":"ColorlessPotion"},{"floor":13.0,"key":"PowerPotion"},{"floor":15.0,"key":"Regen Potion"},{"floor":26,"key":"Fruit Juice"},{"floor":32,"key":"PowerPotion"},{"floor":37,"key":"Dexterity Potion"},{"floor":39,"key":"SkillPotion"},{"floor":40,"key":"PowerPotion"},{"floor":46,"key":"hexamod:SoulburnPotion"}],"is_trial":false,"path_per_floor":["R","M","?","?","?","R","T","R","$","E","R","M","M","E","M","B",null,"R","M","$","M","$","R","T","M","E","R","?","T","R","?","M","B",null,"R","M","M","M","M","?","T","R","E","$","E","M","$","?","M","B",null,"E","$","R","B","B",null],"character_chosen":"THE_AUTOMATON","items_purchased":["PreservedInsect","expansioncontent:DashGenerateEvil","Membership Card","Potion Belt","bronze:SilverBullet","EntropicBrew","bronze:MaxOutput","Shuriken","Toy Ornithopter","bronze:MaxOutput","Du-Vu Doll","Energy Potion"],"campfire_rested":0,"item_purchase_floors":[22,22,44,44,44,44,47,47,47,53,53,53],"current_hp_per_floor":[70,70,70,52,52,52,52,62,68,62,62,62,69,69,37,43,80,80,79,75,57,78,78,78,79,58,58,43,43,43,43,49,39,85,85,84,90,89,89,90,90,90,90,90,90,90,90,90,90,70,90,76,90,90,90,78],"gold":7,"neow_bonus":"TRANSFORM_TWO_CARDS","is_daily":false,"chose_seed":false,"campfire_upgraded":10,"win_rate":0.0,"timestamp":1612611016,"path_taken":["R","M","?","?","?","R","T","R","$","E","R","M","M","E","M","BOSS","R","M","$","M","$","R","T","M","E","R","?","?","R","?","M","BOSS","R","M","M","M","M","?","T","R","E","$","E","M","$","?","M","BOSS","E","$","R","BOSS","BOSS"],"items_purchased_type":["Relic","Card","Relic","Relic","Relic","Potion","Card","Relic","Relic","Card","Relic","Potion"],"build_version":"2020-12-22","purchased_purges":4,"victory":true,"max_hp_per_floor":[70,70,70,70,70,70,70,80,80,80,80,80,80,80,80,80,80,80,80,80,80,80,80,80,80,80,80,85,85,85,85,85,85,85,85,85,90,90,90,90,90,90,90,90,90,90,90,90,90,90,90,90,90,90,90,90],"card_choices":[{"not_picked":["bronze:Backtrace","bronze:Branch"],"picked":"bronze:BuggyMess","floor":2.0},{"not_picked":[],"picked":"bronze:Spike","floor":4.0},{"not_picked":[],"picked":"bronze:DazingPulse","floor":4.0},{"not_picked":["bronze:Boost","bronze:FineTuning"],"picked":"bronze:Repair","floor":4.0},{"not_picked":["bronze:Assembly","bronze:DelayedSlice"],"picked":"bronze:CutThrough","floor":9.0},{"not_picked":["bronze:Overload","bronze:MaxOutput"],"picked":"bronze:BugBarrage","floor":10.0},{"not_picked":["bronze:CutThrough","bronze:BronzeArmor"],"picked":"bronze:BugBarrage","floor":12.0},{"not_picked":["bronze:Shield","bronze:Overheat"],"picked":"bronze:ItsAFeature","floor":13.0},{"not_picked":["bronze:Hardcode","bronze:Shield"],"picked":"bronze:Repulsor","floor":14.0},{"not_picked":["bronze:DarkDash","bronze:Constructor"],"picked":"bronze:FollowUp","floor":15.0},{"not_picked":["bronze:Assembly","bronze:RecursiveStrike"],"picked":"bronze:Format","floor":16.0},{"not_picked":["bronze:Frontload"],"picked":"SKIP","floor":19},{"not_picked":[],"picked":"bronze:BuggyMess+1","floor":20},{"not_picked":["bronze:InfiniteBeams"],"picked":"SKIP","floor":21},{"not_picked":["bronze:Frontload"],"picked":"SKIP","floor":22},{"not_picked":["bronze:Repair"],"picked":"SKIP","floor":25},{"not_picked":["bronze:Deprecate+1"],"picked":"SKIP","floor":26},{"not_picked":[],"picked":"bronze:Deprecate+1","floor":26},{"not_picked":["bronze:Frontload"],"picked":"bronze:Invalidate+1","floor":32},{"not_picked":["bronze:Format"],"picked":"bronze:Mutator","floor":33},{"not_picked":["bronze:BitShift","bronze:FineTuning"],"picked":"SKIP","floor":36},{"not_picked":["bronze:WhirlingStrike+1","bronze:DelayedSlice"],"picked":"SKIP","floor":37},{"not_picked":["bronze:OilSpill"],"picked":"bronze:BugBarrage+1","floor":38},{"not_picked":["bronze:Branch+1","bronze:BugBarrage"],"picked":"SKIP","floor":39},{"not_picked":["bronze:Flail"],"picked":"bronze:Repulsor+1","floor":40},{"not_picked":["bronze:CloningBeam+1","bronze:Hardcode"],"picked":"SKIP","floor":43},{"not_picked":["bronze:Branch","bronze:Shield"],"picked":"SKIP","floor":44},{"not_picked":["bronze:Iterate","bronze:OilSpill"],"picked":"SKIP","floor":45},{"not_picked":["bronze:CutThrough","bronze:Invalidate"],"picked":"SKIP","floor":46},{"not_picked":["bronze:Overheat+1","bronze:Shield"],"picked":"SKIP","floor":49},{"not_picked":["bronze:OilSpill","bronze:CutThrough"],"picked":"SKIP","floor":52}],"player_experience":665582,"relics_obtained":[{"floor":10.0,"key":"FossilizedHelix"},{"floor":14.0,"key":"Torii"},{"floor":24,"key":"Gremlin Horn"},{"floor":26,"key":"MealTicket"},{"floor":29,"key":"bronze:CableSpool"},{"floor":31,"key":"MawBank"},{"floor":31,"key":"Question Card"},{"floor":31,"key":"Guardian:GemstoneGun"},{"floor":40,"key":"Turnip"},{"floor":41,"key":"CeramicFish"},{"floor":43,"key":"Eternal Feather"},{"floor":45,"key":"Mercury Hourglass"},{"floor":52,"key":"Anchor"}],"event_choices":[{"damage_healed":0,"gold_gain":0,"player_choice":"Fight","damage_taken":0,"max_hp_gain":0,"max_hp_loss":0,"event_name":"Mysterious Sphere","floor":40,"gold_loss":0},{"cards_removed":["bronze:Defend"],"damage_healed":0,"gold_gain":0,"player_choice":"Removed Skill","damage_taken":0,"max_hp_gain":0,"max_hp_loss":0,"event_name":"Falling","floor":48,"gold_loss":0}],"is_beta":false,"boss_relics":[{"not_picked":["Fusion Hammer","Sozu"],"picked":"Busted Crown"},{"not_picked":["bronze:ElectromagneticCoil","Black Star"],"picked":"Coffee Dripper"}],"items_purged_floors":[9,20,44,47],"is_endless":false,"potions_floor_spawned":[10,12,13,15,19,26,32,37,39,40,43,46],"ascension_level":2}}