{"host":"z609fbm6pkeriks8","time":1612619056,"event":{"mods":["AchievementEnabler","BaseMod","Colored Map","Colored Powertips","Downfall","Highlight Path","Marisa£®ÏF”Í°°ƒß¿Ì…≥£©","Minty Spire (QoL Compilation)","StSLib","The Cursed","The Servant 0.9.4"],"gold_per_floor":[119,119,44,56,231,231,231,231,231,262,275,275,350,362,362,466,466,391,391],"floor_reached":18,"language":"ZHS","playtime":830,"items_purged":["Strike_G"],"score":158,"play_id":"92096ce4-5f73-4703-936b-db583ed297cf","local_time":"20210206214416","is_ascension_mode":false,"campfire_choices":[{"data":"Backflip","floor":6,"key":"SMITH"},{"data":"Underhanded Strike","floor":12,"key":"SMITH"},{"floor":15,"key":"REST"}],"circlet_count":0,"master_deck":["Strike_G","Strike_G","Defend_G","Defend_G","Defend_G","Defend_G","Survivor","Neutralize","Backflip+1","Heel Hook","Bane","Doubt","Escape Plan","Underhanded Strike+1","Deadly Poison","Venomology"],"relics":["Ring of the Snake","Gremlin Horn","Letter Opener","HornCleat","Snecko Eye"],"acts_visited":["Exordium","TheCity"],"potions_floor_usage":[16,16,18],"damage_taken":[{"damage":1,"enemies":"2 Louse","floor":1,"turns":4},{"damage":0,"enemies":"Jaw Worm","floor":4,"turns":4},{"damage":31,"enemies":"3 Sentries","floor":10,"turns":14},{"damage":0,"enemies":"Small Slimes","floor":11,"turns":3},{"damage":7,"enemies":"Looter","floor":14,"turns":3},{"damage":30,"enemies":"Hexaghost","floor":16,"turns":12},{"damage":31,"enemies":"2 Thieves","floor":18,"turns":4}],"seed_played":"-1110634565535914388","potions_obtained":[{"floor":10,"key":"Guardian:BlockOnCardUsePotion"},{"floor":11,"key":"Fire Potion"}],"is_trial":false,"path_per_floor":["M","?","$","M","?","R","?","T","T","E","M","R","?","M","R","B",null,"M"],"character_chosen":"THE_SILENT","items_purchased":[],"campfire_rested":1,"item_purchase_floors":[],"current_hp_per_floor":[69,69,69,69,69,69,62,62,62,31,31,31,20,13,34,4,70,39,39],"gold":391,"neow_bonus":"REMOVE_CARD","is_daily":false,"chose_seed":false,"campfire_upgraded":2,"win_rate":0.0,"timestamp":1612619056,"path_taken":["M","?","$","M","?","R","?","?","T","E","M","R","?","M","R","BOSS","M"],"items_purchased_type":[],"build_version":"2020-12-22","purchased_purges":1,"victory":false,"max_hp_per_floor":[70,70,70,70,70,70,70,70,70,70,70,70,70,70,70,70,70,70,70],"card_choices":[{"not_picked":["Dodge and Roll","Bane"],"picked":"Backflip","floor":1},{"not_picked":["Dagger Throw","Flechettes"],"picked":"Bane","floor":4},{"not_picked":["Blade Dance","Dodge and Roll"],"picked":"Escape Plan","floor":10},{"not_picked":["Dodge and Roll","Dagger Throw"],"picked":"Underhanded Strike","floor":11},{"not_picked":["Bullet Time","Outmaneuver"],"picked":"Deadly Poison","floor":14},{"not_picked":["Burst","Night Terror"],"picked":"Venomology","floor":16}],"player_experience":48623,"relics_obtained":[{"floor":8,"key":"Gremlin Horn"},{"floor":9,"key":"Letter Opener"},{"floor":10,"key":"HornCleat"}],"event_choices":[{"damage_healed":0,"gold_gain":0,"cards_transformed":["Strike_G"],"player_choice":"Change","damage_taken":0,"max_hp_gain":0,"max_hp_loss":0,"event_name":"Living Wall","floor":2,"gold_loss":0,"cards_obtained":["Heel Hook"]},{"damage_healed":0,"gold_gain":175,"player_choice":"AGREE","damage_taken":0,"max_hp_gain":0,"max_hp_loss":0,"event_name":"Liars Game","floor":5,"gold_loss":0,"cards_obtained":["Doubt"]},{"cards_removed":["Defend_G"],"damage_healed":0,"gold_gain":0,"player_choice":"Card Removal","damage_taken":7,"max_hp_gain":0,"max_hp_loss":0,"event_name":"Golden Wing","floor":7,"gold_loss":0},{"damage_healed":0,"gold_gain":75,"player_choice":"Gather Gold","damage_taken":11,"max_hp_gain":0,"max_hp_loss":0,"event_name":"World of Goop","floor":13,"gold_loss":0}],"is_beta":false,"boss_relics":[{"not_picked":["Calling Bell","Busted Crown"],"picked":"Snecko Eye"}],"items_purged_floors":[3],"is_endless":false,"potions_floor_spawned":[10,11],"killed_by":"2 Thieves","ascension_level":0}}