{"host":"flhjnb5sqrent16x","time":1612636747,"event":{"mods":["BaseMod","Downfall","Hermit","Marisa????????","Minty Spire (QoL Compilation)","StSLib","The Animator","The Cursed","The Hierophant","The Servant 0.9.4"],"gold_per_floor":[117,187,197,197,2,12,12,38,38,38,38,3,34,45,45,45,45],"floor_reached":16,"language":"ENG","playtime":1136,"items_purged":[],"score":98,"play_id":"9f9cf066-21fc-48e9-b3ee-629f2cecb0e6","local_time":"20210206123907","is_ascension_mode":false,"campfire_choices":[{"data":"hermit:TakeAim","floor":7,"key":"SMITH"},{"data":"hermit:EyeOfTheStorm","floor":11,"key":"SMITH"},{"floor":15,"key":"REST"}],"circlet_count":0,"master_deck":["hermit:Strike_Hermit","hermit:Strike_Hermit+1","hermit:Strike_Hermit","hermit:Strike_Hermit","hermit:Defend_Hermit","hermit:Defend_Hermit","hermit:Defend_Hermit","hermit:Defend_Hermit","hermit:Snapshot","hermit:Covet","hermit:Snipe","hermit:Deadeye+1","hermit:TakeAim+1","hermit:Vantage","Finesse","hermit:ItchyTrigger","hermit:EyeOfTheStorm+1","hermit:TakeAim","hermit:GhostlyPresence","hermit:Manifest"],"relics":["hermit:Momento","NeowsBlessing","Odd Mushroom","InkBottle","Du-Vu Doll"],"acts_visited":["Exordium"],"potions_floor_usage":[13,14,14],"damage_taken":[{"damage":0,"enemies":"Small Slimes","floor":1,"turns":1},{"damage":0,"enemies":"Jaw Worm","floor":3,"turns":2},{"damage":0,"enemies":"2 Louse","floor":6,"turns":1},{"damage":25,"enemies":"The Mushroom Lair","floor":8,"turns":6},{"damage":32,"enemies":"Gremlin Nob","floor":13,"turns":4},{"damage":3,"enemies":"Lots of Slimes","floor":14,"turns":4},{"damage":39,"enemies":"The Guardian","floor":16,"turns":5}],"seed_played":"-383779090151419239","potions_obtained":[{"floor":1,"key":"ColorlessPotion"},{"floor":8,"key":"Regen Potion"},{"floor":13,"key":"Swift Potion"}],"is_trial":false,"path_per_floor":["M","?","M","?","$","M","R","?","T","?","R","$","E","M","R","B"],"character_chosen":"HERMIT","items_purchased":["hermit:TakeAim","hermit:Vantage","Finesse","hermit:TakeAim"],"campfire_rested":1,"item_purchase_floors":[5,5,5,12],"current_hp_per_floor":[75,75,75,75,75,75,75,50,50,35,35,35,3,12,34,0,0],"gold":45,"neow_bonus":"THREE_ENEMY_KILL","is_daily":false,"chose_seed":false,"campfire_upgraded":2,"win_rate":0.0,"timestamp":1612636747,"path_taken":["M","?","M","?","$","?","R","?","T","?","R","?","E","M","R","BOSS"],"items_purchased_type":["Card","Card","Card","Card"],"build_version":"2020-12-22","purchased_purges":0,"victory":false,"max_hp_per_floor":[75,75,75,75,75,75,75,75,75,75,75,75,75,75,75,75,75],"card_choices":[{"not_picked":["hermit:Scavenge","hermit:Headshot"],"picked":"hermit:Snipe","floor":1},{"not_picked":["hermit:Cheat","hermit:LowProfile"],"picked":"hermit:Deadeye","floor":3},{"not_picked":["hermit:Feint","hermit:WideOpen"],"picked":"hermit:ItchyTrigger","floor":6},{"not_picked":["hermit:CalledShot","hermit:TakeCover"],"picked":"hermit:EyeOfTheStorm","floor":8},{"not_picked":["hermit:Coalescence","hermit:Vantage"],"picked":"hermit:GhostlyPresence","floor":13},{"not_picked":["hermit:Ricochet","hermit:Snipe"],"picked":"hermit:Manifest","floor":14}],"player_experience":190506,"relics_obtained":[{"floor":8,"key":"Odd Mushroom"},{"floor":9,"key":"InkBottle"},{"floor":13,"key":"Du-Vu Doll"}],"event_choices":[{"damage_healed":0,"gold_gain":70,"player_choice":"Gained Gold","damage_taken":0,"max_hp_gain":0,"max_hp_loss":0,"event_name":"Golden Wing","floor":2,"gold_loss":0},{"damage_healed":0,"gold_gain":0,"player_choice":"Ignored","damage_taken":0,"max_hp_gain":0,"max_hp_loss":0,"event_name":"Liars Game","floor":4,"gold_loss":0},{"damage_healed":0,"gold_gain":0,"player_choice":"Fought Mushrooms","damage_taken":0,"max_hp_gain":0,"max_hp_loss":0,"event_name":"Mushrooms","floor":8,"gold_loss":0},{"damage_healed":0,"gold_gain":0,"player_choice":"Entered Light","damage_taken":15,"max_hp_gain":0,"max_hp_loss":0,"event_name":"Shining Light","floor":10,"gold_loss":0,"cards_upgraded":["hermit:Deadeye","hermit:Strike_Hermit"]}],"is_beta":false,"boss_relics":[],"items_purged_floors":[],"is_endless":false,"potions_floor_spawned":[1,8,13],"killed_by":"The Guardian","ascension_level":0}}