{"host":"liwj66r6jjqhm4vi","time":1612646451,"event":{"mods":["BaseMod","Colored Map","Downfall","Minty Spire (QoL Compilation)","Replay The Spire","StSLib"],"gold_per_floor":[99,111,61,79,79,79,103,119,152,171,187,187,187,199,216,319,319,319,333,353,353,400,416,439,439,439,439,439,439],"floor_reached":27,"language":"ENG","playtime":1836,"items_purged":[],"score":240,"play_id":"2aaaf329-c443-4015-9fbf-7cd07579b0e6","local_time":"20210206162051","is_ascension_mode":false,"campfire_choices":[{"data":"champ:Taunt","floor":1,"key":"SMITH"},{"data":"champ:TornadoPunch","floor":6,"key":"SMITH"},{"data":"champ:SkillfulDodge","floor":13,"key":"SMITH"},{"data":"champ:SkillfulDodge","floor":18,"key":"SMITH"}],"circlet_count":0,"master_deck":["champ:Defend","champ:Defend","champ:Defend","champ:Execute","champ:Taunt+1","champ:TornadoPunch+1","champ:DefensiveShout","champ:SkillfulDodge+1","champ:ShieldSlam","champ:SkillfulDodge+1","champ:Duel+1","champ:SteelEdge+1","Doubt","downfall:Icky","Delirium","champ:Duel+1","Slimebound:Tackle+1","Slimebound:Tackle+1","Slimebound:Tackle+1","champ:StanceDance","champ:StrikeOfGenius","Pride"],"relics":["champ:ChampionCrown","Toy Ornithopter","Molten Egg 2","Replay:Ancient Bell","Blue Doll","Blue Candle","champ:GladiatorsBookOfMartialProwess","Eternal Feather","Art of War","Quantum Egg"],"acts_visited":["Exordium","TheCity"],"potions_floor_usage":[16,23,27,27],"damage_taken":[{"damage":20,"enemies":"Cultist","floor":2,"turns":4},{"damage":10,"enemies":"downfall:FleeingMerchant","floor":3,"turns":4},{"damage":10,"enemies":"Small Slimes","floor":4,"turns":2},{"damage":1,"enemies":"2 Louse","floor":8,"turns":2},{"damage":0,"enemies":"3 Sentries","floor":9,"turns":5},{"damage":2,"enemies":"Blue Slaver","floor":10,"turns":6},{"damage":0,"enemies":"2 Fungi Beasts","floor":11,"turns":2},{"damage":9,"enemies":"Exordium Wildlife","floor":14,"turns":3},{"damage":0,"enemies":"Large Slime","floor":15,"turns":7},{"damage":1,"enemies":"WA_ARCHETYPE_RETAIN","floor":16,"turns":9},{"damage":30,"enemies":"Spheric Guardian","floor":19,"turns":5},{"damage":16,"enemies":"Centurion and Healer","floor":20,"turns":13},{"damage":12,"enemies":"Snecko","floor":23,"turns":3},{"damage":47,"enemies":"Slavers","floor":27,"turns":4}],"seed_played":"3894502079737690714","potions_obtained":[{"floor":2,"key":"SpeedPotion"},{"floor":4,"key":"Weak Potion"},{"floor":10,"key":"LiquidBronze"},{"floor":19,"key":"Flashbang"}],"is_trial":false,"path_per_floor":["R","M","$","M","?","R","T","M","E","M","M","?","R","M","M","B",null,"R","M","M","?","?","M","T","?","?","E"],"character_chosen":"THE_CHAMP","items_purchased":["champ:SkillfulDodge"],"campfire_rested":0,"item_purchase_floors":[3],"current_hp_per_floor":[99,99,99,99,99,99,99,98,98,96,96,96,96,87,87,91,99,99,89,73,73,34,37,37,37,37,0,0,0],"gold":439,"neow_bonus":"TEN_PERCENT_HP_BONUS","is_daily":false,"chose_seed":false,"campfire_upgraded":4,"win_rate":0.0,"timestamp":1612646451,"path_taken":["R","?","?","M","?","R","T","M","E","M","M","?","R","?","M","BOSS","R","M","M","?","?","M","T","?","?","E"],"items_purchased_type":["Card"],"build_version":"2020-12-22","purchased_purges":0,"victory":false,"max_hp_per_floor":[99,99,99,99,99,99,99,99,99,99,99,99,99,99,99,99,99,99,99,99,99,99,99,99,99,99,99,99,99],"card_choices":[{"not_picked":["champ:DefensiveStyle","champ:AdrenalArmor"],"picked":"champ:TornadoPunch","floor":2},{"not_picked":["champ:FaceSlap","champ:PreciseThrust"],"picked":"champ:DefensiveShout","floor":3},{"not_picked":["champ:Backstep","champ:FlashCut"],"picked":"champ:ShieldSlam","floor":4},{"not_picked":["champ:AdrenalArmor","champ:RecklessLeap","champ:CrownThrow"],"picked":"SKIP","floor":8},{"not_picked":["champ:BerserkersShout","champ:HeavySlash+1","champ:FanOfKnives+1"],"picked":"SKIP","floor":9},{"not_picked":["champ:Backstep","champ:Haymaker+1","champ:FaceSlap+1"],"picked":"SKIP","floor":10},{"not_picked":["champ:Endure","champ:FaceSlap+1"],"picked":"champ:SkillfulDodge","floor":11},{"not_picked":["champ:Haymaker+1","champ:RapidStrikes+1","champ:ArenaPreparation"],"picked":"SKIP","floor":14},{"not_picked":["champ:DeathBlow+1","champ:DefensiveShout"],"picked":"champ:Duel+1","floor":15},{"not_picked":["champ:CheapShot+1","champ:TripleStrike+1"],"picked":"champ:SteelEdge+1","floor":16},{"not_picked":["Shame","ReplayTheSpireMod:Doomed"],"picked":"Doubt","floor":17},{"not_picked":["Amnesia","downfall:Malfunctioning"],"picked":"downfall:Icky","floor":17},{"not_picked":["Writhe","downfall:Malfunctioning"],"picked":"Delirium","floor":17},{"not_picked":["champ:Backstep","champ:EndlessRage","champ:Encircle+1"],"picked":"SKIP","floor":19},{"not_picked":["champ:DeathBlow+1","champ:BerserkersShout+1"],"picked":"champ:Duel+1","floor":20},{"not_picked":["champ:PerfectedStrike+1","champ:BerserkersShout"],"picked":"champ:StanceDance","floor":22},{"not_picked":["champ:PerfectedStrike+1","champ:BringItOn"],"picked":"champ:StrikeOfGenius","floor":23}],"player_experience":178906,"relics_obtained":[{"floor":7,"key":"Toy Ornithopter"},{"floor":9,"key":"Molten Egg 2"},{"floor":22,"key":"Eternal Feather"},{"floor":24,"key":"Art of War"}],"event_choices":[{"cards_removed":["champ:Defend"],"damage_healed":0,"gold_gain":0,"player_choice":"Card Removal","damage_taken":0,"max_hp_gain":0,"max_hp_loss":0,"event_name":"The Cleric","floor":12,"gold_loss":0},{"damage_healed":0,"gold_gain":0,"player_choice":"Stole Relic","damage_taken":0,"relics_obtained":["Quantum Egg"],"max_hp_gain":0,"max_hp_loss":0,"event_name":"Addict","floor":25,"gold_loss":0,"cards_obtained":["Pride"]}],"is_beta":false,"boss_relics":[{"not_picked":["Replay:Bronze Core","Replay:Drink Me"],"picked":"Replay:Ancient Bell"},{"not_picked":["Strawberry","champ:FightingForDummies"],"picked":"Blue Doll"},{"not_picked":["Garlic","The Courier"],"picked":"Blue Candle"},{"not_picked":["WingedGreaves","Turnip"],"picked":"champ:GladiatorsBookOfMartialProwess"}],"items_purged_floors":[],"is_endless":false,"potions_floor_spawned":[2,4,10,19],"killed_by":"Slavers","ascension_level":0}}