{"host":"p5bpb5hg0txgxn7f","time":1612572228,"event":{"mods":["AchievementEnabler","BaseMod","Colored Powertips","Minty Spire (QoL Compilation)"],"gold_per_floor":[110,110,158,158,173,205,205,232,232,264,276,276,301,332,332,434,434,452,452,479,496,100,129,162,193,219,235,261,281,309,158,158,254,254,254],"floor_reached":34,"language":"ENG","playtime":2339,"items_purged":[],"score":1054,"play_id":"b6db9f23-9a31-4fce-9fca-5aef6489880b","local_time":"20210206014348","daily_mods":["Hoarder","Heirloom","Flight","DeadlyEvents","Cursed Run"],"is_ascension_mode":false,"campfire_choices":[{"data":"Armaments","floor":7.0,"key":"SMITH"},{"floor":12.0,"key":"REST"},{"data":"Heavy Blade","floor":15.0,"key":"SMITH"},{"data":"DevaForm","floor":32.0,"key":"SMITH"}],"circlet_count":0,"master_deck":["Demon Form","Echo Form","DevaForm+1","Strike_R","Strike_R+1","Strike_R","Strike_R","Strike_R","Defend_R","Defend_R","Defend_R+1","Defend_R+1","Bash","Infernal Blade","Infernal Blade","Infernal Blade","Armaments+1","Armaments","Armaments","Regret","Regret","Regret","Thunderclap","Thunderclap","Thunderclap","Twin Strike","Twin Strike","Twin Strike","Whirlwind+1","Whirlwind","Whirlwind","Regret","Regret","Regret","Fire Breathing","Fire Breathing","Fire Breathing","Heavy Blade+1","Heavy Blade","Heavy Blade","Pain","Pain","Pain","Double Tap","Double Tap","Double Tap","Heavy Blade","Heavy Blade","Heavy Blade","Juggernaut","Juggernaut","Juggernaut","Parasite","Parasite","Parasite","Bludgeon+1","Bludgeon+1","Bludgeon+1","Rage","Rage","Rage","Feed+1","Feed+1","Feed+1","Shame","Shame","Shame"],"relics":["Cursed Key","Darkstone Periapt","Du-Vu Doll","Prayer Wheel","Bag of Marbles","Pen Nib","Torii","Bottled Tornado","Mummified Hand","Pear","Blue Candle","Toy Ornithopter","SlaversCollar","Happy Flower","Molten Egg 2","ClockworkSouvenir","Ornamental Fan","Peace Pipe","Potion Belt","Frozen Egg 2","Whetstone"],"acts_visited":[],"potions_floor_usage":[],"damage_taken":[{"damage":8.0,"enemies":"Small Slimes","floor":1.0,"turns":4.0},{"damage":0.0,"enemies":"Jaw Worm","floor":5.0,"turns":1.0},{"damage":8.0,"enemies":"Gremlin Nob","floor":6.0,"turns":3.0},{"damage":13.0,"enemies":"Lagavulin","floor":8.0,"turns":3.0},{"damage":4.0,"enemies":"Gremlin Nob","floor":10.0,"turns":2.0},{"damage":0.0,"enemies":"2 Louse","floor":11.0,"turns":2.0},{"damage":30.0,"enemies":"Lagavulin","floor":13.0,"turns":3.0},{"damage":0.0,"enemies":"Gremlin Nob","floor":14.0,"turns":2.0},{"damage":5.0,"enemies":"Slime Boss","floor":16.0,"turns":4.0},{"damage":0.0,"enemies":"Spheric Guardian","floor":18.0,"turns":1.0},{"damage":21.0,"enemies":"Slavers","floor":20.0,"turns":3.0},{"damage":30.0,"enemies":"Shell Parasite","floor":21.0,"turns":3.0},{"damage":14.0,"enemies":"Book of Stabbing","floor":23.0,"turns":2.0},{"damage":3.0,"enemies":"Slavers","floor":24.0,"turns":2.0},{"damage":21.0,"enemies":"Book of Stabbing","floor":25.0,"turns":2.0},{"damage":0.0,"enemies":"Snake Plant","floor":27.0,"turns":1.0},{"damage":0.0,"enemies":"Gremlin Leader","floor":28.0,"turns":1.0},{"damage":2.0,"enemies":"Sentry and Sphere","floor":29.0,"turns":2.0},{"damage":37.0,"enemies":"Slavers","floor":30.0,"turns":3.0},{"damage":67.0,"enemies":"Champ","floor":33.0,"turns":5.0}],"seed_played":"3140553584127036312","potions_obtained":[{"floor":1.0,"key":"Regen Potion"},{"floor":6.0,"key":"Explosive Potion"},{"floor":8.0,"key":"LiquidMemories"},{"floor":14.0,"key":"SpeedPotion"},{"floor":20.0,"key":"FairyPotion"},{"floor":23.0,"key":"BloodPotion"},{"floor":27.0,"key":"Strength Potion"},{"floor":29.0,"key":"SpeedPotion"}],"is_trial":true,"path_per_floor":["M","?","T","?","M","E","R","E","T","E","M","R","E","E","R","B",null,"M","?","E","M","$","E","E","E","T","M","E","M","E","$","R","B",null],"character_chosen":"IRONCLAD","items_purchased":["Molten Egg 2","ClockworkSouvenir","Feed+1"],"campfire_rested":1,"item_purchase_floors":[22,22,31],"current_hp_per_floor":[72,56,74,62,62,54,54,41,59,65,65,102,72,72,72,102,144,144,144,123,93,93,79,76,55,73,73,73,71,34,71,71,22,22,22],"gold":254,"neow_bonus":"","is_daily":false,"chose_seed":false,"campfire_upgraded":3,"win_rate":0.0,"timestamp":1612572228,"path_taken":["M","?","?","?","?","E","R","E","T","E","?","R","?","E","R","BOSS","M","?","?","?","?","E","E","?","T","?","E","M","?","$","R","BOSS"],"items_purchased_type":["Relic","Relic","Card"],"build_version":"2020-12-22","purchased_purges":0,"victory":false,"max_hp_per_floor":[80,80,98,98,98,98,98,98,116,126,126,126,126,126,126,144,144,144,144,144,144,144,144,144,144,162,162,162,162,162,162,162,180,180,180],"card_choices":[{"not_picked":["Reckless Charge","Searing Blow"],"picked":"Infernal Blade","floor":1.0},{"not_picked":["Feel No Pain","Entrench"],"picked":"Armaments","floor":1.0},{"not_picked":["Armaments","Fire Breathing"],"picked":"Thunderclap","floor":5.0},{"not_picked":["Iron Wave","Searing Blow"],"picked":"Twin Strike","floor":5.0},{"not_picked":["Juggernaut","Armaments"],"picked":"Whirlwind","floor":6.0},{"not_picked":["Battle Trance","Pummel","Clash"],"picked":"SKIP","floor":8.0},{"not_picked":["Evolve","Sever Soul"],"picked":"Fire Breathing","floor":10.0},{"not_picked":["Entrench","Clothesline","Havoc"],"picked":"SKIP","floor":11.0},{"not_picked":["Spot Weakness","Havoc","Rampage"],"picked":"SKIP","floor":11.0},{"not_picked":["Pummel","Searing Blow"],"picked":"Heavy Blade","floor":13.0},{"not_picked":["Burning Pact","Entrench","Second Wind"],"picked":"SKIP","floor":14.0},{"not_picked":["Limit Break","Reaper"],"picked":"Double Tap","floor":16.0},{"not_picked":["Blood for Blood","Metallicize"],"picked":"Heavy Blade","floor":18.0},{"not_picked":["True Grit","Flex","Cleave"],"picked":"SKIP","floor":18.0},{"not_picked":["Body Slam","Metallicize","Offering"],"picked":"SKIP","floor":20.0},{"not_picked":["Clothesline+1","Sever Soul","Flex+1"],"picked":"SKIP","floor":21.0},{"not_picked":["Shrug It Off+1","Reckless Charge+1","Anger"],"picked":"SKIP","floor":21.0},{"not_picked":["Flex","Sever Soul+1","Berserk"],"picked":"SKIP","floor":23.0},{"not_picked":["Havoc+1","Twin Strike+1","Flex"],"picked":"SKIP","floor":24.0},{"not_picked":["Clash+1","Pommel Strike+1","Intimidate+1"],"picked":"SKIP","floor":25.0},{"not_picked":["Wild Strike+1","Body Slam+1","Warcry+1"],"picked":"SKIP","floor":27.0},{"not_picked":["Clothesline+1","Warcry+1","Flex"],"picked":"SKIP","floor":27.0},{"not_picked":["Offering","Sever Soul+1"],"picked":"Bludgeon+1","floor":28.0},{"not_picked":["Clothesline+1","Flex"],"picked":"Rage","floor":29.0},{"not_picked":["True Grit","Warcry","Flex"],"picked":"SKIP","floor":29.0},{"not_picked":["Sword Boomerang+1","Shrug It Off","Havoc"],"picked":"SKIP","floor":30.0}],"player_experience":167634,"relics_obtained":[{"floor":3.0,"key":"Bag of Marbles"},{"floor":6.0,"key":"Torii"},{"floor":8.0,"key":"Bottled Tornado"},{"floor":9.0,"key":"Mummified Hand"},{"floor":10.0,"key":"Pear"},{"floor":13.0,"key":"Blue Candle"},{"floor":14.0,"key":"Toy Ornithopter"},{"floor":20.0,"key":"Happy Flower"},{"floor":23.0,"key":"Ornamental Fan"},{"floor":25.0,"key":"Peace Pipe"},{"floor":26.0,"key":"Potion Belt"},{"floor":28.0,"key":"Frozen Egg 2"},{"floor":30.0,"key":"Whetstone"}],"event_choices":[{"damage_healed":0.0,"max_hp_gain":0.0,"max_hp_loss":0.0,"gold_gain":0.0,"event_name":"Shining Light","player_choice":"Entered Light","floor":2.0,"gold_loss":0.0,"damage_taken":16.0,"cards_upgraded":["Defend_R","Defend_R"]},{"damage_healed":0.0,"max_hp_gain":0.0,"max_hp_loss":0.0,"gold_gain":0.0,"event_name":"Scrap Ooze","player_choice":"Success","floor":4.0,"gold_loss":0.0,"damage_taken":12.0,"relics_obtained":["Pen Nib"]},{"damage_healed":0.0,"max_hp_gain":0.0,"max_hp_loss":0.0,"gold_gain":0.0,"cards_transformed":["Wraith Form v2"],"event_name":"Transmorgrifier","player_choice":"Transformed","floor":19.0,"gold_loss":0.0,"damage_taken":0.0,"cards_obtained":["Juggernaut"]}],"is_beta":false,"boss_relics":[{"not_picked":["Pandora\u0027s Box","Snecko Eye"],"picked":"SlaversCollar"}],"items_purged_floors":[],"is_endless":true,"potions_floor_spawned":[1,6,8,14,20,21,23,27,29],"ascension_level":0}}