{"host":"vlqej45p0v31lhdi","time":1612655354,"event":{"mods":["AchievementEnabler","BaseMod","Bestiary","Colored Powertips","Minty Spire (QoL Compilation)","Relic Sorter","Relic Stats"],"gold_per_floor":[118,118,138,156,156,156,167,194,194,194,207,217,242,7,7,110,110,129,129,129,129,129,129,163,163,187,207,223,241,254,73,73,178,178,195,195,209,229,229,229,284,311,311,62,62,62,94,104,104,104],"floor_reached":51,"language":"ENG","playtime":3596,"items_purged":[],"score":902,"play_id":"990a61fe-0550-4242-945b-2c3fc03bf597","local_time":"20210206174914","is_ascension_mode":true,"campfire_choices":[{"floor":6.0,"key":"DIG"},{"data":"Redo","floor":10.0,"key":"SMITH"},{"floor":15.0,"key":"DIG"},{"data":"Dualcast","floor":23.0,"key":"SMITH"},{"floor":25.0,"key":"REST"},{"floor":32.0,"key":"REST"},{"floor":40.0,"key":"DIG"},{"floor":46.0,"key":"REST"},{"floor":49.0,"key":"DIG"}],"circlet_count":0,"master_deck":["Defend_B","Defend_B","Defend_B","Defend_B","Zap+1","Dualcast+1","Sweeping Beam","Ball Lightning","Redo+1","Static Discharge","Cold Snap+1","Coolheaded","Stack","Steam","Doom and Gloom","All For One","Recycle+1","Loop","Consume","Capacitor","Storm+1","Undo","Aggregate","Doom and Gloom+1","Skim+1","Heatsinks","Glacier","Compile Driver","Heatsinks+1","Ball Lightning+1","Consume","Storm","Blizzard","BootSequence","Storm+1"],"relics":["Cracked Core","Shovel","Mummified Hand","Whetstone","Cables","Bronze Scales","Frozen Eye","Letter Opener","Busted Crown","Art of War","Runic Pyramid","Shuriken","Calipers","Pen Nib","Girya","Happy Flower","Boot"],"acts_visited":["Exordium","TheCity","TheBeyond"],"potions_floor_usage":[50,50],"damage_taken":[{"damage":2.0,"enemies":"2 Louse","floor":1.0,"turns":3.0},{"damage":0.0,"enemies":"Cultist","floor":3.0,"turns":4.0},{"damage":7.0,"enemies":"Jaw Worm","floor":4.0,"turns":2.0},{"damage":9.0,"enemies":"Red Slaver","floor":7.0,"turns":3.0},{"damage":21.0,"enemies":"Lagavulin","floor":8.0,"turns":6.0},{"damage":0.0,"enemies":"3 Louse","floor":11.0,"turns":3.0},{"damage":6.0,"enemies":"Large Slime","floor":12.0,"turns":3.0},{"damage":0.0,"enemies":"Gremlin Nob","floor":13.0,"turns":2.0},{"damage":4.0,"enemies":"Hexaghost","floor":16.0,"turns":7.0},{"damage":5.0,"enemies":"Shell Parasite","floor":18.0,"turns":3.0},{"damage":28.0,"enemies":"Slavers","floor":24.0,"turns":3.0},{"damage":0.0,"enemies":"Spheric Guardian","floor":27.0,"turns":3.0},{"damage":0.0,"enemies":"Chosen and Byrds","floor":28.0,"turns":4.0},{"damage":11.0,"enemies":"Snake Plant","floor":29.0,"turns":3.0},{"damage":0.0,"enemies":"Sentry and Sphere","floor":30.0,"turns":3.0},{"damage":38.0,"enemies":"Collector","floor":33.0,"turns":8.0},{"damage":0.0,"enemies":"Orb Walker","floor":35.0,"turns":2.0},{"damage":17.0,"enemies":"3 Shapes","floor":37.0,"turns":2.0},{"damage":4.0,"enemies":"Maw","floor":38.0,"turns":5.0},{"damage":29.0,"enemies":"2 Orb Walkers","floor":41.0,"turns":4.0},{"damage":14.0,"enemies":"Reptomancer","floor":42.0,"turns":5.0},{"damage":2.0,"enemies":"Giant Head","floor":47.0,"turns":8.0},{"damage":12.0,"enemies":"Jaw Worm Horde","floor":48.0,"turns":4.0},{"damage":2,"enemies":"Donu and Deca","floor":50,"turns":5}],"seed_played":"-3084290967693557096","potions_obtained":[{"floor":1.0,"key":"FearPotion"},{"floor":4.0,"key":"FocusPotion"},{"floor":11.0,"key":"PowerPotion"},{"floor":16.0,"key":"PowerPotion"},{"floor":24.0,"key":"EssenceOfSteel"},{"floor":29.0,"key":"PowerPotion"},{"floor":30.0,"key":"SkillPotion"},{"floor":33.0,"key":"FairyPotion"},{"floor":38.0,"key":"Fruit Juice"},{"floor":41.0,"key":"FearPotion"},{"floor":45.0,"key":"FocusPotion"},{"floor":45.0,"key":"EntropicBrew"},{"floor":47.0,"key":"SpeedPotion"}],"is_trial":false,"path_per_floor":["M","?","M","M","?","R","M","E","T","R","M","M","E","$","R","B",null,"M","?","?","?","?","R","E","R","T","M","M","M","M","$","R","B",null,"M","?","M","M","?","R","?","E","T","$","?","R","E","M","R","B",null],"character_chosen":"DEFECT","items_purchased":["Doom and Gloom","Frozen Eye","Heatsinks","Glacier","Compile Driver","Storm","Blizzard","Fruit Juice"],"campfire_rested":3,"item_purchase_floors":[14,14,31,31,31,44,44,44],"current_hp_per_floor":[66,66,66,59,59,59,50,29,29,29,29,23,23,23,23,19,68,63,51,51,51,51,51,23,44,44,44,44,33,33,33,54,16,73,73,73,56,52,52,52,23,9,9,14,19,43,41,29,29,27],"gold":104,"neow_bonus":"ONE_RARE_RELIC","is_daily":false,"chose_seed":false,"campfire_upgraded":2,"win_rate":0.0,"timestamp":1612655354,"path_taken":["M","?","?","M","?","R","M","E","T","R","M","M","E","$","R","BOSS","M","?","?","?","?","R","E","R","T","M","M","M","M","$","R","BOSS","M","?","?","M","?","R","?","E","T","?","?","R","E","M","R","BOSS"],"items_purchased_type":["Card","Relic","Card","Card","Card","Card","Card","Potion"],"build_version":"2020-12-22","purchased_purges":0,"victory":true,"max_hp_per_floor":[68,68,68,68,68,68,68,68,68,68,68,68,68,68,68,68,68,68,73,73,73,73,73,73,73,73,73,73,73,73,73,73,73,73,73,73,73,73,73,73,73,73,73,78,83,83,83,83,83,83],"relic_stats":{"Happy Flower":[3],"counters":[24,95],"Pen Nib":[3],"Whetstone":["Strike_B","Cold Snap"],"Letter Opener":[401],"Boot":[0],"Cables":[60,33,18,9,0],"Shovel":4,"Busted Crown":28,"Mummified Hand":[84],"Shuriken":[5],"Bronze Scales":[203],"Art of War":[6],"obtain_stats":[{"Girya":43,"Calipers":41,"Happy Flower":47,"Pen Nib":42,"Whetstone":8,"Letter Opener":15,"Boot":49,"Cables":9,"Frozen Eye":14,"Shovel":0,"Busted Crown":17,"Mummified Hand":6,"Shuriken":40,"Bronze Scales":13,"Art of War":24,"Cracked Core":0,"Runic Pyramid":34},{"Girya":21,"Calipers":20,"Happy Flower":22,"Pen Nib":21,"Whetstone":5,"Letter Opener":8,"Boot":23,"Cables":5,"Frozen Eye":8,"Shovel":0,"Busted Crown":9,"Mummified Hand":3,"Shuriken":19,"Bronze Scales":8,"Art of War":11,"Cracked Core":0,"Runic Pyramid":16},{"Girya":78,"Calipers":73,"Happy Flower":86,"Pen Nib":78,"Whetstone":18,"Letter Opener":26,"Boot":90,"Cables":18,"Frozen Eye":26,"Shovel":0,"Busted Crown":33,"Mummified Hand":9,"Shuriken":69,"Bronze Scales":26,"Art of War":39,"Cracked Core":0,"Runic Pyramid":60}]},"card_choices":[{"not_picked":["Melter","White Noise"],"picked":"Sweeping Beam","floor":1.0},{"not_picked":["Streamline","Gash"],"picked":"Ball Lightning","floor":3.0},{"not_picked":["Double Energy","Skim"],"picked":"Redo","floor":4.0},{"not_picked":["Reprogram","Coolheaded"],"picked":"Leap","floor":7.0},{"not_picked":["Gash","Hologram"],"picked":"Cold Snap","floor":8.0},{"not_picked":["Steam Power","Scrape"],"picked":"Coolheaded","floor":11.0},{"not_picked":["Steam Power","Thunder Strike"],"picked":"Stack","floor":12.0},{"not_picked":["Coolheaded","Redo"],"picked":"Steam","floor":13.0},{"not_picked":["Hyperbeam","Core Surge"],"picked":"All For One","floor":16.0},{"not_picked":[],"picked":"Recycle+1","floor":18.0},{"not_picked":[],"picked":"Storm+1","floor":24.0},{"not_picked":[],"picked":"Undo","floor":27.0},{"not_picked":[],"picked":"Aggregate","floor":28.0},{"not_picked":[],"picked":"Doom and Gloom+1","floor":29.0},{"not_picked":[],"picked":"Skim+1","floor":30.0},{"not_picked":[],"picked":"Heatsinks+1","floor":35.0},{"not_picked":["Auto Shields+1"],"picked":"SKIP","floor":37.0},{"not_picked":[],"picked":"Ball Lightning+1","floor":38.0},{"not_picked":[],"picked":"Consume","floor":41.0},{"not_picked":["Turbo"],"picked":"SKIP","floor":42.0},{"not_picked":[],"picked":"BootSequence","floor":47.0},{"not_picked":[],"picked":"Storm+1","floor":48.0}],"player_experience":2377052,"relics_obtained":[{"floor":6.0,"key":"Mummified Hand"},{"floor":8.0,"key":"Whetstone"},{"floor":9.0,"key":"Cables"},{"floor":13.0,"key":"Bronze Scales"},{"floor":15.0,"key":"Letter Opener"},{"floor":24.0,"key":"Art of War"},{"floor":40.0,"key":"Shuriken"},{"floor":41.0,"key":"Calipers"},{"floor":42.0,"key":"Pen Nib"},{"floor":43.0,"key":"Girya"},{"floor":47.0,"key":"Happy Flower"},{"floor":49.0,"key":"Boot"}],"event_choices":[{"damage_healed":0.0,"max_hp_gain":0.0,"max_hp_loss":0.0,"gold_gain":0.0,"event_name":"Upgrade Shrine","player_choice":"Upgraded","floor":2.0,"gold_loss":0.0,"damage_taken":0.0,"cards_upgraded":["Zap"]},{"damage_healed":0.0,"max_hp_gain":0.0,"max_hp_loss":0.0,"gold_gain":0.0,"cards_transformed":["Strike_B"],"event_name":"Transmorgrifier","player_choice":"Transformed","floor":5.0,"gold_loss":0.0,"damage_taken":0.0,"cards_obtained":["Static Discharge"]},{"damage_healed":0.0,"max_hp_gain":5.0,"max_hp_loss":0.0,"gold_gain":0.0,"event_name":"Forgotten Altar","player_choice":"Shed Blood","floor":19.0,"gold_loss":0.0,"damage_taken":17.0},{"damage_healed":0.0,"max_hp_gain":0.0,"max_hp_loss":0.0,"gold_gain":0.0,"cards_transformed":["Strike_B","Strike_B"],"event_name":"Drug Dealer","player_choice":"Became Test Subject","floor":20.0,"gold_loss":0.0,"damage_taken":0.0,"cards_obtained":["Loop","Consume"]},{"damage_healed":0.0,"max_hp_gain":0.0,"max_hp_loss":0.0,"gold_gain":0.0,"event_name":"Vampires","player_choice":"Ignored","floor":21.0,"gold_loss":0.0,"damage_taken":0.0},{"damage_healed":0.0,"max_hp_gain":0.0,"max_hp_loss":0.0,"gold_gain":0.0,"event_name":"The Library","player_choice":"Read","floor":22.0,"gold_loss":0.0,"damage_taken":0.0,"cards_obtained":["Capacitor"]},{"cards_removed":["Strike_B"],"damage_healed":0.0,"max_hp_gain":0.0,"max_hp_loss":0.0,"gold_gain":0.0,"event_name":"Bonfire Elementals","player_choice":"Offered Basic","floor":36.0,"gold_loss":0.0,"damage_taken":0.0},{"cards_removed":["Leap"],"damage_healed":0.0,"max_hp_gain":0.0,"max_hp_loss":0.0,"gold_gain":0.0,"event_name":"Falling","player_choice":"Removed Skill","floor":39.0,"gold_loss":0.0,"damage_taken":0.0},{"damage_healed":0.0,"max_hp_gain":0.0,"max_hp_loss":0.0,"gold_gain":0.0,"event_name":"Mysterious Sphere","player_choice":"Fight","floor":41.0,"gold_loss":0.0,"damage_taken":0.0},{"damage_healed":0.0,"max_hp_gain":0.0,"max_hp_loss":0.0,"gold_gain":0.0,"event_name":"Lab","player_choice":"Got Potions","floor":45.0,"gold_loss":0.0,"damage_taken":0.0}],"is_beta":false,"boss_relics":[{"not_picked":["Pandora\u0027s Box","Runic Dome"],"picked":"Busted Crown"},{"not_picked":["Empty Cage","FrozenCore"],"picked":"Runic Pyramid"}],"items_purged_floors":[],"is_endless":false,"potions_floor_spawned":[1,4,11,16,24,29,30,33,38,41,47],"ascension_level":4}}