{"host":"9kuc8qxv67wkis18","time":1612624265,"event":{"mods":["2.2 Compatiblity","AchievementEnabler","Aspiration","Astrologer","Bard","BaseMod","Beaked The Cultist","Bestiary","Better Note","Better Third Choice","Block Reminder","Challenge The Spire","Conspire","Curses Come First","GifTheSpireLib","Glutton Mod","Halation","Hermit","Highlight Path","Hubris","Infinite Spire","Jorbs\u0027s Wanderer Trilogy","Marked Mod","Melee Mod","Minty Spire (QoL Compilation)","Permanent Neow","Potionbrewer","Random Character Button","Rare Cards Sparkle","Reliquary","Replay The Spire","Shade Mod","Somnambulant","Spikes Relics","Spire Arcade","StSLib","Stuff the Spire","The Accelerator","The Blue Laboratory","The Caster","The Construct","The Cursed","The Disciple","The Florist","The Forsaken","The Hayseed","The Hierophant","The Judge","The Juggle","The Jungle","The Marked","The Necromancer","The Showman","The Wild Card","Thieving Mod","everything is the same but u backflip on backflip"],"gold_per_floor":[115,33,53,64,75,75,75,104,104,32,45,70,70,87,87,189,189,207,53,63,80,80,80],"floor_reached":22,"language":"ENG","playtime":3000,"items_purged":["theMarked:Strike"],"score":223,"play_id":"9464a6f3-add6-4570-8932-dbb2d8a12720","local_time":"20210206101105","is_ascension_mode":false,"campfire_choices":[{"data":"theMarked:TunnelVision","floor":6,"key":"SMITH"},{"floor":13,"key":"REST"},{"data":"theMarked:ComboAttacks","floor":15,"key":"SMITH"}],"circlet_count":0,"master_deck":["theMarked:Strike","theMarked:Strike","theMarked:Strike","theMarked:Strike","theMarked:Defend","theMarked:Defend","theMarked:Defend","theMarked:Defend","theMarked:SoldierOfQuellstein","theMarked:SwordAndMagic","theMarked:Aftermath","theMarked:TunnelVision+1","theMarked:GodGivenPower","theMarked:Aftermath","theMarked:Parry","theMarked:MysticalArsenal","theMarked:Maelstrom","theMarked:Electrify","theMarked:ComboAttacks+1","theMarked:Abjuration","theMarked:Improvise","theMarked:Seal"],"relics":["theMarked:ArtifactOfAir","Regal Pillow","reliquary:RoseTintedGlasses","halation:LostSnail"],"acts_visited":["Exordium","TheCity"],"potions_floor_usage":[16,16,16],"damage_taken":[{"damage":0,"enemies":"Cultist","floor":1,"turns":2},{"damage":0,"enemies":"2 Louse","floor":3,"turns":3},{"damage":3,"enemies":"infinitespire:Voidling","floor":4,"turns":3},{"damage":19,"enemies":"Lots of Slimes","floor":5,"turns":5},{"damage":0,"enemies":"Lagavulin","floor":8,"turns":4},{"damage":11,"enemies":"Red Slaver","floor":11,"turns":3},{"damage":27,"enemies":"3 Sentries","floor":12,"turns":7},{"damage":0,"enemies":"2 Fungi Beasts","floor":14,"turns":3},{"damage":36,"enemies":"The Guardian","floor":16,"turns":8},{"damage":19,"enemies":"Spheric Guardian","floor":18,"turns":4},{"damage":15,"enemies":"conspire:FuzzyDice","floor":20,"turns":5},{"damage":25,"enemies":"3 Cultists","floor":21,"turns":4},{"damage":15,"enemies":"Centurion and Healer","floor":22,"turns":3}],"seed_played":"672281918141931526","potions_obtained":[{"floor":1,"key":"blueLaboratory:AbyssPotion"},{"floor":5,"key":"blueLaboratory:LouseDecoction"},{"floor":8,"key":"EntropicBrew"},{"floor":11,"key":"FearPotion"}],"is_trial":false,"path_per_floor":["M","$","M","M","M","R","?","E","T","$","M","E","R","M","R","B",null,"M","$","M","M","M"],"character_chosen":"THE_DEFAULT","items_purchased":["theMarked:TunnelVision","theMarked:MysticalArsenal","halation:LostSnail"],"campfire_rested":1,"item_purchase_floors":[2,10,19],"current_hp_per_floor":[70,70,70,67,48,48,70,70,70,70,59,32,68,68,68,32,70,51,51,36,11,0,0],"gold":80,"neow_bonus":"THREE_CARDS","is_daily":false,"chose_seed":false,"campfire_upgraded":2,"win_rate":0.0,"timestamp":1612624265,"path_taken":["M","$","?","M","M","R","?","E","T","$","?","E","R","M","R","BOSS","M","$","M","M","M"],"items_purchased_type":["Card","Card","Relic"],"build_version":"2020-12-22","purchased_purges":1,"victory":false,"max_hp_per_floor":[70,70,70,70,70,70,70,70,70,70,70,70,70,70,70,70,70,70,70,70,70,70,70],"card_choices":[{"not_picked":["theMarked:ResourceFulStrike","theMarked:MuscleMemory"],"picked":"theMarked:SwordAndMagic","floor":0},{"not_picked":["theMarked:EmpowerWeapon","theMarked:WastefulAttack"],"picked":"theMarked:Aftermath","floor":1},{"not_picked":["theMarked:FavorableWinds","theMarked:MuscleMemory","theMarked:Overthink"],"picked":"SKIP","floor":3},{"not_picked":["theMarked:ElectricStrings","theMarked:BanishingStrike"],"picked":"theMarked:GodGivenPower","floor":4},{"not_picked":["theMarked:Generate","theMarked:EnhanceMovement"],"picked":"theMarked:Aftermath","floor":5},{"not_picked":["theMarked:TwofoldDefense","theMarked:HeightenedSenses"],"picked":"theMarked:Parry","floor":8},{"not_picked":["theMarked:WastefulAttack","theMarked:Aftermath"],"picked":"theMarked:Maelstrom","floor":11},{"not_picked":["theMarked:ResourceFulStrike","theMarked:Aftermath"],"picked":"theMarked:Electrify","floor":12},{"not_picked":["theMarked:KeepCalmAndFight","theMarked:Aftermath"],"picked":"theMarked:ComboAttacks","floor":14},{"not_picked":["theMarked:ThrowWeapon","theMarked:TurnInvisible"],"picked":"theMarked:Abjuration","floor":16},{"not_picked":["theMarked:WastefulAttack+1","theMarked:ChainLightning"],"picked":"theMarked:Improvise","floor":18},{"not_picked":["theMarked:RepellingDischarge","theMarked:Aftermath"],"picked":"theMarked:Seal","floor":20},{"not_picked":["theMarked:Aftermath+1","theMarked:Improvise","theMarked:TakeCover"],"picked":"SKIP","floor":21}],"player_experience":240549,"relics_obtained":[{"floor":8,"key":"Regal Pillow"},{"floor":12,"key":"reliquary:RoseTintedGlasses"}],"event_choices":[{"damage_healed":22,"gold_gain":0,"player_choice":"Full Heal","damage_taken":0,"max_hp_gain":0,"max_hp_loss":0,"event_name":"Wheel of Change","floor":7,"gold_loss":0}],"is_beta":false,"boss_relics":[{"not_picked":["Ring of Chaos","Cursed Key","Replay:Fungal Core"]}],"items_purged_floors":[19],"is_endless":false,"potions_floor_spawned":[1,5,8,11,18],"killed_by":"Centurion and Healer","ascension_level":0}}