{"host":"df48i9djcn92c5sx","time":1612621390,"event":{"mods":["Act Like it!","Arknights","BaseMod","Decade(王小明)","Downfall","Gensokyo","Marisa（F雨　魔理沙）","Minty Spire (QoL Compilation)","READ ME - Guardian Mod","READ ME - Snecko Mod","Reimu（博丽灵梦）","Remilia（蕾米莉亚）","Shop Mod","StSLib","The Jungle","The Servant 0.9.4"],"gold_per_floor":[109,122,134,134,134,134,134,134,205,223,223,243,257,121,121,221,221,239,159,175,175,192,192,192,192],"floor_reached":24,"language":"ZHS","playtime":827,"items_purged":[],"score":263,"play_id":"ee3c5751-eda6-4041-8972-97c52921cc48","local_time":"20210206222310","is_ascension_mode":true,"campfire_choices":[{"data":"KidneyShot","floor":6.0,"key":"SMITH"},{"data":"SilverBlades","floor":8.0,"key":"SMITH"},{"data":"Moonlight","floor":11.0,"key":"SMITH"},{"data":"Ricochet","floor":15,"key":"SMITH"},{"data":"TheWorld","floor":23,"key":"SMITH"}],"circlet_count":0,"master_deck":["Strike_S","Strike_S","Strike_S","Strike_S","Defend_S","Defend_S","Defend_S","Defend_S","KidneyShot+1","Exchange","Luminosity","SilverBlades+1","Moonlight+1","Clumsy","SilverMatrix","Ricochet+1","FastForward","Orbit","SilverBlades","TheWorld+1","Gensokyo:DepletedGenerator","Gensokyo:TarnishedGold","Barrier+1"],"relics":["Uniform","NeowsBlessing","Gensokyo:NagashiBinaDoll","Mango","Darkstone Periapt","Orrery","Coffee Dripper","Gensokyo:DayTheSeaSplit"],"acts_visited":["Exordium","Gensokyo:Gensokyo"],"potions_floor_usage":[18,24],"damage_taken":[{"damage":0.0,"enemies":"Gensokyo:Python","floor":1.0,"turns":1.0},{"damage":0.0,"enemies":"Gensokyo:Gryphon","floor":2.0,"turns":1.0},{"damage":0.0,"enemies":"Gensokyo:2_Kodama","floor":3.0,"turns":1.0},{"damage":7.0,"enemies":"Gensokyo:Kitsune","floor":10.0,"turns":2.0},{"damage":30.0,"enemies":"Gensokyo:3_Kodama","floor":12.0,"turns":5.0},{"damage":12.0,"enemies":"Gensokyo:CorruptedTreant","floor":13.0,"turns":3.0},{"damage":3,"enemies":"Gensokyo:Reimu","floor":16,"turns":9},{"damage":12,"enemies":"Gensokyo:CosmicMonolith","floor":18,"turns":3},{"damage":18,"enemies":"Gensokyo:AngelMirror","floor":20,"turns":3},{"damage":13,"enemies":"Gensokyo:Wraith","floor":22,"turns":4},{"damage":22,"enemies":"Gensokyo:Slime_Group","floor":24,"turns":4}],"seed_played":"7458658425300033437","potions_obtained":[{"floor":16,"key":"BlessingOfTheForge"},{"floor":22,"key":"Weak Potion"}],"is_trial":false,"path_per_floor":["M","M","M","?","?","R","T","R","T","M","R","M","M","COS","R","B",null,"M","COS","M","?","M","R","M"],"character_chosen":"THE_SERVANT","items_purchased":[],"campfire_rested":0,"item_purchase_floors":[],"current_hp_per_floor":[59,59,59,59,59,59,73,73,73,66,66,36,24,24,24,21,65,53,53,35,35,22,22,0,0],"gold":192,"neow_bonus":"THREE_ENEMY_KILL","is_daily":false,"chose_seed":false,"campfire_upgraded":5,"win_rate":0.0,"timestamp":1612621390,"path_taken":["M","M","M","?","?","R","?","R","T","M","R","M","?","COS","R","BOSS","M","COS","M","?","M","R","?"],"items_purchased_type":[],"build_version":"2020-12-22","purchased_purges":0,"victory":false,"max_hp_per_floor":[65,65,65,65,65,65,79,79,79,79,79,79,79,79,79,79,79,79,79,79,79,79,79,79,79],"card_choices":[{"not_picked":["Revamp","Starlight","ShatteredReality"],"picked":"SKIP","floor":1.0},{"not_picked":["Defy","ReturningBlade","Manipulate"],"picked":"SKIP","floor":2.0},{"not_picked":["Alleviate","ShatteredReality"],"picked":"Luminosity","floor":3.0},{"not_picked":["Revamp","Defy"],"picked":"SilverBlades","floor":4.0},{"not_picked":["SilverBlades","Alleviate"],"picked":"Moonlight","floor":4.0},{"not_picked":["Starlight","BottledTime","Hightail"],"picked":"SKIP","floor":10.0},{"not_picked":["Replace","WasteNot","DoubleEdge"],"picked":"SKIP","floor":12.0},{"not_picked":["RealityMarble","DoubleEdge"],"picked":"SilverMatrix","floor":13.0},{"not_picked":["TimeWarp","Hightail"],"picked":"Ricochet","floor":14},{"not_picked":["Potential","Alleviate"],"picked":"FastForward","floor":14},{"not_picked":["Reset","Potential"],"picked":"Orbit","floor":14},{"not_picked":["Rewind","BestPractice"],"picked":"SilverBlades","floor":14},{"not_picked":["PendulumOfEternity","ForgedInTime"],"picked":"TheWorld","floor":16},{"not_picked":["TimeWarp","Alleviate","WasteNot"],"picked":"SKIP","floor":18},{"not_picked":["Defy","Spin","Starlight"],"picked":"SKIP","floor":20},{"not_picked":["TimeWarp","Starlight"],"picked":"Barrier+1","floor":22}],"player_experience":1522593,"relics_obtained":[{"floor":7.0,"key":"Mango"},{"floor":9.0,"key":"Darkstone Periapt"}],"event_choices":[],"is_beta":false,"boss_relics":[{"not_picked":["Calling Bell","Runic Dome"],"picked":"Coffee Dripper"}],"items_purged_floors":[],"is_endless":false,"potions_floor_spawned":[16,22],"killed_by":"Gensokyo:Slime_Group","ascension_level":8}}