{"host":"yvb207ks1sg3cxef","time":1612643325,"event":{"mods":["2.2 Compatiblity","BaseMod","Bestiary","Colored Powertips","Minty Spire (QoL Compilation)","Permanent Neow","Quick Restart","Relic Stats","StSLib"],"gold_per_floor":[20,20,32,48,62,62,82,117,117,117,152,166,197,30,30,30,30],"floor_reached":16,"language":"ENG","playtime":874,"items_purged":[],"score":244,"play_id":"9bbb8a44-8166-4a4d-8ff7-5adb4b9e0086","local_time":"20210207015845","is_ascension_mode":true,"campfire_choices":[{"data":"Neutralize","floor":6.0,"key":"SMITH"},{"floor":10.0,"key":"REST"},{"data":"Footwork","floor":15.0,"key":"SMITH"}],"circlet_count":0,"master_deck":["AscendersBane","Strike_G","Strike_G","Strike_G","Strike_G","Strike_G","Defend_G","Defend_G","Defend_G","Defend_G","Defend_G","Survivor","Neutralize+1","After Image","Predator+1","Backflip","Flying Knee","Footwork+1","Dagger Spray","Deadly Poison","Infinite Blades","Dodge and Roll"],"relics":["Ring of the Snake","Anchor","Calipers","Matryoshka","The Specimen","TwistedFunnel"],"acts_visited":["Exordium"],"potions_floor_usage":[16],"damage_taken":[{"damage":1.0,"enemies":"Jaw Worm","floor":1.0,"turns":5.0},{"damage":0.0,"enemies":"Cultist","floor":3.0,"turns":3.0},{"damage":0.0,"enemies":"Small Slimes","floor":4.0,"turns":4.0},{"damage":14.0,"enemies":"Exordium Wildlife","floor":5.0,"turns":7.0},{"damage":5.0,"enemies":"3 Louse","floor":7.0,"turns":4.0},{"damage":28.0,"enemies":"Gremlin Nob","floor":8.0,"turns":5.0},{"damage":20.0,"enemies":"Lagavulin","floor":11.0,"turns":9.0},{"damage":0.0,"enemies":"Looter","floor":12.0,"turns":4.0},{"damage":14.0,"enemies":"3 Sentries","floor":13.0,"turns":9.0},{"damage":11,"enemies":"The Guardian","floor":16,"turns":5}],"seed_played":"8156724391746573292","potions_obtained":[{"floor":4.0,"key":"LiquidBronze"},{"floor":7.0,"key":"Regen Potion"},{"floor":11.0,"key":"BlessingOfTheForge"},{"floor":12.0,"key":"AttackPotion"}],"is_trial":false,"path_per_floor":["M","?","M","M","M","R","M","E","T","R","E","M","E","$","R","B"],"character_chosen":"THE_SILENT","items_purchased":["TwistedFunnel"],"campfire_rested":1,"item_purchase_floors":[14],"current_hp_per_floor":[58,58,58,58,44,44,39,25,25,44,24,24,10,10,10,0,0],"gold":30,"neow_bonus":"THREE_RARE_CARDS","is_daily":false,"chose_seed":false,"campfire_upgraded":2,"win_rate":0.0,"timestamp":1612643325,"path_taken":["M","?","M","?","M","R","M","E","T","R","E","M","E","$","R","BOSS"],"items_purchased_type":["Relic"],"build_version":"2020-12-22","purchased_purges":0,"victory":false,"max_hp_per_floor":[66,66,66,66,66,66,66,66,66,66,66,66,66,66,66,66,66],"relic_stats":{"counters":[10,55],"obtain_stats":[{"TwistedFunnel":14,"Anchor":8,"Calipers":9,"Matryoshka":11,"The Specimen":13,"Ring of the Snake":0},{"TwistedFunnel":9,"Anchor":6,"Calipers":6,"Matryoshka":7,"The Specimen":9,"Ring of the Snake":0},{"TwistedFunnel":50,"Anchor":28,"Calipers":28,"Matryoshka":37,"The Specimen":50,"Ring of the Snake":0}],"Ring of the Snake":[20]},"card_choices":[{"not_picked":["Night Terror","Envenom"],"picked":"After Image","floor":0.0},{"not_picked":["Deadly Poison","Well Laid Plans"],"picked":"Predator","floor":1.0},{"not_picked":["Flying Knee","Cloak And Dagger"],"picked":"Backflip","floor":3.0},{"not_picked":["Distraction","Acrobatics"],"picked":"Flying Knee","floor":4.0},{"not_picked":["Sucker Punch","Backflip"],"picked":"Footwork","floor":5.0},{"not_picked":["Choke","Slice"],"picked":"Dagger Spray","floor":7.0},{"not_picked":["PiercingWail","Storm of Steel"],"picked":"Deadly Poison","floor":8.0},{"not_picked":["Expertise","Bane","Deadly Poison"],"picked":"SKIP","floor":11.0},{"not_picked":["Bane","Flying Knee"],"picked":"Infinite Blades","floor":12.0},{"not_picked":["Calculated Gamble","Caltrops"],"picked":"Dodge and Roll","floor":13.0}],"player_experience":517960,"relics_obtained":[{"floor":8.0,"key":"Anchor"},{"floor":9.0,"key":"Calipers"},{"floor":11.0,"key":"Matryoshka"},{"floor":13.0,"key":"The Specimen"}],"event_choices":[{"damage_healed":0.0,"max_hp_gain":0.0,"max_hp_loss":0.0,"gold_gain":0.0,"event_name":"Accursed Blacksmith","player_choice":"Forge","floor":2.0,"gold_loss":0.0,"damage_taken":0.0,"cards_upgraded":["Predator"]}],"is_beta":false,"boss_relics":[],"items_purged_floors":[],"is_endless":false,"potions_floor_spawned":[4,7,11,12],"killed_by":"The Guardian","ascension_level":20}}