{"host":"tiwza2kisyyrpq7h","time":1612638987,"event":{"mods":["BaseMod","BetterRewards","Colored Powertips","Minty Spire (QoL Compilation)","Quick Restart","Rare Cards Sparkle","StSLib","SuperFastMode","The Servant 0.9.4","óô»ðÖ¸ÄÏ"],"gold_per_floor":[119,119,135,135,147,176,176,186,186,186,186,205,219,161,161,161,161],"floor_reached":16,"language":"ZHS","playtime":356,"items_purged":[],"score":204,"play_id":"26ba7239-7e84-4f13-a85f-bb0684a26ff7","local_time":"20210207031627","is_ascension_mode":true,"campfire_choices":[{"data":"Phantasmal Killer","floor":7.0,"key":"SMITH"},{"floor":11.0,"key":"REST"},{"data":"Calculated Gamble","floor":15.0,"key":"SMITH"}],"circlet_count":0,"master_deck":["AscendersBane","Strike_G","Strike_G","Strike_G","Defend_G","Defend_G","Defend_G","Defend_G+1","Defend_G","Survivor+1","Neutralize","Phantasmal Killer+1","All Out Attack","Dash","Outmaneuver","Terror","Escape Plan","Catalyst","Calculated Gamble+1","Bane"],"relics":["Ring of the Snake","Orichalcum","Matryoshka"],"acts_visited":["Exordium"],"potions_floor_usage":[16],"damage_taken":[{"damage":1.0,"enemies":"Small Slimes","floor":1.0,"turns":3.0},{"damage":0.0,"enemies":"2 Louse","floor":3.0,"turns":2.0},{"damage":0.0,"enemies":"Cultist","floor":5.0,"turns":3.0},{"damage":30.0,"enemies":"Gremlin Nob","floor":6.0,"turns":5.0},{"damage":2.0,"enemies":"Looter","floor":8.0,"turns":2.0},{"damage":7.0,"enemies":"Red Slaver","floor":12.0,"turns":5.0},{"damage":3.0,"enemies":"Gremlin Gang","floor":13.0,"turns":5.0},{"damage":0,"enemies":"The Guardian","floor":16,"turns":2}],"seed_played":"-6072898345824044431","potions_obtained":[{"floor":1.0,"key":"ColorlessPotion"},{"floor":3.0,"key":"Swift Potion"},{"floor":6.0,"key":"SpeedPotion"},{"floor":13.0,"key":"PowerPotion"}],"is_trial":false,"path_per_floor":["M","?","M","?","M","E","R","M","T","?","R","M","M","?","R","B"],"character_chosen":"THE_SILENT","items_purchased":[],"campfire_rested":1,"item_purchase_floors":[],"current_hp_per_floor":[58,51,51,33,33,3,3,1,1,1,19,12,9,9,9,9,9],"gold":161,"neow_bonus":"THREE_RARE_CARDS","is_daily":false,"chose_seed":false,"campfire_upgraded":2,"win_rate":0.0,"timestamp":1612638987,"path_taken":["M","?","M","?","M","E","R","M","T","?","R","?","M","?","R","BOSS"],"items_purchased_type":[],"build_version":"2020-12-22","purchased_purges":0,"victory":false,"max_hp_per_floor":[60,60,60,60,60,60,60,60,60,60,60,60,60,60,60,60,60],"card_choices":[{"not_picked":["Grand Finale","Tools of the Trade"],"picked":"Phantasmal Killer","floor":0.0},{"not_picked":["Prepared","Crippling Poison"],"picked":"All Out Attack","floor":1.0},{"not_picked":["Skewer","Acrobatics"],"picked":"Dash","floor":3.0},{"not_picked":["All Out Attack","Caltrops"],"picked":"Outmaneuver","floor":5.0},{"not_picked":["Sucker Punch","Prepared"],"picked":"Terror","floor":6.0},{"not_picked":["Malaise","Distraction"],"picked":"Escape Plan","floor":8.0},{"not_picked":["Deadly Poison","Distraction"],"picked":"Calculated Gamble","floor":12.0},{"not_picked":["Dagger Spray","Cloak And Dagger"],"picked":"Bane","floor":13.0}],"player_experience":971010,"relics_obtained":[{"floor":6.0,"key":"Orichalcum"},{"floor":9.0,"key":"Matryoshka"}],"event_choices":[{"cards_removed":["Strike_G"],"damage_healed":0.0,"max_hp_gain":0.0,"max_hp_loss":0.0,"gold_gain":0.0,"event_name":"Golden Wing","player_choice":"Card Removal","floor":2.0,"gold_loss":0.0,"damage_taken":7.0},{"damage_healed":0.0,"max_hp_gain":0.0,"max_hp_loss":0.0,"gold_gain":0.0,"event_name":"Shining Light","player_choice":"Entered Light","floor":4.0,"gold_loss":0.0,"damage_taken":18.0,"cards_upgraded":["Defend_G","Survivor"]},{"damage_healed":0.0,"max_hp_gain":0.0,"max_hp_loss":0.0,"gold_gain":0.0,"cards_transformed":["Strike_G"],"event_name":"Transmorgrifier","player_choice":"Transformed","floor":10.0,"gold_loss":0.0,"damage_taken":0.0,"cards_obtained":["Catalyst"]},{"damage_healed":0.0,"max_hp_gain":0.0,"max_hp_loss":0.0,"gold_gain":0.0,"event_name":"World of Goop","player_choice":"Left Gold","floor":14.0,"gold_loss":58.0,"damage_taken":0.0}],"is_beta":false,"boss_relics":[],"items_purged_floors":[],"is_endless":false,"potions_floor_spawned":[1,3,6,13],"killed_by":"The Guardian","ascension_level":20}}