{"host":"rx3fqeecbcmic2ko","time":1612586413,"event":{"mods":["BaseMod","Better Sensory Stone","Disable Question Mark Monsters","Energized Spire","Hyrulean Relics","Minty Spire (QoL Compilation)","Quick Restart","Relic Filter","Small Relic Pack","StSLib","The Wild Card"],"gold_per_floor":[118,131,131,106,106,106,140,157,180,180,104,116,116,131,131,234,234,250,250,262,278,288,288,288,288,288,388,402,419,419,436,436,532,532,545,555,605,458,458,458,804,804,831,845,845,845],"floor_reached":45,"language":"ENG","playtime":1441,"items_purged":[],"score":465,"play_id":"f76943e7-8994-4329-baa0-a71e1bb83754","local_time":"20210205234013","is_ascension_mode":false,"campfire_choices":[{"floor":10,"key":"REST"},{"data":"theWildCard:Michael","floor":13,"key":"SMITH"},{"data":"Infinite Blades","floor":15,"key":"SMITH"},{"floor":23,"key":"REST"},{"floor":25,"key":"REST"},{"floor":30,"key":"REST"},{"floor":32,"key":"REST"},{"floor":40,"key":"REST"},{"floor":42,"key":"REST"}],"circlet_count":0,"master_deck":["Strike_G","Strike_G","Strike_G","Strike_G","Strike_G","Defend_G","Defend_G","Defend_G","Defend_G","Defend_G","Survivor","Blade Dance","theWildCard:Michael+1","Leg Sweep","Accuracy+1","Noxious Fumes","Deflect","Infinite Blades+1","After Image","relicPack:ZaWorld","Catalyst+1","Blur+1","Deflect","Blade Dance+1","Adrenaline","Poisoned Stab","Choke","Dagger Spray+1","Poisoned Stab+1"],"relics":["Ring of the Snake","NeowsBlessing","relicPack:AllForOne","Peace Pipe","Bag of Preparation","relicPack:StarArrow","Darkstone Periapt","Fusion Hammer","Bird Faced Urn","Vajra","Old Coin","Smiling Mask"],"acts_visited":["Exordium","TheCity","TheBeyond"],"potions_floor_usage":[16,20,20,20,22,22,41,41],"damage_taken":[{"damage":0,"enemies":"2 Louse","floor":1,"turns":1},{"damage":0,"enemies":"Small Slimes","floor":2,"turns":1},{"damage":0,"enemies":"Gremlin Nob","floor":7,"turns":1},{"damage":1,"enemies":"Jaw Worm","floor":8,"turns":3},{"damage":7,"enemies":"Looter","floor":12,"turns":2},{"damage":2,"enemies":"Exordium Thugs","floor":14,"turns":3},{"damage":38,"enemies":"The Guardian","floor":16,"turns":10},{"damage":10,"enemies":"Spheric Guardian","floor":18,"turns":5},{"damage":4,"enemies":"2 Thieves","floor":20,"turns":4},{"damage":34,"enemies":"Chosen and Byrds","floor":21,"turns":8},{"damage":8,"enemies":"Snecko","floor":22,"turns":4},{"damage":3,"enemies":"Centurion and Healer","floor":28,"turns":6},{"damage":17,"enemies":"Snake Plant","floor":29,"turns":5},{"damage":5,"enemies":"Chosen and Byrds","floor":31,"turns":5},{"damage":66,"enemies":"Collector","floor":33,"turns":11},{"damage":30,"enemies":"3 Darklings","floor":35,"turns":5},{"damage":16,"enemies":"Orb Walker","floor":36,"turns":3},{"damage":0,"enemies":"Mind Bloom Boss Battle","floor":37,"turns":6},{"damage":31,"enemies":"2 Orb Walkers","floor":41,"turns":4},{"damage":37,"enemies":"Spire Growth","floor":44,"turns":5},{"damage":17,"enemies":"Jaw Worm Horde","floor":45,"turns":1}],"seed_played":"7926499080608046101","potions_obtained":[{"floor":7,"key":"Block Potion"},{"floor":8,"key":"SteroidPotion"},{"floor":14,"key":"Poison Potion"},{"floor":18,"key":"EntropicBrew"},{"floor":21,"key":"DistilledChaos"},{"floor":29,"key":"Block Potion"},{"floor":35,"key":"AttackPotion"}],"is_trial":false,"path_per_floor":["M","M","?","?","?","?","E","M","T","R","$","M","R","M","R","B",null,"M","?","M","M","M","R","?","R","T","?","M","M","R","M","R","B",null,"M","M","?","$","?","R","?","R","T","M","M"],"character_chosen":"THE_SILENT","items_purchased":["Noxious Fumes","Vajra"],"campfire_rested":7,"item_purchase_floors":[11,38],"current_hp_per_floor":[70,70,70,70,70,70,70,69,69,70,70,63,63,61,61,23,70,60,60,56,22,14,35,35,56,56,56,53,36,57,52,70,4,70,40,24,24,24,24,45,20,41,41,10,0,0],"gold":845,"neow_bonus":"THREE_ENEMY_KILL","is_daily":false,"chose_seed":false,"campfire_upgraded":2,"win_rate":0.0,"timestamp":1612586413,"path_taken":["M","M","?","?","?","?","E","M","T","R","?","M","R","M","R","BOSS","M","?","?","M","M","R","?","R","T","?","M","M","R","?","R","BOSS","M","M","?","$","?","R","?","R","T","M","M"],"items_purchased_type":["Card","Relic"],"build_version":"2020-12-22","purchased_purges":0,"victory":false,"max_hp_per_floor":[70,70,70,70,70,70,70,70,70,70,70,70,70,70,70,70,70,70,70,70,70,70,70,70,70,70,70,70,70,70,70,70,70,70,70,70,70,70,70,70,70,70,70,70,70,70],"card_choices":[{"not_picked":["Prepared","Backflip","Acrobatics"],"picked":"SKIP","floor":1},{"not_picked":["Underhanded Strike","Dagger Throw"],"picked":"Blade Dance","floor":2},{"not_picked":["Bullet Time","Malaise"],"picked":"Leg Sweep","floor":7},{"not_picked":["Crippling Poison","Bane"],"picked":"Accuracy","floor":8},{"not_picked":["Eviscerate","Outmaneuver"],"picked":"Deflect","floor":12},{"not_picked":["Flying Knee","Endless Agony"],"picked":"Infinite Blades","floor":14},{"not_picked":["Doppelganger","Burst"],"picked":"After Image","floor":16},{"not_picked":["Eviscerate+1","Cloak And Dagger"],"picked":"Catalyst+1","floor":18},{"not_picked":["Heel Hook","Flying Knee","Skewer"],"picked":"SKIP","floor":20},{"not_picked":["Terror+1","Masterful Stab"],"picked":"Blur+1","floor":21},{"not_picked":["Terror","Underhanded Strike"],"picked":"Deflect","floor":22},{"not_picked":["Acrobatics","Bane"],"picked":"Blade Dance+1","floor":28},{"not_picked":["Flying Knee+1","Masterful Stab","Quick Slash+1"],"picked":"SKIP","floor":29},{"not_picked":["Skewer+1","Caltrops","Catalyst"],"picked":"SKIP","floor":31},{"not_picked":["After Image","Venomology"],"picked":"Adrenaline","floor":33},{"not_picked":["Deadly Poison","Quick Slash+1"],"picked":"Poisoned Stab","floor":35},{"not_picked":["Setup+1","Outmaneuver"],"picked":"Choke","floor":36},{"not_picked":["Expertise+1","Noxious Fumes+1"],"picked":"Dagger Spray+1","floor":37},{"not_picked":["Concentrate+1","Caltrops+1"],"picked":"Poisoned Stab+1","floor":41},{"not_picked":["Corpse Explosion","Expertise","Poisoned Stab"],"picked":"SKIP","floor":44}],"player_experience":94881,"relics_obtained":[{"floor":7,"key":"Peace Pipe"},{"floor":9,"key":"Bag of Preparation"},{"floor":26,"key":"Darkstone Periapt"},{"floor":37,"key":"Bird Faced Urn"},{"floor":41,"key":"Old Coin"},{"floor":43,"key":"Smiling Mask"}],"event_choices":[{"damage_healed":0,"gold_gain":0,"player_choice":"Left Gold","damage_taken":0,"max_hp_gain":0,"max_hp_loss":0,"event_name":"World of Goop","floor":4,"gold_loss":25},{"damage_healed":0,"gold_gain":0,"player_choice":"Ignored","damage_taken":0,"max_hp_gain":0,"max_hp_loss":0,"event_name":"Golden Wing","floor":5,"gold_loss":0},{"damage_healed":0,"gold_gain":0,"player_choice":"Forge","damage_taken":0,"max_hp_gain":0,"max_hp_loss":0,"event_name":"Accursed Blacksmith","floor":19,"gold_loss":0,"cards_upgraded":["Accuracy"]},{"damage_healed":0,"gold_gain":0,"player_choice":"Ignored","damage_taken":0,"max_hp_gain":0,"max_hp_loss":0,"event_name":"The Mausoleum","floor":24,"gold_loss":0},{"damage_healed":0,"gold_gain":100,"player_choice":"Pray","damage_taken":0,"max_hp_gain":0,"max_hp_loss":0,"event_name":"Golden Shrine","floor":27,"gold_loss":0},{"damage_healed":0,"gold_gain":0,"player_choice":"Fight","damage_taken":0,"max_hp_gain":0,"max_hp_loss":0,"event_name":"MindBloom","floor":37,"gold_loss":0},{"cards_removed":["Neutralize"],"damage_healed":0,"gold_gain":0,"player_choice":"Removed Attack","damage_taken":0,"max_hp_gain":0,"max_hp_loss":0,"event_name":"Falling","floor":39,"gold_loss":0},{"damage_healed":0,"gold_gain":0,"player_choice":"Fight","damage_taken":0,"max_hp_gain":0,"max_hp_loss":0,"event_name":"Mysterious Sphere","floor":41,"gold_loss":0}],"is_beta":false,"boss_relics":[{"not_picked":["relicPack:ShieldShield","energizedSpire:StickyHand"],"picked":"relicPack:StarArrow"},{"not_picked":["energizedSpire:DeadBattery","energizedSpire:RedRose"],"picked":"Fusion Hammer"}],"items_purged_floors":[],"is_endless":false,"potions_floor_spawned":[7,8,14,18,21,29,35],"killed_by":"Jaw Worm Horde","ascension_level":0}}