{"host":"rw1trt79hfpl7pom","time":1612596904,"event":{"mods":["BaseMod","Bestiary","Colored Map","Jorbs\u0027s Wanderer Trilogy","Minty Spire (QoL Compilation)","Relic Stats","StSLib","SuperFastMode"],"gold_per_floor":[110,110,128,3,3,35,35,69,149,149,181,181,201,213,213,285,285,305,21,21,40,52,52,52,87,87,122,122,150,150,160,160,239,239,250,264,264,264,3,34,51,51,51,86,116,141,168,218,218,218,218,218],"floor_reached":51,"language":"ENG","playtime":4387,"items_purged":["Strike_R"],"score":2074,"play_id":"1848f7d0-0ded-4a65-85d1-b8144ff83a7b","local_time":"20210205233504","is_ascension_mode":true,"campfire_choices":[{"floor":7,"key":"REST"},{"floor":10,"key":"REST"},{"floor":12,"key":"REST"},{"data":"Demon Form","floor":15,"key":"SMITH"},{"floor":23,"key":"REST"},{"floor":28,"key":"REST"},{"floor":32,"key":"REST"},{"floor":42,"key":"REST"},{"floor":49,"key":"RECALL"}],"circlet_count":0,"master_deck":["AscendersBane","Strike_R","Strike_R","Defend_R","Defend_R","Defend_R","Defend_R","Bash","Armaments","Metallicize","Headbutt","Inflame","Carnage","Power Through","Demon Form+1","Thunderclap","Limit Break","Battle Trance","Necronomicurse","Flame Barrier","Offering","Rupture","Headbutt","Offering","Shrug It Off","Dark Embrace","Second Wind+1","Heavy Blade","Disarm","Feel No Pain"],"relics":["Burning Blood","Champion Belt","Art of War","The Courier","Paper Frog","Happy Flower","SlaversCollar","Magic Flower","Necronomicon","Torii","Blue Candle","WingedGreaves","Orichalcum","Snecko Eye","Potion Belt","Sundial","Bronze Scales","Prayer Wheel","Toy Ornithopter"],"acts_visited":["Exordium","TheCity","TheBeyond"],"potions_floor_usage":[6,11,22,25,25,35,44,45,50,50,50],"damage_taken":[{"damage":3,"enemies":"Cultist","floor":1,"turns":4},{"damage":11,"enemies":"Jaw Worm","floor":3,"turns":9},{"damage":25,"enemies":"Lagavulin","floor":6,"turns":5},{"damage":27,"enemies":"3 Sentries","floor":8,"turns":13},{"damage":38,"enemies":"Gremlin Nob","floor":11,"turns":5},{"damage":0,"enemies":"Small Slimes","floor":13,"turns":4},{"damage":12,"enemies":"Exordium Wildlife","floor":14,"turns":4},{"damage":20,"enemies":"Slime Boss","floor":16,"turns":8},{"damage":11,"enemies":"Shell Parasite","floor":18,"turns":6},{"damage":7,"enemies":"Spheric Guardian","floor":21,"turns":5},{"damage":32,"enemies":"Cultist and Chosen","floor":22,"turns":6},{"damage":0,"enemies":"Book of Stabbing","floor":25,"turns":3},{"damage":19,"enemies":"Gremlin Leader","floor":27,"turns":5},{"damage":22,"enemies":"Book of Stabbing","floor":29,"turns":5},{"damage":25,"enemies":"Centurion and Healer","floor":31,"turns":5},{"damage":34,"enemies":"Automaton","floor":33,"turns":6},{"damage":16,"enemies":"3 Darklings","floor":35,"turns":3},{"damage":1,"enemies":"3 Shapes","floor":36,"turns":4},{"damage":22,"enemies":"Reptomancer","floor":40,"turns":5},{"damage":42,"enemies":"Spire Growth","floor":41,"turns":6},{"damage":15,"enemies":"Nemesis","floor":44,"turns":3},{"damage":13,"enemies":"Reptomancer","floor":45,"turns":6},{"damage":0,"enemies":"Mind Bloom Boss Battle","floor":46,"turns":5},{"damage":27,"enemies":"Giant Head","floor":47,"turns":6},{"damage":35,"enemies":"Awakened One","floor":50,"turns":7},{"damage":19,"enemies":"Donu and Deca","floor":51,"turns":1}],"seed_played":"-3231627326775639096","potions_obtained":[{"floor":3,"key":"DuplicationPotion"},{"floor":8,"key":"Block Potion"},{"floor":14,"key":"Strength Potion"},{"floor":18,"key":"FearPotion"},{"floor":21,"key":"DistilledChaos"},{"floor":22,"key":"BlessingOfTheForge"},{"floor":27,"key":"GamblersBrew"},{"floor":33,"key":"LiquidBronze"},{"floor":36,"key":"CultistPotion"},{"floor":41,"key":"LiquidMemories"},{"floor":44,"key":"DuplicationPotion"},{"floor":47,"key":"Ancient Potion"}],"is_trial":false,"path_per_floor":["M","?","M","$","?","E","R","E","T","R","E","R","M","M","R","B",null,"M","$","?","M","M","R","?","E","T","E","R","E","?","M","R","B",null,"M","M","?","?","$","E","M","R","T","E","E","?","E","?","R","B","B"],"character_chosen":"IRONCLAD","items_purchased":["Inflame","Carnage","Magic Flower","Battle Trance","Dark Embrace","Potion Belt"],"campfire_rested":7,"item_purchase_floors":[4,4,19,19,39,39],"current_hp_per_floor":[53,53,48,48,41,22,44,23,23,45,13,35,41,35,35,21,62,57,57,36,38,15,37,37,46,46,36,58,45,45,29,51,26,63,56,64,64,64,64,51,18,39,39,33,29,38,20,20,20,18,0,0],"gold":218,"neow_bonus":"ONE_RARE_RELIC","is_daily":false,"chose_seed":false,"campfire_upgraded":1,"win_rate":0.0,"timestamp":1612596904,"path_taken":["M","?","M","$","?","E","R","E","T","R","E","R","M","M","R","BOSS","M","$","?","M","M","R","?","E","T","E","R","E","?","M","R","BOSS","M","M","?","?","$","E","M","R","T","E","E","?","E","?","R","BOSS","BOSS"],"items_purchased_type":["Card","Card","Relic","Card","Card","Relic"],"build_version":"2020-12-22","purchased_purges":1,"victory":false,"max_hp_per_floor":[75,75,75,75,75,75,75,75,75,75,75,75,75,75,75,75,75,75,75,75,75,75,75,75,75,75,75,75,75,75,75,75,75,75,75,75,71,71,71,71,71,71,71,71,71,71,71,71,71,71,71,71],"relic_stats":{"Happy Flower":[34],"Torii":47,"counters":[26,139],"Blue Candle":[0],"Magic Flower":[57],"Orichalcum":[96],"Burning Blood":198,"Sundial":[4],"Bronze Scales":[74],"Snecko Eye":[108,90,83,88],"Prayer Wheel":0,"Art of War":[16],"Necronomicon":[37],"Champion Belt":[73],"obtain_stats":[{"Potion Belt":39,"Happy Flower":11,"Torii":25,"Blue Candle":26,"Magic Flower":19,"The Courier":8,"Orichalcum":29,"Burning Blood":0,"SlaversCollar":17,"Sundial":44,"Bronze Scales":45,"Snecko Eye":34,"Prayer Wheel":46,"WingedGreaves":27,"Art of War":6,"Necronomicon":20,"Champion Belt":0,"Toy Ornithopter":47,"Paper Frog":9},{"Potion Belt":18,"Happy Flower":5,"Torii":12,"Blue Candle":12,"Magic Flower":9,"The Courier":4,"Orichalcum":14,"Burning Blood":0,"SlaversCollar":8,"Sundial":21,"Bronze Scales":22,"Snecko Eye":16,"Prayer Wheel":23,"WingedGreaves":13,"Art of War":3,"Necronomicon":9,"Champion Belt":0,"Toy Ornithopter":24,"Paper Frog":4},{"Potion Belt":100,"Happy Flower":36,"Torii":72,"Blue Candle":72,"Magic Flower":58,"The Courier":31,"Orichalcum":82,"Burning Blood":0,"SlaversCollar":52,"Sundial":114,"Bronze Scales":120,"Snecko Eye":93,"Prayer Wheel":125,"WingedGreaves":77,"Art of War":18,"Necronomicon":58,"Champion Belt":0,"Toy Ornithopter":131,"Paper Frog":31}],"Toy Ornithopter":24},"card_choices":[{"not_picked":["Cleave","Anger"],"picked":"Armaments","floor":1},{"not_picked":["Perfected Strike","Clothesline"],"picked":"Headbutt","floor":3},{"not_picked":["Anger","Entrench"],"picked":"Power Through","floor":6},{"not_picked":["Havoc","Rampage","Body Slam"],"picked":"SKIP","floor":8},{"not_picked":["Dual Wield","Juggernaut"],"picked":"Demon Form","floor":11},{"not_picked":["Cleave","Wild Strike","Ghostly Armor"],"picked":"SKIP","floor":13},{"not_picked":["Warcry","Headbutt"],"picked":"Thunderclap","floor":14},{"not_picked":["Bludgeon","Brutality"],"picked":"Limit Break","floor":16},{"not_picked":["Iron Wave","Cleave","Clothesline"],"picked":"SKIP","floor":18},{"not_picked":["Clash+1","Reckless Charge","Pommel Strike"],"picked":"SKIP","floor":21},{"not_picked":["Ghostly Armor","Warcry"],"picked":"Cleave","floor":22},{"not_picked":["Headbutt","Blood for Blood"],"picked":"Flame Barrier","floor":25},{"not_picked":["Rage","Cleave"],"picked":"Offering","floor":27},{"not_picked":["Perfected Strike","Burning Pact"],"picked":"Rupture","floor":29},{"not_picked":["Armaments","Rampage"],"picked":"Headbutt","floor":31},{"not_picked":["Immolate","Fiend Fire"],"picked":"Offering","floor":33},{"not_picked":["Perfected Strike","Wild Strike+1","Sentinel"],"picked":"SKIP","floor":35},{"not_picked":["Iron Wave+1","Warcry"],"picked":"Shrug It Off","floor":36},{"not_picked":["Blood for Blood","Pummel","Fire Breathing"],"picked":"SKIP","floor":40},{"not_picked":["Dropkick+1","Havoc"],"picked":"Second Wind+1","floor":41},{"not_picked":["Entrench+1","Ghostly Armor+1"],"picked":"Heavy Blade","floor":44},{"not_picked":["Wild Strike+1","Flex","Clash"],"picked":"SKIP","floor":45},{"not_picked":["Pommel Strike","Warcry"],"picked":"Disarm","floor":46},{"not_picked":["Berserk","Sword Boomerang"],"picked":"Feel No Pain","floor":47}],"player_experience":2598642,"relics_obtained":[{"floor":6,"key":"Art of War"},{"floor":8,"key":"The Courier"},{"floor":9,"key":"Paper Frog"},{"floor":11,"key":"Happy Flower"},{"floor":20,"key":"Necronomicon"},{"floor":25,"key":"Torii"},{"floor":26,"key":"Blue Candle"},{"floor":27,"key":"WingedGreaves"},{"floor":29,"key":"Orichalcum"},{"floor":44,"key":"Sundial"},{"floor":45,"key":"Bronze Scales"},{"floor":46,"key":"Prayer Wheel"},{"floor":47,"key":"Toy Ornithopter"}],"event_choices":[{"damage_healed":0,"gold_gain":0,"cards_transformed":["Strike_R"],"player_choice":"Change","damage_taken":0,"max_hp_gain":0,"max_hp_loss":0,"event_name":"Living Wall","floor":2,"gold_loss":0,"cards_obtained":["Metallicize"]},{"cards_removed":["Strike_R"],"damage_healed":0,"gold_gain":0,"player_choice":"Card Removal","damage_taken":7,"max_hp_gain":0,"max_hp_loss":0,"event_name":"Golden Wing","floor":5,"gold_loss":0},{"damage_healed":0,"gold_gain":0,"player_choice":"Obtained Book","damage_taken":21,"max_hp_gain":0,"max_hp_loss":0,"event_name":"Cursed Tome","floor":20,"gold_loss":0},{"damage_healed":0,"gold_gain":0,"player_choice":"Ignored","damage_taken":0,"max_hp_gain":0,"max_hp_loss":0,"event_name":"Vampires","floor":30,"gold_loss":0},{"damage_healed":0,"gold_gain":0,"player_choice":"Max HP","damage_taken":0,"max_hp_gain":0,"max_hp_loss":4,"event_name":"Winding Halls","floor":37,"gold_loss":0},{"cards_removed":["Cleave"],"damage_healed":0,"gold_gain":0,"player_choice":"Removed Attack","damage_taken":0,"max_hp_gain":0,"max_hp_loss":0,"event_name":"Falling","floor":38,"gold_loss":0},{"damage_healed":0,"gold_gain":0,"player_choice":"Fight","damage_taken":0,"max_hp_gain":0,"max_hp_loss":0,"event_name":"MindBloom","floor":46,"gold_loss":0},{"damage_healed":0,"gold_gain":50,"player_choice":"Pray","damage_taken":0,"max_hp_gain":0,"max_hp_loss":0,"event_name":"Golden Shrine","floor":48,"gold_loss":0}],"is_beta":false,"boss_relics":[{"not_picked":["SacredBark","Astrolabe"],"picked":"SlaversCollar"},{"not_picked":["Tiny House","Coffee Dripper"],"picked":"Snecko Eye"}],"items_purged_floors":[39],"is_endless":false,"potions_floor_spawned":[3,8,14,18,21,22,27,33,36,41,44,47],"killed_by":"Donu and Deca","ascension_level":20}}