{"host":"2zjdcgw4be5n15ja","time":1612623159,"event":{"mods":["AchievementEnabler","BaseMod","Better Skull","Better Third Choice","BetterRewards","Block Reminder","Hermit","Marisa????????","Minty Spire (QoL Compilation)","Poor People Problems","Quick Restart","Rare Cards Sparkle","Reimu??????","Relic Stats","Reliquary","StSLib","The Runesmith","The Senshi","TheFirefly","Yakumo Yukari mod"],"gold_per_floor":[115,115,190,190,190,216,227,227,227,258,270,297,136,154,154,259,259,300,300,374,334,28,28,28,362,362,380,380,380,20,32,32,127,127,143,153,153,153],"floor_reached":37,"language":"ENG","playtime":2601,"items_purged":[],"score":474,"play_id":"0fb8a1de-b516-4157-8707-ca6294fab224","local_time":"20210207035239","is_ascension_mode":true,"campfire_choices":[{"floor":8,"key":"RECALL"},{"data":"BattleHymn","floor":15,"key":"SMITH"},{"data":"Devotion","floor":23,"key":"SMITH"},{"floor":28,"key":"REST"},{"data":"Thinking Ahead","floor":32,"key":"SMITH"}],"circlet_count":0,"master_deck":["Strike_P","Strike_P","Strike_P","Strike_P","Defend_P","Defend_P","Defend_P","Defend_P","Eruption","Vigilance","ReachHeaven","FlurryOfBlows","Tantrum","DeusExMachina","Crescendo","Pray","BattleHymn+1","TalkToTheHand","EmptyFist","Devotion+1","CurseOfTheBell","Prostrate","Brilliance","Prostrate","Thinking Ahead+1","Wallop","Devotion+1","LikeWater","EmptyFist","Study","FlurryOfBlows","WheelKick","FlurryOfBlows","Brilliance","Worship+1","Crescendo+1"],"relics":["PureWater","Blood Vial","theSenshi:FeatherClipsRelic","InkBottle","Bronze Scales","Happy Flower","Question Card","Calling Bell","reliquary:Dhvaja","MealTicket","Pantograph","ZunR:ReiMu","Old Coin","Runesmith:Nanobots","Art of War","Fusion Hammer"],"acts_visited":["Exordium","TheCity","TheBeyond"],"potions_floor_usage":[10,10,11,25,25,33,33,35,37],"damage_taken":[{"damage":1,"enemies":"2 Louse","floor":1,"turns":2},{"damage":0,"enemies":"Gremlin Nob","floor":6,"turns":2},{"damage":1,"enemies":"Jaw Worm","floor":7,"turns":2},{"damage":7,"enemies":"3 Sentries","floor":10,"turns":5},{"damage":0,"enemies":"Small Slimes","floor":11,"turns":1},{"damage":8,"enemies":"Gremlin Nob","floor":12,"turns":3},{"damage":7,"enemies":"2 Fungi Beasts","floor":14,"turns":2},{"damage":40,"enemies":"Hexaghost","floor":16,"turns":4},{"damage":15,"enemies":"3 Byrds","floor":18,"turns":3},{"damage":32,"enemies":"Gremlin Leader","floor":25,"turns":4},{"damage":4,"enemies":"Shell Parasite","floor":27,"turns":4},{"damage":7,"enemies":"Snecko","floor":31,"turns":4},{"damage":57,"enemies":"Automaton","floor":33,"turns":6},{"damage":14,"enemies":"3 Darklings","floor":35,"turns":3},{"damage":20,"enemies":"3 Shapes","floor":36,"turns":4},{"damage":68,"enemies":"Orin","floor":37,"turns":5}],"seed_played":"-3641530360962864867","potions_obtained":[{"floor":0,"key":"Energy Potion"},{"floor":0,"key":"CultistPotion"},{"floor":0,"key":"Block Potion"},{"floor":1,"key":"Ancient Potion"},{"floor":7,"key":"SkillPotion"},{"floor":16,"key":"LiquidMemories"},{"floor":18,"key":"GamblersBrew"},{"floor":27,"key":"SpeedPotion"},{"floor":33,"key":"PanachePotion"},{"floor":35,"key":"SneckoOil"}],"is_trial":false,"path_per_floor":["M","?","?","?","?","E","M","R","T","E","M","E","$","M","R","B",null,"M","?","T","?","$","R","?","E","T","M","R","?","$","M","R","B",null,"M","M","?"],"character_chosen":"WATCHER","items_purchased":["BattleHymn","TalkToTheHand","EmptyFist","Prostrate","Thinking Ahead","Wallop","Study","FlurryOfBlows","WheelKick","BottledMiracle","Art of War"],"campfire_rested":1,"item_purchase_floors":[13,13,13,22,22,22,30,30,30,30,30],"current_hp_per_floor":[71,68,57,57,50,58,65,65,65,66,72,70,70,71,71,38,72,63,63,63,63,72,72,72,46,46,50,71,82,82,81,81,31,82,74,62,0,0],"gold":153,"neow_bonus":"THREE_SMALL_POTIONS","is_daily":false,"chose_seed":false,"campfire_upgraded":3,"win_rate":0.0,"timestamp":1612623159,"path_taken":["M","?","?","?","?","E","M","R","T","E","M","E","?","M","R","BOSS","M","?","?","?","$","R","?","E","T","?","R","?","$","?","R","BOSS","M","M","?"],"items_purchased_type":["Card","Card","Card","Card","Card","Card","Card","Card","Card","Potion","Relic"],"build_version":"2020-12-22","purchased_purges":0,"victory":false,"max_hp_per_floor":[72,72,72,72,72,72,72,72,72,72,72,72,72,72,72,72,72,72,72,72,72,72,72,72,72,72,72,72,82,82,82,82,82,82,82,82,82,82],"relic_stats":{"Blood Vial":17,"Happy Flower":[14],"counters":[16,54],"Bronze Scales":[205],"Pantograph":1,"MealTicket":9,"Art of War":[0],"Question Card":10,"obtain_stats":[{"Runesmith:Nanobots":26,"Happy Flower":10,"ZunR:ReiMu":21,"theSenshi:FeatherClipsRelic":4,"Question Card":12,"reliquary:Dhvaja":17,"Old Coin":25,"Blood Vial":2,"Calling Bell":17,"Bronze Scales":9,"Pantograph":17,"MealTicket":17,"Fusion Hammer":34,"Art of War":30,"PureWater":0,"InkBottle":6},{"Runesmith:Nanobots":10,"Happy Flower":4,"ZunR:ReiMu":9,"theSenshi:FeatherClipsRelic":1,"Question Card":6,"reliquary:Dhvaja":8,"Old Coin":10,"Blood Vial":1,"Calling Bell":8,"Bronze Scales":3,"Pantograph":8,"MealTicket":8,"Fusion Hammer":13,"Art of War":11,"PureWater":0,"InkBottle":2},{"Runesmith:Nanobots":28,"Happy Flower":11,"ZunR:ReiMu":24,"theSenshi:FeatherClipsRelic":2,"Question Card":15,"reliquary:Dhvaja":21,"Old Coin":28,"Blood Vial":2,"Calling Bell":21,"Bronze Scales":6,"Pantograph":21,"MealTicket":21,"Fusion Hammer":42,"Art of War":32,"PureWater":0,"InkBottle":4}],"InkBottle":[24]},"card_choices":[{"not_picked":["ThirdEye","TalkToTheHand"],"picked":"ReachHeaven","floor":1},{"not_picked":["PathToVictory","FearNoEvil"],"picked":"FlurryOfBlows","floor":6},{"not_picked":["Fasting2","JustLucky"],"picked":"Tantrum","floor":7},{"not_picked":["WreathOfFlame","ClearTheMind"],"picked":"DeusExMachina","floor":10},{"not_picked":["EmptyFist","Perseverance"],"picked":"Crescendo","floor":11},{"not_picked":["PathToVictory","ThirdEye"],"picked":"Pray","floor":12},{"not_picked":["Halt","EmptyFist","SashWhip"],"picked":"Wish","floor":14},{"not_picked":["Establishment","LessonLearned","Vault"],"picked":"Devotion","floor":16},{"not_picked":["CrushJoints","FlurryOfBlows+1","Collect+1"],"picked":"Prostrate","floor":18},{"not_picked":["ForeignInfluence","SpiritShield","FearNoEvil"],"picked":"LikeWater","floor":25},{"not_picked":["DeceiveReality","Collect","BowlingBash+1"],"picked":"EmptyFist","floor":27},{"not_picked":["CrushJoints","LikeWater","Wireheading"],"picked":"FlurryOfBlows","floor":31},{"not_picked":["MasterReality","ConjureBlade","DeusExMachina"],"picked":"Brilliance","floor":33},{"not_picked":["EmptyBody+1","ClearTheMind","FlyingSleeves"],"picked":"Worship+1","floor":35},{"not_picked":["DeceiveReality","FollowUp","Indignation"],"picked":"Crescendo+1","floor":36}],"player_experience":404692,"relics_obtained":[{"floor":6,"key":"InkBottle"},{"floor":9,"key":"Bronze Scales"},{"floor":10,"key":"Happy Flower"},{"floor":12,"key":"Question Card"},{"floor":17,"key":"reliquary:Dhvaja"},{"floor":17,"key":"MealTicket"},{"floor":17,"key":"Pantograph"},{"floor":25,"key":"Old Coin"},{"floor":26,"key":"Runesmith:Nanobots"}],"event_choices":[{"damage_healed":0,"gold_gain":0,"player_choice":"Relic ","damage_taken":3,"max_hp_gain":0,"max_hp_loss":0,"event_name":"betterThird:BetterScrap","floor":2,"gold_loss":0,"cards_obtained":["Power Through"]},{"damage_healed":0,"gold_gain":75,"player_choice":"Gold","damage_taken":11,"max_hp_gain":0,"max_hp_loss":0,"event_name":"betterThird:BetterGoop","floor":3,"gold_loss":0},{"damage_healed":0,"gold_gain":0,"player_choice":"Box","damage_taken":0,"relics_obtained":["theSenshi:FeatherClipsRelic"],"max_hp_gain":0,"max_hp_loss":0,"event_name":"Big Fish","floor":4,"gold_loss":0,"cards_obtained":["Regret"]},{"cards_removed":["Regret"],"damage_healed":0,"gold_gain":0,"player_choice":"Card Removal","damage_taken":7,"max_hp_gain":0,"max_hp_loss":0,"event_name":"Golden Wing","floor":5,"gold_loss":0},{"damage_healed":0,"gold_gain":0,"player_choice":"Read","damage_taken":0,"max_hp_gain":0,"max_hp_loss":0,"event_name":"The Library","floor":19,"gold_loss":0,"cards_obtained":["Brilliance"]},{"damage_healed":0,"gold_gain":0,"player_choice":"Keep O-miki","damage_taken":0,"relics_obtained":["ZunR:ReiMu"],"max_hp_gain":0,"max_hp_loss":0,"event_name":"ZunEvent","floor":21,"gold_loss":40},{"damage_healed":0,"gold_gain":0,"player_choice":"Copied","damage_taken":0,"max_hp_gain":0,"max_hp_loss":0,"event_name":"Duplicator","floor":24,"gold_loss":0,"cards_obtained":["Devotion"]},{"cards_removed":["Wish"],"damage_healed":1,"gold_gain":0,"player_choice":"Offered Rare","damage_taken":0,"max_hp_gain":10,"max_hp_loss":0,"event_name":"Bonfire Elementals","floor":29,"gold_loss":0},{"damage_healed":0,"gold_gain":0,"player_choice":"Fight","damage_taken":0,"max_hp_gain":0,"max_hp_loss":0,"event_name":"OrinTheCat","floor":37,"gold_loss":0}],"is_beta":false,"boss_relics":[{"not_picked":["Tiny House","reliquary:WritOfMandamus"],"picked":"Calling Bell"},{"not_picked":["Runesmith:UraniumAnvil","Runic Dome"],"picked":"Fusion Hammer"}],"items_purged_floors":[],"is_endless":false,"potions_floor_spawned":[1,7,16,18,27,33,35],"killed_by":"Orin","ascension_level":1}}