{"host":"utqe55yv0jihe4d6","time":1612591996,"event":{"mods":["2.2 Compatiblity","AchievementEnabler","BaseMod","Block Reminder","Colored Map","Colored Powertips","Minty Spire (QoL Compilation)","Quick Restart","Rare Cards Sparkle","Relic Stats","SuperFastMode"],"gold_per_floor":[116,130,55,55,65,65,93,93,119,131,148,148,168,182,182,182,182],"floor_reached":16,"language":"ENG","playtime":346,"items_purged":["Normality"],"score":208,"play_id":"8bb63123-3992-46fc-ad0b-4783f6aed8db","local_time":"20210206011316","is_ascension_mode":true,"campfire_choices":[{"data":"Streamline","floor":6,"key":"SMITH"},{"floor":8,"key":"REST"},{"data":"Loop","floor":15,"key":"SMITH"}],"circlet_count":0,"master_deck":["AscendersBane","Strike_B+1","Strike_B+1","Strike_B","Defend_B","Defend_B","Defend_B","Zap","Dualcast","Barrage","Compile Driver","Streamline+1","Glacier","White Noise","Loop+1","Undo","Genetic Algorithm"],"relics":["Cracked Core","Potion Belt","Blood Vial","MealTicket"],"acts_visited":["Exordium"],"potions_floor_usage":[16],"damage_taken":[{"damage":2,"enemies":"Cultist","floor":1,"turns":4},{"damage":1,"enemies":"Small Slimes","floor":2,"turns":3},{"damage":1,"enemies":"2 Louse","floor":5,"turns":2},{"damage":40,"enemies":"3 Sentries","floor":7,"turns":7},{"damage":1,"enemies":"Looter","floor":10,"turns":3},{"damage":0,"enemies":"Large Slime","floor":11,"turns":4},{"damage":3,"enemies":"Red Slaver","floor":13,"turns":3},{"damage":0,"enemies":"Exordium Wildlife","floor":14,"turns":3},{"damage":30,"enemies":"Hexaghost","floor":16,"turns":11}],"seed_played":"666715971647070907","potions_obtained":[{"floor":2,"key":"Weak Potion"},{"floor":10,"key":"Weak Potion"},{"floor":14,"key":"FearPotion"}],"is_trial":false,"path_per_floor":["M","M","$","?","M","R","E","R","T","M","M","?","M","M","R","B"],"character_chosen":"DEFECT","items_purchased":[],"campfire_rested":1,"item_purchase_floors":[],"current_hp_per_floor":[62,61,61,61,60,60,20,41,41,42,44,23,22,24,24,0,0],"gold":182,"neow_bonus":"TRANSFORM_TWO_CARDS","is_daily":false,"chose_seed":false,"campfire_upgraded":2,"win_rate":0.0,"timestamp":1612591996,"path_taken":["M","?","$","?","?","R","E","R","T","M","M","?","M","M","R","BOSS"],"items_purchased_type":[],"build_version":"2020-12-22","purchased_purges":1,"victory":false,"max_hp_per_floor":[71,71,71,71,71,71,71,71,71,71,71,71,71,71,71,71,71],"relic_stats":{"Blood Vial":10,"counters":[9,40],"MealTicket":0,"obtain_stats":[{"Potion Belt":4,"Blood Vial":7,"MealTicket":9,"Cracked Core":0},{"Potion Belt":2,"Blood Vial":4,"MealTicket":4,"Cracked Core":0},{"Potion Belt":7,"Blood Vial":16,"MealTicket":16,"Cracked Core":0}]},"card_choices":[{"not_picked":["Loop","White Noise"],"picked":"Compile Driver","floor":1},{"not_picked":["Force Field","Beam Cell"],"picked":"Streamline","floor":2},{"not_picked":["Rebound","Tempest"],"picked":"Glacier","floor":5},{"not_picked":["Force Field","Heatsinks"],"picked":"White Noise","floor":7},{"not_picked":["Hello World","Gash"],"picked":"Loop","floor":10},{"not_picked":["Compile Driver","Leap","Go for the Eyes"],"picked":"SKIP","floor":11},{"not_picked":["Darkness","Sweeping Beam"],"picked":"Undo","floor":13},{"not_picked":["Steam","Hologram"],"picked":"Genetic Algorithm","floor":14}],"player_experience":3030615,"relics_obtained":[{"floor":7,"key":"Blood Vial"},{"floor":9,"key":"MealTicket"}],"event_choices":[{"cards_removed":["Amplify"],"damage_healed":0,"gold_gain":0,"player_choice":"Gave Card","damage_taken":0,"relics_obtained":["Potion Belt"],"max_hp_gain":0,"max_hp_loss":0,"event_name":"WeMeetAgain","floor":4,"gold_loss":0},{"damage_healed":0,"gold_gain":0,"player_choice":"Entered Light","damage_taken":21,"max_hp_gain":0,"max_hp_loss":0,"event_name":"Shining Light","floor":12,"gold_loss":0,"cards_upgraded":["Strike_B","Strike_B"]}],"is_beta":false,"boss_relics":[],"items_purged_floors":[3],"is_endless":false,"potions_floor_spawned":[2,10,14],"killed_by":"Hexaghost","ascension_level":20}}