{"host":"rolltorest","time":1612647151,"event":{"mods":["BaseMod","Minty Spire (QoL Compilation)","Relic Stats","Slay the Relics Exporter","StSLib"],"gold_per_floor":[110,0,0,75,99,99,140,140,164,180,224,224,224,259,259,350,350,374,438,488,372,422,422,463,484,484,507,507,546,596,646,646,646,646],"floor_reached":33,"language":"ENG","playtime":773,"items_purged":["Strike_B+1"],"score":672,"play_id":"590c2a80-1fb1-46f0-87f1-4acbb55bd2d4","local_time":"20210206133231","is_ascension_mode":true,"campfire_choices":[{"data":"Sunder","floor":6,"key":"SMITH"},{"floor":8,"key":"REST"},{"floor":13,"key":"REST"},{"data":"Cold Snap","floor":15,"key":"SMITH"},{"data":"Sunder","floor":23,"key":"SMITH"},{"data":"Seek","floor":28,"key":"SMITH"},{"data":"1","floor":32,"key":"LIFT"}],"circlet_count":0,"master_deck":["AscendersBane","Strike_B+1","Strike_B+1","Strike_B+1","Defend_B+1","Defend_B+1","Defend_B+1","Defend_B+1","Zap","Dualcast","Compile Driver","Ball Lightning","Reinforced Body","Sunder+1","BootSequence","Capacitor","Cold Snap+1","Seek+1","Sunder+1","Defragment+1","Sunder","Sunder","Hologram+1","Double Energy","Coolheaded"],"relics":["Runic Dome","Golden Idol","Bag of Preparation","Bronze Scales","Question Card","SsserpentHead","Blue Candle","Snecko Eye","MutagenicStrength","CaptainsWheel","Frozen Egg 2","Girya","Tiny Chest","Spirit Poop"],"acts_visited":["Exordium","TheCity"],"potions_floor_usage":[14,16,24,33],"damage_taken":[{"damage":0,"enemies":"Cultist","floor":1,"turns":3},{"damage":14,"enemies":"Small Slimes","floor":5,"turns":3},{"damage":32,"enemies":"Gremlin Nob","floor":7,"turns":4},{"damage":0,"enemies":"2 Louse","floor":10,"turns":2},{"damage":5,"enemies":"3 Sentries","floor":11,"turns":5},{"damage":8,"enemies":"Gremlin Nob","floor":14,"turns":3},{"damage":27,"enemies":"The Guardian","floor":16,"turns":14},{"damage":12,"enemies":"Shell Parasite","floor":18,"turns":3},{"damage":0,"enemies":"Spheric Guardian","floor":19,"turns":1},{"damage":3,"enemies":"Book of Stabbing","floor":24,"turns":4},{"damage":0,"enemies":"Centurion and Healer","floor":25,"turns":2},{"damage":0,"enemies":"Cultist and Chosen","floor":27,"turns":2},{"damage":0,"enemies":"Gremlin Leader","floor":29,"turns":4},{"damage":60,"enemies":"Champ","floor":33,"turns":9}],"seed_played":"7635952538504951678","potions_obtained":[{"floor":7,"key":"Fire Potion"},{"floor":10,"key":"SpeedPotion"},{"floor":14,"key":"Explosive Potion"},{"floor":18,"key":"Weak Potion"},{"floor":19,"key":"Fruit Juice"},{"floor":24,"key":"FocusPotion"}],"is_trial":false,"path_per_floor":["M","$","?","?","M","R","E","R","T","M","E","?","R","E","R","B",null,"M","M","?","$","?","R","E","M","T","M","R","E","?","?","R","B"],"character_chosen":"DEFECT","items_purchased":["Ball Lightning","Reinforced Body","Sunder"],"campfire_rested":2,"item_purchase_floors":[2,2,21],"current_hp_per_floor":[64,64,64,53,39,39,7,26,26,26,21,21,40,32,32,5,49,37,37,37,37,37,37,39,39,39,39,39,39,39,39,39,0,0],"gold":646,"neow_bonus":"BOSS_RELIC","is_daily":false,"chose_seed":false,"campfire_upgraded":4,"win_rate":0.0,"timestamp":1612647151,"path_taken":["M","?","?","?","M","R","E","R","T","M","E","?","R","E","R","BOSS","M","?","?","$","?","R","E","M","T","M","R","E","?","?","R","BOSS"],"items_purchased_type":["Card","Card","Card"],"build_version":"2020-12-18","purchased_purges":1,"victory":false,"max_hp_per_floor":[71,71,64,64,64,64,64,64,64,64,64,64,64,64,64,64,64,64,64,64,64,64,64,69,69,69,69,69,69,69,69,69,69,69],"relic_stats":{"SsserpentHead":250,"counters":[14,59],"Golden Idol":83,"Bronze Scales":[111],"Blue Candle":[0],"Snecko Eye":[52,39,49,40],"Tiny Chest":0,"Bag of Preparation":[22],"Question Card":8,"obtain_stats":[{"Girya":29,"Golden Idol":3,"Blue Candle":14,"Spirit Poop":31,"Bag of Preparation":7,"Frozen Egg 2":26,"Question Card":11,"Runic Dome":0,"SsserpentHead":12,"CaptainsWheel":24,"Bronze Scales":9,"MutagenicStrength":22,"Snecko Eye":17,"Tiny Chest":30,"Cracked Core":0},{"Girya":13,"Golden Idol":1,"Blue Candle":6,"Spirit Poop":13,"Bag of Preparation":3,"Frozen Egg 2":11,"Question Card":5,"Runic Dome":0,"SsserpentHead":5,"CaptainsWheel":10,"Bronze Scales":3,"MutagenicStrength":9,"Snecko Eye":7,"Tiny Chest":13,"Cracked Core":0},{"Girya":50,"Golden Idol":3,"Blue Candle":20,"Spirit Poop":50,"Bag of Preparation":10,"Frozen Egg 2":44,"Question Card":17,"Runic Dome":0,"SsserpentHead":17,"CaptainsWheel":42,"Bronze Scales":10,"MutagenicStrength":38,"Snecko Eye":34,"Tiny Chest":50,"Cracked Core":0}]},"card_choices":[{"not_picked":["Steam","Force Field"],"picked":"Compile Driver","floor":1},{"not_picked":["Barrage","Melter"],"picked":"Sunder","floor":5},{"not_picked":["Creative AI","Steam"],"picked":"BootSequence","floor":7},{"not_picked":["Conserve Battery","Barrage"],"picked":"Capacitor","floor":10},{"not_picked":["Streamline","Steam Power","Redo"],"picked":"SKIP","floor":11},{"not_picked":["Buffer","Beam Cell","Gash"],"picked":"Cold Snap","floor":14},{"not_picked":["Creative AI","Reboot","Hyperbeam"],"picked":"Seek","floor":16},{"not_picked":["Chill","Storm","Capacitor"],"picked":"Sunder","floor":18},{"not_picked":["Barrage","Streamline+1","Conserve Battery"],"picked":"Defragment+1","floor":19},{"not_picked":["Leap","Hyperbeam","Ball Lightning"],"picked":"Sunder","floor":24},{"not_picked":["BootSequence","White Noise","Coolheaded+1"],"picked":"Hologram+1","floor":25},{"not_picked":["Steam Power","Rip and Tear+1","Streamline+1"],"picked":"Double Energy","floor":27},{"not_picked":["Streamline","Fission","Chill"],"picked":"Coolheaded","floor":29}],"player_experience":1891450,"relics_obtained":[{"floor":7,"key":"Bag of Preparation"},{"floor":9,"key":"Bronze Scales"},{"floor":11,"key":"Question Card"},{"floor":14,"key":"Blue Candle"},{"floor":24,"key":"CaptainsWheel"},{"floor":26,"key":"Frozen Egg 2"},{"floor":29,"key":"Girya"}],"event_choices":[{"damage_healed":0,"gold_gain":0,"player_choice":"Lose Max HP","damage_taken":0,"relics_obtained":["Golden Idol"],"max_hp_gain":0,"max_hp_loss":7,"event_name":"Golden Idol","floor":3,"gold_loss":0},{"damage_healed":0,"gold_gain":75,"player_choice":"Gather Gold","damage_taken":11,"max_hp_gain":0,"max_hp_loss":0,"event_name":"World of Goop","floor":4,"gold_loss":0},{"damage_healed":0,"gold_gain":0,"player_choice":"Trade","damage_taken":0,"relics_obtained":["SsserpentHead"],"max_hp_gain":0,"max_hp_loss":0,"event_name":"FaceTrader","floor":12,"gold_loss":0},{"damage_healed":0,"gold_gain":0,"player_choice":"Simplicity","damage_taken":0,"max_hp_gain":0,"max_hp_loss":0,"event_name":"Back to Basics","floor":20,"gold_loss":0,"cards_upgraded":["Strike_B","Strike_B","Strike_B","Strike_B","Defend_B","Defend_B","Defend_B","Defend_B"]},{"damage_healed":0,"gold_gain":0,"player_choice":"Inject Mutagens","damage_taken":0,"relics_obtained":["MutagenicStrength"],"max_hp_gain":0,"max_hp_loss":0,"event_name":"Drug Dealer","floor":22,"gold_loss":0},{"damage_healed":0,"gold_gain":0,"player_choice":"Opened","damage_taken":0,"relics_obtained":["Tiny Chest"],"max_hp_gain":0,"max_hp_loss":0,"event_name":"The Mausoleum","floor":30,"gold_loss":0,"cards_obtained":["Writhe"]},{"cards_removed":["Writhe"],"damage_healed":0,"gold_gain":0,"player_choice":"Offered Curse","damage_taken":0,"relics_obtained":["Spirit Poop"],"max_hp_gain":0,"max_hp_loss":0,"event_name":"Bonfire Elementals","floor":31,"gold_loss":0}],"is_beta":true,"boss_relics":[{"not_picked":["Nuclear Battery","Fusion Hammer"],"picked":"Snecko Eye"}],"items_purged_floors":[21],"is_endless":false,"potions_floor_spawned":[7,10,14,18,19,24],"killed_by":"Champ","ascension_level":20}}