{"host":"lq2h7q9ca6uwu60x","time":1612606113,"event":{"mods":["Act Like it!","BaseMod","Gensokyo","Minty Spire (QoL Compilation)","StSLib","The Animator"],"gold_per_floor":[269,269,311,611,641,38,38,73,73,153,496,496,731,631,631,736,736,758,638,399,399,5,5,42,72,72,182,210,210,210,23,23,133,133,162,182,232,232,258,293,293,315,394,394,424,424,424,460,460,465,465,465,725,780,840,840,1094,449,529,614,883,242,337,337,337,135,255,255,260,260],"floor_reached":69,"language":"ZHS","playtime":5410,"items_purged":["Injury","Storm","animator:Souei+1","animator:Defend+1"],"score":1233,"play_id":"dc75ebc4-a821-4e71-8696-b01a4cd60506","local_time":"20210206180833","is_ascension_mode":true,"campfire_choices":[{"data":"animator:SwordMaiden","floor":7.0,"key":"SMITH"},{"data":"animator:Aqua","floor":12.0,"key":"SMITH"},{"floor":15.0,"key":"RECALL"},{"data":"animator:Saitama","floor":23.0,"key":"SMITH"},{"data":"Echo Form","floor":32.0,"key":"SMITH"},{"data":"Bullet Time","floor":41.0,"key":"SMITH"},{"data":"animator:PinaCoLada","floor":44.0,"key":"SMITH"},{"data":"animator:Witch","floor":46.0,"key":"SMITH"},{"floor":49.0,"key":"REST"},{"floor":52.0,"key":"REST"},{"floor":68,"key":"REST"}],"circlet_count":0,"master_deck":["animator:Defend_Kancolle+1","animator:Defend+1","animator:SwordMaiden+1","animator:Aqua+1","Echo Form+1","animator:PinaCoLada+1","animator:Saitama+1","Echo Form+1","Bullet Time+1","animator:Witch+1","Reprogram+1","animator:Shuna+1","animator:HououinKyouma+1","animator:IzunaHatsuse+1","animator:Priestess+1","animator:Rimuru"],"relics":["animator:TheEgnaroPiece","animator:AncientMedallion"],"acts_visited":["Exordium","Gensokyo:Gensokyo","Gensokyo:Gensokyoer","TheEnding","EYB:TheUnnamedReign"],"potions_floor_usage":[67,67],"damage_taken":[{"damage":7.0,"enemies":"Gensokyo:3_Fairies","floor":1.0,"turns":5.0},{"damage":4.0,"enemies":"Gensokyo:Gryphon","floor":3.0,"turns":4.0},{"damage":0.0,"enemies":"Gensokyo:Python","floor":5.0,"turns":4.0},{"damage":15.0,"enemies":"Gensokyo:Kitsune","floor":8.0,"turns":7.0},{"damage":37.0,"enemies":"Gensokyo:Aya","floor":11.0,"turns":9.0},{"damage":7.0,"enemies":"Gensokyo:Cirno","floor":13.0,"turns":7.0},{"damage":20.0,"enemies":"Gensokyo:Reimu","floor":16.0,"turns":18.0},{"damage":13.0,"enemies":"Gensokyo:Chomper","floor":18.0,"turns":5.0},{"damage":22.0,"enemies":"Gensokyo:Tenshi","floor":24.0,"turns":6.0},{"damage":0.0,"enemies":"Gensokyo:CosmicMonolith","floor":25.0,"turns":8.0},{"damage":0.0,"enemies":"Gensokyo:CosmicMonolith","floor":27.0,"turns":7.0},{"damage":0.0,"enemies":"Gensokyo:Mirror_and_Dog","floor":28.0,"turns":6.0},{"damage":0.0,"enemies":"Gensokyo:Kaguya","floor":33.0,"turns":12.0},{"damage":0.0,"enemies":"Gensokyo:3_Bats","floor":35.0,"turns":7.0},{"damage":0.0,"enemies":"Gensokyo:AncientGuardian","floor":36.0,"turns":6.0},{"damage":0.0,"enemies":"Gensokyo:Kasen","floor":40.0,"turns":7.0},{"damage":0.0,"enemies":"Gensokyo:AtlasGolem","floor":42.0,"turns":6.0},{"damage":0.0,"enemies":"Gensokyo:Rafflesia","floor":45.0,"turns":7.0},{"damage":0.0,"enemies":"Gensokyo:Doremy","floor":48.0,"turns":5.0},{"damage":0.0,"enemies":"Gensokyo:Scarlet_Devils","floor":50.0,"turns":5.0},{"damage":59.0,"enemies":"animator:TRIPLE_SHAPES_WEAK","floor":54.0,"turns":15.0},{"damage":13.0,"enemies":"animator:UNNAMED_CULTIST_1","floor":55.0,"turns":9.0},{"damage":11.0,"enemies":"animator:LARGE_WISP","floor":59.0,"turns":8.0},{"damage":0.0,"enemies":"animator:TRIPLE_LAGAVULIN","floor":60.0,"turns":7.0},{"damage":0.0,"enemies":"animator:ULTIMATE_CRYSTAL","floor":63.0,"turns":6.0},{"damage":0,"enemies":"animator:ULTIMATE_WISP","floor":67,"turns":9},{"damage":216,"enemies":"animator:TheUnnamed","floor":69,"turns":17}],"seed_played":"-5704402675584058212","potions_obtained":[{"floor":3.0,"key":"CultistPotion"},{"floor":18.0,"key":"EssenceOfSteel"},{"floor":24.0,"key":"Weak Potion"},{"floor":25.0,"key":"DuplicationPotion"},{"floor":27.0,"key":"Block Potion"},{"floor":28.0,"key":"SpeedPotion"},{"floor":33.0,"key":"PowerPotion"},{"floor":35.0,"key":"SpeedPotion"},{"floor":36.0,"key":"SpeedPotion"},{"floor":40.0,"key":"Dexterity Potion"},{"floor":42.0,"key":"ColorlessPotion"},{"floor":45.0,"key":"CultistPotion"},{"floor":48.0,"key":"Strength Potion"},{"floor":54.0,"key":"animator:FalseLifePotion"},{"floor":55.0,"key":"animator:FalseLifePotion"},{"floor":59.0,"key":"animator:FalseLifePotion"},{"floor":60.0,"key":"animator:FalseLifePotion"},{"floor":67,"key":"animator:FalseLifePotion"}],"is_trial":false,"path_per_floor":["M","?","M","?","M","COS","R","M","T","?","E","R","E","?","R","B",null,"M","?","$","T","$","R","E","M","T","?","M","?","T","COS","R","B",null,"M","M","T","?","T","E","R","M","T","R","M","R","?","E","R","B",null,"R","??","M","M","T","?","$","M","M","?","$","E","T","?","$","E","R","B"],"character_chosen":"THE_ANIMATOR","items_purchased":["animator:Saitama","White Beast Statue","ClockworkSouvenir","animator:Shuna","animator:AncientMedallion","animator:AncientMedallion","animator:HououinKyouma","animator:IzunaHatsuse","animator:AncientMedallion","animator:Priestess"],"campfire_rested":3,"item_purchase_floors":[20,22,22,58,58,58,62,62,62,66],"current_hp_per_floor":[59,59,55,55,55,55,55,40,40,40,5,5,1,1,1,29,74,63,63,63,63,63,63,44,57,57,65,78,78,78,78,78,93,93,99,104,104,104,104,109,109,114,114,114,119,119,72,88,124,129,129,129,98,39,46,46,46,46,68,98,98,98,98,98,98,98,98,98,0,0],"gold":260,"neow_bonus":"BOSS_RELIC","is_daily":false,"chose_seed":false,"campfire_upgraded":7,"win_rate":0.0,"timestamp":1612606113,"path_taken":["M","?","M","?","M","COS","R","M","T","?","E","R","E","?","R","BOSS","M","?","?","?","$","R","E","?","T","?","M","?","?","COS","R","BOSS","M","?","?","?","?","E","R","M","T","R","M","R","?","E","R","BOSS","R","??","M","M","T","?","$","M","M","?","$","E","T","?","$","E","R","BOSS"],"items_purchased_type":["Card","Relic","Relic","Card","Relic","Relic","Card","Card","Relic","Card"],"build_version":"2020-12-22","purchased_purges":4,"victory":false,"max_hp_per_floor":[66,66,66,66,66,66,66,66,66,66,66,66,66,66,66,66,74,76,76,76,76,76,76,73,78,78,83,88,88,88,88,88,93,93,99,104,104,104,104,109,109,114,114,114,119,119,119,124,124,129,129,129,98,98,98,98,98,98,98,98,98,98,98,98,98,98,98,98,98,98],"card_choices":[{"not_picked":["animator:DolaCouronne","animator:DolaSchwi","animator:Verdia"],"picked":"SKIP","floor":1.0},{"not_picked":["animator:Jibril","animator:Tet"],"picked":"animator:SwordMaiden","floor":3.0},{"not_picked":["animator:Verdia","animator:MetalKnight","animator:Shalltear"],"picked":"SKIP","floor":5.0},{"not_picked":["animator:Mitsurugi","animator:Kazuma"],"picked":"animator:Aqua","floor":8.0},{"not_picked":["Shrug It Off","animator:Genos"],"picked":"Echo Form","floor":11.0},{"not_picked":["Rage","animator:DolaStephanie","animator:UneriGinkaku"],"picked":"SKIP","floor":13.0},{"not_picked":["Phantasmal Killer","Amplify"],"picked":"animator:PinaCoLada","floor":16.0},{"not_picked":["Ball Lightning","animator:Viivi","Poisoned Stab"],"picked":"SKIP","floor":18.0},{"not_picked":["animator:CowGirl","Panacea"],"picked":"Storm","floor":25.0},{"not_picked":["Anger","Cleave","animator:RoryMercury+1"],"picked":"SKIP","floor":28.0},{"not_picked":["animator:Elesis","animator:GoblinSlayer"],"picked":"Bullet Time","floor":33.0},{"not_picked":["animator:LizardPriest","animator:HighElfArcher"],"picked":"animator:Witch","floor":35.0},{"not_picked":["Headbutt+1","Quick Slash","Leap"],"picked":"SKIP","floor":36.0},{"not_picked":["CrushJoints","Catalyst+1","PiercingWail"],"picked":"SKIP","floor":40.0},{"not_picked":["Prepared+1","Blade Dance"],"picked":"Reprogram+1","floor":42.0},{"not_picked":["Bane+1","Dagger Spray","Crescendo+1"],"picked":"SKIP","floor":48.0},{"not_picked":["animator:KrulTepes+1","animator:Sebas","animator:Jibril+1"],"picked":"SKIP","floor":54.0},{"not_picked":["animator:DolaSchwi","animator:Priestess","animator:Mikaela+1"],"picked":"SKIP","floor":55.0},{"not_picked":["animator:YunYun","animator:Entoma","animator:DolaStephanie"],"picked":"SKIP","floor":59.0},{"not_picked":["animator:Spearman+1","animator:LizardPriest","animator:Demiurge+1"],"picked":"SKIP","floor":60.0},{"not_picked":["animator:Jibril+1","animator:Shinoa+1","animator:Mikaela"],"picked":"SKIP","floor":63.0},{"not_picked":["animator:Vesta","animator:Shinoa"],"picked":"animator:Rimuru","floor":67}],"player_experience":814924,"relics_obtained":[{"floor":11.0,"key":"Tiny Chest"},{"floor":13.0,"key":"Potion Belt"},{"floor":16.0,"key":"Gensokyo:OccultBall"},{"floor":21.0,"key":"Du-Vu Doll"},{"floor":24.0,"key":"Toy Ornithopter"},{"floor":26.0,"key":"animator:WornHelmet"},{"floor":27.0,"key":"CaptainsWheel"},{"floor":27.0,"key":"Gensokyo:OccultBall"},{"floor":27.0,"key":"animator:AlchemistGlove"},{"floor":30.0,"key":"FossilizedHelix"},{"floor":33.0,"key":"Gensokyo:OccultBall"},{"floor":37.0,"key":"Dream Catcher"},{"floor":39.0,"key":"Red Skull"},{"floor":40.0,"key":"StoneCalendar"},{"floor":40.0,"key":"Boot"},{"floor":43.0,"key":"Bottled Tornado"},{"floor":48.0,"key":"Letter Opener"},{"floor":48.0,"key":"Smiling Mask"},{"floor":53.0,"key":"animator:TheEgnaroPiece"},{"floor":56.0,"key":"animator:AncientMedallion"},{"floor":63.0,"key":"animator:AncientMedallion"},{"floor":64.0,"key":"animator:AncientMedallion"},{"floor":67,"key":"animator:AncientMedallion"}],"event_choices":[],"is_beta":false,"boss_relics":[{"not_picked":["SlaversCollar","animator:CursedBlade"],"picked":"animator:HolyGrailRelic"},{"not_picked":["Astrolabe","Calling Bell"],"picked":"Black Star"}],"items_purged_floors":[20,58,62,66],"is_endless":false,"potions_floor_spawned":[3,18,24,25,27,28,33,35,36,40,42,45,48,55,63],"killed_by":"animator:TheUnnamed","ascension_level":1}}