{"host":"rf8f5793azs0jd9i","time":1612584283,"event":{"mods":["AchievementEnabler","Aspiration","BaseMod","Colored Powertips","Hubris","Infinite Spire","Minty Spire (QoL Compilation)","Replay The Spire","StSLib"],"gold_per_floor":[119,129,146,146,7450,7484,7484,7484,6831,6851,6851,6851,6851],"floor_reached":12,"language":"ENG","playtime":519,"items_purged":["Strike_P","Defend_P"],"score":78,"play_id":"df1c65b8-f2bd-4164-8eb5-8ed7e2ad31f5","local_time":"20210205220443","is_ascension_mode":false,"campfire_choices":[],"circlet_count":0,"master_deck":["Strike_P","Strike_P","Strike_P","Defend_P","Defend_P","Defend_P","Eruption","Vigilance","FollowUp","Consecrate","EmptyFist","infinitespire:UltimateForm","Nirvana","Crescendo","Ragnarok"],"relics":["PureWater","aspiration:Nostalgia","Replay:M_SmolderingBlood","MealTicket","Melange","Toy Ornithopter","aspiration:Lifesprig","Frozen Eye","aspiration:HiddenCompartment","Bottled Lightning"],"acts_visited":["Exordium"],"potions_floor_usage":[6],"damage_taken":[{"damage":0,"enemies":"Cultist","floor":1,"turns":2},{"damage":0,"enemies":"2 Louse","floor":2,"turns":2},{"damage":0,"enemies":"Small Slimes","floor":3,"turns":2},{"damage":38,"enemies":"Replay:BlueRogue","floor":6,"turns":7},{"damage":1,"enemies":"3 Louse","floor":10,"turns":2},{"damage":40,"enemies":"3 Sentries","floor":12,"turns":2}],"seed_played":"2879446526140292935","potions_obtained":[{"floor":2,"key":"Ambrosia"},{"floor":3,"key":"Dexterity Potion"},{"floor":10,"key":"SpeedPotion"}],"is_trial":false,"path_per_floor":["M","M","M","?","$","E","PTL","PTL","$","M","T","E"],"character_chosen":"WATCHER","items_purchased":["MealTicket","Melange","Toy Ornithopter","Nirvana","Crescendo","Frozen Eye","aspiration:HiddenCompartment","Bottled Lightning"],"campfire_rested":0,"item_purchase_floors":[5,5,5,5,5,9,9,9],"current_hp_per_floor":[72,72,72,53,53,20,20,20,35,34,34,0,0],"gold":6851,"neow_bonus":"NOSTALGIA","is_daily":false,"chose_seed":false,"campfire_upgraded":0,"win_rate":0.0,"timestamp":1612584283,"path_taken":["M","M","M","?","?","E","PTL","PTL","$","M","T","E"],"items_purchased_type":["Relic","Relic","Relic","Card","Card","Relic","Relic","Relic"],"build_version":"2020-12-22","purchased_purges":2,"victory":false,"max_hp_per_floor":[72,72,72,72,72,72,72,72,72,72,72,72,72],"card_choices":[{"not_picked":["ClearTheMind","EmptyBody"],"picked":"FollowUp","floor":1},{"not_picked":["BowlingBash","CrushJoints"],"picked":"Consecrate","floor":2},{"not_picked":["FearNoEvil","Conclude"],"picked":"EmptyFist","floor":3},{"not_picked":["infinitespire:SevenWalls","infinitespire:Execution"],"picked":"infinitespire:UltimateForm","floor":4},{"not_picked":["SashWhip","Replay:ManipulateFuture"],"picked":"Ragnarok","floor":6},{"not_picked":["Evaluate","Uppercut","Clash"],"picked":"SKIP","floor":10}],"player_experience":60045,"relics_obtained":[{"floor":6,"key":"aspiration:Lifesprig"}],"event_choices":[],"is_beta":false,"boss_relics":[],"items_purged_floors":[5,9],"is_endless":false,"potions_floor_spawned":[2,3,10],"killed_by":"3 Sentries","ascension_level":0}}