{"host":"j4g6ia6asvpyu2b0","time":1612653565,"event":{"mods":["BaseMod","Colored Map","Minty Spire (QoL Compilation)","Permanent Neow","Quick Restart","Relic Stats","StSLib","Unceasing Turn Reminder"],"gold_per_floor":[112,45,64,64,83,110,110,143,143,143,162,15,31,64,64,165,165,180,180,193,212,226,256,256,268,268,268,268,300,300,329,329,431,431,447,466,466,476,350,350,364,398,422,449,466,480,480,513,513,513,513,513,42,71,71,71],"floor_reached":55,"language":"ENG","playtime":2184,"items_purged":["Strike_G","Strike_G+1"],"score":1041,"play_id":"846ea210-2fb3-452c-93f8-f8f324abba00","local_time":"20210206161925","is_ascension_mode":true,"campfire_choices":[{"data":"Apotheosis","floor":7,"key":"SMITH"},{"floor":15,"key":"RECALL"},{"floor":24,"key":"REST"},{"data":"Noxious Fumes","floor":27,"key":"SMITH"},{"floor":32,"key":"REST"},{"floor":40,"key":"REST"},{"floor":47,"key":"REST"},{"data":"Envenom","floor":49,"key":"SMITH"},{"data":"Master of Strategy","floor":52,"key":"SMITH"}],"circlet_count":0,"master_deck":["Strike_G+1","Strike_G","Strike_G","Defend_G","Defend_G","Defend_G","Defend_G","Defend_G","Survivor","Neutralize","Apotheosis+1","Cloak And Dagger","Footwork","Choke","Blade Dance","Infinite Blades","Outmaneuver","Blade Dance","Dodge and Roll","Noxious Fumes+1","Malaise","Blade Dance","Blade Dance","Backflip","Cloak And Dagger+1","Leg Sweep","Backflip+1","Leg Sweep+1","Quick Slash+1","Malaise","Cloak And Dagger+1","Corpse Explosion","Quick Slash+1","Flying Knee+1","Master of Strategy+1","Master of Strategy","Blade Dance","Envenom+1","Finisher+1","Choke+1","Quick Slash+1","Dodge and Roll+1","Finisher+1","Acrobatics","Terror"],"relics":["Ring of the Snake","Meat on the Bone","Pocketwatch","Regal Pillow","Omamori","Shuriken","Runic Dome","Question Card","Pantograph","Tiny Chest","Juzu Bracelet","Cursed Key","Whetstone","Smiling Mask","Ninja Scroll","Lantern","Happy Flower","DollysMirror","Snake Skull"],"acts_visited":["Exordium","TheCity","TheBeyond","TheEnding"],"potions_floor_usage":[14,18,21,23,55,55,55],"damage_taken":[{"damage":0,"enemies":"Cultist","floor":1,"turns":4},{"damage":7,"enemies":"Small Slimes","floor":3,"turns":5},{"damage":0,"enemies":"2 Louse","floor":5,"turns":3},{"damage":26,"enemies":"Gremlin Nob","floor":6,"turns":4},{"damage":0,"enemies":"Lagavulin","floor":8,"turns":8},{"damage":7,"enemies":"Looter","floor":11,"turns":4},{"damage":1,"enemies":"2 Fungi Beasts","floor":13,"turns":4},{"damage":18,"enemies":"Gremlin Nob","floor":14,"turns":4},{"damage":3,"enemies":"Hexaghost","floor":16,"turns":6},{"damage":0,"enemies":"3 Byrds","floor":18,"turns":4},{"damage":8,"enemies":"2 Thieves","floor":20,"turns":3},{"damage":9,"enemies":"Shelled Parasite and Fungi","floor":21,"turns":3},{"damage":10,"enemies":"Centurion and Healer","floor":22,"turns":3},{"damage":10,"enemies":"Book of Stabbing","floor":23,"turns":4},{"damage":0,"enemies":"Cultist and Chosen","floor":25,"turns":4},{"damage":38,"enemies":"Slavers","floor":29,"turns":8},{"damage":0,"enemies":"Gremlin Leader","floor":31,"turns":7},{"damage":53,"enemies":"Automaton","floor":33,"turns":7},{"damage":5,"enemies":"3 Darklings","floor":35,"turns":4},{"damage":5,"enemies":"Orb Walker","floor":36,"turns":4},{"damage":15,"enemies":"Maw","floor":38,"turns":6},{"damage":0,"enemies":"Transient","floor":41,"turns":5},{"damage":1,"enemies":"Giant Head","floor":42,"turns":5},{"damage":18,"enemies":"Nemesis","floor":44,"turns":6},{"damage":0,"enemies":"Spire Growth","floor":45,"turns":2},{"damage":3,"enemies":"Sphere and 2 Shapes","floor":46,"turns":7},{"damage":9,"enemies":"Reptomancer","floor":48,"turns":3},{"damage":57,"enemies":"Donu and Deca","floor":50,"turns":5},{"damage":66,"enemies":"Shield and Spear","floor":54,"turns":5},{"damage":48,"enemies":"The Heart","floor":55,"turns":3}],"seed_played":"-3943648010251014344","potions_obtained":[{"floor":1,"key":"Swift Potion"},{"floor":6,"key":"Ancient Potion"},{"floor":8,"key":"SmokeBomb"},{"floor":13,"key":"Block Potion"},{"floor":16,"key":"DistilledChaos"},{"floor":18,"key":"Ancient Potion"},{"floor":20,"key":"AttackPotion"},{"floor":22,"key":"LiquidBronze"},{"floor":29,"key":"Poison Potion"}],"is_trial":false,"path_per_floor":["M","$","M","?","M","E","R","E","T","?","M","$","M","E","R","B",null,"M","?","M","M","M","E","R","M","T","R","?","E","?","E","R","B",null,"M","M","?","M","$","R","M","E","T","E","M","M","R","E","R","B",null,"R","$","E","B"],"character_chosen":"THE_SILENT","items_purchased":["Footwork","Omamori","SteroidPotion","Happy Flower","CultistPotion","DollysMirror","Acrobatics"],"campfire_rested":4,"item_purchase_floors":[2,12,39,53,53,53,53],"current_hp_per_floor":[49,49,42,47,47,21,21,33,33,33,38,38,49,43,43,40,75,75,75,67,58,48,38,75,75,75,75,75,49,49,49,75,34,75,70,65,55,40,40,75,75,74,74,56,56,53,75,66,66,30,75,75,75,21,0,0],"gold":71,"neow_bonus":"RANDOM_COLORLESS_2","is_daily":false,"chose_seed":false,"campfire_upgraded":4,"win_rate":0.0,"timestamp":1612653565,"path_taken":["M","?","?","?","M","E","R","E","T","?","?","$","M","E","R","BOSS","M","?","M","M","M","E","R","M","T","R","?","E","?","E","R","BOSS","M","M","?","M","$","R","M","E","T","E","M","M","R","E","R","BOSS","R","$","E","BOSS"],"items_purchased_type":["Card","Relic","Potion","Relic","Potion","Relic","Card"],"build_version":"2020-12-22","purchased_purges":2,"victory":false,"max_hp_per_floor":[70,70,70,75,75,75,75,75,75,75,75,75,75,75,75,75,75,75,75,75,75,75,75,75,75,75,75,75,75,75,75,75,75,75,75,75,75,75,75,75,75,75,75,75,75,75,75,75,75,75,75,75,75,75,75,75],"relic_stats":{"Regal Pillow":32,"Happy Flower":[2],"counters":[30,140],"Snake Skull":[0],"Juzu Bracelet":0,"Whetstone":["Strike_G","Strike_G"],"Question Card":17,"Cursed Key":1,"Smiling Mask":50,"Shuriken":[131],"Pantograph":34,"Tiny Chest":0,"obtain_stats":[{"Regal Pillow":10,"Lantern":48,"Happy Flower":53,"Snake Skull":54,"Omamori":12,"Juzu Bracelet":31,"Whetstone":42,"Question Card":23,"Cursed Key":34,"Smiling Mask":43,"Runic Dome":17,"Shuriken":14,"Ninja Scroll":44,"DollysMirror":53,"Pantograph":26,"Tiny Chest":29,"Ring of the Snake":0,"Meat on the Bone":6,"Pocketwatch":8},{"Regal Pillow":5,"Lantern":27,"Happy Flower":28,"Snake Skull":29,"Omamori":6,"Juzu Bracelet":17,"Whetstone":23,"Question Card":14,"Cursed Key":18,"Smiling Mask":23,"Runic Dome":9,"Shuriken":8,"Ninja Scroll":24,"DollysMirror":28,"Pantograph":15,"Tiny Chest":16,"Ring of the Snake":0,"Meat on the Bone":4,"Pocketwatch":5},{"Regal Pillow":24,"Lantern":127,"Happy Flower":132,"Snake Skull":137,"Omamori":28,"Juzu Bracelet":78,"Whetstone":109,"Question Card":59,"Cursed Key":85,"Smiling Mask":109,"Runic Dome":42,"Shuriken":36,"Ninja Scroll":115,"DollysMirror":132,"Pantograph":63,"Tiny Chest":71,"Ring of the Snake":0,"Meat on the Bone":16,"Pocketwatch":24}],"Ring of the Snake":[60],"Meat on the Bone":96,"Pocketwatch":[90]},"card_choices":[{"not_picked":["Magnetism","Metamorphosis"],"picked":"Apotheosis","floor":0},{"not_picked":["Quick Slash","Accuracy"],"picked":"Cloak And Dagger","floor":1},{"not_picked":["Prepared","Slice"],"picked":"Choke","floor":3},{"not_picked":["Acrobatics","Quick Slash"],"picked":"Blade Dance","floor":5},{"not_picked":["Deadly Poison","Reflex"],"picked":"Infinite Blades","floor":6},{"not_picked":["Deadly Poison","Poisoned Stab"],"picked":"Outmaneuver","floor":8},{"not_picked":["Slice","Escape Plan"],"picked":"Blade Dance","floor":11},{"not_picked":["Acrobatics","Outmaneuver"],"picked":"Dodge and Roll","floor":13},{"not_picked":["Cloak And Dagger","Heel Hook"],"picked":"Noxious Fumes","floor":14},{"not_picked":["Bullet Time","Unload"],"picked":"Malaise","floor":16},{"not_picked":["Backflip","Poisoned Stab"],"picked":"Blade Dance","floor":18},{"not_picked":["Bane","Slice"],"picked":"Backflip","floor":20},{"not_picked":["Bane+1","Blade Dance"],"picked":"Cloak And Dagger+1","floor":21},{"not_picked":["Concentrate","Terror"],"picked":"Leg Sweep","floor":22},{"not_picked":["Glass Knife","Accuracy+1"],"picked":"Backflip+1","floor":23},{"not_picked":["Quick Slash","Endless Agony","Blade Dance"],"picked":"Leg Sweep+1","floor":25},{"not_picked":["Dagger Throw","Reflex","Blade Dance"],"picked":"Quick Slash+1","floor":29},{"not_picked":["Poisoned Stab+1","All Out Attack","Infinite Blades"],"picked":"Cloak And Dagger+1","floor":31},{"not_picked":["Malaise","Adrenaline","Die Die Die"],"picked":"Corpse Explosion","floor":33},{"not_picked":["Deflect","Deadly Poison","Poisoned Stab"],"picked":"Quick Slash+1","floor":35},{"not_picked":["Dodge and Roll+1","Reflex+1","Prepared+1"],"picked":"Flying Knee+1","floor":36},{"not_picked":["Swift Strike","The Bomb","Jack Of All Trades"],"picked":"Master of Strategy","floor":37},{"not_picked":["Magnetism","Enlightenment","Impatience"],"picked":"Master of Strategy","floor":37},{"not_picked":["Outmaneuver+1","Deflect+1","Backflip"],"picked":"Blade Dance","floor":38},{"not_picked":["Eviscerate","Slice","Deadly Poison","Dagger Throw"],"picked":"SKIP","floor":41},{"not_picked":["Dodge and Roll","Cloak And Dagger","Calculated Gamble"],"picked":"Envenom","floor":42},{"not_picked":["Escape Plan+1","Leg Sweep+1","Masterful Stab"],"picked":"Finisher+1","floor":44},{"not_picked":["Bouncing Flask+1","Noxious Fumes+1","Dagger Spray"],"picked":"Choke+1","floor":45},{"not_picked":["Sucker Punch","Underhanded Strike+1","Deadly Poison+1","Quick Slash+1"],"picked":"SKIP","floor":46},{"not_picked":["Sucker Punch","Underhanded Strike+1","Deadly Poison+1"],"picked":"Quick Slash+1","floor":46},{"not_picked":["Dash+1","Concentrate+1","Slice+1"],"picked":"Dodge and Roll+1","floor":48},{"not_picked":["Cloak And Dagger","Slice+1","PiercingWail"],"picked":"Terror","floor":54}],"player_experience":1166356,"relics_obtained":[{"floor":6,"key":"Meat on the Bone"},{"floor":8,"key":"Pocketwatch"},{"floor":14,"key":"Shuriken"},{"floor":23,"key":"Question Card"},{"floor":26,"key":"Pantograph"},{"floor":29,"key":"Tiny Chest"},{"floor":31,"key":"Juzu Bracelet"},{"floor":42,"key":"Whetstone"},{"floor":43,"key":"Smiling Mask"},{"floor":44,"key":"Ninja Scroll"},{"floor":48,"key":"Lantern"},{"floor":54,"key":"Snake Skull"}],"event_choices":[{"damage_healed":0,"gold_gain":0,"player_choice":"Donut","damage_taken":0,"max_hp_gain":5,"max_hp_loss":0,"event_name":"Big Fish","floor":4,"gold_loss":0},{"damage_healed":0,"gold_gain":0,"player_choice":"Gave Potion","damage_taken":0,"relics_obtained":["Regal Pillow"],"max_hp_gain":0,"max_hp_loss":0,"event_name":"WeMeetAgain","floor":10,"gold_loss":0},{"damage_healed":0,"gold_gain":0,"player_choice":"Read","damage_taken":0,"max_hp_gain":0,"max_hp_loss":0,"event_name":"The Library","floor":19,"gold_loss":0,"cards_obtained":["Blade Dance"]},{"damage_healed":0,"gold_gain":0,"player_choice":"Ignored","damage_taken":0,"max_hp_gain":0,"max_hp_loss":0,"event_name":"Ghosts","floor":28,"gold_loss":0},{"damage_healed":0,"gold_gain":0,"player_choice":"Copied","damage_taken":0,"max_hp_gain":0,"max_hp_loss":0,"event_name":"Duplicator","floor":30,"gold_loss":0,"cards_obtained":["Malaise"]},{"damage_healed":0,"gold_gain":0,"player_choice":"Memory 3","damage_taken":10,"max_hp_gain":0,"max_hp_loss":0,"event_name":"SensoryStone","floor":37,"gold_loss":0}],"is_beta":false,"boss_relics":[{"not_picked":["Astrolabe","Ectoplasm"],"picked":"Runic Dome"},{"not_picked":["Snecko Eye","Black Star"],"picked":"Cursed Key"}],"items_purged_floors":[39,53],"is_endless":false,"potions_floor_spawned":[1,6,8,13,16,18,20,22,29,36,38,45,54],"killed_by":"The Heart","ascension_level":3}}