{"host":"z609fbm6pkeriks8","time":1612606950,"event":{"mods":["AchievementEnabler","BaseMod","Colored Map","Colored Powertips","Downfall","Highlight Path","Marisa£®ÏF”Í°°ƒß¿Ì…≥£©","Minty Spire (QoL Compilation)","StSLib","The Cursed","The Servant 0.9.4"],"gold_per_floor":[113,126,126,139,163,207,207,207,207,222,222,222],"floor_reached":11,"language":"ZHS","playtime":543,"items_purged":[],"score":79,"play_id":"89f06fca-ff9d-4268-8191-6223c362f7b1","local_time":"20210206182230","is_ascension_mode":true,"campfire_choices":[{"data":"Fire Breathing","floor":7,"key":"SMITH"}],"circlet_count":0,"master_deck":["Strike_R","Strike_R","Strike_R","Strike_R","Defend_R","Defend_R","Defend_R","Defend_R","Bash","Fire Breathing+1","Body Slam","Injury","Hemokinesis","Evolve+1","Reaper"],"relics":["Burning Blood","Golden Idol","Calipers","Gambling Chip"],"acts_visited":["Exordium"],"potions_floor_usage":[5],"damage_taken":[{"damage":13,"enemies":"Jaw Worm","floor":1,"turns":3},{"damage":5,"enemies":"Small Slimes","floor":2,"turns":6},{"damage":3,"enemies":"Cultist","floor":4,"turns":5},{"damage":35,"enemies":"Gremlin Gang","floor":5,"turns":5},{"damage":34,"enemies":"3 Sentries","floor":6,"turns":5},{"damage":23,"enemies":"Exordium Wildlife","floor":10,"turns":6},{"damage":13,"enemies":"Gremlin Nob","floor":11,"turns":2}],"seed_played":"8921826803765226749","potions_obtained":[{"floor":4,"key":"Weak Potion"},{"floor":10,"key":"EntropicBrew"}],"is_trial":false,"path_per_floor":["M","M","?","M","M","E","R","?","T","M","E"],"character_chosen":"IRONCLAD","items_purchased":[],"campfire_rested":0,"item_purchase_floors":[],"current_hp_per_floor":[73,74,74,77,48,20,20,20,20,9,0,0],"gold":222,"neow_bonus":"REMOVE_CARD","is_daily":false,"chose_seed":false,"campfire_upgraded":1,"win_rate":0.0,"timestamp":1612606950,"path_taken":["M","M","?","M","M","E","R","?","T","M","E"],"items_purchased_type":[],"build_version":"2020-12-22","purchased_purges":0,"victory":false,"max_hp_per_floor":[80,80,80,80,80,80,80,80,80,80,80,80],"card_choices":[{"not_picked":["Heavy Blade","Pommel Strike"],"picked":"Fire Breathing","floor":1},{"not_picked":["Warcry","Double Tap"],"picked":"Body Slam","floor":2},{"not_picked":["Twin Strike","Dual Wield"],"picked":"Hemokinesis","floor":4},{"not_picked":["Disarm","Seeing Red"],"picked":"Evolve","floor":5},{"not_picked":["Hemokinesis","Inflame"],"picked":"Reaper","floor":6},{"not_picked":["Headbutt","Perfected Strike","Whirlwind"],"picked":"SKIP","floor":10}],"player_experience":36949,"relics_obtained":[{"floor":6,"key":"Calipers"},{"floor":9,"key":"Gambling Chip"}],"event_choices":[{"damage_healed":0,"gold_gain":0,"player_choice":"Take Wound","damage_taken":0,"relics_obtained":["Golden Idol"],"max_hp_gain":0,"max_hp_loss":0,"event_name":"Golden Idol","floor":3,"gold_loss":0,"cards_obtained":["Injury"]},{"damage_healed":0,"gold_gain":0,"player_choice":"Forge","damage_taken":0,"max_hp_gain":0,"max_hp_loss":0,"event_name":"Accursed Blacksmith","floor":8,"gold_loss":0,"cards_upgraded":["Evolve"]}],"is_beta":false,"boss_relics":[],"items_purged_floors":[],"is_endless":false,"potions_floor_spawned":[4,10],"killed_by":"Gremlin Nob","ascension_level":1}}