{"host":"5v9rfzf5qju8k9wy","time":1612593895,"event":{"mods":["Act Like it!","BaseMod","Gensokyo","Jorbs\u0027s Wanderer Trilogy","Marisa£®ÏF”Í°°ƒß¿Ì…≥£©","Minty Spire (QoL Compilation)","StSLib","Youmu£®ªÍ∆«—˝√Œ£©"],"gold_per_floor":[119,119,119,119,119,146,146,177,202,220,236,252,25,25,25,123,123,157,157,157,26,36,36,86,86,159,197,197,241,268,319,319,431,431,457,466,415,415,442,485,521,521,545,577,577,366,417,168,168,178,178,178,25,77,77],"floor_reached":56,"language":"ZHS","playtime":4120,"items_purged":["stsjorbsmod:Strike_Wanderer","stsjorbsmod:Defend_Wanderer"],"score":1246,"play_id":"43cf06fb-dacc-4091-93f5-57cc71d04349","local_time":"20210206144455","is_ascension_mode":false,"campfire_choices":[{"data":"stsjorbsmod:EyeOfTheStorm","floor":7,"key":"SMITH"},{"data":"stsjorbsmod:BookOfTongues","floor":15,"key":"SMITH"},{"data":"stsjorbsmod:Rediscovery","floor":25,"key":"SMITH"},{"data":"stsjorbsmod:Materialize","floor":28,"key":"SMITH"},{"data":"stsjorbsmod:Prestidigitation","floor":32,"key":"SMITH"},{"floor":45,"key":"RECALL"},{"data":"stsjorbsmod:ScorchingRay","floor":49,"key":"SMITH"},{"data":"stsjorbsmod:Hibernate","floor":52,"key":"SMITH"}],"circlet_count":0,"master_deck":["stsjorbsmod:ForbiddenGrimoire+1","stsjorbsmod:Strike_Wanderer+1","stsjorbsmod:Defend_Wanderer","stsjorbsmod:FreshAdventure+1","stsjorbsmod:EyeOfTheStorm+1","stsjorbsmod:LocateObject+1","stsjorbsmod:ScorchingRay+1","stsjorbsmod:HedgeWizard+1","stsjorbsmod:BookOfTongues+1","stsjorbsmod:Materialize+1","stsjorbsmod:ArcaneWeapon","stsjorbsmod:Hibernate+1","stsjorbsmod:Introspection","stsjorbsmod:Rediscovery+1","Dash","stsjorbsmod:FindFamiliar+1","stsjorbsmod:ParryingBlow","stsjorbsmod:Prestidigitation+1","stsjorbsmod:GatherPower+1","stsjorbsmod:HoldMonster+1","Gensokyo:Taser","Gensokyo:CustomPotion","stsjorbsmod:Message+1","stsjorbsmod:LocateObject+1","stsjorbsmod:GatherPower+1","stsjorbsmod:MistyStep+1"],"relics":["stsjorbsmod:GrimoireRelic","HornCleat","Ancient Tea Set","Bronze Scales","Centennial Puzzle","Toolbox","Busted Crown","CeramicFish","Gambling Chip","Letter Opener","Potion Belt","Toxic Egg 2","Sozu","StoneCalendar","Whetstone","DollysMirror","Medical Kit","Sling","Anchor","Mango"],"acts_visited":["Gensokyo:Gensokyo","Gensokyo:Gensokyoer","Gensokyo:Gensokyoest","TheEnding"],"potions_floor_usage":[31,31,31,54,54,54],"damage_taken":[{"damage":0,"enemies":"Gensokyo:2_Kodama","floor":1,"turns":4},{"damage":4,"enemies":"Gensokyo:Cirno","floor":6,"turns":6},{"damage":8,"enemies":"Gensokyo:Mamizou","floor":8,"turns":6},{"damage":0,"enemies":"Gensokyo:Gryphon","floor":10,"turns":3},{"damage":3,"enemies":"Gensokyo:Python","floor":11,"turns":3},{"damage":0,"enemies":"Gensokyo:3_Kodama","floor":12,"turns":3},{"damage":27,"enemies":"Gensokyo:Yukari","floor":16,"turns":7},{"damage":8,"enemies":"Gensokyo:2_Gloops","floor":18,"turns":5},{"damage":2,"enemies":"Gensokyo:CosmicMonolith","floor":22,"turns":6},{"damage":14,"enemies":"Gensokyo:Reisen","floor":24,"turns":6},{"damage":10,"enemies":"Gensokyo:Chomper_and_Gloop","floor":27,"turns":3},{"damage":1,"enemies":"Gensokyo:3_Gloops","floor":29,"turns":3},{"damage":11,"enemies":"Gensokyo:Slime_Group","floor":30,"turns":5},{"damage":2,"enemies":"Gensokyo:Tenshi","floor":31,"turns":4},{"damage":16,"enemies":"Gensokyo:Eiki","floor":33,"turns":6},{"damage":2,"enemies":"Gensokyo:3_Boulders","floor":35,"turns":4},{"damage":4,"enemies":"Gensokyo:Doremy","floor":40,"turns":4},{"damage":2,"enemies":"Gensokyo:3_Bats","floor":41,"turns":3},{"damage":7,"enemies":"Gensokyo:Sharpion","floor":44,"turns":5},{"damage":2,"enemies":"Gensokyo:3_Boulders","floor":47,"turns":3},{"damage":45,"enemies":"Gensokyo:Shinki","floor":50,"turns":8},{"damage":19,"enemies":"Shield and Spear","floor":54,"turns":5},{"damage":57,"enemies":"The Heart","floor":55,"turns":7}],"seed_played":"5713030562457140890","potions_obtained":[{"floor":6,"key":"EntropicBrew"},{"floor":12,"key":"Dexterity Potion"},{"floor":22,"key":"LiquidBronze"},{"floor":29,"key":"SteroidPotion"},{"floor":30,"key":"PowerPotion"},{"floor":33,"key":"BlessingOfTheForge"}],"is_trial":false,"path_per_floor":["M","?","?","?","T","E","R","E","T","M","M","M","$","?","R","B",null,"M","?","?","COS","M","?","E","R","T","M","R","M","M","E","R","B",null,"M","?","?","?","T","E","M","?","T","M","R","COS","M","$","R","B",null,"R","$","E","B",null],"character_chosen":"WANDERER","items_purchased":["Toolbox","Medical Kit","Sling"],"campfire_rested":0,"item_purchase_floors":[13,48,53],"current_hp_per_floor":[68,42,42,48,48,48,48,42,42,43,42,44,44,44,44,17,74,69,69,69,69,68,68,57,57,57,50,50,52,44,48,48,35,74,74,74,74,63,63,64,66,66,66,63,63,63,65,65,65,20,74,74,74,59,23],"gold":77,"neow_bonus":"REMOVE_CARD","is_daily":false,"chose_seed":false,"campfire_upgraded":7,"win_rate":0.0,"timestamp":1612593895,"path_taken":["M","?","?","?","?","E","R","E","T","?","M","M","$","?","R","BOSS","M","?","?","COS","M","?","E","R","T","?","R","M","M","E","R","BOSS","M","?","?","?","?","E","?","?","T","M","R","COS","M","$","R","BOSS","R","$","E","BOSS"],"items_purchased_type":["Relic","Relic","Relic"],"build_version":"2020-12-22","purchased_purges":2,"victory":true,"max_hp_per_floor":[68,68,68,74,74,74,74,74,74,74,74,74,74,74,74,74,74,74,74,74,74,74,74,74,74,74,74,74,74,74,74,74,74,74,74,74,74,74,74,74,74,74,74,74,74,74,74,74,74,74,74,74,74,74,88],"card_choices":[{"not_picked":["stsjorbsmod:ParryingBlow","stsjorbsmod:Hurt"],"picked":"stsjorbsmod:LocateObject","floor":1},{"not_picked":["stsjorbsmod:Prepare","stsjorbsmod:BurningFlask"],"picked":"stsjorbsmod:ScorchingRay","floor":6},{"not_picked":["stsjorbsmod:FaerieFire","stsjorbsmod:Mending"],"picked":"stsjorbsmod:HedgeWizard","floor":8},{"not_picked":["stsjorbsmod:ChatteringStrike","stsjorbsmod:UnseenServant"],"picked":"stsjorbsmod:BookOfTongues","floor":10},{"not_picked":["stsjorbsmod:Message","stsjorbsmod:ChainLightning"],"picked":"stsjorbsmod:Materialize","floor":11},{"not_picked":["stsjorbsmod:WeightOfMemory","stsjorbsmod:CorrodingBarrier"],"picked":"stsjorbsmod:ArcaneWeapon","floor":12},{"not_picked":["stsjorbsmod:ChainLightning","stsjorbsmod:TrueStrike"],"picked":"stsjorbsmod:Hibernate","floor":14},{"not_picked":["stsjorbsmod:UnseenServant","stsjorbsmod:Prepare"],"picked":"stsjorbsmod:Introspection","floor":14},{"not_picked":["stsjorbsmod:MirrorImage","stsjorbsmod:HoldMonster"],"picked":"stsjorbsmod:Rediscovery","floor":16},{"not_picked":["stsjorbsmod:Mending+1"],"picked":"SKIP","floor":18},{"not_picked":["stsjorbsmod:WanderingMind"],"picked":"SKIP","floor":22},{"not_picked":[],"picked":"stsjorbsmod:FindFamiliar+1","floor":24},{"not_picked":["stsjorbsmod:UnseenServant"],"picked":"SKIP","floor":24},{"not_picked":["stsjorbsmod:BlackTentacles+1"],"picked":"SKIP","floor":27},{"not_picked":[],"picked":"stsjorbsmod:ParryingBlow","floor":29},{"not_picked":[],"picked":"stsjorbsmod:Prestidigitation","floor":30},{"not_picked":[],"picked":"stsjorbsmod:GatherPower+1","floor":31},{"not_picked":[],"picked":"stsjorbsmod:HoldMonster+1","floor":33},{"not_picked":["stsjorbsmod:Firebolt"],"picked":"SKIP","floor":35},{"not_picked":[],"picked":"stsjorbsmod:Message+1","floor":40},{"not_picked":["stsjorbsmod:Hurt"],"picked":"SKIP","floor":41},{"not_picked":[],"picked":"stsjorbsmod:LocateObject+1","floor":44},{"not_picked":[],"picked":"stsjorbsmod:MistyStep+1","floor":47},{"not_picked":["stsjorbsmod:Trauma"],"picked":"SKIP","floor":54}],"player_experience":114593,"relics_obtained":[{"floor":5,"key":"HornCleat"},{"floor":6,"key":"Ancient Tea Set"},{"floor":8,"key":"Bronze Scales"},{"floor":9,"key":"Centennial Puzzle"},{"floor":24,"key":"Gambling Chip"},{"floor":26,"key":"Letter Opener"},{"floor":31,"key":"Toxic Egg 2"},{"floor":40,"key":"StoneCalendar"},{"floor":43,"key":"Whetstone"},{"floor":54,"key":"Anchor"}],"event_choices":[],"is_beta":false,"boss_relics":[{"not_picked":["SacredBark","Philosopher\u0027s Stone"],"picked":"Busted Crown"},{"not_picked":["Snecko Eye","Calling Bell"],"picked":"Sozu"}],"items_purged_floors":[13,48],"is_endless":false,"potions_floor_spawned":[6,12,22,29,30,33,41,44,54],"ascension_level":0}}