{"host":"szp1d6dso4pv7ddl","time":1612578918,"event":{"mods":["AchievementEnabler","Alarm Clock","BaseMod","Bestiary","Block Reminder","Colored Map","Colored Powertips","Curses Come First","Dark Map","Displayed Cursed Tome","Highlight Path","Minty Spire (QoL Compilation)","Permanent Neow","Quick Restart","Relic Sorter","Relic Stats","StSLib","Synergy Search"],"gold_per_floor":[109,119,44,62,76,108,108,120,145,158,158,7,37,54,54,128,128,128,128,50,50,50,50,0,0,0,0,0,0,0,0,0,0,0,0,0,0,0,0,0,0,0,0,0,0,0],"floor_reached":45,"language":"ENG","playtime":2688,"items_purged":["Wild Strike"],"score":922,"play_id":"f1eae419-7409-4de2-8f1b-66e46ded950d","local_time":"20210205183518","is_ascension_mode":true,"campfire_choices":[{"floor":7.0,"key":"REST"},{"floor":15.0,"key":"REST"},{"floor":27.0,"key":"REST"},{"floor":29.0,"key":"REST"},{"floor":32.0,"key":"REST"},{"floor":40.0,"key":"REST"},{"data":"Disarm","floor":42.0,"key":"SMITH"}],"circlet_count":0,"master_deck":["AscendersBane","Strike_R","Strike_R","Strike_R","Defend_R","Defend_R","Defend_R","Bash","Combust","Sword Boomerang","Clothesline","Hemokinesis","Shrug It Off","Anger","Shockwave","Shrug It Off","Twin Strike","Dual Wield","Blood for Blood","Reaper","Cleave","Blood for Blood","Combust","Immolate","Disarm+1","Carnage","Shrug It Off","Flame Barrier","Exhume"],"relics":["Burning Blood","Pen Nib","Bronze Scales","Orichalcum","Boot","Ectoplasm","Dream Catcher","Busted Crown","Anchor","Bag of Preparation","Eternal Feather"],"acts_visited":["Exordium","TheCity","TheBeyond"],"potions_floor_usage":[45,45],"damage_taken":[{"damage":1.0,"enemies":"Cultist","floor":1.0,"turns":3.0},{"damage":7.0,"enemies":"Jaw Worm","floor":2.0,"turns":2.0},{"damage":20.0,"enemies":"2 Louse","floor":4.0,"turns":3.0},{"damage":17.0,"enemies":"Blue Slaver","floor":5.0,"turns":3.0},{"damage":50.0,"enemies":"3 Sentries","floor":6.0,"turns":7.0},{"damage":8.0,"enemies":"Looter","floor":8.0,"turns":3.0},{"damage":2.0,"enemies":"Exordium Wildlife","floor":10.0,"turns":3.0},{"damage":14.0,"enemies":"Lagavulin","floor":13.0,"turns":5.0},{"damage":5.0,"enemies":"Exordium Thugs","floor":14.0,"turns":3.0},{"damage":26.0,"enemies":"Hexaghost","floor":16.0,"turns":6.0},{"damage":2.0,"enemies":"3 Byrds","floor":18.0,"turns":2.0},{"damage":23.0,"enemies":"Shell Parasite","floor":22.0,"turns":3.0},{"damage":21.0,"enemies":"Shelled Parasite and Fungi","floor":23.0,"turns":3.0},{"damage":13.0,"enemies":"Centurion and Healer","floor":28.0,"turns":4.0},{"damage":28.0,"enemies":"Chosen and Byrds","floor":30.0,"turns":5.0},{"damage":11.0,"enemies":"3 Cultists","floor":31.0,"turns":3.0},{"damage":96.0,"enemies":"Champ","floor":33.0,"turns":11.0},{"damage":14.0,"enemies":"Orb Walker","floor":35.0,"turns":4.0},{"damage":2.0,"enemies":"3 Darklings","floor":39.0,"turns":2.0},{"damage":20.0,"enemies":"Nemesis","floor":41.0,"turns":6.0},{"damage":52.0,"enemies":"Reptomancer","floor":44.0,"turns":6.0},{"damage":35,"enemies":"Transient","floor":45,"turns":5}],"seed_played":"1340952663201216641","potions_obtained":[{"floor":1.0,"key":"Regen Potion"},{"floor":2.0,"key":"Energy Potion"},{"floor":13.0,"key":"LiquidMemories"},{"floor":14.0,"key":"PowerPotion"},{"floor":16.0,"key":"DistilledChaos"},{"floor":23.0,"key":"SteroidPotion"},{"floor":31.0,"key":"BloodPotion"},{"floor":33.0,"key":"SpeedPotion"},{"floor":35.0,"key":"Explosive Potion"},{"floor":41.0,"key":"Swift Potion"}],"is_trial":false,"path_per_floor":["M","M","?","M","M","E","R","M","T","M","?","$","E","M","R","B",null,"M","?","$","?","M","M","?","$","T","R","M","R","M","M","R","B",null,"M","$","?","?","M","R","E","R","T","E","M"],"character_chosen":"IRONCLAD","items_purchased":["Shrug It Off","Twin Strike","Blood for Blood"],"campfire_rested":6,"item_purchase_floors":[12,12,20],"current_hp_per_floor":[73,72,72,58,56,12,34,32,32,36,36,36,28,29,51,31,64,68,47,47,47,36,21,21,21,21,45,38,62,45,55,79,10,63,55,55,55,55,59,80,71,71,71,25,0,0],"gold":0,"neow_bonus":"RANDOM_COMMON_RELIC","is_daily":false,"chose_seed":false,"campfire_upgraded":1,"win_rate":0.0,"timestamp":1612578918,"path_taken":["M","M","?","M","M","E","R","M","T","M","?","$","E","?","R","BOSS","M","?","$","?","M","M","?","?","T","R","M","R","M","M","R","BOSS","M","$","?","?","M","R","E","R","T","E","M"],"items_purchased_type":["Card","Card","Card"],"build_version":"2020-12-22","purchased_purges":1,"victory":false,"max_hp_per_floor":[75,75,75,75,75,75,75,75,75,75,75,75,75,75,75,75,75,75,80,80,80,80,80,80,80,80,80,80,80,80,80,80,80,80,80,80,80,80,80,80,80,80,80,80,80,80],"relic_stats":{"Dream Catcher":4,"Busted Crown":12,"counters":[22,92],"Bronze Scales":[236],"Eternal Feather":0,"Pen Nib":[17],"Ectoplasm":383,"Bag of Preparation":[4],"Orichalcum":[156],"Boot":[99],"obtain_stats":[{"Dream Catcher":26,"Anchor":41,"Busted Crown":34,"Bronze Scales":6,"Eternal Feather":44,"Pen Nib":0,"Ectoplasm":17,"Bag of Preparation":43,"Orichalcum":9,"Boot":13,"Burning Blood":0},{"Dream Catcher":13,"Anchor":20,"Busted Crown":17,"Bronze Scales":5,"Eternal Feather":21,"Pen Nib":0,"Ectoplasm":10,"Bag of Preparation":20,"Orichalcum":6,"Boot":8,"Burning Blood":0},{"Dream Catcher":46,"Anchor":81,"Busted Crown":69,"Bronze Scales":18,"Eternal Feather":87,"Pen Nib":0,"Ectoplasm":38,"Bag of Preparation":81,"Orichalcum":21,"Boot":29,"Burning Blood":0}],"Burning Blood":126},"card_choices":[{"not_picked":["Iron Wave","Reckless Charge"],"picked":"Combust","floor":1.0},{"not_picked":["Clothesline","Flex"],"picked":"Sword Boomerang","floor":2.0},{"not_picked":["Dark Embrace","Heavy Blade"],"picked":"Clothesline","floor":4.0},{"not_picked":["Shrug It Off","Heavy Blade"],"picked":"Hemokinesis","floor":5.0},{"not_picked":["Pommel Strike","Anger"],"picked":"Shrug It Off","floor":6.0},{"not_picked":["Heavy Blade","Corruption","Wild Strike"],"picked":"SKIP","floor":8.0},{"not_picked":["Searing Blow","Clash"],"picked":"Anger","floor":10.0},{"not_picked":["Sever Soul","Carnage"],"picked":"Dual Wield","floor":13.0},{"not_picked":["Cleave","Hemokinesis"],"picked":"Blood for Blood","floor":14.0},{"not_picked":["Exhume","Bludgeon"],"picked":"Reaper","floor":16.0},{"not_picked":["Shrug It Off","Perfected Strike"],"picked":"Cleave","floor":18.0},{"not_picked":["Metallicize","Heavy Blade","Iron Wave"],"picked":"SKIP","floor":22.0},{"not_picked":["Pommel Strike","Sword Boomerang"],"picked":"Disarm","floor":23.0},{"not_picked":["Bludgeon","Flex"],"picked":"Carnage","floor":27.0},{"not_picked":["Havoc","Body Slam","Limit Break"],"picked":"SKIP","floor":28.0},{"not_picked":["Perfected Strike+1","Wild Strike"],"picked":"Shrug It Off","floor":29.0},{"not_picked":["Body Slam+1","Sever Soul"],"picked":"Flame Barrier","floor":30.0},{"not_picked":["Cleave+1","Clothesline","Uppercut+1"],"picked":"SKIP","floor":31.0},{"not_picked":["Corruption","Bludgeon"],"picked":"Exhume","floor":33.0},{"not_picked":["Iron Wave"],"picked":"SKIP","floor":35.0},{"not_picked":["Evolve+1"],"picked":"SKIP","floor":39.0},{"not_picked":["Spot Weakness"],"picked":"SKIP","floor":41.0},{"not_picked":["Searing Blow"],"picked":"SKIP","floor":44.0}],"player_experience":1369274,"relics_obtained":[{"floor":6.0,"key":"Bronze Scales"},{"floor":9.0,"key":"Orichalcum"},{"floor":13.0,"key":"Boot"},{"floor":26.0,"key":"Dream Catcher"},{"floor":41.0,"key":"Anchor"},{"floor":43.0,"key":"Bag of Preparation"},{"floor":44.0,"key":"Eternal Feather"}],"event_choices":[{"cards_removed":["Defend_R"],"damage_healed":0.0,"max_hp_gain":0.0,"max_hp_loss":0.0,"gold_gain":0.0,"event_name":"The Cleric","player_choice":"Card Removal","floor":3.0,"gold_loss":75.0,"damage_taken":0.0},{"damage_healed":0.0,"max_hp_gain":0.0,"max_hp_loss":0.0,"gold_gain":0.0,"event_name":"Match and Keep!","player_choice":"2 cards matched","floor":11.0,"gold_loss":0.0,"damage_taken":0.0,"cards_obtained":["Wild Strike","Shockwave"]},{"damage_healed":0.0,"max_hp_gain":5.0,"max_hp_loss":0.0,"gold_gain":0.0,"event_name":"Forgotten Altar","player_choice":"Shed Blood","floor":19.0,"gold_loss":0.0,"damage_taken":26.0},{"damage_healed":0.0,"max_hp_gain":0.0,"max_hp_loss":0.0,"gold_gain":0.0,"cards_transformed":["Strike_R","Strike_R"],"event_name":"Drug Dealer","player_choice":"Became Test Subject","floor":21.0,"gold_loss":0.0,"damage_taken":0.0,"cards_obtained":["Combust","Immolate"]},{"damage_healed":0.0,"max_hp_gain":0.0,"max_hp_loss":0.0,"gold_gain":0.0,"event_name":"Masked Bandits","player_choice":"Paid Fearfully","floor":24.0,"gold_loss":50.0,"damage_taken":0.0},{"damage_healed":0.0,"max_hp_gain":0.0,"max_hp_loss":0.0,"gold_gain":0.0,"event_name":"SensoryStone","player_choice":"Memory 1","floor":37.0,"gold_loss":0.0,"damage_taken":0.0},{"damage_healed":0.0,"max_hp_gain":0.0,"max_hp_loss":0.0,"gold_gain":0.0,"event_name":"Mysterious Sphere","player_choice":"Ignored","floor":38.0,"gold_loss":0.0,"damage_taken":0.0}],"is_beta":false,"boss_relics":[{"not_picked":["Tiny House","Calling Bell"],"picked":"Ectoplasm"},{"not_picked":["Runic Pyramid","Coffee Dripper"],"picked":"Busted Crown"}],"items_purged_floors":[12],"is_endless":false,"potions_floor_spawned":[1,2,13,14,16,23,31,33,35,41],"killed_by":"Transient","ascension_level":18}}