{"host":"4a0aa7b2d8dxohwr","time":1612593141,"event":{"mods":["ATMod(∞¢Ë™Mod)","Act Like it!","BaseMod","Dota2Spire","Friendly Minions","Gensokyo","GifTheSpireLib","GungeonMod","Marisa£®ÏF”Í°°ƒß¿Ì…≥£©","Minty Spire (QoL Compilation)","Reimu£®≤©¿ˆ¡È√Œ£©","Reliquary","Remilia£®¿Ÿ√◊¿Ú—«£©","Shop Mod","StSLib","The Cursed","The Senshi","The Servant 0.9.4","Youmu£®ªÍ∆«—˝√Œ£©","[IsaacMod]“‘»ˆº‚À˛"],"gold_per_floor":[148,148,176,199,208,252,252,188,215,241,241,21,60,87,87,194,194,221,171,180,25,25,66,82,126,126,181,191,242,242,202,202,342,351,379,423,423,423,57,112,112,145,145,194,217,217,232,291,291,321,321,321,11,42,42],"floor_reached":56,"language":"ZHS","playtime":2913,"items_purged":["Strike_G","Strike_G","Strike_G"],"score":2492,"play_id":"1688f0f6-65b7-44a9-bdb4-ba2d41354023","local_time":"20210206143221","is_ascension_mode":true,"campfire_choices":[{"data":"AT_FamilyPortrait","floor":7.0,"key":"SMITH"},{"data":"AT_Desolate","floor":15,"key":"SMITH"},{"data":"Prepared","floor":30,"key":"SMITH"},{"data":"Acrobatics","floor":32,"key":"SMITH"},{"data":"PiercingWail","floor":41,"key":"SMITH"},{"floor":49,"key":"RECALL"},{"data":"After Image","floor":52,"key":"SMITH"}],"circlet_count":0,"master_deck":["AscendersBane","Strike_G","Strike_G","Defend_G","Defend_G","Defend_G","Defend_G","Defend_G","Survivor","Neutralize","AT_FamilyPortrait+1","CurseOfTheBell","Footwork+1","Prepared+1","Storm of Steel","Gensokyo:CrescentMoonSlash","Prepared","AT_Desolate+1","PiercingWail+1","Acrobatics+1","After Image","Blade Dance","Creative AI+1","Underhanded Strike+1","AT_WindFlip","Infinite Blades","Adrenaline+1","After Image+1","Cloak And Dagger+1","Dagger Throw","Tactician+1"],"relics":["HushsDoor","AT_ATBox","Tingsha","Gensokyo:YoukaiFlower","reliquary:Stiletto","AT_SeraphEmbrace","Dota2Spire:UrnOfShadows","reliquary:WritOfMandamus","SteamSale","Dota2Spire:AssaultCuirass","CrazyTorch:ReiMu","DemoMod:BlueGuonStone","DemoMod:GlassGuonStoneRelic","AT_TrinityForce","Ancient Tea Set","BFFS","reliquary:OuijaBoard","MerchantsRug","Anchor","The Courier","Ornamental Fan","Dota2Spire:ArcaneBoots","reliquary:Aerogel","reliquary:QuartzCube","TheBean","Calipers","theSenshi:SuperSailorFukuRelic"],"acts_visited":["Exordium","Gensokyo:Gensokyo","TheBeyond","TheEnding"],"potions_floor_usage":[16,23,33,50,55,55],"damage_taken":[{"damage":12.0,"enemies":"Gensokyo:2_Kodama","floor":1.0,"turns":4.0},{"damage":3.0,"enemies":"Gensokyo:Gryphon","floor":3.0,"turns":4.0},{"damage":0.0,"enemies":"Gensokyo:Python","floor":4.0,"turns":4.0},{"damage":0.0,"enemies":"Gensokyo:Mamizou","floor":6.0,"turns":6.0},{"damage":4,"enemies":"Gensokyo:3_Kodama","floor":10,"turns":3},{"damage":11,"enemies":"Gensokyo:Aya","floor":13,"turns":3},{"damage":0,"enemies":"Gensokyo:Kitsune","floor":14,"turns":3},{"damage":11,"enemies":"Gensokyo:Kokoro","floor":16,"turns":11},{"damage":10,"enemies":"Gensokyo:AngelMirror","floor":18,"turns":2},{"damage":0,"enemies":"Gensokyo:Tenshi","floor":23,"turns":1},{"damage":0,"enemies":"Gensokyo:2_Gloops","floor":24,"turns":4},{"damage":19,"enemies":"Gensokyo:Koishi","floor":25,"turns":6},{"damage":12,"enemies":"Gensokyo:Tenshi","floor":27,"turns":4},{"damage":5,"enemies":"Gensokyo:Slime_Group","floor":28,"turns":3},{"damage":0,"enemies":"Gensokyo:Wraith","floor":29,"turns":3},{"damage":0,"enemies":"Gensokyo:Eternal_Rivals","floor":33,"turns":9},{"damage":0,"enemies":"Orb Walker","floor":35,"turns":3},{"damage":0,"enemies":"3 Shapes","floor":36,"turns":3},{"damage":0,"enemies":"Nemesis","floor":40,"turns":5},{"damage":0,"enemies":"Reptomancer","floor":42,"turns":3},{"damage":0,"enemies":"Maw","floor":44,"turns":5},{"damage":0,"enemies":"Jaw Worm Horde","floor":45,"turns":2},{"damage":0,"enemies":"3 Darklings","floor":47,"turns":2},{"damage":0,"enemies":"Giant Head","floor":48,"turns":4},{"damage":0,"enemies":"Time Eater","floor":50,"turns":8},{"damage":0,"enemies":"Shield and Spear","floor":54,"turns":5},{"damage":0,"enemies":"The Heart","floor":55,"turns":6}],"seed_played":"-6752153857581083602","potions_obtained":[{"floor":3.0,"key":"Fire Potion"},{"floor":6.0,"key":"DistilledChaos"},{"floor":13,"key":"EssenceOfSteel"},{"floor":16,"key":"Regen Potion"},{"floor":23,"key":"FairyPotion"},{"floor":36,"key":"SpeedPotion"},{"floor":40,"key":"PowerPotion"},{"floor":54,"key":"Dexterity Potion"}],"is_trial":false,"path_per_floor":["M","?","M","M","?","E","R","?","T","M","?","$","E","M","R","B",null,"M","?","?","$","COS","E","M","E","T","E","M","M","R","?","R","B",null,"M","M","?","?","$","E","R","E","T","M","M","T","M","E","R","B",null,"R","$","E","B",null],"character_chosen":"THE_SILENT","items_purchased":["AT_ArchangelStaff","SteamSale","After Image","BFFS","Dagger Throw","LiquidMemories","reliquary:OuijaBoard","MerchantsRug","reliquary:Aerogel","reliquary:QuartzCube","TheBean","Calipers","Strength Potion"],"campfire_rested":0,"item_purchase_floors":[12,21,34,39,39,39,39,39,53,53,53,53,53],"current_hp_per_floor":[51,51,48,48,38,38,38,70,70,66,52,52,41,41,41,36,62,52,59,59,59,59,59,59,40,40,34,29,29,29,29,29,44,66,66,66,66,51,51,51,51,51,51,51,51,51,51,60,60,60,70,70,70,70,73],"gold":42,"neow_bonus":"BOSS_RELIC","is_daily":false,"chose_seed":false,"campfire_upgraded":6,"win_rate":0.0,"timestamp":1612593141,"path_taken":["M","?","M","?","?","E","R","?","T","M","?","$","E","M","R","BOSS","M","?","?","?","COS","E","M","E","T","E","M","?","R","?","R","BOSS","M","M","?","?","$","E","R","E","T","M","?","?","?","E","R","BOSS","R","$","E","BOSS"],"items_purchased_type":["Relic","Relic","Card","Relic","Card","Potion","Relic","Relic","Relic","Relic","Relic","Relic","Potion"],"build_version":"2020-12-22","purchased_purges":3,"victory":true,"max_hp_per_floor":[70,70,70,70,70,70,70,70,70,70,70,70,70,70,70,70,70,70,77,77,77,77,77,77,77,77,77,77,77,77,77,77,77,73,73,73,73,73,73,73,73,73,73,73,73,73,73,73,73,73,73,73,73,73,73],"card_choices":[{"not_picked":[],"picked":"Bomb","floor":0.0},{"not_picked":["Riddle With Holes","AT_WindRun"],"picked":"Footwork","floor":1.0},{"not_picked":["Predator","Slice"],"picked":"Prepared","floor":3.0},{"not_picked":["Setup","Blade Dance"],"picked":"Storm of Steel","floor":4.0},{"not_picked":["Finisher","Deadly Poison"],"picked":"Prepared","floor":6.0},{"not_picked":["AT_WindRun","Dagger Spray"],"picked":"AT_Desolate","floor":10},{"not_picked":["Deflect","Slice"],"picked":"PiercingWail","floor":13},{"not_picked":["Sucker Punch","Dagger Throw"],"picked":"Acrobatics","floor":14},{"not_picked":["Wraith Form v2","Venomology"],"picked":"After Image","floor":16},{"not_picked":["Underhanded Strike","Flying Knee"],"picked":"Blade Dance","floor":18},{"not_picked":["Deflect","AT_TwilightShroud"],"picked":"Underhanded Strike+1","floor":23},{"not_picked":["Leg Sweep","Dagger Spray+1","Choke"],"picked":"SKIP","floor":24},{"not_picked":["Dagger Throw","AT_WindRun+1"],"picked":"AT_WindFlip","floor":25},{"not_picked":["PiercingWail","AT_WindRun+1","Bouncing Flask"],"picked":"SKIP","floor":27},{"not_picked":["Bane","Blade Dance","Caltrops+1"],"picked":"SKIP","floor":28},{"not_picked":["Night Terror","Masterful Stab"],"picked":"Infinite Blades","floor":29},{"not_picked":["Grand Finale","Storm of Steel"],"picked":"Adrenaline","floor":33},{"not_picked":["Prepared","AT_WomanClash"],"picked":"Cloak And Dagger+1","floor":35},{"not_picked":["Poisoned Stab","Deflect","Quick Slash"],"picked":"SKIP","floor":36},{"not_picked":["Cloak And Dagger","Noxious Fumes","Quick Slash"],"picked":"SKIP","floor":40},{"not_picked":["Poisoned Stab+1","Acrobatics+1","Leg Sweep+1"],"picked":"SKIP","floor":42},{"not_picked":["Bane","Poisoned Stab","PiercingWail+1"],"picked":"SKIP","floor":44},{"not_picked":["Calculated Gamble+1","Cloak And Dagger"],"picked":"Tactician+1","floor":45},{"not_picked":["Slice","Outmaneuver","Cloak And Dagger+1"],"picked":"SKIP","floor":47},{"not_picked":["Escape Plan","Outmaneuver","Poisoned Stab"],"picked":"SKIP","floor":48},{"not_picked":["Glass Knife","AT_MyraUnstableElement","Sucker Punch"],"picked":"SKIP","floor":54}],"player_experience":561776,"relics_obtained":[{"floor":0.0,"key":"CeramicFish"},{"floor":0.0,"key":"TuHaoJin"},{"floor":0.0,"key":"Tingsha"},{"floor":6.0,"key":"Akabeko"},{"floor":13,"key":"Dota2Spire:UrnOfShadows"},{"floor":23,"key":"Dota2Spire:AssaultCuirass"},{"floor":25,"key":"Dota2Spire:HandOfMidas"},{"floor":26,"key":"CrazyTorch:ReiMu"},{"floor":27,"key":"DemoMod:BlueGuonStone"},{"floor":40,"key":"AT_SilvercatRing"},{"floor":42,"key":"Anchor"},{"floor":43,"key":"The Courier"},{"floor":46,"key":"Ornamental Fan"},{"floor":48,"key":"Dota2Spire:ArcaneBoots"},{"floor":54,"key":"theSenshi:SuperSailorFukuRelic"}],"event_choices":[{"damage_healed":0,"gold_gain":0,"player_choice":"Memory 1","damage_taken":0,"max_hp_gain":0,"max_hp_loss":0,"event_name":"SensoryStone","floor":37,"gold_loss":0}],"is_beta":false,"boss_relics":[{"not_picked":["Busted Crown","Tiny House"],"picked":"reliquary:WritOfMandamus"},{"not_picked":[]},{"not_picked":["Philosopher\u0027s Stone","HoveringKite"],"picked":"AT_TrinityForce"},{"not_picked":[]}],"items_purged_floors":[12,39,53],"is_endless":false,"potions_floor_spawned":[3,6,13,16,18,23,36,40,44,47,54],"ascension_level":12}}