{"host":"dmtlrev5pkc1867p","time":1612615155,"event":{"mods":["BaseMod","Colored Map","Downfall","Hermit","Marisa¡]Ãú«B¡@Å]²z¨F¡^","Minty Spire (QoL Compilation)","Replay The Spire","StSLib","The Cursed","The Disciple","The Servant 0.9.4"],"gold_per_floor":[99,118,28,40,56,41,41,60,60,88,98,111,11,11,11,108,108,133,145,157,373,385,410,503,535,532,544,456,468,480,492,504,516,516,516],"floor_reached":33,"language":"ZHS","playtime":1847,"items_purged":["Replay:Hysterical Blindness"],"score":295,"play_id":"ce81f108-1115-46f3-9355-3f4419d1ae1f","local_time":"20210206203915","is_ascension_mode":false,"campfire_choices":[{"floor":1.0,"key":"RECALL"},{"floor":13.0,"key":"REST"},{"floor":15.0,"key":"REST"},{"floor":28,"key":"REST"},{"floor":30,"key":"REST"},{"data":"Decay","floor":32,"key":"PURGE"}],"circlet_count":0,"master_deck":["bronze:Defend","bronze:Defend","bronze:Defend","bronze:Defend","bronze:Replicate","bronze:Goto","ReplayTheSpireMod:Brewmster","bronze:WhirlingStrike","bronze:Iterate","bronze:Turbo","bronze:WhirlingStrike","bronze:Break+1","bronze:GetLatest","bronze:MaxOutput","bronze:ItsAFeature","bronze:Repair","bronze:Virus","TheCursedMod:Dregs","bronze:Turbo","bronze:ChildClass","bronze:GetLatest","bronze:Constructor+1","bronze:HardenedForm+1","Bite","Bite","Bite","Bite","Bite"],"relics":["bronze:BronzeCore","Replay:Ringing Soul","Whetstone","downfall:HeartBlessingGreen","Replay:Ancient Bell","MawBank","Frozen Egg 2","Peace Pipe","downfall:KnowingSkull","Bottled Lightning","downfall:HeartBlessingRed"],"acts_visited":["Exordium","TheCity"],"potions_floor_usage":[33,33,33,33,33],"damage_taken":[{"damage":11.0,"enemies":"Small Slimes","floor":2.0,"turns":6.0},{"damage":0.0,"enemies":"downfall:FleeingMerchant","floor":3.0,"turns":4.0},{"damage":0.0,"enemies":"Cultist","floor":4.0,"turns":2.0},{"damage":6.0,"enemies":"2 Louse","floor":5.0,"turns":2.0},{"damage":10.0,"enemies":"downfall:FleeingMerchant","floor":6.0,"turns":4.0},{"damage":12.0,"enemies":"Exordium Thugs","floor":8.0,"turns":4.0},{"damage":0.0,"enemies":"Lagavulin","floor":10.0,"turns":7.0},{"damage":0.0,"enemies":"Red Slaver","floor":11.0,"turns":2.0},{"damage":7.0,"enemies":"Blue Slaver","floor":12.0,"turns":2.0},{"damage":51.0,"enemies":"DF_ARCHETYPE_STREAMLINE","floor":16.0,"turns":11.0},{"damage":21.0,"enemies":"Shell Parasite","floor":18.0,"turns":3.0},{"damage":0.0,"enemies":"Snake Plant","floor":19.0,"turns":1.0},{"damage":12.0,"enemies":"3 Cultists","floor":23.0,"turns":5.0},{"damage":37.0,"enemies":"Chosen and Byrds","floor":25.0,"turns":7.0},{"damage":10.0,"enemies":"downfall:FleeingMerchant","floor":26.0,"turns":4.0},{"damage":88,"enemies":"SI_MIRROR_ARCHETYPE","floor":33,"turns":8}],"seed_played":"2558110533345222815","potions_obtained":[{"floor":2.0,"key":"Fire Potion"},{"floor":10.0,"key":"SteroidPotion"},{"floor":12.0,"key":"Toxic Potion"}],"is_trial":false,"path_per_floor":["R","M","$","M","M","$","T","M","?","E","M","M","R","?","R","B",null,"M","M","?","?","?","M","T","M","$","?","R","?","R","?","R","B"],"character_chosen":"THE_AUTOMATON","items_purchased":[],"campfire_rested":4,"item_purchase_floors":[],"current_hp_per_floor":[70,59,59,59,53,43,43,34,34,37,40,36,60,60,82,34,88,77,77,77,58,51,49,49,22,22,22,52,52,82,75,75,0,0,0],"gold":516,"neow_bonus":"RANDOM_COLORLESS_2","is_daily":false,"chose_seed":false,"campfire_upgraded":0,"win_rate":0.0,"timestamp":1612615155,"path_taken":["R","M","$","M","M","$","T","M","?","E","M","M","R","?","R","BOSS","M","M","?","?","?","M","T","?","?","?","R","?","R","?","R","BOSS"],"items_purchased_type":[],"build_version":"2020-12-22","purchased_purges":1,"victory":false,"max_hp_per_floor":[70,70,70,70,70,70,70,73,73,76,79,82,82,82,82,85,88,91,91,91,94,94,97,97,100,103,103,103,103,103,75,75,75,75,75],"card_choices":[{"not_picked":["Transmutation","Midas Touch"],"picked":"ReplayTheSpireMod:Brewmster","floor":0.0},{"not_picked":["bronze:Separator","bronze:Invalidate"],"picked":"bronze:WhirlingStrike","floor":2.0},{"not_picked":["bronze:MaxOutput","bronze:FineTuning"],"picked":"bronze:Iterate","floor":3.0},{"not_picked":["bronze:WhirlingStrike","bronze:BugBarrage"],"picked":"bronze:Turbo","floor":4.0},{"not_picked":["bronze:Deprecate","bronze:BuggyMess"],"picked":"bronze:WhirlingStrike","floor":5.0},{"not_picked":["bronze:Overheat","bronze:CutThrough"],"picked":"bronze:Break","floor":6.0},{"not_picked":["bronze:Shell","bronze:NullPointer"],"picked":"bronze:GetLatest","floor":8.0},{"not_picked":["bronze:Deprecate","bronze:Constructor"],"picked":"bronze:MaxOutput","floor":10.0},{"not_picked":["bronze:WhirlingStrike","bronze:ForLoop"],"picked":"bronze:ItsAFeature","floor":11.0},{"not_picked":["bronze:Constructor","bronze:Boost"],"picked":"bronze:Repair","floor":12.0},{"not_picked":["bronze:ThunderWave","bronze:HyperBeam"],"picked":"bronze:Virus","floor":16.0},{"not_picked":["Wraith","ReplayTheSpireMod:Faulty Equipment"],"picked":"TheCursedMod:Dregs","floor":17.0},{"not_picked":["downfall:Haunted","ReplayTheSpireMod:Restless Dread"],"picked":"Sickly","floor":17.0},{"not_picked":["Regret","CurseOfTheBell"],"picked":"Decay","floor":17.0},{"not_picked":["bronze:FineTuning+1","bronze:Iterate"],"picked":"bronze:Turbo","floor":18.0},{"not_picked":["bronze:Branch","bronze:ChosenStrike"],"picked":"bronze:ChildClass","floor":21.0},{"not_picked":["bronze:Safeguard+1","bronze:BuggyMess"],"picked":"bronze:GetLatest","floor":23.0},{"not_picked":["bronze:BuggyMess","bronze:Assembly"],"picked":"bronze:Constructor+1","floor":25.0},{"not_picked":["bronze:Invalidate","bronze:DelayedGuard"],"picked":"bronze:HardenedForm+1","floor":26.0}],"player_experience":597304,"relics_obtained":[{"floor":7.0,"key":"Replay:Ringing Soul"},{"floor":10.0,"key":"Whetstone"},{"floor":24.0,"key":"Bottled Lightning"}],"event_choices":[{"damage_healed":0,"gold_gain":0,"player_choice":"Became a vampire","damage_taken":0,"max_hp_gain":0,"max_hp_loss":31,"event_name":"Vampires","floor":31,"gold_loss":0,"cards_obtained":["Bite","Bite","Bite","Bite","Bite"]}],"is_beta":false,"boss_relics":[{"not_picked":["Replay:Grab Bag","Ring of Chaos"],"picked":"Replay:Ancient Bell"},{"not_picked":["Replay:Mystery Machine","Strawberry"],"picked":"MawBank"},{"not_picked":["Replay:Bottled Snecko","Ornamental Fan"],"picked":"Frozen Egg 2"},{"not_picked":["Du-Vu Doll","Counterbalance"],"picked":"Peace Pipe"}],"items_purged_floors":[3],"is_endless":false,"potions_floor_spawned":[2,8,10,12,19],"killed_by":"SI_MIRROR_ARCHETYPE","ascension_level":0}}