{"host":"ln96ypacmm7diq4b","time":1612628758,"event":{"mods":["AchievementEnabler","Ascension Reborn","Aspiration","BaseMod","Beaked The Cultist","Card Forge","Conspire","Downfall","Friendly Minions","GifTheSpireLib","Grow up Mod","Hermit","Hero for Fun","Hubris","HumanHunterMod(怪物杀人mod)","Infinite Spire","KinomotoSakuraMod(木之本樱)","Koishi","KomeijiMod","Marisa（F雨　魔理沙）","Minty Spire (QoL Compilation)","Potion Indicator Mod","Quick Restart","READ ME - Guardian Mod","Reimu（博丽灵梦）","Relic Stats","Remilia（蕾米莉亚）","Replay The Spire","Shop Mod","Spicy Shops","StSLib","The Administrix","The Bug Knight","The Mystic","The Senshi","Uncapped","【功能Mod】聪明的最终Boss","篝火指南"],"gold_per_floor":[183,29,487,6654,5088,4399,3786,2897,2897,2446,1887,735,835,10999,10400,133761,133761,133779,133779,133779,132925,132925,131718,131226,131070,131096,131138,130846,130806,130458,130464,130135,139678,139678,148783,186504,186404,185938,185938,185665,185290,185341,185364,184776,185417,185009,185009,197060,196817,196822],"floor_reached":51,"language":"ZHS","playtime":26294,"items_purged":["Parasite","Clumsy","Pride","Decay","Parasite"],"score":1291,"play_id":"28da4327-6d1b-4d5a-b9e3-f2cb51807fda","local_time":"20210207002558","daily_mods":["Vintage","Diverse","Heirloom","Time Dilation","Flight"],"is_ascension_mode":false,"campfire_choices":[],"circlet_count":0,"master_deck":["Demon Form+1","Wraith Form v2+1","Echo Form+1","DevaForm+1","BatForm+1","Exhume+1","Demonic Infusion+1","Whirlwind+1","Limit Break+1","Offering+1","Night Terror+1","Wraith Form v2+1","Adrenaline+1","hubris:DoWhile+1","Double Energy+1","Echo Form+1","Seek+1","Heatsinks+1","Aggregate+1","Genetic Algorithm+1","DevaForm+1","Omniscience+1","Wish+1","RitualDagger+1","BecomeAlmighty+1","FameAndFortune+1","LiveForever+1","Ghostly+1","Expunger+1","conspire:Banana+1","Robbery+1","WitchOfGreed+1","MastersStateliness+1","Machine Learning+1","ReplayUltimateDefense+1","Exhume+1","Barricade+1","Demonic Infusion+1","Limit Break+1","Berserk+1","Night Terror+1","Adrenaline+1","Well Laid Plans+1","hubris:DoWhile+1","Double Energy+1","Seek+1","Aggregate+1","Buffer+1","Fusion+1","Genetic Algorithm+1","DevaForm+1","RitualDagger+1","Omniscience+1","LiveForever+1","Robbery+1","MastersStateliness+1","sneckomod:SerpentMind+1","WitchOfGreed+1"],"relics":["Ring of the Snake","Hammer of Thor","Seething Fire","Anvil of the Gods","mysticmod:CrystalBall","HollowMod:QueensCombRelic","Prayer Wheel","ReplayTheSpireMod:Ninjato","MerchantsRug","Pet Ghost","infinitespire:Midas Blood","Replay:WaspNest","InkBottle","aspiration:HummingbirdHeart","Kunai","champ:Barbells","TungstenRod","Gremlin Food","hubris:Zylophone","Dream Catcher","Nunchaku","Sling","conspire:TreasureMap","hubris:CrystalStatue","hubris:EmptyBottle","hubris:Metronome","Snake Skull","Replay:Mystery Machine","Centennial Puzzle","Mastiff:ReiMu","BargainBundle","StrikeDummy","FossilizedHelix","Blood Vial","hubris:MedicalManual","Gremlin Horn","ClockworkSouvenir","HollowMod:JonisBlessing","conspire:BottledYoYo","hubris:MysteriousPyramids","Frozen Eye","champ:DuelingGlove","Toy Ornithopter","Pondfish Scales","hubris:TenFootPole","hubris:TerracottaHorce","Thread and Needle","Oddly Smooth Stone","GreatHeart","aspiration:TomeofQuesting","hubris:TinFlute","ReplayFunnel","Bag of Marbles","Medical Kit","Replay:Bandana","Frozen Egg 2","HandDrill","Guide Book","hubris:FunFungus","theSenshi:SailorFukuRelic","Membership Card","Tough Bandages","Quantum Egg","HollowMod:PaleOreRelic","Old Coin","Chemical X","OrangePellets","theSenshi:SpiralHeartMoonRodRelic","Slimebound:StickyStick","conspire:Dentures","hubris:ToyBattleship","Pen Nib","ReplayTheSpireMod:Lightbulb","Vajra","Replay:Wax Seal","ZunR:ReiMu","Ancient Tea Set","Calipers","DollysMirror","aspiration:FrozenJewel","Replay:Rubber Ducky","hubris:HerbalPaste","TheAbacus","bronze:BronzeIdol","infinitespire:EvilPickle","Philosopher\u0027s Stone","PreservedInsect","Anchor","Strange Spoon","hubris:DeckOfHolding","ScarletDevilRocket","Replay:Baseball","Art of War","Counterbalance","Oddly Smooth Stone","Bag of Preparation","HollowMod:StagPassRelic","Unceasing Top","CaptainsWheel","RuthlessExorcism:ReiMu","Strawberry","Smiling Mask","Mummified Hand","Question Card","Singing Bowl","aspiration:ChemicalBlood","hexamod:CandleOfCauterizing","CatCart","Ornamental Fan","Shuriken","Replay:PocketPolymizer","Pantograph","hubris:PeanutButter"],"acts_visited":["Exordium","TheCity","TheBeyond"],"potions_floor_usage":[27,27],"damage_taken":[{"damage":2.0,"enemies":"Small Slimes","floor":1.0,"turns":4.0},{"damage":6.0,"enemies":"Cultist","floor":3.0,"turns":6.0},{"damage":6.0,"enemies":"conspire:RoseBush","floor":4.0,"turns":4.0},{"damage":0.0,"enemies":"Exordium Wildlife","floor":14.0,"turns":25.0},{"damage":0,"enemies":"The Guardian","floor":16,"turns":17},{"damage":0,"enemies":"Spheric Guardian","floor":18,"turns":1},{"damage":0,"enemies":"Nightmare","floor":27,"turns":1},{"damage":0,"enemies":"Pondfish","floor":33,"turns":3},{"damage":0,"enemies":"Orb Walker","floor":35,"turns":4},{"damage":0,"enemies":"3 Shapes","floor":36,"turns":3},{"damage":0,"enemies":"Orin","floor":45,"turns":2},{"damage":0,"enemies":"3 Darklings","floor":48,"turns":1},{"damage":0,"enemies":"conspire:OrnateMirror","floor":50,"turns":1}],"seed_played":"-8667411803677420880","potions_obtained":[{"floor":3.0,"key":"SpeedPotion"},{"floor":3.0,"key":"SpeedPotion"},{"floor":4.0,"key":"ZuzhouPotion:ReiMu"},{"floor":14.0,"key":"Death Potion"},{"floor":14.0,"key":"GrandPatriotsElixir:ReiMu"},{"floor":16,"key":"FairyPotion"},{"floor":33,"key":"GhostInAJar"}],"is_trial":true,"path_per_floor":["M","$","M","M","$","R","R","R","T","R","$","R","?","M","R","B",null,"M","AVR","?","$","?","R","R","R","T","NM","$","?","R","?","R","B",null,"M","M","?","$","?","R","R","T","T","R","?","$","AVR","M","R","B",null],"character_chosen":"THE_SILENT","items_purchased":["MerchantsRug","Mango","Replay:WaspNest","InkBottle","aspiration:HummingbirdHeart","aspiration:Nostalgia","ReplayUltimateDefense","Kunai","champ:Barbells","TungstenRod","Gremlin Food","hubris:Zylophone","Dream Catcher","Nunchaku","Sling","conspire:TreasureMap","Omamori","hubris:CrystalStatue","hubris:EmptyBottle","hubris:Metronome","Fruit Juice","Replay:Mystery Machine","Centennial Puzzle","Mastiff:ReiMu","BargainBundle","StrikeDummy","ReplayTheSpireMod:TigerMarble","FossilizedHelix","Blood Vial","hubris:MedicalManual","Gremlin Horn","ClockworkSouvenir","HollowMod:JonisBlessing","conspire:BottledYoYo","Frozen Eye","champ:DuelingGlove","Toy Ornithopter","Pondfish Scales","hubris:TenFootPole","aspiration:TomeofQuesting","hubris:TinFlute","ReplayFunnel","Bag of Marbles","Medical Kit","Replay:Bandana","Frozen Egg 2","HandDrill","Guide Book","hubris:FunFungus","theSenshi:SailorFukuRelic","Membership Card","Tough Bandages","Quantum Egg","HollowMod:PaleOreRelic","Old Coin","Chemical X","OrangePellets","theSenshi:SpiralHeartMoonRodRelic","Slimebound:StickyStick","Pen Nib","ReplayTheSpireMod:Lightbulb","Vajra","Replay:Wax Seal","Ancient Tea Set","Calipers","DollysMirror","aspiration:FrozenJewel","Replay:Rubber Ducky","hubris:HerbalPaste","TheAbacus","bronze:BronzeIdol","Strange Spoon","hubris:DeckOfHolding","ScarletDevilRocket","Replay:Baseball","Art of War","Counterbalance","Oddly Smooth Stone","Bag of Preparation","HollowMod:StagPassRelic","Unceasing Top","CaptainsWheel","RuthlessExorcism:ReiMu","Mummified Hand","Question Card","Singing Bowl","aspiration:ChemicalBlood","hexamod:CandleOfCauterizing","Ornamental Fan","Shuriken","Replay:PocketPolymizer","Pantograph","hubris:PeanutButter"],"campfire_rested":0,"item_purchase_floors":[2,5,5,5,5,5,5,6,6,6,6,7,7,7,7,7,8,8,8,8,8,10,10,10,11,11,11,11,12,12,12,12,12,12,15,15,15,15,15,21,21,21,21,21,23,23,23,23,23,23,24,24,24,24,25,25,25,25,25,28,28,28,28,30,30,30,30,32,32,32,32,38,38,38,38,38,38,40,40,40,41,41,41,44,44,44,44,44,46,46,46,49,49],"current_hp_per_floor":[66,76,84,94,118,128,138,158,168,178,188,198,208,218,228,238,4813609,4813619,4813629,4813639,4813649,4813659,4813669,4813679,4813689,4813699,4813709,4813719,4813729,4813739,4813744,4813754,4813764,4813781,4813791,4813801,4813811,4813818,4813828,4813838,4813848,4813865,4813875,4813885,4813897,4813907,4813917,4813927,4813937,4813947],"gold":196822,"neow_bonus":"","is_daily":false,"chose_seed":false,"campfire_upgraded":0,"win_rate":0.0,"timestamp":1612628758,"path_taken":["M","$","M","M","$","R","R","R","T","R","$","R","?","?","R","BOSS","M","AVR","?","$","?","R","R","R","T","NM","$","?","R","?","R","BOSS","M","M","?","$","?","R","R","?","T","R","?","?","AVR","M","R","BOSS"],"items_purchased_type":["Relic","Relic","Relic","Relic","Relic","Relic","Card","Relic","Relic","Relic","Relic","Relic","Relic","Relic","Relic","Relic","Relic","Relic","Relic","Relic","Potion","Relic","Relic","Relic","Relic","Relic","Relic","Relic","Relic","Relic","Relic","Relic","Relic","Relic","Relic","Relic","Relic","Relic","Relic","Relic","Relic","Relic","Relic","Relic","Relic","Relic","Relic","Relic","Relic","Relic","Relic","Relic","Relic","Relic","Relic","Relic","Relic","Relic","Relic","Relic","Relic","Relic","Relic","Relic","Relic","Relic","Relic","Relic","Relic","Relic","Relic","Relic","Relic","Relic","Relic","Relic","Relic","Relic","Relic","Relic","Relic","Relic","Relic","Relic","Relic","Relic","Relic","Relic","Relic","Relic","Relic","Relic","Relic"],"build_version":"2020-12-22","purchased_purges":5,"victory":true,"max_hp_per_floor":[68,78,90,102,126,133,143,163,173,183,193,203,213,4335,4345,4813599,4813609,4813619,4813629,4813639,4813649,4813659,4813669,4813679,4813689,4813699,4813709,4813719,4813729,4813739,4813749,4813759,4813771,4813781,4813791,4813801,4813811,4813818,4813828,4813838,4813848,4813865,4813875,4813885,4813899,4813909,4813919,4813929,4813939,4813949],"relic_stats":{"Gremlin Horn":[4,6],"Singing Bowl":2,"Snake Skull":[0],"Bag of Preparation":[7],"Smiling Mask":0,"Blood Vial":0,"Dream Catcher":0,"Nunchaku":[2],"Centennial Puzzle":[0],"Tough Bandages":[0],"TheAbacus":[0],"Mummified Hand":[16],"Pantograph":0,"Prayer Wheel":0,"HandDrill":[0],"Kunai":[2],"Chemical X":[6],"InkBottle":[36],"Ring of the Snake":[27],"counters":[13,72],"Pen Nib":[1],"PreservedInsect":17,"Medical Kit":[0],"Question Card":3,"OrangePellets":[4],"Strange Spoon":[12],"Ornamental Fan":[0],"Shuriken":[0],"Art of War":[0],"obtain_stats":[{"ScarletDevilRocket":38,"hubris:MysteriousPyramids":14,"theSenshi:SpiralHeartMoonRodRelic":25,"Sling":7,"Old Coin":25,"Blood Vial":12,"hubris:HerbalPaste":32,"hubris:DeckOfHolding":38,"HandDrill":23,"Kunai":6,"HollowMod:PaleOreRelic":24,"Replay:Wax Seal":28,"hubris:TinFlute":21,"HollowMod:QueensCombRelic":0,"MerchantsRug":2,"champ:Barbells":6,"conspire:TreasureMap":7,"Counterbalance":38,"HollowMod:JonisBlessing":12,"Pen Nib":28,"aspiration:FrozenJewel":30,"infinitespire:EvilPickle":33,"conspire:BottledYoYo":12,"hubris:TenFootPole":15,"StrikeDummy":11,"Unceasing Top":41,"hubris:Metronome":8,"Singing Bowl":44,"Bag of Preparation":40,"hubris:EmptyBottle":8,"Ancient Tea Set":30,"Smiling Mask":43,"Pet Ghost":3,"Replay:Rubber Ducky":32,"hubris:FunFungus":23,"Chemical X":25,"InkBottle":5,"Ring of the Snake":0,"aspiration:ChemicalBlood":44,"Thread and Needle":18,"PreservedInsect":35,"Omamori":8,"Seething Fire":0,"Frozen Egg 2":23,"bronze:BronzeIdol":32,"Ornamental Fan":46,"Art of War":38,"ReplayTheSpireMod:Lightbulb":28,"Toy Ornithopter":15,"infinitespire:Midas Blood":4,"champ:DuelingGlove":15,"hubris:CrystalStatue":8,"Calipers":30,"Gremlin Horn":12,"Vajra":28,"ZunR:ReiMu":29,"Hammer of Thor":0,"HollowMod:StagPassRelic":40,"hubris:TerracottaHorce":17,"Centennial Puzzle":10,"Mastiff:ReiMu":10,"DollysMirror":30,"Strawberry":42,"Prayer Wheel":1,"Philosopher\u0027s Stone":34,"theSenshi:SailorFukuRelic":23,"conspire:Dentures":26,"mysticmod:CrystalBall":0,"aspiration:Nostalgia":5,"Oddly Smooth Stone":19,"Question Card":44,"hubris:Zylophone":7,"OrangePellets":25,"Replay:Baseball":38,"Anvil of the Gods":0,"Shuriken":46,"hubris:PeanutButter":49,"ReplayTheSpireMod:TigerMarble":11,"hubris:ToyBattleship":27,"CatCart":45,"ReplayFunnel":21,"Replay:PocketPolymizer":46,"Mango":5,"aspiration:TomeofQuesting":21,"Snake Skull":9,"Replay:Mystery Machine":10,"ClockworkSouvenir":12,"Frozen Eye":15,"Dream Catcher":7,"Nunchaku":7,"Replay:Bandana":23,"Tough Bandages":24,"TheAbacus":32,"Slimebound:StickyStick":25,"Mummified Hand":44,"Pantograph":49,"GreatHeart":20,"Cracked Core":5,"Gremlin Food":6,"BargainBundle":11,"hexamod:CandleOfCauterizing":44,"ReplayTheSpireMod:Ninjato":1,"Guide Book":23,"Quantum Egg":24,"Replay:WaspNest":5,"hubris:MedicalManual":12,"aspiration:HummingbirdHeart":5,"Medical Kit":21,"Strange Spoon":38,"Pondfish Scales":15,"Anchor":36,"CaptainsWheel":41,"Bag of Marbles":21,"Membership Card":24,"TungstenRod":6,"FossilizedHelix":11,"RuthlessExorcism:ReiMu":41},{"ScarletDevilRocket":10,"hubris:MysteriousPyramids":4,"theSenshi:SpiralHeartMoonRodRelic":6,"Sling":3,"Old Coin":6,"Blood Vial":3,"hubris:HerbalPaste":7,"hubris:DeckOfHolding":10,"HandDrill":6,"Kunai":3,"HollowMod:PaleOreRelic":6,"Replay:Wax Seal":7,"hubris:TinFlute":6,"HollowMod:QueensCombRelic":0,"MerchantsRug":1,"champ:Barbells":3,"conspire:TreasureMap":3,"Counterbalance":10,"HollowMod:JonisBlessing":3,"Pen Nib":7,"aspiration:FrozenJewel":7,"infinitespire:EvilPickle":8,"conspire:BottledYoYo":3,"hubris:TenFootPole":4,"StrikeDummy":3,"Unceasing Top":10,"hubris:Metronome":3,"Singing Bowl":10,"Bag of Preparation":10,"hubris:EmptyBottle":3,"Ancient Tea Set":7,"Smiling Mask":10,"Pet Ghost":2,"Replay:Rubber Ducky":7,"hubris:FunFungus":6,"Chemical X":6,"InkBottle":3,"Ring of the Snake":0,"aspiration:ChemicalBlood":10,"Thread and Needle":6,"PreservedInsect":9,"Omamori":3,"Seething Fire":0,"Frozen Egg 2":6,"bronze:BronzeIdol":7,"Ornamental Fan":11,"Art of War":10,"ReplayTheSpireMod:Lightbulb":7,"Toy Ornithopter":4,"infinitespire:Midas Blood":3,"champ:DuelingGlove":4,"hubris:CrystalStatue":3,"Calipers":7,"Gremlin Horn":3,"Vajra":7,"ZunR:ReiMu":7,"Hammer of Thor":0,"HollowMod:StagPassRelic":10,"hubris:TerracottaHorce":5,"Centennial Puzzle":3,"Mastiff:ReiMu":3,"DollysMirror":7,"Strawberry":10,"Prayer Wheel":1,"Philosopher\u0027s Stone":8,"theSenshi:SailorFukuRelic":6,"conspire:Dentures":6,"mysticmod:CrystalBall":0,"aspiration:Nostalgia":3,"Oddly Smooth Stone":6,"Question Card":10,"hubris:Zylophone":3,"OrangePellets":6,"Replay:Baseball":10,"Anvil of the Gods":0,"Shuriken":11,"hubris:PeanutButter":12,"ReplayTheSpireMod:TigerMarble":3,"hubris:ToyBattleship":7,"CatCart":11,"ReplayFunnel":6,"Replay:PocketPolymizer":11,"Mango":3,"aspiration:TomeofQuesting":6,"Snake Skull":3,"Replay:Mystery Machine":3,"ClockworkSouvenir":3,"Frozen Eye":4,"Dream Catcher":3,"Nunchaku":3,"Replay:Bandana":6,"Tough Bandages":6,"TheAbacus":7,"Slimebound:StickyStick":6,"Mummified Hand":10,"Pantograph":12,"GreatHeart":6,"Cracked Core":3,"Gremlin Food":3,"BargainBundle":3,"hexamod:CandleOfCauterizing":10,"ReplayTheSpireMod:Ninjato":1,"Guide Book":6,"Quantum Egg":6,"Replay:WaspNest":3,"hubris:MedicalManual":3,"aspiration:HummingbirdHeart":3,"Medical Kit":6,"Strange Spoon":10,"Pondfish Scales":4,"Anchor":10,"CaptainsWheel":10,"Bag of Marbles":6,"Membership Card":6,"TungstenRod":3,"FossilizedHelix":3,"RuthlessExorcism:ReiMu":10},{"ScarletDevilRocket":68,"hubris:MysteriousPyramids":39,"theSenshi:SpiralHeartMoonRodRelic":57,"Sling":14,"Old Coin":57,"Blood Vial":14,"hubris:HerbalPaste":58,"hubris:DeckOfHolding":68,"HandDrill":57,"Kunai":14,"HollowMod:PaleOreRelic":57,"Replay:Wax Seal":58,"hubris:TinFlute":57,"HollowMod:QueensCombRelic":0,"MerchantsRug":4,"champ:Barbells":14,"conspire:TreasureMap":14,"Counterbalance":68,"HollowMod:JonisBlessing":14,"Pen Nib":58,"aspiration:FrozenJewel":58,"infinitespire:EvilPickle":61,"conspire:BottledYoYo":14,"hubris:TenFootPole":39,"StrikeDummy":14,"Unceasing Top":68,"hubris:Metronome":14,"Singing Bowl":68,"Bag of Preparation":68,"hubris:EmptyBottle":14,"Ancient Tea Set":58,"Smiling Mask":68,"Pet Ghost":10,"Replay:Rubber Ducky":58,"hubris:FunFungus":57,"Chemical X":57,"InkBottle":14,"Ring of the Snake":0,"aspiration:ChemicalBlood":68,"Thread and Needle":57,"PreservedInsect":65,"Omamori":14,"Seething Fire":0,"Frozen Egg 2":57,"bronze:BronzeIdol":58,"Ornamental Fan":70,"Art of War":68,"ReplayTheSpireMod:Lightbulb":58,"Toy Ornithopter":39,"infinitespire:Midas Blood":14,"champ:DuelingGlove":39,"hubris:CrystalStatue":14,"Calipers":58,"Gremlin Horn":14,"Vajra":58,"ZunR:ReiMu":58,"Hammer of Thor":0,"HollowMod:StagPassRelic":68,"hubris:TerracottaHorce":56,"Centennial Puzzle":14,"Mastiff:ReiMu":14,"DollysMirror":58,"Strawberry":68,"Prayer Wheel":2,"Philosopher\u0027s Stone":61,"theSenshi:SailorFukuRelic":57,"conspire:Dentures":57,"mysticmod:CrystalBall":0,"aspiration:Nostalgia":14,"Oddly Smooth Stone":57,"Question Card":68,"hubris:Zylophone":14,"OrangePellets":57,"Replay:Baseball":68,"Anvil of the Gods":0,"Shuriken":70,"hubris:PeanutButter":71,"ReplayTheSpireMod:TigerMarble":14,"hubris:ToyBattleship":58,"CatCart":70,"ReplayFunnel":57,"Replay:PocketPolymizer":70,"Mango":14,"aspiration:TomeofQuesting":57,"Snake Skull":14,"Replay:Mystery Machine":14,"ClockworkSouvenir":14,"Frozen Eye":39,"Dream Catcher":14,"Nunchaku":14,"Replay:Bandana":57,"Tough Bandages":57,"TheAbacus":58,"Slimebound:StickyStick":57,"Mummified Hand":68,"Pantograph":71,"GreatHeart":57,"Cracked Core":14,"Gremlin Food":14,"BargainBundle":14,"hexamod:CandleOfCauterizing":68,"ReplayTheSpireMod:Ninjato":4,"Guide Book":57,"Quantum Egg":57,"Replay:WaspNest":14,"hubris:MedicalManual":14,"aspiration:HummingbirdHeart":14,"Medical Kit":57,"Strange Spoon":68,"Pondfish Scales":39,"Anchor":68,"CaptainsWheel":68,"Bag of Marbles":57,"Membership Card":57,"TungstenRod":14,"FossilizedHelix":14,"RuthlessExorcism:ReiMu":68}],"TungstenRod":4,"Toy Ornithopter":0,"Unceasing Top":[0]},"card_choices":[{"not_picked":["bronze:Optimize+1","HollowMod:DashSlash","HagoromoMizu"],"picked":"SKIP","floor":27},{"not_picked":["Dual Wield","hexamod:BurningTouch+1","Slimebound:TongueLash+1","SporeBomb"],"picked":"Singing Bowl","floor":45}],"player_experience":594724,"relics_obtained":[{"floor":1.0,"key":"ReplayTheSpireMod:Ninjato"},{"floor":3.0,"key":"Pet Ghost"},{"floor":4.0,"key":"infinitespire:Midas Blood"},{"floor":9.0,"key":"Snake Skull"},{"floor":14.0,"key":"hubris:MysteriousPyramids"},{"floor":18,"key":"Thread and Needle"},{"floor":26,"key":"conspire:Dentures"},{"floor":27,"key":"hubris:ToyBattleship"},{"floor":35,"key":"PreservedInsect"},{"floor":36,"key":"Anchor"},{"floor":42,"key":"Strawberry"},{"floor":43,"key":"Smiling Mask"},{"floor":45,"key":"CatCart"}],"event_choices":[{"damage_healed":0.0,"max_hp_gain":0.0,"max_hp_loss":0.0,"gold_gain":100.0,"event_name":"Golden Shrine","player_choice":"Pray","floor":13.0,"gold_loss":0.0,"damage_taken":0.0},{"damage_healed":1588504,"gold_gain":0,"player_choice":"Heal","damage_taken":0,"max_hp_gain":0,"max_hp_loss":0,"event_name":"The Library","floor":22,"gold_loss":0},{"damage_healed":0,"gold_gain":0,"player_choice":"购买神酒","damage_taken":0,"relics_obtained":["ZunR:ReiMu"],"max_hp_gain":0,"max_hp_loss":0,"event_name":"ZunEvent","floor":29,"gold_loss":40},{"damage_healed":0,"gold_gain":0,"player_choice":"Obtained Book","damage_taken":16,"max_hp_gain":0,"max_hp_loss":0,"event_name":"Cursed Tome","floor":31,"gold_loss":0},{"damage_healed":0,"gold_gain":0,"player_choice":"Fight","damage_taken":0,"max_hp_gain":0,"max_hp_loss":0,"event_name":"OrinTheCat","floor":45,"gold_loss":0}],"is_beta":false,"boss_relics":[{"not_picked":["ChewingGum","Replay:Drink Me"],"picked":"hubris:TerracottaHorce"},{"not_picked":["aspiration:WatcherSkillbook","Replay:Grab Bag"],"picked":"Philosopher\u0027s Stone"}],"items_purged_floors":[6,23,23,32,38],"is_endless":false,"potions_floor_spawned":[3,16,33,36],"ascension_level":0}}