{"host":"6kyqgln1ip325a4v","time":1612586760,"event":{"mods":["BaseMod","Minty Spire (QoL Compilation)"],"gold_per_floor":[114,129,204,29,29,59,74,104,154,154,169,169,184,214,214,314,314,329,344,28,0,0,30,30,30,30,60,90,105,120,45,45,45,45],"floor_reached":33,"language":"ENG","playtime":1250,"items_purged":["Regret"],"score":348,"play_id":"8ca6f146-e769-4fe1-877c-cccae275af91","local_time":"20210205234600","daily_mods":["Draft","Diverse","DeadlyEvents"],"is_ascension_mode":false,"campfire_choices":[{"floor":10,"key":"REST"},{"data":"Skewer","floor":12,"key":"SMITH"},{"floor":15,"key":"REST"},{"floor":24,"key":"REST"},{"floor":32,"key":"REST"}],"circlet_count":0,"master_deck":["Rupture","Clothesline","PathToVictory","Perseverance","Prepared","Auto Shields","Skewer+1","Cloak And Dagger","Cold Snap","Pommel Strike","Sweeping Beam","Intimidate","Deadly Poison","WreathOfFlame","Flex","Bane","Go for the Eyes","Dagger Throw","Shrug It Off","SashWhip","Conserve Battery+1","Acrobatics+1","Conserve Battery+1","Crescendo+1","Poisoned Stab","Expertise+1","Berserk","ClearTheMind+1","Apotheosis+1","InnerPeace+1","Sunder","WreathOfFlame+1","Backflip+1"],"relics":["Ring of the Snake","TwistedFunnel","Mercury Hourglass","Ancient Tea Set","Toxic Egg 2","Dream Catcher","Centennial Puzzle","Busted Crown","Snake Skull","Vajra","White Beast Statue","Pen Nib","Tough Bandages","PreservedInsect"],"acts_visited":["Exordium","TheCity"],"potions_floor_usage":[8,14,27,28,29,33,33,33],"damage_taken":[{"damage":0,"enemies":"Small Slimes","floor":1,"turns":3},{"damage":0,"enemies":"2 Louse","floor":2,"turns":3},{"damage":6,"enemies":"Gremlin Nob","floor":6,"turns":3},{"damage":5,"enemies":"Cultist","floor":7,"turns":2},{"damage":6,"enemies":"Lagavulin","floor":8,"turns":4},{"damage":3,"enemies":"Red Slaver","floor":11,"turns":2},{"damage":0,"enemies":"Looter","floor":13,"turns":2},{"damage":26,"enemies":"Gremlin Nob","floor":14,"turns":4},{"damage":25,"enemies":"The Guardian","floor":16,"turns":8},{"damage":11,"enemies":"Spheric Guardian","floor":18,"turns":4},{"damage":14,"enemies":"Chosen","floor":19,"turns":3},{"damage":23,"enemies":"Book of Stabbing","floor":23,"turns":4},{"damage":1,"enemies":"Slavers","floor":27,"turns":3},{"damage":22,"enemies":"Gremlin Leader","floor":28,"turns":3},{"damage":18,"enemies":"Shelled Parasite and Fungi","floor":29,"turns":3},{"damage":1,"enemies":"Chosen and Byrds","floor":30,"turns":3},{"damage":22,"enemies":"Automaton","floor":33,"turns":2}],"seed_played":"5285009320175426936","potions_obtained":[{"floor":2,"key":"Explosive Potion"},{"floor":6,"key":"CunningPotion"},{"floor":8,"key":"ColorlessPotion"},{"floor":14,"key":"LiquidBronze"},{"floor":23,"key":"ColorlessPotion"},{"floor":27,"key":"Swift Potion"},{"floor":28,"key":"Explosive Potion"},{"floor":29,"key":"EntropicBrew"},{"floor":30,"key":"SteroidPotion"}],"is_trial":false,"path_per_floor":["M","M","?","$","?","E","M","E","T","R","M","R","M","E","R","B",null,"M","M","$","?","T","E","R","$","T","E","E","M","M","$","R","B"],"character_chosen":"THE_SILENT","items_purchased":["TwistedFunnel","Dagger Throw","Snake Skull","Apotheosis+1"],"campfire_rested":4,"item_purchase_floors":[4,4,20,20],"current_hp_per_floor":[70,70,59,59,59,53,48,42,42,63,60,60,60,34,55,30,70,59,45,45,45,45,22,43,43,43,42,20,2,1,1,22,0,0],"gold":45,"neow_bonus":"","is_daily":true,"chose_seed":false,"campfire_upgraded":1,"win_rate":0.0,"timestamp":1612586760,"path_taken":["M","M","?","$","?","E","M","E","T","R","?","R","M","?","R","BOSS","M","M","$","?","?","E","R","?","T","E","?","?","M","$","R","BOSS"],"items_purchased_type":["Relic","Card","Relic","Card"],"build_version":"2020-12-22","purchased_purges":1,"victory":false,"max_hp_per_floor":[70,70,70,70,70,70,70,70,70,70,70,70,70,70,70,70,70,70,70,70,70,70,70,70,70,70,70,70,70,70,70,70,70,70],"card_choices":[{"not_picked":["Havoc","Lockon"],"picked":"Rupture","floor":0},{"not_picked":["Armaments","Iron Wave"],"picked":"Clothesline","floor":0},{"not_picked":["Escape Plan","Hello World"],"picked":"PathToVictory","floor":0},{"not_picked":["Body Slam","Cloak And Dagger"],"picked":"Perseverance","floor":0},{"not_picked":["Clothesline","Force Field"],"picked":"Prepared","floor":0},{"not_picked":["Gash","Headbutt"],"picked":"Auto Shields","floor":0},{"not_picked":["Blizzard","Clash"],"picked":"Skewer","floor":0},{"not_picked":["Warcry","FollowUp"],"picked":"Cloak And Dagger","floor":0},{"not_picked":["Beam Cell","TalkToTheHand"],"picked":"Cold Snap","floor":0},{"not_picked":["Compile Driver","Entrench"],"picked":"Pommel Strike","floor":0},{"not_picked":["Deadly Poison","Clash"],"picked":"Sweeping Beam","floor":0},{"not_picked":["Quick Slash","Rip and Tear"],"picked":"Intimidate","floor":0},{"not_picked":["Rupture","EmptyBody"],"picked":"Deadly Poison","floor":0},{"not_picked":["Stack","EmptyFist"],"picked":"WreathOfFlame","floor":0},{"not_picked":["Wild Strike","Underhanded Strike"],"picked":"Flex","floor":0},{"not_picked":["Perfected Strike","SashWhip"],"picked":"Bane","floor":1},{"not_picked":["Headbutt","Havoc"],"picked":"Go for the Eyes","floor":2},{"not_picked":["Adaptation","Clash"],"picked":"Shrug It Off","floor":6},{"not_picked":["Ball Lightning","Crescendo"],"picked":"SashWhip","floor":7},{"not_picked":["Omniscience+1","Evaluate+1"],"picked":"Conserve Battery+1","floor":8},{"not_picked":["ThirdEye+1","Go for the Eyes"],"picked":"Acrobatics+1","floor":10},{"not_picked":["Heavy Blade","Carnage"],"picked":"Conserve Battery+1","floor":11},{"not_picked":["Underhanded Strike","Escape Plan+1"],"picked":"Crescendo+1","floor":13},{"not_picked":["MasterReality","Go for the Eyes"],"picked":"Poisoned Stab","floor":14},{"not_picked":["Hologram+1","Hemokinesis"],"picked":"Expertise+1","floor":15},{"not_picked":["Buffer","After Image"],"picked":"Berserk","floor":16},{"not_picked":[],"picked":"ClearTheMind+1","floor":18},{"not_picked":["Cloak And Dagger+1"],"picked":"SKIP","floor":19},{"not_picked":[],"picked":"InnerPeace+1","floor":23},{"not_picked":["CutThroughFate+1"],"picked":"SKIP","floor":27},{"not_picked":[],"picked":"Sunder","floor":28},{"not_picked":[],"picked":"WreathOfFlame+1","floor":29},{"not_picked":[],"picked":"Backflip+1","floor":30}],"player_experience":179425,"relics_obtained":[{"floor":6,"key":"Ancient Tea Set"},{"floor":8,"key":"Toxic Egg 2"},{"floor":9,"key":"Dream Catcher"},{"floor":14,"key":"Centennial Puzzle"},{"floor":22,"key":"Vajra"},{"floor":23,"key":"White Beast Statue"},{"floor":26,"key":"Pen Nib"},{"floor":27,"key":"Tough Bandages"},{"floor":28,"key":"PreservedInsect"}],"event_choices":[{"damage_healed":0,"gold_gain":75,"player_choice":"Gather Gold","damage_taken":11,"max_hp_gain":0,"max_hp_loss":0,"event_name":"World of Goop","floor":3,"gold_loss":0},{"damage_healed":0,"gold_gain":0,"player_choice":"Box","damage_taken":0,"relics_obtained":["Mercury Hourglass"],"max_hp_gain":0,"max_hp_loss":0,"event_name":"Big Fish","floor":5,"gold_loss":0,"cards_obtained":["Regret"]},{"damage_healed":0,"gold_gain":0,"player_choice":"Paid Fearfully","damage_taken":0,"max_hp_gain":0,"max_hp_loss":0,"event_name":"Masked Bandits","floor":21,"gold_loss":28}],"is_beta":false,"boss_relics":[{"not_picked":["Astrolabe","Sozu"],"picked":"Busted Crown"}],"items_purged_floors":[31],"is_endless":false,"potions_floor_spawned":[2,6,8,14,23,27,28,29,30],"killed_by":"Automaton","ascension_level":0}}