{"host":"bp73yv6vym73vckj","time":1612644113,"event":{"mods":["BaseMod","Colored Powertips","Conspire","Downfall","Highlight Path","Hubris","Infinite Spire","Ironclad Rager","Minty Spire (QoL Compilation)","Quick Restart","Replay The Spire","StSLib"],"gold_per_floor":[99,99,99,99,99,31,31,41,41,51,51,62,10,21,35,139,139,139,158,158,158,158],"floor_reached":20,"language":"ENG","playtime":1798,"items_purged":[],"score":162,"play_id":"b2d18dce-4fd0-495c-93bd-f21a0454ad52","local_time":"20210206154153","is_ascension_mode":false,"campfire_choices":[{"floor":1,"key":"DIG"},{"floor":18,"key":"DIG"}],"circlet_count":0,"master_deck":["sneckomod:Strike","sneckomod:Strike","sneckomod:Defend","sneckomod:Defend","sneckomod:Defend","sneckomod:TailWhip","sneckomod:SnekBite","sneckomod:Unknown","sneckomod:Unknown","sneckomod:DiceCrush","sneckomod:UnknownUncommonSkill","sneckomod:UnknownUncommonPower","sneckomod:UnknownClassTHE_BRONZE_AUTOMATON","sneckomod:UnknownUncommonAttack","sneckomod:UnknownClassBLUE","sneckomod:UnknownRarePower","sneckomod:CheapStock","sneckomod:SoulRoll","sneckomod:UnknownDraw","sneckomod:SerpentIdol","sneckomod:UnknownClassTHE_BRONZE_AUTOMATON","sneckomod:Unknown3Cost","CurseOfTheBell","sneckomod:SlitherStrike"],"relics":["sneckomod:SneckoSoul","downfall:HeartsMalice","hubris:GlazedTorus","conspire:BottledYoYo","downfall:BrokenWingStatue","Calling Bell","Pet Ghost","conspire:DecoderRing","Replay:Kaleidoscope","Tiny Chest"],"acts_visited":["Exordium","TheCity"],"potions_floor_usage":[16,20],"damage_taken":[{"damage":0,"enemies":"Small Slimes","floor":2,"turns":1},{"damage":0,"enemies":"infinitespire:Voidling","floor":3,"turns":1},{"damage":0,"enemies":"downfall:FleeingMerchant","floor":6,"turns":1},{"damage":6,"enemies":"Jaw Worm","floor":8,"turns":3},{"damage":7,"enemies":"Gremlin Gang","floor":10,"turns":5},{"damage":13,"enemies":"Blue Slaver","floor":12,"turns":4},{"damage":0,"enemies":"downfall:FleeingMerchant","floor":13,"turns":4},{"damage":33,"enemies":"Exordium Wildlife","floor":14,"turns":6},{"damage":2,"enemies":"Large Slime","floor":15,"turns":5},{"damage":17,"enemies":"SI_SHIV_ARCHETYPE","floor":16,"turns":7},{"damage":49,"enemies":"Spheric Guardian","floor":19,"turns":6},{"damage":46,"enemies":"conspire:FuzzyDice","floor":20,"turns":6}],"seed_played":"-2008036471001940867","potions_obtained":[{"floor":12,"key":"LifebloodPotion"},{"floor":14,"key":"Reflective Coating"},{"floor":15,"key":"FearPotion"},{"floor":16,"key":"sneckomod:DiceRollPotion"}],"is_trial":false,"path_per_floor":["R","M","M","?","?","$","T","M","T","M","?","M","$","M","M","B",null,"R","M","M"],"character_chosen":"THE_SNECKO","items_purchased":["sneckomod:UnknownUncommonAttack","sneckomod:UnknownDraw"],"campfire_rested":0,"item_purchase_floors":[6,13],"current_hp_per_floor":[90,90,90,90,90,90,90,84,84,77,77,64,64,31,29,12,90,90,46,0,0,0],"gold":158,"neow_bonus":"THREE_ENEMY_KILL","is_daily":false,"chose_seed":false,"campfire_upgraded":0,"win_rate":0.0,"timestamp":1612644113,"path_taken":["R","M","M","?","?","$","T","?","?","?","?","M","?","M","M","BOSS","R","M","M"],"items_purchased_type":["Card","Card"],"build_version":"2020-12-22","purchased_purges":0,"victory":false,"max_hp_per_floor":[90,90,90,90,90,90,90,90,90,90,90,90,90,90,90,90,90,90,90,90,90,90],"card_choices":[{"not_picked":["sneckomod:RainOfDice","sneckomod:SoulDraw"],"picked":"sneckomod:DiceCrush","floor":2},{"not_picked":["sneckomod:UnknownX","sneckomod:UnknownClassRED"],"picked":"sneckomod:UnknownUncommonSkill","floor":3},{"not_picked":["sneckomod:SoulCleanse","sneckomod:UnknownCommonSkill"],"picked":"sneckomod:UnknownClassTHE_BRONZE_AUTOMATON","floor":6},{"not_picked":["sneckomod:SnekBeam","sneckomod:UnknownClassRED"],"picked":"sneckomod:UnknownClassBLUE","floor":8},{"not_picked":["sneckomod:MasterEye","sneckomod:WideSting"],"picked":"sneckomod:UnknownRarePower","floor":10},{"not_picked":["sneckomod:UnknownClassTHE_BRONZE_AUTOMATON","sneckomod:UnknownCommonSkill"],"picked":"sneckomod:CheapStock","floor":12},{"not_picked":["sneckomod:UnknownDraw","sneckomod:UnknownCommonSkill"],"picked":"sneckomod:SoulRoll","floor":13},{"not_picked":["sneckomod:UnknownBlock","sneckomod:QuickMove"],"picked":"sneckomod:SerpentIdol","floor":14},{"not_picked":["sneckomod:SoulDraw","sneckomod:RainOfDice"],"picked":"sneckomod:UnknownClassTHE_BRONZE_AUTOMATON","floor":15},{"not_picked":["sneckomod:Cheat","sneckomod:SerpentMind"],"picked":"sneckomod:Unknown3Cost","floor":16},{"not_picked":["sneckomod:SoulRoll","sneckomod:UnknownWeak"],"picked":"sneckomod:SlitherStrike","floor":19}],"player_experience":856747,"relics_obtained":[{"floor":1,"key":"hubris:GlazedTorus"},{"floor":9,"key":"conspire:BottledYoYo"},{"floor":17,"key":"Pet Ghost"},{"floor":17,"key":"conspire:DecoderRing"},{"floor":17,"key":"Replay:Kaleidoscope"},{"floor":18,"key":"Tiny Chest"}],"event_choices":[],"is_beta":false,"boss_relics":[{"not_picked":["sneckomod:SneckoBoss","Cursed Key"],"picked":"Calling Bell"}],"items_purged_floors":[],"is_endless":false,"potions_floor_spawned":[12,14,15,16],"killed_by":"conspire:FuzzyDice","ascension_level":0}}