{"host":"10b2ljh1rg6srmxa","time":1612597371,"event":{"mods":["AchievementEnabler","BaseMod","Better Third Choice","Colored Map","Colored Powertips","Conspire","Downfall","Googly Eyes","Highlight Path","Hubris","Infinite Spire","Minty Spire (QoL Compilation)","Replay The Spire","StSLib","The Animator","The Wild Card","everything is the same but u backflip on backflip"],"gold_per_floor":[117,134,6,63,63,90,107,107,107],"floor_reached":8,"language":"ENG","playtime":904,"items_purged":["hubris:Gluttony"],"score":67,"play_id":"c76c5ff4-208b-4587-8eaf-5354ac3c8ffb","local_time":"20210206084251","is_ascension_mode":true,"campfire_choices":[],"circlet_count":0,"master_deck":["Strike_R","Strike_R","Strike_R","Strike_R","Strike_R","Defend_R","Defend_R","Defend_R","Defend_R","Bash","Shrug It Off","Combust","Clothesline","Burn","Thunderclap","Iron Wave"],"relics":["Burning Blood","Replay:Arrowhead","Pen Nib"],"acts_visited":["Exordium"],"potions_floor_usage":[6,8,8,8],"damage_taken":[{"damage":4,"enemies":"Small Slimes","floor":1,"turns":4},{"damage":4,"enemies":"2 Louse","floor":2,"turns":5},{"damage":34,"enemies":"Lagavulin","floor":6,"turns":9},{"damage":11,"enemies":"Jaw Worm","floor":7,"turns":5},{"damage":52,"enemies":"3 Sentries","floor":8,"turns":6}],"seed_played":"-8184771950585059277","potions_obtained":[{"floor":2,"key":"champ:CounterPotion"},{"floor":7,"key":"EntropicBrew"}],"is_trial":false,"path_per_floor":["M","M","$","?","?","E","M","E"],"character_chosen":"IRONCLAD","items_purchased":["Clothesline"],"campfire_rested":0,"item_purchase_floors":[3],"current_hp_per_floor":[80,80,80,80,80,52,47,0,0],"gold":107,"neow_bonus":"ONE_RARE_RELIC","is_daily":false,"chose_seed":false,"campfire_upgraded":0,"win_rate":0.0,"timestamp":1612597371,"path_taken":["M","M","$","?","?","E","M","E"],"items_purchased_type":["Card"],"build_version":"2020-12-22","purchased_purges":1,"victory":false,"max_hp_per_floor":[80,80,80,80,80,80,80,80,80],"card_choices":[{"not_picked":["ReplayTheSpireMod:LeadingStrike","Intimidate"],"picked":"Shrug It Off","floor":1},{"not_picked":["Wild Strike","Clash"],"picked":"Combust","floor":2},{"not_picked":["Bloodletting","Bludgeon"],"picked":"Thunderclap","floor":6},{"not_picked":["Thunderclap","Defy Death"],"picked":"Iron Wave","floor":7}],"player_experience":388101,"relics_obtained":[{"floor":6,"key":"Pen Nib"}],"event_choices":[{"damage_healed":0,"gold_gain":57,"player_choice":"Gained Gold","damage_taken":0,"max_hp_gain":0,"max_hp_loss":0,"event_name":"Golden Wing","floor":4,"gold_loss":0},{"damage_healed":80,"gold_gain":0,"player_choice":"Embrace Burn","damage_taken":0,"max_hp_gain":0,"max_hp_loss":80,"event_name":"betterThird:BetterShining","floor":5,"gold_loss":0}],"is_beta":false,"boss_relics":[],"items_purged_floors":[3],"is_endless":false,"potions_floor_spawned":[2,7],"killed_by":"3 Sentries","ascension_level":4}}