{"host":"klqcd4cqxrk2p1u3","time":1612587016,"event":{"mods":["BaseMod","Downfall","Minty Spire (QoL Compilation)","StSLib"],"gold_per_floor":[199,199,219,31,31,46,46,70,80,112,126,141,41,141,155,254,254,54,66,83,83,103,117,117,229,241,6,16,28,98,118,133,133,133,133],"floor_reached":33,"language":"ENG","playtime":5704,"items_purged":[],"score":305,"play_id":"cd6e08f4-a279-4f40-a4b5-186773a097e9","local_time":"20210205235016","is_ascension_mode":false,"campfire_choices":[{"floor":1,"key":"RECALL"},{"data":"bronze:Shell","floor":13,"key":"SMITH"},{"data":"bronze:Mutator","floor":18,"key":"SMITH"},{"data":"bronze:BuggyMess","floor":26,"key":"SMITH"}],"circlet_count":0,"master_deck":["bronze:Strike","bronze:Strike","bronze:Strike","bronze:Strike","bronze:Defend","bronze:Defend","bronze:Defend","bronze:Defend","bronze:Replicate","bronze:Goto","bronze:DazingPulse","bronze:Overheat","bronze:Constructor","bronze:DelayedGuard","bronze:Separator","bronze:Shell+1","bronze:InfiniteBeams","bronze:Repair","bronze:InfiniteLoop","bronze:BronzeOrb","bronze:Constructor","bronze:Mutator+1","bronze:Shield+1","bronze:FollowUp+1","bronze:DelayedSlice+1","bronze:BuggyMess+1","bronze:BuggyMess+1","bronze:FollowUp","expansioncontent:YouAreMine","bronze:ClassDefault+1","bronze:Frontload","bronze:WhirlingStrike+1","bronze:FindAndReplace","bronze:CutThrough"],"relics":["bronze:BronzeCore","Anchor","bronze:BronzeIdol","Happy Flower","downfall:HeartBlessingGreen","Black Star","downfall:HeartBlessingBlue","downfall:HeartBlessingRed","Shuriken","MawBank","downfall:CloakOfManyFaces","CultistMask","FaceOfCleric","NlothsMask","GremlinMask","SsserpentHead","Nunchaku"],"acts_visited":["Exordium","TheCity"],"potions_floor_usage":[10,16,20,20,20,25,25,32,33,33],"damage_taken":[{"damage":0,"enemies":"WA_ARCHETYPE_RETAIN","floor":2,"turns":3},{"damage":1,"enemies":"Jaw Worm","floor":3,"turns":5},{"damage":0,"enemies":"downfall:FleeingMerchant","floor":4,"turns":4},{"damage":0,"enemies":"Small Slimes","floor":6,"turns":2},{"damage":0,"enemies":"2 Louse","floor":9,"turns":4},{"damage":0,"enemies":"Gremlin Nob","floor":10,"turns":5},{"damage":0,"enemies":"Gremlin Gang","floor":11,"turns":7},{"damage":0,"enemies":"Exordium Wildlife","floor":12,"turns":2},{"damage":0,"enemies":"3 Louse","floor":15,"turns":2},{"damage":36,"enemies":"WA_ARCHETYPE_RETAIN","floor":16,"turns":11},{"damage":8,"enemies":"Shell Parasite","floor":19,"turns":9},{"damage":7,"enemies":"3 Cultists","floor":20,"turns":7},{"damage":0,"enemies":"Snake Plant","floor":22,"turns":5},{"damage":10,"enemies":"Centurion and Healer","floor":23,"turns":6},{"damage":12,"enemies":"downfall:FaceTrader","floor":25,"turns":9},{"damage":0,"enemies":"downfall:FleeingMerchant","floor":27,"turns":4},{"damage":0,"enemies":"Cultist and Chosen","floor":28,"turns":5},{"damage":0,"enemies":"Snake Plant","floor":29,"turns":5},{"damage":0,"enemies":"Chosen and Byrds","floor":30,"turns":4},{"damage":36,"enemies":"Snecko","floor":31,"turns":8},{"damage":18,"enemies":"Cultist and Chosen","floor":32,"turns":8},{"damage":79,"enemies":"DF_ARCHETYPE_CLAW","floor":33,"turns":9}],"seed_played":"7829020942430585244","potions_obtained":[{"floor":9,"key":"Block Potion"},{"floor":10,"key":"hexamod:SoulburnPotion"},{"floor":11,"key":"Regen Potion"},{"floor":15,"key":"EntropicBrew"},{"floor":22,"key":"Weak Potion"},{"floor":25,"key":"Strength Potion"},{"floor":30,"key":"sneckomod:MuddlingPotion"},{"floor":31,"key":"Regen Potion"}],"is_trial":false,"path_per_floor":["R","?","M","$","?","M","T","T","M","E","M","M","R","?","M","B",null,"R","M","M","?","M","M","T","?","R","$","M","M","M","M","M","B"],"character_chosen":"THE_AUTOMATON","items_purchased":["Anchor","bronze:Separator","Nunchaku","expansioncontent:YouAreMine"],"campfire_rested":0,"item_purchase_floors":[4,4,27,27],"current_hp_per_floor":[70,70,69,69,74,74,74,74,74,74,75,75,75,75,75,46,75,85,77,84,84,84,81,81,84,84,85,87,88,89,61,66,0,0,0],"gold":133,"neow_bonus":"HUNDRED_GOLD","is_daily":false,"chose_seed":false,"campfire_upgraded":3,"win_rate":0.0,"timestamp":1612587016,"path_taken":["R","?","M","?","?","M","T","?","M","E","?","M","R","?","M","BOSS","R","M","M","?","M","M","T","?","R","$","M","M","?","M","M","BOSS"],"items_purchased_type":["Relic","Card","Relic","Card"],"build_version":"2020-12-22","purchased_purges":0,"victory":false,"max_hp_per_floor":[70,70,70,70,75,75,75,75,75,75,75,75,75,75,75,75,75,85,85,85,85,85,85,85,85,85,86,87,88,89,90,91,91,91,91],"card_choices":[{"not_picked":[],"picked":"bronze:DazingPulse","floor":2},{"not_picked":["bronze:OilSpill","bronze:CloningBeam"],"picked":"bronze:Overheat","floor":2},{"not_picked":["bronze:DelayedGuard","bronze:Invalidate"],"picked":"bronze:Constructor","floor":3},{"not_picked":["bronze:ForLoop","bronze:Philosophize"],"picked":"bronze:DelayedGuard","floor":4},{"not_picked":["bronze:Return","bronze:FineTuning"],"picked":"bronze:Shell","floor":6},{"not_picked":["bronze:BronzeArmor","bronze:Overload"],"picked":"bronze:InfiniteBeams","floor":9},{"not_picked":["bronze:Invalidate","bronze:Philosophize"],"picked":"bronze:Repair","floor":10},{"not_picked":["bronze:Iterate","bronze:Refactor"],"picked":"bronze:InfiniteLoop","floor":11},{"not_picked":["bronze:Refactor","bronze:FineTuning"],"picked":"bronze:BronzeOrb","floor":12},{"not_picked":["bronze:Deprecate","bronze:Philosophize"],"picked":"bronze:Constructor","floor":15},{"not_picked":["bronze:BurnOut","bronze:InfiniteLoop"],"picked":"bronze:Mutator","floor":16},{"not_picked":["bronze:BronzeArmor+1","bronze:Deprecate"],"picked":"bronze:Shield+1","floor":19},{"not_picked":["bronze:BugBarrage","bronze:WildBeam"],"picked":"bronze:FollowUp+1","floor":20},{"not_picked":["bronze:Frontload","bronze:FineTuning"],"picked":"bronze:DelayedSlice+1","floor":22},{"not_picked":["bronze:Shield","bronze:Repulsor"],"picked":"bronze:BuggyMess+1","floor":23},{"not_picked":["bronze:Iterate","bronze:Deprecate"],"picked":"bronze:BuggyMess","floor":25},{"not_picked":["bronze:ShipIt","bronze:BitShift"],"picked":"bronze:FollowUp","floor":27},{"not_picked":["bronze:Repair","bronze:Constructor"],"picked":"bronze:ClassDefault+1","floor":28},{"not_picked":["bronze:Shield","bronze:OilSpill"],"picked":"bronze:Frontload","floor":29},{"not_picked":["bronze:BitShift","bronze:Invalidate"],"picked":"bronze:WhirlingStrike+1","floor":30},{"not_picked":["bronze:DelayedSlice","bronze:BitShift+1"],"picked":"bronze:FindAndReplace","floor":31},{"not_picked":["bronze:Separator","bronze:Constructor+1"],"picked":"bronze:CutThrough","floor":32}],"player_experience":1456059,"relics_obtained":[{"floor":8,"key":"bronze:BronzeIdol"},{"floor":10,"key":"Happy Flower"},{"floor":24,"key":"MawBank"},{"floor":25,"key":"downfall:CloakOfManyFaces"}],"event_choices":[{"damage_healed":0,"gold_gain":0,"player_choice":"Donut","damage_taken":0,"max_hp_gain":5,"max_hp_loss":0,"event_name":"Big Fish","floor":5,"gold_loss":0}],"is_beta":false,"boss_relics":[{"not_picked":["SacredBark","Velvet Choker"],"picked":"Black Star"}],"items_purged_floors":[],"is_endless":false,"potions_floor_spawned":[9,10,11,15,22,23,25,30,31],"killed_by":"DF_ARCHETYPE_CLAW","ascension_level":0}}