{"host":"2i1rjl87isetstuj","time":1612614325,"event":{"mods":["BaseMod","Better Vampires","Challenge The Spire","Downfall","Marked Mod","Minty Spire (QoL Compilation)","Quick Restart","Shop Mod","StSLib","Waifu the Spire","óô»ðÖ¸ÄÏ"],"gold_per_floor":[99,113,127,140,150,175,202,202,10177,10277,9008,9063,9063,9076,9092,9195,9195,8567,8567,8595,8614,8633,8633,8633,7760,7760,7779,6595,6624,6635,6666,6690,6796,6796,6138,6138,6157,5773,5796,5819,5843,5699,5773,5785,5797,5821,4981,5008,5018,5018,5018,5018,5018,5018],"floor_reached":52,"language":"ZHS","playtime":3713,"items_purged":["Slimebound:Strike_Slimebound","Slimebound:Defend_Slimebound","Slimebound:Defend_Slimebound","Slimebound:Defend_Slimebound","Slimebound:Defend_Slimebound"],"score":799,"play_id":"13536d2e-0be8-4cd2-8e3e-85a62d6b0cb1","local_time":"20210206202525","is_ascension_mode":false,"campfire_choices":[{"floor":1,"key":"RECALL"},{"data":"1","floor":45,"key":"LIFT"}],"circlet_count":0,"master_deck":["Slimebound:Split","Slimebound:CorrosiveSpit","Slimebound:Repurpose","Slimebound:Equalize","Slimebound:HauntingLick","Slimebound:DivideAndConquer+1","Slimebound:Prepare","Slimebound:LeadByExample","expansioncontent:LastStand+1","Slimebound:SplitBruiser","Slimebound:Repurpose","Slimebound:Replication","Slimebound:SplitLeeching+1","Slimebound:LeadByExample+1","Slimebound:DisruptingSlam+1","Slimebound:ForwardTackle","expansioncontent:DashGenerateEvil","Slimebound:SamplingLick+1","Slimebound:SlimeTap","Slimebound:FormOfPuddle","Slimebound:SplitAcid","Slimebound:MassRepurpose","Slimebound:SplitAcid","Slimebound:LeechEnergy+1","Slimebound:SplitAcid","Slimebound:SlimeBarrage","Slimebound:SplitLeeching","Slimebound:Teamwork+1","Slimebound:LeadByExample+1","Slimebound:GoopSpray+1","Slimebound:SplitMire+1","Slimebound:LevelUp+1","Slimebound:SplitBruiser+1","Master of Strategy+1","Finesse+1","Slimebound:GoopSpray+1","Slimebound:SelfFormingGoo+1","Slimebound:GoopSpray+1","Slimebound:Overexert+1","Slimebound:LevelUp+1","Slimebound:Repurpose+1","Slimebound:SlimeBarrage","Slimebound:SplitBruiser+1","Slimebound:HauntingLick+1","Slimebound:SplitLeeching+1","Slimebound:Overexert+1","Slimebound:SplitBruiser+1","Slimebound:SplitBruiser+1","Slimebound:HauntingLick+1","Slimebound:SlimeBarrage+1","expansioncontent:LastStand+1","expansioncontent:QuickStudy+1","expansioncontent:AwakenDeath+1","expansioncontent:PolyBeam","expansioncontent:Hexaburn+1"],"relics":["Runic Dome","Boot","Frozen Egg 2","Incense Burner","DollysMirror","downfall:HeartBlessingRed","downfall:HeartBlessingBlue","downfall:HeartBlessingGreen","Orichalcum","Omamori","OrangePellets","Gambling Chip","Fusion Hammer","Whetstone","Bronze Scales","TheAbacus","CeramicFish","Mummified Hand","Toxic Egg 2","Akabeko","ClockworkSouvenir","downfall:RedIOU","Tiny Chest","Chemical X","Ginger","InkBottle","Coffee Dripper","Slimebound:SelfDamagePreventRelic","Juzu Bracelet","HornCleat","Thread and Needle","Sling","War Paint","Toy Ornithopter","MawBank","Orrery","Girya","Darkstone Periapt","Regal Pillow","Dead Branch","PrismaticShard"],"acts_visited":["Exordium","TheCity","TheBeyond","TheEnding"],"potions_floor_usage":[10,37],"damage_taken":[{"damage":3,"enemies":"Cultist","floor":2,"turns":3},{"damage":4,"enemies":"Jaw Worm","floor":3,"turns":3},{"damage":5,"enemies":"2 Louse","floor":4,"turns":2},{"damage":15,"enemies":"3 Louse","floor":5,"turns":3},{"damage":27,"enemies":"Lagavulin","floor":6,"turns":8},{"damage":8,"enemies":"downfall:FleeingMerchant","floor":9,"turns":4},{"damage":12,"enemies":"downfall:Heads","floor":10,"turns":3},{"damage":15,"enemies":"3 Sentries","floor":12,"turns":3},{"damage":20,"enemies":"Gremlin Gang","floor":14,"turns":4},{"damage":0,"enemies":"2 Fungi Beasts","floor":15,"turns":3},{"damage":16,"enemies":"IC_STATUS_ARCHETYPE","floor":16,"turns":7},{"damage":4,"enemies":"Spheric Guardian","floor":20,"turns":3},{"damage":3,"enemies":"Snake Plant","floor":21,"turns":3},{"damage":13,"enemies":"Centurion and Healer","floor":22,"turns":3},{"damage":7,"enemies":"downfall:FleeingMerchant","floor":25,"turns":4},{"damage":0,"enemies":"3 Cultists","floor":27,"turns":3},{"damage":0,"enemies":"Sentry and Sphere","floor":29,"turns":2},{"damage":0,"enemies":"Centurion and Healer","floor":30,"turns":3},{"damage":6,"enemies":"Book of Stabbing","floor":31,"turns":3},{"damage":4,"enemies":"Snake Plant","floor":32,"turns":2},{"damage":3,"enemies":"WA_ARCHETYPE_CALM","floor":33,"turns":5},{"damage":13,"enemies":"3 Darklings","floor":37,"turns":2},{"damage":0,"enemies":"downfall:FleeingMerchant","floor":38,"turns":3},{"damage":0,"enemies":"Orb Walker","floor":39,"turns":2},{"damage":5,"enemies":"2 Orb Walkers","floor":43,"turns":2},{"damage":0,"enemies":"Transient","floor":46,"turns":5},{"damage":0,"enemies":"Spire Growth","floor":49,"turns":2},{"damage":62,"enemies":"DF_ARCHETYPE_ORBS","floor":50,"turns":8},{"damage":171,"enemies":"downfall:CharBossMerchant","floor":52,"turns":8}],"seed_played":"5404246308745309411","potions_obtained":[{"floor":3,"key":"SkillPotion"},{"floor":4,"key":"Swift Potion"},{"floor":10,"key":"Fire Potion"},{"floor":12,"key":"SneckoOil"},{"floor":21,"key":"Slimebound:SpawnSlimePotion"},{"floor":37,"key":"Fruit Juice"},{"floor":39,"key":"LiquidBronze"},{"floor":43,"key":"CultistPotion"}],"is_trial":false,"path_per_floor":["R","M","M","M","M","E","T","?","$","?","R","?","T","M","M","B",null,"R","?","M","M","M","?","T","$","?","M","R","M","M","E","M","B",null,"R","?","M","$","M","T","T","R","?","T","R","M","$","?","M","B",null,"E"],"character_chosen":"SLIMEBOUND","items_purchased":["Slimebound:LeadByExample","Frozen Egg 2","Incense Burner","expansioncontent:LastStand+1","expansioncontent:QuickStudy","Slimebound:SplitBruiser","DollysMirror","Orichalcum","Omamori","OrangePellets","Slimebound:LeadByExample+1","Slimebound:DisruptingSlam","Slimebound:ForwardTackle","expansioncontent:DashGenerateEvil","Slimebound:SamplingLick","Whetstone","Bronze Scales","TheAbacus","Slimebound:SplitAcid","Toxic Egg 2","Akabeko","ClockworkSouvenir","Slimebound:Teamwork+1","Slimebound:LeadByExample+1","Slimebound:GoopSpray+1","Tiny Chest","Chemical X","Ginger","Slimebound:LevelUp+1","Slimebound:SplitBruiser+1","Master of Strategy+1","Finesse+1","Slimebound:GoopSpray+1","Slimebound:LevelUp+1","Slimebound:SelfDamagePreventRelic","Juzu Bracelet","HornCleat","Slimebound:Repurpose+1","Thread and Needle","Sling","War Paint","Slimebound:SlimeBarrage","Slimebound:SplitBruiser+1","Slimebound:SplitLeeching+1","Orrery","Regal Pillow","Dead Branch","PrismaticShard","expansioncontent:LastStand+1","expansioncontent:QuickStudy+1"],"campfire_rested":0,"item_purchase_floors":[9,9,9,9,9,9,9,11,11,11,11,11,11,11,11,18,18,18,18,25,25,25,25,25,25,28,28,28,28,28,28,28,28,35,35,35,35,35,38,38,38,38,38,42,42,47,47,47,47,47],"current_hp_per_floor":[65,62,58,53,42,23,23,23,23,25,35,38,38,22,36,30,75,75,75,71,68,55,41,41,48,48,48,48,48,52,46,42,47,80,80,80,76,80,80,80,80,80,75,75,75,85,85,75,75,13,85,0,0,0],"gold":5018,"neow_bonus":"BOSS_RELIC","is_daily":false,"chose_seed":false,"campfire_upgraded":0,"win_rate":0.0,"timestamp":1612614325,"path_taken":["R","M","M","M","M","E","T","?","$","?","R","?","?","M","M","BOSS","R","?","M","M","?","?","T","$","?","M","R","M","M","E","M","BOSS","R","?","M","$","M","?","T","R","?","?","R","M","$","?","M","BOSS","E"],"items_purchased_type":["Card","Relic","Relic","Card","Card","Card","Relic","Relic","Relic","Relic","Card","Card","Card","Card","Card","Relic","Relic","Relic","Card","Relic","Relic","Relic","Card","Card","Card","Relic","Relic","Relic","Card","Card","Card","Card","Card","Card","Relic","Relic","Relic","Card","Relic","Relic","Relic","Card","Card","Card","Relic","Relic","Relic","Relic","Card","Card"],"build_version":"2020-12-22","purchased_purges":5,"victory":false,"max_hp_per_floor":[65,65,65,65,65,65,65,65,65,65,75,75,75,75,75,75,75,75,75,75,75,75,80,80,80,80,80,80,80,80,80,80,80,80,80,80,85,85,85,85,85,85,85,85,85,85,85,85,85,85,85,85,85,85],"card_choices":[{"not_picked":["Slimebound:SplitMire","Slimebound:Chomp"],"picked":"Slimebound:Repurpose","floor":2},{"not_picked":["Slimebound:PressTheAttack","Slimebound:Dissolve"],"picked":"Slimebound:Equalize","floor":3},{"not_picked":["Slimebound:ItLooksTasty","Slimebound:SamplingLick"],"picked":"Slimebound:HauntingLick","floor":4},{"not_picked":["Slimebound:SlimeBrawl","Slimebound:LivingWall"],"picked":"Slimebound:DivideAndConquer","floor":5},{"not_picked":["Slimebound:Nibble","Slimebound:SlimeSpikes"],"picked":"Slimebound:Prepare","floor":6},{"not_picked":["Slimebound:LivingWall","Slimebound:FlameTackle","Slimebound:BestDefense"],"picked":"SKIP","floor":9},{"not_picked":["Slimebound:SplitMire","Slimebound:ServeAndProtect"],"picked":"Slimebound:SplitLeeching","floor":10},{"not_picked":["Slimebound:Nibble","Slimebound:ForwardTackle"],"picked":"Slimebound:SlimeTap","floor":12},{"not_picked":["Slimebound:SlimeSpikes","Slimebound:RollThrough"],"picked":"Slimebound:FormOfPuddle","floor":14},{"not_picked":["Slimebound:OozeBath","Slimebound:Schlurp"],"picked":"Slimebound:SplitAcid","floor":15},{"not_picked":["Slimebound:OneTwoCombo","Slimebound:LeechLife"],"picked":"Slimebound:MassRepurpose","floor":16},{"not_picked":["Slimebound:FinishingTackle","Slimebound:Grow+1"],"picked":"Slimebound:LeechEnergy+1","floor":20},{"not_picked":["Slimebound:DisruptingSlam","Slimebound:FinishingTackle"],"picked":"Slimebound:SplitAcid","floor":21},{"not_picked":["Slimebound:ViciousTackle","Slimebound:FinishingTackle"],"picked":"Slimebound:SlimeBarrage","floor":22},{"not_picked":["Slimebound:Chomp","Slimebound:Prepare+1"],"picked":"Slimebound:SplitLeeching","floor":25},{"not_picked":["Slimebound:ComboTackle","Slimebound:RollThrough"],"picked":"Slimebound:SplitMire+1","floor":27},{"not_picked":["Slimebound:SplitBruiser+1","Slimebound:GoopSpray+1"],"picked":"Slimebound:SelfFormingGoo+1","floor":29},{"not_picked":["Slimebound:LivingWall+1","Slimebound:LeechEnergy","Slimebound:SlimeSpikes+1"],"picked":"SKIP","floor":30},{"not_picked":["Slimebound:RollThrough","Slimebound:Gluttony+1","Slimebound:SlimeSpikes+1"],"picked":"SKIP","floor":31},{"not_picked":["Slimebound:Chomp","Slimebound:TongueLash"],"picked":"Slimebound:GoopSpray+1","floor":32},{"not_picked":["Slimebound:LeechLife","Slimebound:CheckThePlaybook+1"],"picked":"Slimebound:Overexert+1","floor":33},{"not_picked":["Slimebound:SlimeSpikes+1","Slimebound:FormOfPuddle+1","Slimebound:RejuvenatingLick+1"],"picked":"SKIP","floor":37},{"not_picked":["Slimebound:RainOfGoop+1","Slimebound:SpikyOuterGoop+1","Slimebound:Schlurp+1"],"picked":"SKIP","floor":38},{"not_picked":["Slimebound:LivingWall+1","Slimebound:FinishingTackle"],"picked":"Slimebound:HauntingLick+1","floor":39},{"not_picked":["Slimebound:DisruptingSlam+1","Slimebound:Gluttony+1"],"picked":"Slimebound:Overexert+1","floor":42},{"not_picked":["Slimebound:FinishingTackle","Slimebound:Chomp+1"],"picked":"Slimebound:SplitBruiser+1","floor":42},{"not_picked":["Slimebound:ItLooksTasty+1","Slimebound:SlimeSpikes+1"],"picked":"Slimebound:SplitBruiser+1","floor":42},{"not_picked":["Slimebound:GoopTackle+1","Slimebound:RejuvenatingLick+1"],"picked":"Slimebound:HauntingLick+1","floor":42},{"not_picked":["Slimebound:LivingWall+1","Slimebound:RollThrough+1"],"picked":"Slimebound:SlimeBarrage+1","floor":43},{"not_picked":["Slimebound:HauntingLick+1","Slimebound:AcidTongue+1","Slimebound:PressTheAttack"],"picked":"SKIP","floor":46},{"not_picked":["expansioncontent:PolyBeam","expansioncontent:Chronoboost"],"picked":"expansioncontent:AwakenDeath","floor":48},{"not_picked":["expansioncontent:InvincibleStrength","expansioncontent:YouAreMine"],"picked":"expansioncontent:PolyBeam","floor":48},{"not_picked":["expansioncontent:AwakenDeath","expansioncontent:LastStand"],"picked":"expansioncontent:Hexaburn","floor":48},{"not_picked":["Slimebound:LivingWall+1","Hologram+1","hexamod:FastForward+1"],"picked":"SKIP","floor":49}],"player_experience":136719,"relics_obtained":[{"floor":6,"key":"Boot"},{"floor":12,"key":"Lantern"},{"floor":13,"key":"Gambling Chip"},{"floor":24,"key":"Mummified Hand"},{"floor":31,"key":"InkBottle"},{"floor":40,"key":"Toy Ornithopter"},{"floor":41,"key":"MawBank"},{"floor":43,"key":"Girya"},{"floor":44,"key":"Darkstone Periapt"}],"event_choices":[{"cards_removed":["expansioncontent:QuickStudy"],"damage_healed":0,"gold_gain":0,"player_choice":"Removed Skill","damage_taken":0,"max_hp_gain":0,"max_hp_loss":0,"event_name":"Falling","floor":36,"gold_loss":0},{"damage_healed":0,"gold_gain":0,"player_choice":"Fight","damage_taken":0,"max_hp_gain":0,"max_hp_loss":0,"event_name":"Mysterious Sphere","floor":43,"gold_loss":0}],"is_beta":false,"boss_relics":[{"not_picked":["Busted Crown","Cursed Key"],"picked":"Fusion Hammer"},{"not_picked":["Snecko Eye","Slimebound:TarBlob"],"picked":"Coffee Dripper"}],"items_purged_floors":[9,11,18,25,28],"is_endless":false,"potions_floor_spawned":[3,4,10,12,15,21,27,29,30,37,39,43],"killed_by":"downfall:CharBossMerchant","ascension_level":0}}