{"host":"vyiqbz5w606ur92t","time":1612587578,"event":{"mods":["BaseMod","Downfall","Minty Spire (QoL Compilation)","StSLib"],"gold_per_floor":[144,189,189,120,120,218,267,365,415,464,513,611,660,620,620,945,945,994,1043,229,229,278,376,376,376,376,474,474,523,621,621,621,946,946,995,1044,1044,1106,632,632,632,681,681,779,828,877,877,975,975,975],"floor_reached":51,"language":"ENG","playtime":6237,"items_purged":["Normality","Regret"],"score":1060,"play_id":"b9067f82-ecbd-425e-8cf9-1164435c27ec","local_time":"20210206045938","daily_mods":["Cursed Run","Time Dilation","Midas"],"is_ascension_mode":false,"campfire_choices":[{"floor":15,"key":"REST"}],"circlet_count":0,"master_deck":["Strike_P+1","Strike_P+1","Defend_P+1","Defend_P","Defend_P+1","Defend_P","Eruption+1","Vigilance+1","Vengeance","Tantrum+1","MentalFortress","EmptyFist","FlyingSleeves+1","BowlingBash+1","Doubt","JustLucky","EmptyBody+1","SashWhip","Wallop","InnerPeace","Adaptation+1","Panache","LessonLearned","Crescendo+1","CarveReality","Indignation+1","Meditate","Pain","Writhe","Adaptation","FearNoEvil+1","Impatience","Nirvana+1","BattleHymn+1","FlurryOfBlows+1","FlurryOfBlows+1","Writhe","Consecrate","TalkToTheHand","Wish","Eruption","ThirdEye","Pain"],"relics":["Cursed Key","Darkstone Periapt","Du-Vu Doll","Golden Idol","Pantograph","Potion Belt","Boot","Meat on the Bone","Coffee Dripper","champ:Barbells","Toy Ornithopter","Bag of Marbles","Oddly Smooth Stone","bronze:BronzeIdol","Sundial","Bird Faced Urn","sneckomod:BlankCard","Black Star","Prayer Wheel","Whetstone","Cauldron","Smiling Mask","Bag of Preparation","Question Card","PreservedInsect","TungstenRod"],"acts_visited":["Exordium","TheCity","TheBeyond"],"potions_floor_usage":[10,16,16,23,23,27,33,33,33,36,44,46,46,46,46,46,46,50,50],"damage_taken":[{"damage":0,"enemies":"Small Slimes","floor":1,"turns":4},{"damage":0,"enemies":"2 Louse","floor":2,"turns":1},{"damage":28,"enemies":"Gremlin Nob","floor":6,"turns":5},{"damage":0,"enemies":"Cultist","floor":7,"turns":3},{"damage":21,"enemies":"Lagavulin","floor":8,"turns":7},{"damage":0,"enemies":"Red Slaver","floor":10,"turns":2},{"damage":2,"enemies":"Looter","floor":11,"turns":2},{"damage":0,"enemies":"Gremlin Nob","floor":12,"turns":2},{"damage":0,"enemies":"3 Louse","floor":13,"turns":3},{"damage":21,"enemies":"The Guardian","floor":16,"turns":8},{"damage":5,"enemies":"Spheric Guardian","floor":18,"turns":3},{"damage":0,"enemies":"Chosen","floor":19,"turns":4},{"damage":19,"enemies":"Shelled Parasite and Fungi","floor":22,"turns":5},{"damage":0,"enemies":"Book of Stabbing","floor":23,"turns":4},{"damage":15,"enemies":"Slavers","floor":27,"turns":3},{"damage":4,"enemies":"Chosen and Byrds","floor":29,"turns":3},{"damage":15,"enemies":"Gremlin Leader","floor":30,"turns":5},{"damage":75,"enemies":"Automaton","floor":33,"turns":7},{"damage":0,"enemies":"3 Darklings","floor":35,"turns":1},{"damage":0,"enemies":"Orb Walker","floor":36,"turns":1},{"damage":41,"enemies":"2 Orb Walkers","floor":38,"turns":4},{"damage":27,"enemies":"3 Darklings","floor":42,"turns":5},{"damage":6,"enemies":"Reptomancer","floor":44,"turns":4},{"damage":0,"enemies":"Spire Growth","floor":45,"turns":2},{"damage":19,"enemies":"Maw","floor":46,"turns":5},{"damage":3,"enemies":"Giant Head","floor":48,"turns":5},{"damage":39,"enemies":"Awakened One","floor":50,"turns":7}],"seed_played":"5285009320175426936","potions_obtained":[{"floor":2,"key":"BottledMiracle"},{"floor":7,"key":"Regen Potion"},{"floor":8,"key":"champ:CounterPotion"},{"floor":13,"key":"PowerPotion"},{"floor":14,"key":"ColorlessPotion"},{"floor":14,"key":"PowerPotion"},{"floor":14,"key":"CultistPotion"},{"floor":22,"key":"Dexterity Potion"},{"floor":23,"key":"Ambrosia"},{"floor":27,"key":"hexamod:SoulburnPotion"},{"floor":35,"key":"Slimebound:ThreeZeroPotion"},{"floor":39,"key":"Ambrosia"},{"floor":39,"key":"ColorlessPotion"},{"floor":39,"key":"EntropicBrew"},{"floor":39,"key":"Ancient Potion"},{"floor":45,"key":"Guardian:BlockOnCardUsePotion"},{"floor":48,"key":"Explosive Potion"}],"is_trial":false,"path_per_floor":["M","M","?","$","?","E","M","E","T","M","M","E","M","?","R","B",null,"M","M","$","?","M","E","R","?","T","E","?","M","E","T","R","B",null,"M","M","?","?","$","R","?","M","T","E","M","M","?","E","R","B",null],"character_chosen":"WATCHER","items_purchased":["MentalFortress","champ:Barbells","Toy Ornithopter","Bag of Marbles","Adaptation","Panache","Swift Potion","Whetstone","Cauldron","BattleHymn"],"campfire_rested":1,"item_purchase_floors":[4,20,20,20,20,20,20,39,39,39],"current_hp_per_floor":[72,72,78,78,71,43,43,22,28,28,26,26,38,38,63,69,90,85,85,85,85,66,76,76,76,82,72,72,68,53,59,59,53,108,108,108,98,61,61,61,118,103,109,116,120,117,117,120,120,97],"gold":975,"neow_bonus":"","is_daily":true,"chose_seed":false,"campfire_upgraded":0,"win_rate":0.0,"timestamp":1612587578,"path_taken":["M","M","?","$","?","E","M","E","T","M","M","E","M","?","R","BOSS","M","M","$","?","?","E","R","?","T","E","?","M","E","?","R","BOSS","M","M","?","?","$","R","?","M","T","E","?","M","?","E","R","BOSS"],"items_purchased_type":["Card","Relic","Relic","Relic","Card","Card","Potion","Relic","Relic","Card"],"build_version":"2020-12-22","purchased_purges":2,"victory":true,"max_hp_per_floor":[72,72,78,78,78,78,78,78,84,84,84,84,84,84,84,90,90,90,90,90,90,90,90,90,90,96,96,96,96,96,102,102,108,108,108,108,108,108,108,108,118,118,124,124,124,124,124,124,124,130],"card_choices":[{"not_picked":["Halt","Protect"],"picked":"Vengeance","floor":1},{"not_picked":["FollowUp","Indignation"],"picked":"Tantrum","floor":2},{"not_picked":["Consecrate","Blasphemy"],"picked":"EmptyFist","floor":6},{"not_picked":["InnerPeace","EmptyBody"],"picked":"FlyingSleeves","floor":7},{"not_picked":["Indignation","JustLucky"],"picked":"BowlingBash","floor":8},{"not_picked":["Protect","ClearTheMind"],"picked":"JustLucky","floor":10},{"not_picked":["Brilliance","ClearTheMind"],"picked":"EmptyBody","floor":11},{"not_picked":["WheelKick","CrushJoints","ClearTheMind"],"picked":"SKIP","floor":12},{"not_picked":["CrushJoints","Halt"],"picked":"SashWhip","floor":13},{"not_picked":["DeusExMachina","Brilliance"],"picked":"Ragnarok","floor":16},{"not_picked":["EmptyFist","CutThroughFate"],"picked":"Wallop","floor":18},{"not_picked":["SashWhip","Consecrate"],"picked":"InnerPeace","floor":19},{"not_picked":["WheelKick","FlyingSleeves+1"],"picked":"Crescendo+1","floor":22},{"not_picked":["Adaptation","Crescendo"],"picked":"CarveReality","floor":23},{"not_picked":["SignatureMove","CarveReality+1"],"picked":"Indignation+1","floor":27},{"not_picked":["Consecrate","SpiritShield"],"picked":"Meditate","floor":29},{"not_picked":["PathToVictory","Worship","ClearTheMind"],"picked":"SKIP","floor":30},{"not_picked":["CrushJoints","WheelKick+1"],"picked":"Adaptation","floor":35},{"not_picked":["SashWhip+1","Tantrum"],"picked":"FearNoEvil","floor":36},{"not_picked":["Swift Strike","Forethought"],"picked":"Impatience","floor":37},{"not_picked":["Prostrate","PathToVictory"],"picked":"Nirvana+1","floor":38},{"not_picked":["JustLucky+1","SandsOfTime+1"],"picked":"FlurryOfBlows+1","floor":42},{"not_picked":["EmptyBody","Consecrate"],"picked":"FlurryOfBlows+1","floor":42},{"not_picked":["Pray","WindmillStrike+1","Brilliance"],"picked":"SKIP","floor":44},{"not_picked":["Protect","FollowUp+1","SashWhip+1"],"picked":"Consecrate","floor":45},{"not_picked":["WindmillStrike","EmptyFist+1","Protect","FollowUp"],"picked":"SKIP","floor":45},{"not_picked":["CutThroughFate+1","BowlingBash+1","BattleHymn+1"],"picked":"TalkToTheHand","floor":46},{"not_picked":["Tantrum","Judgement","Crescendo+1","EmptyFist"],"picked":"SKIP","floor":46},{"not_picked":["InnerPeace","Worship","EmptyFist+1"],"picked":"ThirdEye","floor":48}],"player_experience":1541175,"relics_obtained":[{"floor":6,"key":"Pantograph"},{"floor":8,"key":"Potion Belt"},{"floor":9,"key":"Boot"},{"floor":12,"key":"Meat on the Bone"},{"floor":23,"key":"Oddly Smooth Stone"},{"floor":26,"key":"bronze:BronzeIdol"},{"floor":27,"key":"Sundial"},{"floor":30,"key":"Bird Faced Urn"},{"floor":31,"key":"sneckomod:BlankCard"},{"floor":38,"key":"Prayer Wheel"},{"floor":43,"key":"Smiling Mask"},{"floor":44,"key":"Bag of Preparation"},{"floor":44,"key":"Question Card"},{"floor":48,"key":"PreservedInsect"},{"floor":48,"key":"TungstenRod"}],"event_choices":[{"damage_healed":0,"gold_gain":0,"player_choice":"Take Wound","damage_taken":0,"relics_obtained":["Golden Idol"],"max_hp_gain":0,"max_hp_loss":0,"event_name":"Golden Idol","floor":3,"gold_loss":0,"cards_obtained":["Injury"]},{"cards_removed":["Injury"],"damage_healed":0,"gold_gain":0,"player_choice":"Card Removal","damage_taken":7,"max_hp_gain":0,"max_hp_loss":0,"event_name":"Golden Wing","floor":5,"gold_loss":0},{"damage_healed":0,"gold_gain":0,"player_choice":"Bought 3 Potions","damage_taken":0,"max_hp_gain":0,"max_hp_loss":0,"event_name":"The Woman in Blue","floor":14,"gold_loss":0},{"damage_healed":0,"gold_gain":0,"cards_transformed":["Strike_P"],"player_choice":"Transformed","damage_taken":0,"max_hp_gain":0,"max_hp_loss":0,"event_name":"Transmorgrifier","floor":21,"gold_loss":0,"cards_obtained":["LessonLearned"]},{"cards_removed":["Strike_P"],"damage_healed":0,"gold_gain":0,"player_choice":"Elegance","damage_taken":0,"max_hp_gain":0,"max_hp_loss":0,"event_name":"Back to Basics","floor":25,"gold_loss":0},{"damage_healed":0,"gold_gain":0,"player_choice":"Ignored","damage_taken":0,"max_hp_gain":0,"max_hp_loss":0,"event_name":"Vampires","floor":28,"gold_loss":0},{"damage_healed":0,"gold_gain":0,"player_choice":"Memory 3","damage_taken":10,"max_hp_gain":0,"max_hp_loss":0,"event_name":"SensoryStone","floor":37,"gold_loss":0},{"damage_healed":0,"gold_gain":0,"player_choice":"Fight","damage_taken":0,"max_hp_gain":0,"max_hp_loss":0,"event_name":"Mysterious Sphere","floor":38,"gold_loss":0},{"cards_removed":["Ragnarok"],"damage_healed":47,"gold_gain":0,"player_choice":"Offered Rare","damage_taken":0,"max_hp_gain":10,"max_hp_loss":0,"event_name":"Bonfire Elementals","floor":41,"gold_loss":0},{"damage_healed":0,"gold_gain":0,"player_choice":"2 cards matched","damage_taken":0,"max_hp_gain":0,"max_hp_loss":0,"event_name":"Match and Keep!","floor":47,"gold_loss":0,"cards_obtained":["Wish","Eruption"]}],"is_beta":false,"boss_relics":[{"not_picked":["Philosopher\u0027s Stone","Busted Crown"],"picked":"Coffee Dripper"},{"not_picked":["expansioncontent:StudyCardRelic","Astrolabe"],"picked":"Black Star"}],"items_purged_floors":[20,39],"is_endless":false,"potions_floor_spawned":[2,7,8,13,22,23,27,35,45,48],"ascension_level":0}}