{"host":"kiehjq3lc4w5t4uc","time":1612623105,"event":{"mods":["AchievementEnabler","BaseMod","BetterRewards","Colored Map","Colored Powertips","DeckTracker","Good Game Mod","Minty Spire (QoL Compilation)","Quick Restart","Rare Cards Sparkle","Relic Stats","Shop Mod","Spicy Shops","StSLib","SuperFastMode"],"gold_per_floor":[109,109,127,202,213,213,224,253,253,253,288,288,306,321,321,417,417,437,448,381,381,446,446,127,160,187,187,199,217,248,310,322,432,444,475,27,43,93,113,146,146,176,176,276,303,63,82,148,148,148],"floor_reached":51,"language":"KOR","playtime":6153,"items_purged":["Strike_P"],"score":1403,"play_id":"4eec093a-06b4-41b3-bdab-35ee358fda7a","local_time":"20210206235145","is_ascension_mode":true,"campfire_choices":[{"data":"Eruption","floor":6,"key":"SMITH"},{"data":"TalkToTheHand","floor":10,"key":"SMITH"},{"floor":12,"key":"REST"},{"data":"Body Slam","floor":15,"key":"SMITH"},{"data":"Impervious","floor":23,"key":"SMITH"},{"data":"TalkToTheHand","floor":27,"key":"SMITH"},{"data":"FlyingSleeves","floor":32,"key":"SMITH"},{"data":"Ragnarok","floor":41,"key":"SMITH"},{"data":"Loop","floor":49,"key":"SMITH"}],"circlet_count":0,"master_deck":["Strike_P","Defend_P","Defend_P","Defend_P","Eruption+1","Vigilance","Impervious+1","TalkToTheHand+1","Prostrate+1","Expertise+1","Genetic Algorithm+1","Deflect+1","Prostrate+1","Body Slam+1","Warcry+1","Vault+1","EmptyMind+1","Armaments+1","TalkToTheHand+1","FlyingSleeves+1","Exhume+1","Sweeping Beam","Madness+1","Chill+1","Seek+1","LikeWater+1","LikeWater+1","WaveOfTheHand+1","Ragnarok+1","Halt+1","Crescendo+1","Secret Weapon+1","Panacea+1","Flash of Steel","Prepared+1","Warcry+1","Loop+1"],"relics":["PureWater","REME:ComplimentaryCards","PrismaticShard","Toxic Egg 2","Lizard Tail","Blood Vial","GoldenEye","InkBottle","Letter Opener","Bag of Preparation","Philosopher\u0027s Stone","SsserpentHead","Damaru","TheAbacus","Happy Flower","PreservedInsect","MawBank","Astrolabe","Calipers","Ornamental Fan","Gambling Chip","Turnip","Mango","Mercury Hourglass","Unceasing Top"],"acts_visited":["TheCity","TheBeyond"],"potions_floor_usage":[16,25,50],"damage_taken":[{"damage":2,"enemies":"Small Slimes","floor":1,"turns":6},{"damage":0,"enemies":"Jaw Worm","floor":3,"turns":6},{"damage":2,"enemies":"2 Louse","floor":5,"turns":3},{"damage":22,"enemies":"Lots of Slimes","floor":7,"turns":6},{"damage":27,"enemies":"3 Sentries","floor":8,"turns":10},{"damage":1,"enemies":"Lagavulin","floor":11,"turns":8},{"damage":1,"enemies":"3 Louse","floor":13,"turns":4},{"damage":2,"enemies":"Large Slime","floor":14,"turns":5},{"damage":21,"enemies":"The Guardian","floor":16,"turns":7},{"damage":0,"enemies":"Chosen","floor":18,"turns":3},{"damage":0,"enemies":"Shell Parasite","floor":19,"turns":4},{"damage":0,"enemies":"Snake Plant","floor":22,"turns":2},{"damage":0,"enemies":"Gremlin Leader","floor":25,"turns":5},{"damage":0,"enemies":"Shelled Parasite and Fungi","floor":28,"turns":3},{"damage":0,"enemies":"Sentry and Sphere","floor":29,"turns":3},{"damage":8,"enemies":"Slavers","floor":30,"turns":3},{"damage":0,"enemies":"Champ","floor":33,"turns":9},{"damage":0,"enemies":"3 Darklings","floor":35,"turns":4},{"damage":0,"enemies":"3 Shapes","floor":37,"turns":3},{"damage":0,"enemies":"Maw","floor":39,"turns":5},{"damage":0,"enemies":"Nemesis","floor":40,"turns":4},{"damage":0,"enemies":"Reptomancer","floor":42,"turns":3},{"damage":0,"enemies":"Mind Bloom Boss Battle","floor":44,"turns":4},{"damage":0,"enemies":"Nemesis","floor":45,"turns":3},{"damage":0,"enemies":"4 Shapes","floor":47,"turns":1},{"damage":6,"enemies":"Sphere and 2 Shapes","floor":48,"turns":1},{"damage":0,"enemies":"Awakened One","floor":50,"turns":7}],"seed_played":"7505030329514718280","potions_obtained":[{"floor":1,"key":"Energy Potion"},{"floor":5,"key":"StancePotion"},{"floor":7,"key":"Ancient Potion"},{"floor":16,"key":"Ancient Potion"},{"floor":22,"key":"Swift Potion"},{"floor":28,"key":"Weak Potion"}],"is_trial":false,"path_per_floor":["M","?","M","?","M","R","M","E","T","R","E","R","M","M","R","B",null,"M","M","$","?","M","R","$","E","T","R","M","M","E","?","R","B",null,"M","$","M","?","M","E","R","E","T","?","E","$","M","M","R","B",null],"character_chosen":"WATCHER","items_purchased":["Toxic Egg 2","Blood Vial","TalkToTheHand","EmptyMind+1","Damaru","TheAbacus","TalkToTheHand","FlyingSleeves","Ragnarok","Halt+1","Crescendo+1","Unceasing Top"],"campfire_rested":1,"item_purchase_floors":[0,0,0,20,24,24,24,24,36,36,36,46],"current_hp_per_floor":[64,64,66,55,55,55,35,10,10,10,11,32,33,33,33,14,72,72,72,72,72,72,72,72,72,72,72,72,72,64,64,64,66,72,72,72,72,62,64,66,66,68,68,84,86,86,86,80,80,82],"gold":148,"neow_bonus":"","is_daily":false,"chose_seed":false,"campfire_upgraded":8,"win_rate":0.0,"timestamp":1612623105,"path_taken":["M","?","M","?","?","R","M","E","T","R","E","R","M","M","R","BOSS","M","M","$","?","?","R","$","E","T","R","M","M","E","?","R","BOSS","M","$","M","?","M","E","R","E","T","?","E","?","M","?","R","BOSS"],"items_purchased_type":["Relic","Relic","Card","Card","Relic","Relic","Card","Card","Card","Card","Card","Relic"],"build_version":"2020-12-22","purchased_purges":1,"victory":true,"max_hp_per_floor":[72,72,72,72,72,72,72,72,72,72,72,72,72,72,72,72,72,72,72,72,72,72,72,72,72,72,72,72,72,72,72,72,72,72,72,72,72,72,72,72,72,72,72,86,86,86,86,86,86,86],"relic_stats":{"Happy Flower":[17],"counters":[155,622],"Astrolabe":["LikeWater","LikeWater","WaveOfTheHand"],"PreservedInsect":193,"Bag of Preparation":[74],"Letter Opener":[463],"GoldenEye":[0],"MawBank":72,"Mercury Hourglass":[51],"Blood Vial":32,"SsserpentHead":300,"Lizard Tail":0,"TheAbacus":[60],"Ornamental Fan":[28],"Gambling Chip":[15],"Turnip":[0],"obtain_stats":[{"Whetstone":8,"Boot":5,"Blood Vial":42,"Sundial":3,"MealTicket":13,"Fusion Hammer":34,"HandDrill":0,"Necronomicon":19,"Kunai":7,"Runic Cube":34,"Pear":13,"Blue Candle":9,"Eternal Feather":41,"Pen Nib":7,"SlaversCollar":17,"Bird Faced Urn":44,"MutagenicStrength":31,"Pandora\u0027s Box":17,"StrikeDummy":20,"Unceasing Top":0,"Lantern":35,"Regal Pillow":26,"Torii":41,"Singing Bowl":0,"StoneCalendar":54,"Bag of Preparation":25,"Smiling Mask":23,"Burning Blood":0,"Matryoshka":31,"Chemical X":0,"InkBottle":43,"Paper Frog":10,"Lee\u0027s Waffle":22,"Golden Idol":0,"Damaru":6,"The Courier":0,"PreservedInsect":26,"Omamori":38,"Frozen Egg 2":23,"MawBank":46,"GoldenEye":0,"Ornamental Fan":14,"Orrery":0,"Turnip":45,"Art of War":6,"Bottled Lightning":6,"Toy Ornithopter":18,"Ice Cream":0,"Calipers":0,"Gremlin Horn":36,"Vajra":24,"Sozu":17,"Lizard Tail":45,"Centennial Puzzle":46,"FaceOfCleric":3,"DollysMirror":47,"Strawberry":55,"Prayer Wheel":4,"Philosopher\u0027s Stone":17,"Toxic Egg 2":9,"Girya":45,"Happy Flower":47,"Dead Branch":0,"Astrolabe":34,"Oddly Smooth Stone":30,"Letter Opener":10,"War Paint":29,"Question Card":45,"Du-Vu Doll":22,"Bottled Flame":27,"Shuriken":54,"Bronze Scales":55,"Molten Egg 2":25,"Black Star":0,"Meat on the Bone":30,"Pocketwatch":34,"Darkstone Periapt":44,"Mango":44,"Juzu Bracelet":26,"ClockworkSouvenir":10,"Frozen Eye":0,"SsserpentHead":21,"Nunchaku":47,"TheAbacus":24,"Mummified Hand":39,"Pantograph":13,"Gambling Chip":0,"Tiny Chest":1,"Red Skull":23,"Orichalcum":54,"Medical Kit":45,"White Beast Statue":14,"Mercury Hourglass":12,"Peace Pipe":8,"Calling Bell":34,"Cauldron":0,"Anchor":44,"CaptainsWheel":48,"REME:ComplimentaryCards":0,"Coffee Dripper":34,"Bag of Marbles":43,"Membership Card":0,"PureWater":0,"FossilizedHelix":6},{"Whetstone":7,"Boot":4,"Blood Vial":24,"Sundial":2,"MealTicket":8,"Fusion Hammer":50,"HandDrill":32,"Necronomicon":126,"Kunai":6,"Runic Cube":79,"Pear":8,"Blue Candle":7,"Eternal Feather":24,"Pen Nib":6,"SlaversCollar":40,"Bird Faced Urn":24,"MutagenicStrength":49,"Pandora\u0027s Box":96,"StrikeDummy":12,"Unceasing Top":32,"Lantern":21,"Regal Pillow":74,"Torii":24,"Singing Bowl":32,"StoneCalendar":60,"Bag of Preparation":15,"Smiling Mask":13,"Burning Blood":0,"Matryoshka":19,"Chemical X":32,"InkBottle":24,"Paper Frog":8,"Lee\u0027s Waffle":72,"Golden Idol":0,"Damaru":118,"The Courier":0,"PreservedInsect":141,"Omamori":22,"Frozen Egg 2":45,"MawBank":26,"GoldenEye":128,"Ornamental Fan":9,"Orrery":32,"Turnip":84,"Art of War":65,"Bottled Lightning":5,"Toy Ornithopter":11,"Ice Cream":0,"Calipers":32,"Gremlin Horn":22,"Vajra":14,"Sozu":10,"Lizard Tail":25,"Centennial Puzzle":26,"FaceOfCleric":63,"DollysMirror":57,"Strawberry":31,"Prayer Wheel":3,"Philosopher\u0027s Stone":137,"Toxic Egg 2":36,"Girya":56,"Happy Flower":27,"Dead Branch":88,"Astrolabe":145,"Oddly Smooth Stone":18,"Letter Opener":8,"War Paint":17,"Question Card":25,"Du-Vu Doll":12,"Bottled Flame":16,"Shuriken":30,"Bronze Scales":31,"Molten Egg 2":15,"Black Star":0,"Meat on the Bone":18,"Pocketwatch":106,"Darkstone Periapt":24,"Mango":151,"Juzu Bracelet":47,"ClockworkSouvenir":36,"Frozen Eye":112,"SsserpentHead":139,"Nunchaku":27,"TheAbacus":140,"Mummified Hand":23,"Pantograph":8,"Gambling Chip":32,"Tiny Chest":1,"Red Skull":13,"Orichalcum":30,"Medical Kit":84,"White Beast Statue":9,"Mercury Hourglass":8,"Peace Pipe":7,"Calling Bell":106,"Cauldron":88,"Anchor":24,"CaptainsWheel":28,"REME:ComplimentaryCards":0,"Coffee Dripper":20,"Bag of Marbles":24,"Membership Card":0,"PureWater":88,"FossilizedHelix":5},{"Whetstone":26,"Boot":10,"Blood Vial":75,"Sundial":5,"MealTicket":30,"Fusion Hammer":158,"HandDrill":97,"Necronomicon":488,"Kunai":21,"Runic Cube":292,"Pear":30,"Blue Candle":26,"Eternal Feather":75,"Pen Nib":21,"SlaversCollar":119,"Bird Faced Urn":75,"MutagenicStrength":151,"Pandora\u0027s Box":361,"StrikeDummy":45,"Unceasing Top":97,"Lantern":68,"Regal Pillow":261,"Torii":75,"Singing Bowl":97,"StoneCalendar":188,"Bag of Preparation":51,"Smiling Mask":47,"Burning Blood":0,"Matryoshka":62,"Chemical X":97,"InkBottle":75,"Paper Frog":30,"Lee\u0027s Waffle":253,"Golden Idol":0,"Damaru":444,"The Courier":0,"PreservedInsect":569,"Omamori":69,"Frozen Egg 2":134,"MawBank":78,"GoldenEye":500,"Ornamental Fan":33,"Orrery":97,"Turnip":315,"Art of War":220,"Bottled Lightning":16,"Toy Ornithopter":41,"Ice Cream":0,"Calipers":97,"Gremlin Horn":69,"Vajra":49,"Sozu":39,"Lizard Tail":77,"Centennial Puzzle":78,"FaceOfCleric":200,"DollysMirror":179,"Strawberry":92,"Prayer Wheel":7,"Philosopher\u0027s Stone":555,"Toxic Egg 2":105,"Girya":176,"Happy Flower":81,"Dead Branch":333,"Astrolabe":587,"Oddly Smooth Stone":60,"Letter Opener":30,"War Paint":56,"Question Card":77,"Du-Vu Doll":45,"Bottled Flame":53,"Shuriken":90,"Bronze Scales":92,"Molten Egg 2":51,"Black Star":0,"Meat on the Bone":60,"Pocketwatch":397,"Darkstone Periapt":75,"Mango":610,"Juzu Bracelet":143,"ClockworkSouvenir":105,"Frozen Eye":422,"SsserpentHead":562,"Nunchaku":81,"TheAbacus":564,"Mummified Hand":71,"Pantograph":30,"Gambling Chip":97,"Tiny Chest":2,"Red Skull":47,"Orichalcum":90,"Medical Kit":315,"White Beast Statue":33,"Mercury Hourglass":30,"Peace Pipe":26,"Calling Bell":397,"Cauldron":333,"Anchor":75,"CaptainsWheel":82,"REME:ComplimentaryCards":0,"Coffee Dripper":67,"Bag of Marbles":75,"Membership Card":0,"PureWater":333,"FossilizedHelix":16}],"InkBottle":[48],"Unceasing Top":[2]},"card_choices":[{"not_picked":["Ball Lightning","Quick Slash"],"picked":"Prostrate+1","floor":1},{"not_picked":["Halt+1","Go for the Eyes"],"picked":"Expertise+1","floor":3},{"not_picked":["Steam+1","Consecrate"],"picked":"Genetic Algorithm+1","floor":5},{"not_picked":["Backflip+1","Deadly Poison+1","Stack+1"],"picked":"SKIP","floor":7},{"not_picked":["Forethought+1","Consume+1"],"picked":"Deflect+1","floor":8},{"not_picked":["Lockon","Purity+1"],"picked":"Prostrate+1","floor":11},{"not_picked":["Quick Slash","CarveReality"],"picked":"Body Slam","floor":13},{"not_picked":["WreathOfFlame+1","Barrage"],"picked":"Warcry+1","floor":14},{"not_picked":["Ragnarok","DevaForm"],"picked":"Vault+1","floor":16},{"not_picked":["FlurryOfBlows","Predator","Rip and Tear"],"picked":"SKIP","floor":18},{"not_picked":["Flying Knee+1","SandsOfTime","CarveReality"],"picked":"SKIP","floor":19},{"not_picked":["Consecrate","Sever Soul"],"picked":"Armaments+1","floor":22},{"not_picked":["Deflect+1","Sword Boomerang"],"picked":"Exhume+1","floor":25},{"not_picked":["Enlightenment+1","Havoc+1"],"picked":"Sweeping Beam","floor":28},{"not_picked":["Clothesline","Skim+1"],"picked":"Madness+1","floor":29},{"not_picked":["Tactician+1","Blood for Blood"],"picked":"Chill+1","floor":30},{"not_picked":["Feed","Bludgeon"],"picked":"Seek+1","floor":33},{"not_picked":["Protect+1","JustLucky+1","FearNoEvil"],"picked":"SKIP","floor":35},{"not_picked":["FlyingSleeves+1","Dual Wield+1","Caltrops+1"],"picked":"SKIP","floor":37},{"not_picked":["HandOfGreed","Jack Of All Trades+1"],"picked":"Secret Weapon+1","floor":38},{"not_picked":["Madness+1","Secret Technique+1"],"picked":"Panacea+1","floor":38},{"not_picked":["Warcry+1","Prostrate+1"],"picked":"Flash of Steel","floor":39},{"not_picked":["WreathOfFlame+1","Discovery+1","Sever Soul"],"picked":"SKIP","floor":40},{"not_picked":["PiercingWail+1","Caltrops"],"picked":"Prepared+1","floor":42},{"not_picked":["EmptyBody+1","HandOfGreed"],"picked":"Warcry+1","floor":45},{"not_picked":["Havoc+1","Go for the Eyes+1"],"picked":"Loop","floor":47},{"not_picked":["Clash","Cloak And Dagger+1","Pommel Strike"],"picked":"SKIP","floor":48}],"player_experience":155222,"relics_obtained":[{"floor":8,"key":"InkBottle"},{"floor":9,"key":"Letter Opener"},{"floor":11,"key":"Bag of Preparation"},{"floor":25,"key":"Happy Flower"},{"floor":26,"key":"PreservedInsect"},{"floor":30,"key":"MawBank"},{"floor":40,"key":"Ornamental Fan"},{"floor":42,"key":"Gambling Chip"},{"floor":43,"key":"Turnip"},{"floor":44,"key":"Mango"},{"floor":45,"key":"Mercury Hourglass"}],"event_choices":[{"damage_healed":0,"gold_gain":0,"player_choice":"Ignored","damage_taken":0,"max_hp_gain":0,"max_hp_loss":0,"event_name":"Liars Game","floor":2,"gold_loss":0},{"damage_healed":0,"gold_gain":75,"player_choice":"Gather Gold","damage_taken":11,"max_hp_gain":0,"max_hp_loss":0,"event_name":"World of Goop","floor":4,"gold_loss":0},{"damage_healed":0,"gold_gain":0,"player_choice":"Trade","damage_taken":0,"relics_obtained":["SsserpentHead"],"max_hp_gain":0,"max_hp_loss":0,"event_name":"FaceTrader","floor":21,"gold_loss":0},{"damage_healed":0,"gold_gain":0,"player_choice":"Ignored","damage_taken":0,"max_hp_gain":0,"max_hp_loss":0,"event_name":"The Mausoleum","floor":31,"gold_loss":0},{"damage_healed":0,"gold_gain":0,"player_choice":"Memory 3","damage_taken":10,"max_hp_gain":0,"max_hp_loss":0,"event_name":"SensoryStone","floor":38,"gold_loss":0},{"damage_healed":0,"gold_gain":0,"player_choice":"Fight","damage_taken":0,"max_hp_gain":0,"max_hp_loss":0,"event_name":"MindBloom","floor":44,"gold_loss":0}],"is_beta":false,"boss_relics":[{"not_picked":["Snecko Eye","SacredBark"],"picked":"Philosopher\u0027s Stone"},{"not_picked":["Velvet Choker","Fusion Hammer"],"picked":"Astrolabe"}],"items_purged_floors":[36],"is_endless":false,"potions_floor_spawned":[1,5,7,13,16,22,28,30,37,39,40,42,44,48],"ascension_level":2}}