{"host":"rmt60uil2jppa14k","time":1612647912,"event":{"mods":["AchievementEnabler","BaseMod","Colored Powertips","Highlight Path","Minty Spire (QoL Compilation)","Quick Restart","Shop Mod","StSLib"],"gold_per_floor":[118,128,128,203,222,222,250,267,290,290,48,63,82,82,82,184,184,195,211,211,211,88,88,100,100,100],"floor_reached":25,"language":"ENG","playtime":842,"items_purged":["Clumsy"],"score":203,"play_id":"67caabf9-fa6a-44d5-addb-7d272fc0aaee","local_time":"20210206214512","is_ascension_mode":false,"campfire_choices":[{"floor":6,"key":"REST"},{"floor":15,"key":"REST"},{"data":"Zap","floor":23,"key":"SMITH"}],"circlet_count":0,"master_deck":["Strike_B","Strike_B","Strike_B+1","Strike_B","Defend_B","Defend_B","Defend_B","Defend_B","Zap+1","Dualcast","Redo","Sweeping Beam+1","Auto Shields","Defragment","BootSequence","Capacitor","Coolheaded","Turbo","Gash","Echo Form","Barrage","Double Energy","Necronomicurse","Stack","Streamline"],"relics":["Cracked Core","Orichalcum","DataDisk","PreservedInsect","Cursed Key","Necronomicon","MealTicket"],"acts_visited":["Exordium","TheCity"],"potions_floor_usage":[7,16,16,16,18,25,25],"damage_taken":[{"damage":0,"enemies":"Small Slimes","floor":1,"turns":4},{"damage":0,"enemies":"2 Louse","floor":2,"turns":2},{"damage":1,"enemies":"Jaw Worm","floor":5,"turns":3},{"damage":22,"enemies":"Lagavulin","floor":7,"turns":6},{"damage":5,"enemies":"Large Slime","floor":8,"turns":5},{"damage":0,"enemies":"Looter","floor":12,"turns":2},{"damage":4,"enemies":"Exordium Wildlife","floor":13,"turns":3},{"damage":23,"enemies":"Hexaghost","floor":16,"turns":10},{"damage":0,"enemies":"Chosen","floor":18,"turns":4},{"damage":3,"enemies":"Shell Parasite","floor":19,"turns":6},{"damage":67,"enemies":"3 Cultists","floor":24,"turns":7},{"damage":17,"enemies":"Snecko","floor":25,"turns":4}],"seed_played":"-3029892230604974331","potions_obtained":[{"floor":5,"key":"Fire Potion"},{"floor":7,"key":"Block Potion"},{"floor":8,"key":"EssenceOfDarkness"},{"floor":12,"key":"Block Potion"},{"floor":16,"key":"Fire Potion"},{"floor":18,"key":"Dexterity Potion"},{"floor":24,"key":"FocusPotion"}],"is_trial":false,"path_per_floor":["M","M","?","?","M","R","E","M","T","?","$","M","M","?","R","B",null,"M","M","?","T","$","R","M","M"],"character_chosen":"DEFECT","items_purchased":["Capacitor","PreservedInsect","Coolheaded","Stack"],"campfire_rested":2,"item_purchase_floors":[11,11,11,22],"current_hp_per_floor":[82,82,82,71,70,82,60,55,55,39,39,39,35,40,66,43,87,87,84,68,68,83,83,16,0,0],"gold":100,"neow_bonus":"TEN_PERCENT_HP_BONUS","is_daily":false,"chose_seed":false,"campfire_upgraded":1,"win_rate":0.0,"timestamp":1612647912,"path_taken":["M","M","?","?","?","R","E","M","T","?","$","M","M","?","R","BOSS","M","M","?","?","$","R","M","?"],"items_purchased_type":["Card","Relic","Card","Card"],"build_version":"2020-12-22","purchased_purges":1,"victory":false,"max_hp_per_floor":[82,82,82,82,82,82,82,82,82,82,82,82,82,87,87,87,87,87,87,87,87,87,87,87,87,87],"card_choices":[{"not_picked":["Streamline","Steam"],"picked":"Redo","floor":1},{"not_picked":["Stack","Cold Snap"],"picked":"Sweeping Beam","floor":2},{"not_picked":["Recycle","White Noise"],"picked":"Auto Shields","floor":5},{"not_picked":["Darkness","Reinforced Body"],"picked":"Defragment","floor":7},{"not_picked":["Steam","Recycle"],"picked":"BootSequence","floor":8},{"not_picked":["Auto Shields","Lockon"],"picked":"Turbo","floor":12},{"not_picked":["BootSequence","Redo"],"picked":"Gash","floor":13},{"not_picked":["Biased Cognition","Amplify"],"picked":"Echo Form","floor":16},{"not_picked":["Compile Driver+1","Hologram"],"picked":"Barrage","floor":18},{"not_picked":["Sweeping Beam","Storm"],"picked":"Double Energy","floor":19},{"not_picked":["Gash","Steam"],"picked":"Streamline","floor":24}],"player_experience":142546,"relics_obtained":[{"floor":7,"key":"Orichalcum"},{"floor":9,"key":"DataDisk"},{"floor":20,"key":"Necronomicon"},{"floor":21,"key":"MealTicket"}],"event_choices":[{"damage_healed":0,"gold_gain":0,"player_choice":"Ignored","damage_taken":0,"max_hp_gain":0,"max_hp_loss":0,"event_name":"Liars Game","floor":3,"gold_loss":0},{"damage_healed":0,"gold_gain":75,"player_choice":"Gather Gold","damage_taken":11,"max_hp_gain":0,"max_hp_loss":0,"event_name":"World of Goop","floor":4,"gold_loss":0},{"damage_healed":0,"gold_gain":0,"player_choice":"Entered Light","damage_taken":16,"max_hp_gain":0,"max_hp_loss":0,"event_name":"Shining Light","floor":10,"gold_loss":0,"cards_upgraded":["Sweeping Beam","Strike_B"]},{"damage_healed":0,"gold_gain":0,"player_choice":"Donut","damage_taken":0,"max_hp_gain":5,"max_hp_loss":0,"event_name":"Big Fish","floor":14,"gold_loss":0},{"damage_healed":0,"gold_gain":0,"player_choice":"Obtained Book","damage_taken":16,"max_hp_gain":0,"max_hp_loss":0,"event_name":"Cursed Tome","floor":20,"gold_loss":0}],"is_beta":false,"boss_relics":[{"not_picked":["Runic Dome","Astrolabe"],"picked":"Cursed Key"}],"items_purged_floors":[22],"is_endless":false,"potions_floor_spawned":[5,7,8,12,16,18,24],"killed_by":"Snecko","ascension_level":0}}