{"host":"d52brwsy6af8zvaq","time":1612579150,"event":{"mods":["AchievementEnabler","BaseMod","Bestiary","Highlight Path","Minty Spire (QoL Compilation)","Quick Restart","Relic Stats","ojb\u0027s Better Paths Mod"],"gold_per_floor":[119,119,194,217,84,84,120,120,146,146,186,205,243,243,243,243,243],"floor_reached":16,"language":"ENG","playtime":386,"items_purged":["Strike_B"],"score":232,"play_id":"6f2ef224-62ac-4cfd-adfb-63df94e582a6","local_time":"20210205193910","is_ascension_mode":true,"campfire_choices":[{"data":"Zap","floor":6.0,"key":"SMITH"},{"data":"Loop","floor":8.0,"key":"SMITH"},{"floor":10.0,"key":"REST"},{"data":"Defragment","floor":15.0,"key":"SMITH"}],"circlet_count":0,"master_deck":["AscendersBane","Strike_B+1","Strike_B+1","Strike_B","Defend_B","Defend_B","Defend_B","Defend_B","Zap+1","Dualcast","Sunder","Beam Cell","Coolheaded","Loop+1","Static Discharge","Defragment+1","Go for the Eyes"],"relics":["Cracked Core","Golden Idol","Mercury Hourglass","Omamori","StoneCalendar","Whetstone"],"acts_visited":["Exordium"],"potions_floor_usage":[],"damage_taken":[{"damage":7.0,"enemies":"Jaw Worm","floor":1.0,"turns":4.0},{"damage":0.0,"enemies":"Small Slimes","floor":4.0,"turns":2.0},{"damage":31.0,"enemies":"3 Sentries","floor":7.0,"turns":8.0},{"damage":28.0,"enemies":"Gremlin Nob","floor":11.0,"turns":4.0},{"damage":2.0,"enemies":"2 Louse","floor":12.0,"turns":2.0},{"damage":34.0,"enemies":"3 Sentries","floor":13.0,"turns":5.0},{"damage":42,"enemies":"Slime Boss","floor":16,"turns":6}],"seed_played":"-7592830109903202382","potions_obtained":[{"floor":1.0,"key":"CultistPotion"},{"floor":7.0,"key":"FairyPotion"},{"floor":13.0,"key":"Dexterity Potion"}],"is_trial":false,"path_per_floor":["M","?","?","M","$","R","E","R","T","R","E","M","E","?","R","B"],"character_chosen":"DEFECT","items_purchased":["Coolheaded"],"campfire_rested":1,"item_purchase_floors":[5],"current_hp_per_floor":[64,64,53,53,53,53,22,22,22,43,15,13,9,32,32,0,0],"gold":243,"neow_bonus":"TEN_PERCENT_HP_BONUS","is_daily":false,"chose_seed":false,"campfire_upgraded":3,"win_rate":0.0,"timestamp":1612579150,"path_taken":["M","?","?","M","$","R","E","R","T","R","E","M","E","?","R","BOSS"],"items_purchased_type":["Card"],"build_version":"2020-12-22","purchased_purges":1,"victory":false,"max_hp_per_floor":[78,71,71,71,71,71,71,71,71,71,71,71,71,71,71,71,71],"relic_stats":{"counters":[7,30],"Golden Idol":32,"StoneCalendar":[0],"Whetstone":["Strike_B","Strike_B"],"obtain_stats":[{"Golden Idol":2,"StoneCalendar":11,"Omamori":9,"Whetstone":13,"Cracked Core":0,"Mercury Hourglass":7},{"Golden Idol":1,"StoneCalendar":4,"Omamori":3,"Whetstone":6,"Cracked Core":0,"Mercury Hourglass":3},{"Golden Idol":4,"StoneCalendar":18,"Omamori":14,"Whetstone":24,"Cracked Core":0,"Mercury Hourglass":14}],"Mercury Hourglass":[89]},"card_choices":[{"not_picked":["Barrage","Double Energy"],"picked":"Sunder","floor":1.0},{"not_picked":["Stack","Barrage"],"picked":"Beam Cell","floor":4.0},{"not_picked":["Steam","Hyperbeam"],"picked":"Loop","floor":7.0},{"not_picked":["Rip and Tear","Biased Cognition"],"picked":"Static Discharge","floor":11.0},{"not_picked":["Static Discharge","Conserve Battery"],"picked":"Defragment","floor":12.0},{"not_picked":["Steam","Rebound"],"picked":"Go for the Eyes","floor":13.0}],"player_experience":2160207,"relics_obtained":[{"floor":7.0,"key":"Mercury Hourglass"},{"floor":9.0,"key":"Omamori"},{"floor":11.0,"key":"StoneCalendar"},{"floor":13.0,"key":"Whetstone"}],"event_choices":[{"damage_healed":0.0,"max_hp_gain":0.0,"max_hp_loss":7.0,"gold_gain":0.0,"event_name":"Golden Idol","player_choice":"Lose Max HP","floor":2.0,"gold_loss":0.0,"damage_taken":0.0,"relics_obtained":["Golden Idol"]},{"damage_healed":0.0,"max_hp_gain":0.0,"max_hp_loss":0.0,"gold_gain":75.0,"event_name":"World of Goop","player_choice":"Gather Gold","floor":3.0,"gold_loss":0.0,"damage_taken":11.0},{"damage_healed":23.0,"max_hp_gain":0.0,"max_hp_loss":0.0,"gold_gain":0.0,"event_name":"Big Fish","player_choice":"Banana","floor":14.0,"gold_loss":0.0,"damage_taken":0.0}],"is_beta":false,"boss_relics":[],"items_purged_floors":[5],"is_endless":false,"potions_floor_spawned":[1,7,13],"killed_by":"Slime Boss","ascension_level":20}}