{"host":"i2ntsfwoh5q5m216","time":1612588462,"event":{"mods":["BaseMod","Colored Map","Downfall","Minty Spire (QoL Compilation)","StSLib"],"gold_per_floor":[99,115,115,127,189,202,202,237,256,256,289,66,66,51,71,168,218,118,134,134,154,164,182,182,182,182,182],"floor_reached":25,"language":"ENG","playtime":1331,"items_purged":[],"score":263,"play_id":"68d7041c-118f-43a3-bb09-238f46e2e17d","local_time":"20210205231422","is_ascension_mode":false,"campfire_choices":[{"data":"hexamod:Float","floor":1,"key":"SMITH"},{"floor":10,"key":"REST"},{"floor":13,"key":"RECALL"},{"data":"Mayhem","floor":18,"key":"SMITH"}],"circlet_count":0,"master_deck":["hexamod:Strike","hexamod:Strike+1","hexamod:Strike","hexamod:Defend","hexamod:Defend+1","hexamod:Defend","hexamod:Defend","hexamod:Sear","hexamod:Float+1","hexamod:Firestarter","hexamod:SwordOfDarkness","hexamod:NightmareGuise+1","hexamod:GhostOfSpirePast","hexamod:SkipABeat","hexamod:RecurringNightmare","hexamod:Hexaguard","hexamod:FastForward+1","hexamod:ThirdSeal","Mayhem+1","hexamod:EmpoweredFlame","hexamod:Again+1","hexamod:BacktrackSmack","hexamod:ShieldOfDarkness+1","hexamod:FifthSeal","hexamod:GiftsFromTheDead","hexamod:InspiringFlames+1","hexamod:FirstSeal","hexamod:BacktrackSmack+1","hexamod:FastForward+1","hexamod:FourthSeal","hexamod:SixthSeal","hexamod:SpectralAdrenaline+1","hexamod:PhantomCloak+1","hexamod:SecondSeal"],"relics":["hexamod:SpiritBrand","downfall:ShatteredFragment","Peace Pipe","Pear","Bag of Marbles","Toxic Egg 2","Tiny House","downfall:HeartBlessingRed","Girya"],"acts_visited":["Exordium","TheCity"],"potions_floor_usage":[21,23,25,25],"damage_taken":[{"damage":0,"enemies":"2 Louse","floor":2,"turns":4},{"damage":0,"enemies":"Jaw Worm","floor":4,"turns":3},{"damage":16,"enemies":"3 Sentries","floor":5,"turns":7},{"damage":0,"enemies":"Cultist","floor":6,"turns":3},{"damage":25,"enemies":"Lagavulin","floor":8,"turns":6},{"damage":0,"enemies":"Exordium Thugs","floor":9,"turns":4},{"damage":0,"enemies":"3 Sentries","floor":11,"turns":8},{"damage":0,"enemies":"downfall:FleeingMerchant","floor":12,"turns":4},{"damage":3,"enemies":"downfall:FleeingMerchant","floor":14,"turns":4},{"damage":0,"enemies":"Blue Slaver","floor":15,"turns":3},{"damage":24,"enemies":"DF_ARCHETYPE_STREAMLINE","floor":16,"turns":8},{"damage":5,"enemies":"3 Byrds","floor":19,"turns":5},{"damage":10,"enemies":"Spheric Guardian","floor":21,"turns":4},{"damage":37,"enemies":"Snake Plant","floor":22,"turns":3},{"damage":7,"enemies":"Snecko","floor":23,"turns":5},{"damage":32,"enemies":"3 Cultists","floor":25,"turns":5}],"seed_played":"-7582894079572677279","potions_obtained":[{"floor":4,"key":"SneckoOil"},{"floor":8,"key":"Guardian:BlockOnCardUsePotion"},{"floor":15,"key":"champ:CounterPotion"},{"floor":19,"key":"hexamod:EctoCoolerPotion"},{"floor":23,"key":"GamblersBrew"},{"floor":23,"key":"Ancient Potion"}],"is_trial":false,"path_per_floor":["R","M","?","M","?","M","T","E","M","R","E","$","R","$","M","B",null,"R","M","?","M","M","M","T","M"],"character_chosen":"THE_SPIRIT","items_purchased":["Mayhem","hexamod:EmpoweredFlame"],"campfire_rested":1,"item_purchase_floors":[12,12],"current_hp_per_floor":[70,70,49,49,33,33,43,18,18,42,42,42,42,39,39,15,85,85,80,72,62,25,25,25,0,0,0],"gold":182,"neow_bonus":"THREE_CARDS","is_daily":false,"chose_seed":false,"campfire_upgraded":2,"win_rate":0.0,"timestamp":1612588462,"path_taken":["R","M","?","M","?","M","T","E","M","R","E","$","R","$","M","BOSS","R","M","?","M","?","M","T","M"],"items_purchased_type":["Card","Card"],"build_version":"2020-12-22","purchased_purges":0,"victory":false,"max_hp_per_floor":[70,70,70,70,70,70,80,80,80,80,80,80,80,80,80,80,85,85,85,85,85,85,85,85,85,85,85],"card_choices":[{"not_picked":["hexamod:RetreatToShadows","hexamod:PowerFromBeyond"],"picked":"hexamod:Firestarter","floor":0},{"not_picked":["hexamod:NightmareStrike","hexamod:FastForward"],"picked":"hexamod:SwordOfDarkness","floor":2},{"not_picked":["hexamod:HeatMetal","hexamod:GhostLash"],"picked":"hexamod:NightmareGuise","floor":4},{"not_picked":["hexamod:NecessarySacrifice","hexamod:AdvancingGuard"],"picked":"hexamod:GhostOfSpirePast","floor":5},{"not_picked":["hexamod:RetreatToShadows","hexamod:InspiringFlames"],"picked":"hexamod:SkipABeat","floor":6},{"not_picked":["hexamod:NightmareStrike","hexamod:SwordOfDarkness"],"picked":"hexamod:RecurringNightmare","floor":8},{"not_picked":["hexamod:Haunt","hexamod:HauntingEcho"],"picked":"hexamod:Hexaguard","floor":9},{"not_picked":["hexamod:StepThrough","hexamod:EtherealExpedition+1"],"picked":"hexamod:FastForward+1","floor":11},{"not_picked":["hexamod:GhostOfSpirePresent","hexamod:DynamicBlow"],"picked":"hexamod:ThirdSeal","floor":12},{"not_picked":["hexamod:Firestarter","hexamod:WildfireWeapon"],"picked":"hexamod:Again+1","floor":14},{"not_picked":["hexamod:NightmareGuise+1","hexamod:HeatCrush"],"picked":"hexamod:BacktrackSmack","floor":14},{"not_picked":["hexamod:SwordOfDarkness","hexamod:AdvancingGuard+1"],"picked":"hexamod:ShieldOfDarkness+1","floor":15},{"not_picked":["hexamod:GhostflameInferno+1","hexamod:WildfireWeapon"],"picked":"hexamod:FifthSeal","floor":16},{"not_picked":["hexamod:UnlimitedPower+1","hexamod:ParanormalForm"],"picked":"hexamod:GiftsFromTheDead","floor":16},{"not_picked":["hexamod:SpectersWail","hexamod:BacktrackSmack"],"picked":"hexamod:InspiringFlames+1","floor":17},{"not_picked":["hexamod:FourthSeal","hexamod:SecondSeal"],"picked":"hexamod:FirstSeal","floor":19},{"not_picked":["hexamod:GhostShield+1","hexamod:HeatCrush+1"],"picked":"hexamod:BacktrackSmack+1","floor":19},{"not_picked":["hexamod:SpectersWail+1","hexamod:NightmareGuise+1"],"picked":"hexamod:FastForward+1","floor":19},{"not_picked":["hexamod:SecondSeal","hexamod:ThirdSeal"],"picked":"hexamod:FourthSeal","floor":21},{"not_picked":["hexamod:NecessarySacrifice+1","hexamod:HeatCrush","hexamod:Incineration+1"],"picked":"SKIP","floor":21},{"not_picked":["hexamod:FirstSeal","hexamod:FourthSeal"],"picked":"hexamod:SixthSeal","floor":22},{"not_picked":["hexamod:ThirdSeal","hexamod:EmpoweredFlame"],"picked":"hexamod:SpectralAdrenaline+1","floor":22},{"not_picked":["hexamod:SpectersWail+1","hexamod:EtherealExpedition+1"],"picked":"hexamod:PhantomCloak+1","floor":23},{"not_picked":["hexamod:ThirdSeal","hexamod:FirstSeal"],"picked":"hexamod:SecondSeal","floor":23},{"not_picked":["hexamod:EmpoweredFlame+1","hexamod:RecurringNightmare+1","hexamod:InspiringFlames+1"],"picked":"SKIP","floor":23}],"player_experience":27128,"relics_obtained":[{"floor":5,"key":"Peace Pipe"},{"floor":7,"key":"Pear"},{"floor":8,"key":"Bag of Marbles"},{"floor":11,"key":"Toxic Egg 2"},{"floor":24,"key":"Girya"}],"event_choices":[],"is_beta":false,"boss_relics":[{"not_picked":["Velvet Choker","Snecko Eye"],"picked":"Tiny House"}],"items_purged_floors":[],"is_endless":false,"potions_floor_spawned":[4,8,15,19,23],"killed_by":"3 Cultists","ascension_level":0}}