{"host":"epc8efk9vrywpcsw","time":1612617833,"event":{"mods":["BaseMod","Minty Spire (QoL Compilation)","Relic Stats","StSLib"],"gold_per_floor":[112,112,112,112,112,145,145,145,145,145,159,174,174,192,192,286,286,304,329,329,329,349,349,349],"floor_reached":23,"language":"ENG","playtime":565,"items_purged":[],"score":553,"play_id":"91e2749e-c227-4c3e-a199-76ed1fc979cb","local_time":"20210206142353","is_ascension_mode":true,"campfire_choices":[{"data":"Dagger Spray","floor":7,"key":"SMITH"},{"data":"Footwork","floor":15,"key":"SMITH"}],"circlet_count":0,"master_deck":["AscendersBane","Defend_G","Defend_G","Defend_G","Defend_G","Defend_G","Survivor","Neutralize+1","Dagger Spray+1","Blur","Footwork+1","Dagger Spray","Adrenaline","CurseOfTheBell","PiercingWail","Bite","Bite","Bite","Bite","Bite","Escape Plan"],"relics":["Ring of the Snake","NeowsBlessing","Ornamental Fan","Bloody Idol","Oddly Smooth Stone","Shuriken","Calling Bell","Orichalcum","Mercury Hourglass","Girya"],"acts_visited":["Exordium","TheCity"],"potions_floor_usage":[16,23],"damage_taken":[{"damage":0,"enemies":"2 Louse","floor":1,"turns":1},{"damage":0,"enemies":"3 Sentries","floor":6,"turns":1},{"damage":0,"enemies":"Jaw Worm","floor":11,"turns":1},{"damage":0,"enemies":"Small Slimes","floor":12,"turns":1},{"damage":0,"enemies":"Blue Slaver","floor":14,"turns":5},{"damage":0,"enemies":"The Guardian","floor":16,"turns":13},{"damage":16,"enemies":"Spheric Guardian","floor":18,"turns":4},{"damage":27,"enemies":"Chosen","floor":19,"turns":7},{"damage":12,"enemies":"Snake Plant","floor":22,"turns":7},{"damage":43,"enemies":"Book of Stabbing","floor":23,"turns":10}],"seed_played":"-85027205637164654","potions_obtained":[{"floor":1,"key":"Fire Potion"},{"floor":11,"key":"FairyPotion"},{"floor":16,"key":"DuplicationPotion"}],"is_trial":false,"path_per_floor":["M","?","?","$","?","E","R","?","T","$","M","M","?","M","R","B",null,"M","M","?","?","M","E"],"character_chosen":"THE_SILENT","items_purchased":[],"campfire_rested":0,"item_purchase_floors":[],"current_hp_per_floor":[59,48,48,48,48,48,48,30,30,30,30,30,50,50,50,50,58,42,15,15,15,20,9,9],"gold":349,"neow_bonus":"THREE_ENEMY_KILL","is_daily":false,"chose_seed":false,"campfire_upgraded":2,"win_rate":0.0,"timestamp":1612617833,"path_taken":["M","?","?","$","?","E","R","?","T","$","?","M","?","M","R","BOSS","M","M","?","?","M","E"],"items_purchased_type":[],"build_version":"2020-12-22","purchased_purges":0,"victory":false,"max_hp_per_floor":[66,66,60,60,60,60,60,60,60,60,60,60,60,60,60,60,60,60,60,60,42,42,42,42],"relic_stats":{"counters":[10,49],"Ornamental Fan":[64],"Shuriken":[15],"Bloody Idol":5,"Orichalcum":[18],"obtain_stats":[{"Calling Bell":17,"Girya":17,"NeowsBlessing":0,"Ornamental Fan":2,"Golden Idol":3,"Shuriken":9,"Bloody Idol":20,"Oddly Smooth Stone":6,"Orichalcum":17,"Ring of the Snake":0,"Mercury Hourglass":17},{"Calling Bell":6,"Girya":6,"NeowsBlessing":0,"Ornamental Fan":1,"Golden Idol":1,"Shuriken":2,"Bloody Idol":8,"Oddly Smooth Stone":2,"Orichalcum":6,"Ring of the Snake":0,"Mercury Hourglass":6},{"Calling Bell":22,"Girya":22,"NeowsBlessing":0,"Ornamental Fan":1,"Golden Idol":1,"Shuriken":2,"Bloody Idol":33,"Oddly Smooth Stone":2,"Orichalcum":22,"Ring of the Snake":0,"Mercury Hourglass":22}],"Ring of the Snake":[20],"Mercury Hourglass":[71]},"card_choices":[{"not_picked":["Leg Sweep","Skewer"],"picked":"Dagger Spray","floor":1},{"not_picked":["Bouncing Flask","Flying Knee"],"picked":"Blur","floor":6},{"not_picked":["Acrobatics","Calculated Gamble","Poisoned Stab"],"picked":"SKIP","floor":11},{"not_picked":["All Out Attack","Corpse Explosion"],"picked":"Footwork","floor":12},{"not_picked":["Dagger Throw","Catalyst"],"picked":"Dagger Spray","floor":14},{"not_picked":["Bullet Time","Storm of Steel"],"picked":"Adrenaline","floor":16},{"not_picked":["Outmaneuver+1","Noxious Fumes"],"picked":"PiercingWail","floor":18},{"not_picked":["Poisoned Stab","Sucker Punch","Bullet Time"],"picked":"SKIP","floor":19},{"not_picked":["Predator","Bane"],"picked":"Escape Plan","floor":22}],"player_experience":492999,"relics_obtained":[{"floor":6,"key":"Oddly Smooth Stone"},{"floor":9,"key":"Shuriken"},{"floor":17,"key":"Orichalcum"},{"floor":17,"key":"Mercury Hourglass"},{"floor":17,"key":"Girya"}],"event_choices":[{"damage_healed":0,"gold_gain":0,"player_choice":"Success","damage_taken":11,"relics_obtained":["Ornamental Fan"],"max_hp_gain":0,"max_hp_loss":0,"event_name":"Scrap Ooze","floor":2,"gold_loss":0},{"damage_healed":0,"gold_gain":0,"player_choice":"Lose Max HP","damage_taken":0,"relics_obtained":["Golden Idol"],"max_hp_gain":0,"max_hp_loss":6,"event_name":"Golden Idol","floor":3,"gold_loss":0},{"damage_healed":0,"gold_gain":0,"player_choice":"Grow","damage_taken":0,"max_hp_gain":0,"max_hp_loss":0,"event_name":"Living Wall","floor":5,"gold_loss":0,"cards_upgraded":["Neutralize"]},{"damage_healed":0,"gold_gain":0,"player_choice":"Entered Light","damage_taken":18,"max_hp_gain":0,"max_hp_loss":0,"event_name":"Shining Light","floor":8,"gold_loss":0,"cards_upgraded":["Strike_G","Strike_G"]},{"damage_healed":20,"gold_gain":0,"player_choice":"Banana","damage_taken":0,"max_hp_gain":0,"max_hp_loss":0,"event_name":"Big Fish","floor":13,"gold_loss":0},{"damage_healed":0,"gold_gain":0,"player_choice":"Gave Idol","damage_taken":0,"relics_obtained":["Bloody Idol"],"max_hp_gain":0,"max_hp_loss":0,"event_name":"Forgotten Altar","floor":20,"relics_lost":["Golden Idol"],"gold_loss":0},{"damage_healed":0,"gold_gain":0,"player_choice":"Became a vampire","damage_taken":0,"max_hp_gain":0,"max_hp_loss":18,"event_name":"Vampires","floor":21,"gold_loss":0,"cards_obtained":["Bite","Bite","Bite","Bite","Bite"]}],"is_beta":false,"boss_relics":[{"not_picked":["Runic Dome","Velvet Choker"],"picked":"Calling Bell"}],"items_purged_floors":[],"is_endless":false,"potions_floor_spawned":[1,11,16,19,22],"killed_by":"Book of Stabbing","ascension_level":20}}