{"host":"uv5ws9rdk87e8i5k","time":1612637956,"event":{"mods":["AchievementEnabler","BaseMod","Colored Map","Minty Spire (QoL Compilation)","Permanent Neow","Quick Restart","StSLib","SuperFastMode","The Necromancer"],"gold_per_floor":[113,213,232,242,261,289,304,317,317,317,345,345,357,386,386,386,386],"floor_reached":16,"language":"ENG","playtime":227,"items_purged":[],"score":204,"play_id":"86440a51-6e93-423e-b944-5c1bec794b57","local_time":"20210206125916","is_ascension_mode":true,"campfire_choices":[{"data":"Perfected Strike","floor":10,"key":"SMITH"},{"data":"Pommel Strike","floor":12,"key":"SMITH"},{"data":"Heavy Blade","floor":15,"key":"SMITH"}],"circlet_count":0,"master_deck":["Strike_R","Strike_R","Strike_R","Strike_R","Strike_R","Defend_R","Defend_R","Defend_R","Defend_R","Bash","Wild Strike","Thunderclap","Flame Barrier","Wild Strike","Pommel Strike+1","Heavy Blade+1","Cleave","Perfected Strike+1","Twin Strike"],"relics":["Burning Blood","Mango","Vajra","Singing Bowl","Red Skull"],"acts_visited":["Exordium"],"potions_floor_usage":[6,14,14],"damage_taken":[{"damage":0.0,"enemies":"2 Louse","floor":1.0,"turns":2.0},{"damage":6,"enemies":"Cultist","floor":3,"turns":3},{"damage":0,"enemies":"Small Slimes","floor":4,"turns":2},{"damage":6,"enemies":"2 Fungi Beasts","floor":5,"turns":3},{"damage":30,"enemies":"Lagavulin","floor":6,"turns":5},{"damage":27,"enemies":"Exordium Thugs","floor":7,"turns":4},{"damage":3,"enemies":"3 Louse","floor":8,"turns":3},{"damage":0,"enemies":"Gremlin Nob","floor":11,"turns":3},{"damage":0,"enemies":"2 Fungi Beasts","floor":13,"turns":2},{"damage":20,"enemies":"Lagavulin","floor":14,"turns":4},{"damage":0,"enemies":"The Guardian","floor":16,"turns":2}],"seed_played":"-8382082912376057458","potions_obtained":[{"floor":1.0,"key":"PowerPotion"},{"floor":5,"key":"DuplicationPotion"},{"floor":11,"key":"EssenceOfSteel"},{"floor":13,"key":"Weak Potion"},{"floor":14,"key":"Block Potion"}],"is_trial":false,"path_per_floor":["M","?","M","M","M","E","M","M","T","R","E","R","M","E","R","B"],"character_chosen":"IRONCLAD","items_purchased":[],"campfire_rested":0,"item_purchase_floors":[],"current_hp_per_floor":[80,80,80,80,80,70,49,52,52,52,60,60,68,54,54,54,54],"gold":386,"neow_bonus":"THREE_CARDS","is_daily":false,"chose_seed":false,"campfire_upgraded":3,"win_rate":0.0,"timestamp":1612637956,"path_taken":["M","?","M","M","M","E","M","M","T","R","E","R","?","E","R","BOSS"],"items_purchased_type":[],"build_version":"2020-12-22","purchased_purges":0,"victory":false,"max_hp_per_floor":[80,80,80,80,80,94,94,94,94,94,96,96,98,98,98,98,98],"card_choices":[{"not_picked":["Power Through","Heavy Blade"],"picked":"Wild Strike","floor":0.0},{"not_picked":["Fire Breathing","Intimidate"],"picked":"Thunderclap","floor":1.0},{"not_picked":["Heavy Blade","Shrug It Off"],"picked":"Flame Barrier","floor":3},{"not_picked":["Feel No Pain","Heavy Blade"],"picked":"Wild Strike","floor":4},{"not_picked":["Headbutt","Dropkick"],"picked":"Pommel Strike","floor":5},{"not_picked":["Shrug It Off","Sword Boomerang"],"picked":"Heavy Blade","floor":6},{"not_picked":["Iron Wave","Wild Strike"],"picked":"Cleave","floor":7},{"not_picked":["Power Through","Anger"],"picked":"Perfected Strike","floor":8},{"not_picked":["Heavy Blade","Disarm","Wild Strike"],"picked":"Singing Bowl","floor":11},{"not_picked":["Clash","Impervious","Sever Soul"],"picked":"Singing Bowl","floor":13},{"not_picked":["Reckless Charge","Thunderclap"],"picked":"Twin Strike","floor":14}],"player_experience":244423,"relics_obtained":[{"floor":6,"key":"Mango"},{"floor":9,"key":"Vajra"},{"floor":11,"key":"Singing Bowl"},{"floor":14,"key":"Red Skull"}],"event_choices":[{"damage_healed":0.0,"max_hp_gain":0.0,"max_hp_loss":0.0,"gold_gain":100.0,"event_name":"Golden Shrine","player_choice":"Pray","floor":2.0,"gold_loss":0.0,"damage_taken":0.0}],"is_beta":false,"boss_relics":[],"items_purged_floors":[],"is_endless":false,"potions_floor_spawned":[1,5,11,13,14],"killed_by":"The Guardian","ascension_level":4}}