{"host":"gj3450u0c4def4mj","time":1612637599,"event":{"mods":["2.2 Compatiblity","Act Like it!","BaseMod","Gensokyo","Marisa????????","Minty Spire (QoL Compilation)","StSLib"],"gold_per_floor":[113,131,31,60,115,162,162,192,192,192,192,9,9,40,40,159,159,384,384,1,251,251,251,301,47,73,86,123,123,123,48,48,368,368,412,451,149,184,184,244,256,305,305,305,305,357,357,357,357,357],"floor_reached":51,"language":"ENG","playtime":3453,"items_purged":["Injury","Strike_MRS"],"score":990,"play_id":"1d36b5e1-04ea-4d54-9304-b01f4b156bc8","local_time":"20210206135319","is_ascension_mode":true,"campfire_choices":[{"data":"MagicChant","floor":7.0,"key":"SMITH"},{"floor":10.0,"key":"REST"},{"data":"AsteroidBelt","floor":13.0,"key":"SMITH"},{"data":"WitchLeyline","floor":15.0,"key":"SMITH"},{"data":"EscapeVelocity","floor":23.0,"key":"SMITH"},{"floor":32.0,"key":"REST"},{"data":"Apotheosis","floor":45,"key":"SMITH"},{"data":"EarthLightRay","floor":47,"key":"SMITH"},{"data":"BinaryStars","floor":49,"key":"SMITH"}],"circlet_count":0,"master_deck":["Strike_MRS","Strike_MRS","Strike_MRS","Defend_MRS","Defend_MRS","Defend_MRS+1","Defend_MRS+1","MasterSpark","UpSweep","AsteroidBelt+1","MagicChant+1","WitchLeyline+1","WitchOfGreed","ShootingEcho","GasGiant","ShootingEcho+1","EscapeVelocity+1","ShootingEcho+1","UltimateShortwave","Apotheosis+1","GalacticHalo","EarthLightRay+1","EarthLightRay+1","MilkyWay+1","AsteroidBelt","AbsoluteMagnitude+1","MilkyWay+1","SporeBomb","AsteroidBelt","GravityBeat+1","GravityBeat+1","Gensokyo:GreaterSplit+1","BinaryStars+1"],"relics":["MiniHakkero","Molten Egg 2","Letter Opener","StrikeDummy","SimpleLauncher","Cursed Key","Gensokyo:SongOfSouls","Happy Flower","Medical Kit","Toy Ornithopter","War Paint","SlaversCollar","Membership Card","Oddly Smooth Stone","StoneCalendar","Juzu Bracelet","Prayer Wheel"],"acts_visited":["Gensokyo:Gensokyo","Gensokyo:Gensokyoer","Gensokyo:Gensokyoest"],"potions_floor_usage":[50,50],"damage_taken":[{"damage":0.0,"enemies":"Gensokyo:Python","floor":1.0,"turns":3.0},{"damage":0.0,"enemies":"Gensokyo:Gryphon","floor":2.0,"turns":4.0},{"damage":1.0,"enemies":"Gensokyo:2_Kodama","floor":4.0,"turns":3.0},{"damage":25.0,"enemies":"Gensokyo:Aya","floor":5.0,"turns":6.0},{"damage":31.0,"enemies":"Gensokyo:Cirno","floor":6.0,"turns":7.0},{"damage":7.0,"enemies":"Gensokyo:Kitsune","floor":8.0,"turns":4.0},{"damage":1.0,"enemies":"Gensokyo:2_Rabbits","floor":14.0,"turns":4.0},{"damage":28.0,"enemies":"Gensokyo:Reimu","floor":16.0,"turns":16.0},{"damage":28.0,"enemies":"Gensokyo:2_Gloops","floor":18.0,"turns":5.0},{"damage":29.0,"enemies":"Gensokyo:Reisen","floor":24.0,"turns":5.0},{"damage":15.0,"enemies":"Gensokyo:AngelMirror","floor":27.0,"turns":2.0},{"damage":0.0,"enemies":"Gensokyo:Wraith","floor":28.0,"turns":4.0},{"damage":12.0,"enemies":"Gensokyo:Eiki","floor":33.0,"turns":7.0},{"damage":2.0,"enemies":"Gensokyo:3_Bats","floor":35.0,"turns":5.0},{"damage":18.0,"enemies":"Gensokyo:3_Boulders","floor":36.0,"turns":6.0},{"damage":10.0,"enemies":"Gensokyo:Sharpion","floor":38.0,"turns":4.0},{"damage":11.0,"enemies":"Gensokyo:Marisa","floor":40.0,"turns":7.0},{"damage":9.0,"enemies":"Gensokyo:4_Bats","floor":41.0,"turns":4.0},{"damage":0.0,"enemies":"Gensokyo:Kasen","floor":42.0,"turns":5.0},{"damage":0,"enemies":"Gensokyo:Marisa","floor":46,"turns":4},{"damage":0,"enemies":"Gensokyo:Scarlet_Devils","floor":50,"turns":5}],"seed_played":"765727027997653554","potions_obtained":[{"floor":0.0,"key":"SneckoOil"},{"floor":0.0,"key":"BottledSpark"},{"floor":0.0,"key":"BlessingOfTheForge"},{"floor":1.0,"key":"FairyPotion"},{"floor":5.0,"key":"Regen Potion"},{"floor":5.0,"key":"CultistPotion"},{"floor":6.0,"key":"Strength Potion"},{"floor":16.0,"key":"AttackPotion"},{"floor":24.0,"key":"Weak Potion"},{"floor":28.0,"key":"Block Potion"},{"floor":33.0,"key":"PowerPotion"}],"is_trial":false,"path_per_floor":["M","M","$","M","?","E","R","M","T","R","?","COS","R","M","R","B",null,"M","?","$","?","?","R","E","COS","T","M","M","?","?","$","R","B",null,"M","M","$","M","?","E","M","E","T","?","R","E","R","?","R","B",null],"character_chosen":"MARISA","items_purchased":["WitchLeyline","WitchOfGreed","UltimateShortwave","Apotheosis","GalacticHalo","Membership Card","Oddly Smooth Stone","SporeBomb"],"campfire_rested":2,"item_purchase_floors":[3,3,20,20,20,37,37,37],"current_hp_per_floor":[75,75,75,74,49,33,33,26,26,48,48,48,48,47,47,19,75,47,47,47,47,47,47,18,18,18,3,20,20,20,20,41,41,71,71,53,53,55,55,56,57,69,69,69,69,71,71,71,71,71],"gold":357,"neow_bonus":"THREE_SMALL_POTIONS","is_daily":false,"chose_seed":false,"campfire_upgraded":7,"win_rate":0.0,"timestamp":1612637599,"path_taken":["M","M","$","M","?","E","R","M","T","R","?","COS","R","?","R","BOSS","M","?","$","?","?","R","E","COS","T","M","M","?","?","?","R","BOSS","M","M","$","M","?","E","M","E","T","?","R","E","R","?","R","BOSS"],"items_purchased_type":["Card","Card","Card","Card","Card","Relic","Relic","Card"],"build_version":"2020-12-22","purchased_purges":2,"victory":true,"max_hp_per_floor":[75,75,75,75,75,75,75,75,75,75,75,75,75,75,75,75,75,75,75,75,71,71,71,71,71,71,71,71,71,71,71,71,71,71,71,71,71,71,71,71,71,71,71,71,71,71,71,71,71,71],"card_choices":[{"not_picked":["SporeBomb","DoubleSpark"],"picked":"AsteroidBelt","floor":1.0},{"not_picked":["StarlightTyphoon","StarBarrage"],"picked":"MagicChant","floor":2.0},{"not_picked":["GalacticHalo","StarDustReverie"],"picked":"ShootingEcho","floor":4.0},{"not_picked":["DarkMatter","BlazeAway","StarlightTyphoon"],"picked":"SKIP","floor":5.0},{"not_picked":["GrandCross+1","ManaConvection"],"picked":"GasGiant","floor":6.0},{"not_picked":["IllusionStar","MysteriousBeam+1"],"picked":"ShootingEcho+1","floor":8.0},{"not_picked":["DC+1","MysteriousBeam+1","EventHorizon"],"picked":"SKIP","floor":14.0},{"not_picked":["TreasureHunter+1","ManaRampage"],"picked":"EscapeVelocity","floor":16.0},{"not_picked":["Acceleration","WitchLeyline+1"],"picked":"ShootingEcho+1","floor":18.0},{"not_picked":["DarkMatter","BigCrunch"],"picked":"EarthLightRay","floor":24.0},{"not_picked":["StarlightTyphoon+1","ShootTheMoon+1"],"picked":"EarthLightRay+1","floor":27.0},{"not_picked":["UnstableBomb+1","ManaConvection"],"picked":"MilkyWay+1","floor":27.0},{"not_picked":["DragonMeteor+1","WitchLeyline+1","LuminesStrike+1"],"picked":"SKIP","floor":28.0},{"not_picked":["SuperNova","BlazingStar+1"],"picked":"AbsoluteMagnitude+1","floor":33.0},{"not_picked":["DC+1","MysteriousBeam+1"],"picked":"MilkyWay+1","floor":35.0},{"not_picked":["NonDirectionalLaser+1","AlicesGift+1","GravityBeat+1"],"picked":"SKIP","floor":36.0},{"not_picked":["6A+1","TreasureHunter+1"],"picked":"AsteroidBelt","floor":38.0},{"not_picked":["ShootingEcho+1","MysteriousBeam+1"],"picked":"GravityBeat+1","floor":40.0},{"not_picked":["MilkyWay+1","WitchLeyline+1"],"picked":"GravityBeat+1","floor":41.0},{"not_picked":["MilkyWay","Acceleration","DC+1"],"picked":"SKIP","floor":42.0},{"not_picked":["UltimateShortwave","UnstableBomb+1","GalacticHalo"],"picked":"SKIP","floor":46}],"player_experience":46786,"relics_obtained":[{"floor":5.0,"key":"Molten Egg 2"},{"floor":6.0,"key":"Letter Opener"},{"floor":9.0,"key":"StrikeDummy"},{"floor":24.0,"key":"Happy Flower"},{"floor":26.0,"key":"Toy Ornithopter"},{"floor":40.0,"key":"StoneCalendar"},{"floor":42.0,"key":"Juzu Bracelet"},{"floor":46,"key":"Prayer Wheel"}],"event_choices":[],"is_beta":false,"boss_relics":[{"not_picked":["Calling Bell","Coffee Dripper"],"picked":"Cursed Key"},{"not_picked":["Fusion Hammer","Astrolabe"],"picked":"SlaversCollar"}],"items_purged_floors":[31,37],"is_endless":false,"potions_floor_spawned":[1,4,5,6,14,28,33,35,38,40,42],"ascension_level":3}}