{"host":"prxrhpgaxnj4om9r","time":1612617724,"event":{"mods":["AchievementEnabler","BaseMod","DeckTracker","Keyboard Shortcuts","Minty Spire (QoL Compilation)"],"gold_per_floor":[114,129,104,179,194,194,209,209,259,274,289,319,334,334,334,434,434,449,464,241,201,231,231,6,36,36,66,81,81,96,21,21,21,21],"floor_reached":33,"language":"KOR","playtime":2588,"items_purged":[],"score":307,"play_id":"89e7fb40-2ed7-428f-8413-63ea8efa34ab","local_time":"20210206222204","daily_mods":["Draft","Diverse","DeadlyEvents"],"is_ascension_mode":false,"campfire_choices":[{"data":"Armaments","floor":6,"key":"SMITH"},{"data":"Shrug It Off","floor":8,"key":"SMITH"},{"data":"Conserve Battery","floor":15,"key":"SMITH"},{"floor":23,"key":"REST"},{"floor":32,"key":"REST"}],"circlet_count":0,"master_deck":["Lockon","Armaments+1","Escape Plan","Cloak And Dagger","Force Field","Gash","Clash","Cloak And Dagger","TalkToTheHand","Pommel Strike","Deadly Poison+1","Intimidate","Deadly Poison","Stack","Flex","Bane","Go for the Eyes","Dagger Throw","Shrug It Off+1","Ball Lightning","Evaluate","Acrobatics","Conserve Battery+1","Disarm","Juggernaut+1","ClearTheMind+1","Dark Embrace+1","InnerPeace","Underhanded Strike","CutThroughFate+1","Sunder","Backflip","Crippling Poison"],"relics":["Ring of the Snake","Ancient Tea Set","Frozen Egg 2","Busted Crown","Snake Skull","Dream Catcher","Potion Belt","Mercury Hourglass","Centennial Puzzle","Vajra","Pen Nib"],"acts_visited":["Exordium","TheCity"],"potions_floor_usage":[11,22,22,22,25,28,28],"damage_taken":[{"damage":0,"enemies":"Small Slimes","floor":1,"turns":3},{"damage":0,"enemies":"2 Louse","floor":2,"turns":2},{"damage":0,"enemies":"Cultist","floor":5,"turns":2},{"damage":3,"enemies":"Red Slaver","floor":7,"turns":2},{"damage":0,"enemies":"Looter","floor":10,"turns":2},{"damage":0,"enemies":"3 Louse","floor":11,"turns":1},{"damage":5,"enemies":"Gremlin Nob","floor":12,"turns":3},{"damage":3,"enemies":"Exordium Wildlife","floor":13,"turns":4},{"damage":8,"enemies":"The Guardian","floor":16,"turns":9},{"damage":4,"enemies":"Spheric Guardian","floor":18,"turns":4},{"damage":0,"enemies":"Chosen","floor":19,"turns":4},{"damage":10,"enemies":"Book of Stabbing","floor":22,"turns":5},{"damage":24,"enemies":"Slavers","floor":25,"turns":5},{"damage":20,"enemies":"Gremlin Leader","floor":27,"turns":5},{"damage":18,"enemies":"Shelled Parasite and Fungi","floor":28,"turns":4},{"damage":0,"enemies":"Chosen and Byrds","floor":30,"turns":3},{"damage":45,"enemies":"Automaton","floor":33,"turns":8}],"seed_played":"5285009320175426936","potions_obtained":[{"floor":2,"key":"Explosive Potion"},{"floor":5,"key":"CunningPotion"},{"floor":10,"key":"ColorlessPotion"},{"floor":13,"key":"LiquidBronze"},{"floor":22,"key":"ColorlessPotion"},{"floor":25,"key":"Swift Potion"}],"is_trial":false,"path_per_floor":["M","M","$","?","M","R","M","R","T","M","M","E","M","?","R","B",null,"M","M","$","?","E","R","$","E","T","E","M","T","M","$","R","B"],"character_chosen":"THE_SILENT","items_purchased":["Dagger Throw","Snake Skull","Dark Embrace+1","Potion Belt","Regen Potion","Crippling Poison"],"campfire_rested":2,"item_purchase_floors":[3,20,20,24,24,31],"current_hp_per_floor":[70,70,70,59,59,59,56,56,56,56,56,51,48,70,70,62,70,66,66,66,66,56,70,70,46,46,26,20,20,20,20,41,0,0],"gold":21,"neow_bonus":"","is_daily":true,"chose_seed":false,"campfire_upgraded":3,"win_rate":0.0,"timestamp":1612617724,"path_taken":["M","M","$","?","M","R","M","R","T","M","M","E","M","?","R","BOSS","M","M","$","?","?","R","$","?","T","E","?","?","M","$","R","BOSS"],"items_purchased_type":["Card","Relic","Card","Relic","Potion","Card"],"build_version":"2020-12-22","purchased_purges":0,"victory":false,"max_hp_per_floor":[70,70,70,70,70,70,70,70,70,70,70,70,70,70,70,70,70,70,70,70,70,70,70,70,70,70,70,70,70,70,70,70,70,70],"card_choices":[{"not_picked":["Havoc","Rupture"],"picked":"Lockon","floor":0},{"not_picked":["Clothesline","Iron Wave"],"picked":"Armaments","floor":0},{"not_picked":["PathToVictory","Hello World"],"picked":"Escape Plan","floor":0},{"not_picked":["Body Slam","Perseverance"],"picked":"Cloak And Dagger","floor":0},{"not_picked":["Clothesline","Prepared"],"picked":"Force Field","floor":0},{"not_picked":["Auto Shields","Headbutt"],"picked":"Gash","floor":0},{"not_picked":["Skewer","Blizzard"],"picked":"Clash","floor":0},{"not_picked":["Warcry","FollowUp"],"picked":"Cloak And Dagger","floor":0},{"not_picked":["Beam Cell","Cold Snap"],"picked":"TalkToTheHand","floor":0},{"not_picked":["Compile Driver","Entrench"],"picked":"Pommel Strike","floor":0},{"not_picked":["Sweeping Beam","Clash"],"picked":"Deadly Poison","floor":0},{"not_picked":["Quick Slash","Rip and Tear"],"picked":"Intimidate","floor":0},{"not_picked":["Rupture","EmptyBody"],"picked":"Deadly Poison","floor":0},{"not_picked":["EmptyFist","WreathOfFlame"],"picked":"Stack","floor":0},{"not_picked":["Wild Strike","Underhanded Strike"],"picked":"Flex","floor":0},{"not_picked":["Perfected Strike","SashWhip"],"picked":"Bane","floor":1},{"not_picked":["Headbutt","Havoc"],"picked":"Go for the Eyes","floor":2},{"not_picked":["Adaptation","Clash"],"picked":"Shrug It Off","floor":5},{"not_picked":["Crescendo","SashWhip"],"picked":"Ball Lightning","floor":7},{"not_picked":["Conserve Battery","Omniscience"],"picked":"Evaluate","floor":10},{"not_picked":["ThirdEye","Go for the Eyes"],"picked":"Acrobatics","floor":11},{"not_picked":["Heavy Blade","Omniscience"],"picked":"Conserve Battery","floor":12},{"not_picked":["Evaluate","Pray"],"picked":"Disarm","floor":13},{"not_picked":["Creative AI+1","Alpha"],"picked":"Juggernaut+1","floor":16},{"not_picked":[],"picked":"ClearTheMind+1","floor":18},{"not_picked":["Cloak And Dagger"],"picked":"SKIP","floor":19},{"not_picked":[],"picked":"InnerPeace","floor":22},{"not_picked":[],"picked":"Underhanded Strike","floor":23},{"not_picked":[],"picked":"CutThroughFate+1","floor":25},{"not_picked":[],"picked":"Sunder","floor":27},{"not_picked":["WreathOfFlame"],"picked":"SKIP","floor":28},{"not_picked":[],"picked":"Backflip","floor":30}],"player_experience":282135,"relics_obtained":[{"floor":9,"key":"Ancient Tea Set"},{"floor":12,"key":"Frozen Egg 2"},{"floor":22,"key":"Dream Catcher"},{"floor":25,"key":"Mercury Hourglass"},{"floor":26,"key":"Centennial Puzzle"},{"floor":27,"key":"Vajra"},{"floor":29,"key":"Pen Nib"}],"event_choices":[{"damage_healed":0,"gold_gain":75,"player_choice":"Gather Gold","damage_taken":11,"max_hp_gain":0,"max_hp_loss":0,"event_name":"World of Goop","floor":4,"gold_loss":0},{"damage_healed":23,"gold_gain":0,"player_choice":"Banana","damage_taken":0,"max_hp_gain":0,"max_hp_loss":0,"event_name":"Big Fish","floor":14,"gold_loss":0},{"damage_healed":0,"gold_gain":0,"player_choice":"Upgrade","damage_taken":0,"max_hp_gain":0,"max_hp_loss":0,"event_name":"Designer","floor":21,"gold_loss":40,"cards_upgraded":["Deadly Poison"]}],"is_beta":false,"boss_relics":[{"not_picked":["Astrolabe","Sozu"],"picked":"Busted Crown"}],"items_purged_floors":[],"is_endless":false,"potions_floor_spawned":[2,5,10,13,22,25],"killed_by":"Automaton","ascension_level":0}}