{"host":"rolltorest","time":1612647694,"event":{"mods":["BaseMod","Minty Spire (QoL Compilation)","Relic Stats","Slay the Relics Exporter","StSLib"],"gold_per_floor":[109,109,109,34,53,84,84,134,214,227,242,242,276,292,292,368,368,386,403,318,318,318,318,318],"floor_reached":23,"language":"ENG","playtime":532,"items_purged":[],"score":548,"play_id":"ae5b52e2-bda2-4a87-8385-340ab4bbd3bc","local_time":"20210206134134","is_ascension_mode":true,"campfire_choices":[{"data":"Eruption","floor":7,"key":"SMITH"},{"data":"PathToVictory","floor":12,"key":"SMITH"},{"data":"Conclude","floor":15,"key":"SMITH"}],"circlet_count":0,"master_deck":["AscendersBane","Defend_P","Defend_P","Defend_P","Defend_P","Eruption+1","Vigilance","Conclude+1","PathToVictory+1","Adaptation","BowlingBash","Wallop","Consecrate","FlurryOfBlows","Wallop","ThirdEye","Omniscience+1","Indignation+1","FlyingSleeves+1","MentalFortress+1","FlurryOfBlows","Weave+1"],"relics":["PureWater","NeowsBlessing","Yang","Bottled Lightning","Dead Branch","Astrolabe","Gremlin Horn"],"acts_visited":["Exordium","TheCity"],"potions_floor_usage":[19,19],"damage_taken":[{"damage":0,"enemies":"2 Louse","floor":1,"turns":1},{"damage":0,"enemies":"Small Slimes","floor":5,"turns":1},{"damage":0,"enemies":"Gremlin Nob","floor":6,"turns":1},{"damage":2,"enemies":"Cultist","floor":10,"turns":3},{"damage":0,"enemies":"3 Louse","floor":11,"turns":2},{"damage":26,"enemies":"3 Sentries","floor":13,"turns":9},{"damage":0,"enemies":"Lots of Slimes","floor":14,"turns":2},{"damage":0,"enemies":"Slime Boss","floor":16,"turns":6},{"damage":15,"enemies":"2 Thieves","floor":18,"turns":3},{"damage":16,"enemies":"Shell Parasite","floor":19,"turns":3},{"damage":20,"enemies":"Book of Stabbing","floor":23,"turns":2}],"seed_played":"4895183457395679389","potions_obtained":[{"floor":1,"key":"GamblersBrew"},{"floor":13,"key":"Regen Potion"}],"is_trial":false,"path_per_floor":["M","?","?","$","M","E","R","?","T","M","M","R","E","M","R","B",null,"M","M","?","?","?","E"],"character_chosen":"WATCHER","items_purchased":["Adaptation"],"campfire_rested":0,"item_purchase_floors":[4],"current_hp_per_floor":[61,66,66,66,66,66,66,66,66,64,64,64,38,38,38,38,64,49,42,42,42,42,22,22],"gold":318,"neow_bonus":"THREE_ENEMY_KILL","is_daily":false,"chose_seed":false,"campfire_upgraded":3,"win_rate":0.0,"timestamp":1612647694,"path_taken":["M","?","?","$","?","E","R","?","T","M","?","R","E","M","R","BOSS","M","M","?","?","?","E"],"items_purchased_type":["Card"],"build_version":"2020-12-18","purchased_purges":0,"victory":false,"max_hp_per_floor":[68,73,73,73,73,73,73,73,73,73,73,73,73,73,73,73,73,73,73,73,73,73,73,73],"relic_stats":{"Gremlin Horn":[0,0],"counters":[11,33],"Dead Branch":[9],"Astrolabe":["Indignation","FlyingSleeves","MentalFortress"],"Yang":[63],"obtain_stats":[{"NeowsBlessing":0,"Gremlin Horn":20,"Dead Branch":13,"Astrolabe":17,"Yang":6,"Bottled Lightning":9,"PureWater":0},{"NeowsBlessing":0,"Gremlin Horn":10,"Dead Branch":6,"Astrolabe":8,"Yang":3,"Bottled Lightning":3,"PureWater":0},{"NeowsBlessing":0,"Gremlin Horn":31,"Dead Branch":17,"Astrolabe":25,"Yang":3,"Bottled Lightning":3,"PureWater":0}]},"card_choices":[{"not_picked":["FlurryOfBlows","FollowUp"],"picked":"Conclude","floor":1},{"not_picked":["EmptyBody","Halt"],"picked":"BowlingBash","floor":5},{"not_picked":["CarveReality","ThirdEye"],"picked":"Wallop","floor":6},{"not_picked":["Protect","EmptyBody"],"picked":"Consecrate","floor":10},{"not_picked":["PathToVictory","Prostrate"],"picked":"FlurryOfBlows","floor":11},{"not_picked":["FlyingSleeves","Devotion"],"picked":"Wallop","floor":13},{"not_picked":["Vengeance","Worship"],"picked":"ThirdEye","floor":14},{"not_picked":["Blasphemy","Wish"],"picked":"Omniscience","floor":16},{"not_picked":["Halt","SashWhip"],"picked":"FlurryOfBlows","floor":18},{"not_picked":["LikeWater","JustLucky"],"picked":"Weave+1","floor":19}],"player_experience":1892223,"relics_obtained":[{"floor":6,"key":"Yang"},{"floor":9,"key":"Bottled Lightning"},{"floor":13,"key":"Dead Branch"}],"event_choices":[{"damage_healed":0,"gold_gain":0,"player_choice":"Donut","damage_taken":0,"max_hp_gain":5,"max_hp_loss":0,"event_name":"Big Fish","floor":2,"gold_loss":0},{"damage_healed":0,"gold_gain":0,"cards_transformed":["Strike_P"],"player_choice":"Transformed","damage_taken":0,"max_hp_gain":0,"max_hp_loss":0,"event_name":"Transmorgrifier","floor":3,"gold_loss":0,"cards_obtained":["PathToVictory"]},{"damage_healed":0,"gold_gain":50,"player_choice":"Pray","damage_taken":0,"max_hp_gain":0,"max_hp_loss":0,"event_name":"Golden Shrine","floor":8,"gold_loss":0},{"damage_healed":0,"gold_gain":0,"player_choice":"Obtained Relic","damage_taken":0,"relics_obtained":["Gremlin Horn"],"max_hp_gain":0,"max_hp_loss":0,"event_name":"Addict","floor":20,"gold_loss":85},{"damage_healed":0,"gold_gain":0,"player_choice":"Ignored","damage_taken":0,"max_hp_gain":0,"max_hp_loss":0,"event_name":"The Mausoleum","floor":21,"gold_loss":0},{"damage_healed":0,"gold_gain":0,"player_choice":"Upgraded","damage_taken":0,"max_hp_gain":0,"max_hp_loss":0,"event_name":"Upgrade Shrine","floor":22,"gold_loss":0,"cards_upgraded":["Omniscience"]}],"is_beta":true,"boss_relics":[{"not_picked":["SacredBark","Ectoplasm"],"picked":"Astrolabe"}],"items_purged_floors":[],"is_endless":false,"potions_floor_spawned":[1,13,16,18],"killed_by":"Book of Stabbing","ascension_level":20}}