{"host":"uv5ws9rdk87e8i5k","time":1612571259,"event":{"mods":["AchievementEnabler","BaseMod","Colored Map","Minty Spire (QoL Compilation)","Permanent Neow","Quick Restart","StSLib","SuperFastMode","The Necromancer"],"gold_per_floor":[109,119,133,144,156,156,484,454,480,513,21,32,65,80,80,180,180,196,207,207,223,223,255,255,273,273,308,335,354,368,394,394,497,497,509,521,743,169,183,211,211,211,211,211,36,69,69,96,96,96],"floor_reached":51,"language":"ENG","playtime":1328,"items_purged":["Strike_R","Strike_R"],"score":1086,"play_id":"04d9628b-a871-4833-beac-252d69934e49","local_time":"20210205182739","is_ascension_mode":true,"campfire_choices":[{"data":"Pommel Strike","floor":6.0,"key":"SMITH"},{"data":"Inflame","floor":15.0,"key":"SMITH"},{"data":"Havoc","floor":24.0,"key":"SMITH"},{"data":"Offering","floor":32.0,"key":"SMITH"},{"floor":47,"key":"REST"},{"floor":49,"key":"REST"}],"circlet_count":0,"master_deck":["Strike_R","Strike_R","Strike_R","Defend_R","Defend_R","Defend_R","Defend_R","Bash","Pommel Strike+1","Clash","Headbutt","Iron Wave","Feed","Inflame+1","Havoc+1","Rage","Double Tap","Clash","Offering+1","Heavy Blade+1","Spot Weakness+1","Heavy Blade+1","Cleave+1","Heavy Blade+1"],"relics":["Black Star","Old Coin","MealTicket","Toy Ornithopter","Pen Nib","Singing Bowl","Mummified Hand","Meat on the Bone","Omamori","Cursed Key","Enchiridion","Molten Egg 2","Bottled Flame","Juzu Bracelet","Kunai","Bottled Tornado","Red Mask","Gremlin Horn","Art of War","Velvet Choker","Sling","Frozen Egg 2","Blood Vial","Lantern","Letter Opener","Pear","Bag of Marbles","Anchor","Sundial"],"acts_visited":["Exordium","TheCity","TheBeyond"],"potions_floor_usage":[39,40,50],"damage_taken":[{"damage":12.0,"enemies":"Small Slimes","floor":1.0,"turns":4.0},{"damage":1.0,"enemies":"Cultist","floor":2.0,"turns":4.0},{"damage":7.0,"enemies":"Jaw Worm","floor":3.0,"turns":2.0},{"damage":14.0,"enemies":"Large Slime","floor":4.0,"turns":6.0},{"damage":15.0,"enemies":"Exordium Thugs","floor":5.0,"turns":3.0},{"damage":7.0,"enemies":"Gremlin Nob","floor":7.0,"turns":3.0},{"damage":15.0,"enemies":"Lagavulin","floor":10.0,"turns":3.0},{"damage":10.0,"enemies":"Exordium Wildlife","floor":12.0,"turns":3.0},{"damage":10.0,"enemies":"3 Sentries","floor":13.0,"turns":5.0},{"damage":0.0,"enemies":"Looter","floor":14.0,"turns":2.0},{"damage":10.0,"enemies":"Hexaghost","floor":16.0,"turns":8.0},{"damage":13.0,"enemies":"2 Thieves","floor":18.0,"turns":3.0},{"damage":1.0,"enemies":"Spheric Guardian","floor":19.0,"turns":3.0},{"damage":13.0,"enemies":"Snecko","floor":21.0,"turns":3.0},{"damage":24.0,"enemies":"Gremlin Leader","floor":23.0,"turns":3.0},{"damage":38.0,"enemies":"Centurion and Healer","floor":25.0,"turns":4.0},{"damage":2.0,"enemies":"Slavers","floor":27.0,"turns":3.0},{"damage":7.0,"enemies":"Masked Bandits","floor":28.0,"turns":2.0},{"damage":12.0,"enemies":"Snake Plant","floor":29.0,"turns":2.0},{"damage":2.0,"enemies":"Cultist and Chosen","floor":30.0,"turns":3.0},{"damage":21.0,"enemies":"Book of Stabbing","floor":31.0,"turns":3.0},{"damage":31.0,"enemies":"Collector","floor":33.0,"turns":4.0},{"damage":50.0,"enemies":"3 Shapes","floor":35.0,"turns":5.0},{"damage":17.0,"enemies":"Orb Walker","floor":36.0,"turns":3.0},{"damage":12,"enemies":"Maw","floor":39,"turns":6},{"damage":46,"enemies":"Reptomancer","floor":40,"turns":4},{"damage":33,"enemies":"Nemesis","floor":46,"turns":3},{"damage":42,"enemies":"Reptomancer","floor":48,"turns":3},{"damage":112,"enemies":"Time Eater","floor":50,"turns":7}],"seed_played":"-2563180181615442083","potions_obtained":[{"floor":1.0,"key":"LiquidMemories"},{"floor":5.0,"key":"Strength Potion"},{"floor":8.0,"key":"AttackPotion"},{"floor":8.0,"key":"FairyPotion"},{"floor":10.0,"key":"AttackPotion"},{"floor":14.0,"key":"EssenceOfSteel"},{"floor":16.0,"key":"SkillPotion"},{"floor":23.0,"key":"SneckoOil"},{"floor":25.0,"key":"CultistPotion"},{"floor":29.0,"key":"Ancient Potion"},{"floor":31.0,"key":"LiquidBronze"},{"floor":35.0,"key":"LiquidBronze"}],"is_trial":false,"path_per_floor":["M","M","M","M","M","R","E","?","T","E","$","M","E","M","R","B",null,"M","M","?","M","?","E","R","M","T","E","?","M","M","E","R","B",null,"M","M","?","$","M","E","?","?","T","?","$","E","R","E","R","B",null],"character_chosen":"IRONCLAD","items_purchased":["Mummified Hand","Feed","Sling","Frozen Egg 2","LiquidMemories","DuplicationPotion","Heavy Blade+1","Cleave+1"],"campfire_rested":2,"item_purchase_floors":[11,11,38,38,38,45,45,45],"current_hp_per_floor":[68,67,60,46,31,31,24,24,24,16,31,34,24,36,36,43,85,74,73,73,65,49,44,44,23,23,40,50,55,61,57,57,45,121,74,71,71,86,81,52,52,52,52,52,67,60,100,72,112,19],"gold":96,"neow_bonus":"BOSS_RELIC","is_daily":false,"chose_seed":false,"campfire_upgraded":4,"win_rate":0.0,"timestamp":1612571259,"path_taken":["M","M","M","M","M","R","E","?","T","E","$","M","E","?","R","BOSS","M","M","?","M","?","E","R","M","T","E","?","M","M","E","R","BOSS","M","M","?","$","M","E","?","?","T","?","$","E","R","E","R","BOSS"],"items_purchased_type":["Relic","Card","Relic","Relic","Potion","Potion","Card","Card"],"build_version":"2020-12-22","purchased_purges":2,"victory":true,"max_hp_per_floor":[80,80,80,80,80,80,80,80,80,82,82,85,85,85,85,85,85,87,87,87,92,92,94,94,99,99,101,106,111,114,119,119,121,121,124,126,126,126,128,128,122,122,122,122,122,134,134,134,134,134],"card_choices":[{"not_picked":["Shockwave","Rupture"],"picked":"Pommel Strike","floor":1.0},{"not_picked":["Body Slam","True Grit"],"picked":"Clash","floor":2.0},{"not_picked":["Shockwave","Searing Blow","Sword Boomerang"],"picked":"SKIP","floor":3.0},{"not_picked":["Cleave","Shrug It Off"],"picked":"Clash","floor":4.0},{"not_picked":["Combust","Wild Strike"],"picked":"Headbutt","floor":5.0},{"not_picked":["Clothesline","Rampage"],"picked":"Iron Wave","floor":7.0},{"not_picked":["Flex","Combust","True Grit"],"picked":"Singing Bowl","floor":10.0},{"not_picked":["Impervious","Clash"],"picked":"Inflame","floor":12.0},{"not_picked":["Sever Soul","Pommel Strike"],"picked":"Havoc","floor":13.0},{"not_picked":["Sword Boomerang","Clash"],"picked":"Rage","floor":14.0},{"not_picked":["Brutality","Exhume"],"picked":"Double Tap","floor":16.0},{"not_picked":["Perfected Strike","Warcry+1","Dark Embrace"],"picked":"Singing Bowl","floor":18.0},{"not_picked":["Wild Strike","Headbutt"],"picked":"Clash","floor":19.0},{"not_picked":["Pummel","Heavy Blade","Intimidate"],"picked":"Singing Bowl","floor":21.0},{"not_picked":["Infernal Blade","Sword Boomerang+1","Pommel Strike+1"],"picked":"Singing Bowl","floor":23.0},{"not_picked":["Warcry","Intimidate","Body Slam+1"],"picked":"Singing Bowl","floor":25.0},{"not_picked":["Wild Strike+1","True Grit","Sword Boomerang+1"],"picked":"Singing Bowl","floor":27.0},{"not_picked":["Havoc","Infernal Blade","Clothesline+1"],"picked":"Singing Bowl","floor":28.0},{"not_picked":["Shockwave","Sentinel+1","Rampage+1"],"picked":"Singing Bowl","floor":29.0},{"not_picked":["Evolve","Sever Soul+1"],"picked":"Offering","floor":30.0},{"not_picked":["True Grit","Intimidate+1","Sentinel"],"picked":"Singing Bowl","floor":31.0},{"not_picked":["Barricade","Brutality","Berserk"],"picked":"Singing Bowl","floor":33.0},{"not_picked":["Power Through+1","Headbutt+1"],"picked":"Heavy Blade+1","floor":35.0},{"not_picked":["Reckless Charge+1","Shrug It Off","Battle Trance"],"picked":"Singing Bowl","floor":36.0},{"not_picked":["Rage","Sword Boomerang+1","Pommel Strike+1"],"picked":"Singing Bowl","floor":39},{"not_picked":["Berserk+1","True Grit+1"],"picked":"Spot Weakness+1","floor":40},{"not_picked":["Wild Strike+1","Havoc","Disarm+1"],"picked":"Singing Bowl","floor":46},{"not_picked":["Impervious","Havoc+1"],"picked":"Heavy Blade+1","floor":48}],"player_experience":238103,"relics_obtained":[{"floor":7.0,"key":"Old Coin"},{"floor":7.0,"key":"MealTicket"},{"floor":9.0,"key":"Toy Ornithopter"},{"floor":10.0,"key":"Pen Nib"},{"floor":10.0,"key":"Singing Bowl"},{"floor":13.0,"key":"Meat on the Bone"},{"floor":13.0,"key":"Omamori"},{"floor":22.0,"key":"Enchiridion"},{"floor":23.0,"key":"Molten Egg 2"},{"floor":23.0,"key":"Bottled Flame"},{"floor":26.0,"key":"Juzu Bracelet"},{"floor":27.0,"key":"Kunai"},{"floor":27.0,"key":"Bottled Tornado"},{"floor":28.0,"key":"Red Mask"},{"floor":31.0,"key":"Gremlin Horn"},{"floor":31.0,"key":"Art of War"},{"floor":40,"key":"Blood Vial"},{"floor":40,"key":"Lantern"},{"floor":43,"key":"Letter Opener"},{"floor":46,"key":"Pear"},{"floor":46,"key":"Bag of Marbles"},{"floor":48,"key":"Anchor"},{"floor":48,"key":"Sundial"}],"event_choices":[{"damage_healed":0.0,"max_hp_gain":0.0,"max_hp_loss":0.0,"gold_gain":0.0,"event_name":"The Woman in Blue","player_choice":"Bought 2 Potions","floor":8.0,"gold_loss":0.0,"damage_taken":0.0},{"damage_healed":0.0,"max_hp_gain":0.0,"max_hp_loss":0.0,"gold_gain":0.0,"event_name":"Ghosts","player_choice":"Ignored","floor":20.0,"gold_loss":0.0,"damage_taken":0.0},{"damage_healed":0.0,"max_hp_gain":0.0,"max_hp_loss":0.0,"gold_gain":0.0,"event_name":"Cursed Tome","player_choice":"Obtained Book","floor":22.0,"gold_loss":0.0,"damage_taken":16.0},{"damage_healed":0.0,"max_hp_gain":0.0,"max_hp_loss":0.0,"gold_gain":0.0,"event_name":"Masked Bandits","player_choice":"Fought Bandits","floor":28.0,"gold_loss":0.0,"damage_taken":0.0},{"damage_healed":0,"gold_gain":222,"player_choice":"Wore Mask","damage_taken":0,"max_hp_gain":0,"max_hp_loss":0,"event_name":"Tomb of Lord Red Mask","floor":37,"gold_loss":0},{"damage_healed":0,"gold_gain":0,"player_choice":"Max HP","damage_taken":0,"max_hp_gain":0,"max_hp_loss":6,"event_name":"Winding Halls","floor":41,"gold_loss":0},{"damage_healed":0,"gold_gain":0,"player_choice":"Ignored","damage_taken":0,"max_hp_gain":0,"max_hp_loss":0,"event_name":"The Moai Head","floor":42,"gold_loss":0},{"cards_removed":["Clash"],"damage_healed":0,"gold_gain":0,"player_choice":"Removed Attack","damage_taken":0,"max_hp_gain":0,"max_hp_loss":0,"event_name":"Falling","floor":44,"gold_loss":0}],"is_beta":false,"boss_relics":[{"not_picked":["Empty Cage","Philosopher\u0027s Stone"],"picked":"Cursed Key"},{"not_picked":["Pandora\u0027s Box","Runic Dome"],"picked":"Velvet Choker"}],"items_purged_floors":[11,38],"is_endless":false,"potions_floor_spawned":[1,5,10,14,16,23,25,29,31,35],"ascension_level":3}}