{"host":"p1xsuo25udtrkbq2","time":1612600655,"event":{"mods":["BaseMod","Colored Map","Googly Eyes","Highlight Path","Minty Spire (QoL Compilation)","Quick Restart","Rare Cards Sparkle","Relic Stats","Slay the Relics Exporter","StSLib","everything is the same but u backflip on backflip"],"gold_per_floor":[113,388,398,8,83,117,117,169,239,255,13,75,75,102,102,229,229,229,199,199,199,199,199,199,199,199,199,199,199,199,199,199,199,199,199,199,199,164,164,164,164,164,164,164,164,164,164,164,164,164,164,164,37,37,37,37],"floor_reached":55,"language":"ENG","playtime":6872,"items_purged":["Regret"],"score":1050,"play_id":"7a1af02d-4781-4f63-8cc6-f58430991a70","local_time":"20210206033735","is_ascension_mode":true,"campfire_choices":[{"data":"HandOfGreed","floor":7.0,"key":"SMITH"},{"floor":15.0,"key":"REST"},{"floor":25.0,"key":"REST"},{"data":"Apotheosis","floor":32.0,"key":"SMITH"},{"floor":42.0,"key":"RECALL"},{"data":"Creative AI","floor":49.0,"key":"SMITH"},{"data":"RitualDagger","floor":52.0,"key":"SMITH"}],"circlet_count":0,"master_deck":["Strike_B+1","Defend_B","Defend_B+1","Zap+1","Dualcast","Ball Lightning","Biased Cognition","HandOfGreed+1","Rip and Tear","Cold Snap","FTL","Apotheosis+1","Reinforced Body","Electrodynamics","Compile Driver","Chill","RitualDagger+1","Self Repair","Stack+1","Steam","Aggregate","Creative AI+1","Fission+1","Core Surge+1","Skim+1","Auto Shields+1","Consume+1","Coolheaded+1","Coolheaded+1","Gash+1","Capacitor","Gash+1"],"relics":["Cracked Core","NeowsBlessing","Art of War","Whetstone","War Paint","Blue Candle","Bottled Lightning","Ectoplasm","Eternal Feather","Mercury Hourglass","Blood Vial","Bag of Preparation","Toxic Egg 2","Strawberry","Astrolabe","MealTicket","Kunai","Cables"],"acts_visited":["Exordium","TheCity","TheBeyond","TheEnding"],"potions_floor_usage":[55],"damage_taken":[{"damage":0.0,"enemies":"Jaw Worm","floor":1.0,"turns":1.0},{"damage":0.0,"enemies":"Cultist","floor":3.0,"turns":1.0},{"damage":0.0,"enemies":"Gremlin Nob","floor":6.0,"turns":1.0},{"damage":15.0,"enemies":"3 Sentries","floor":8.0,"turns":4.0},{"damage":0.0,"enemies":"2 Louse","floor":10.0,"turns":1.0},{"damage":10.0,"enemies":"Gremlin Gang","floor":12.0,"turns":6.0},{"damage":12.0,"enemies":"Lagavulin","floor":14.0,"turns":4.0},{"damage":4.0,"enemies":"Slime Boss","floor":16.0,"turns":6.0},{"damage":4.0,"enemies":"3 Byrds","floor":18.0,"turns":4.0},{"damage":12.0,"enemies":"2 Thieves","floor":19.0,"turns":2.0},{"damage":28.0,"enemies":"Book of Stabbing","floor":23.0,"turns":5.0},{"damage":20.0,"enemies":"Snecko","floor":24.0,"turns":4.0},{"damage":0.0,"enemies":"Centurion and Healer","floor":27.0,"turns":4.0},{"damage":1.0,"enemies":"Slavers","floor":28.0,"turns":4.0},{"damage":0.0,"enemies":"Cultist and Chosen","floor":29.0,"turns":4.0},{"damage":12.0,"enemies":"Gremlin Leader","floor":31.0,"turns":6.0},{"damage":48.0,"enemies":"Automaton","floor":33.0,"turns":7.0},{"damage":0.0,"enemies":"3 Shapes","floor":35.0,"turns":3.0},{"damage":0.0,"enemies":"3 Darklings","floor":36.0,"turns":4.0},{"damage":9.0,"enemies":"Writhing Mass","floor":39.0,"turns":7.0},{"damage":8.0,"enemies":"Giant Head","floor":40.0,"turns":7.0},{"damage":16.0,"enemies":"Maw","floor":41.0,"turns":7.0},{"damage":43.0,"enemies":"Nemesis","floor":45.0,"turns":7.0},{"damage":0.0,"enemies":"3 Darklings","floor":48.0,"turns":3.0},{"damage":32.0,"enemies":"Donu and Deca","floor":50.0,"turns":7.0},{"damage":28.0,"enemies":"Shield and Spear","floor":54.0,"turns":8.0},{"damage":101,"enemies":"The Heart","floor":55,"turns":5}],"seed_played":"1071589741429241701","potions_obtained":[{"floor":3.0,"key":"Explosive Potion"},{"floor":8.0,"key":"BlessingOfTheForge"},{"floor":12.0,"key":"Energy Potion"},{"floor":23.0,"key":"LiquidBronze"},{"floor":27.0,"key":"Swift Potion"},{"floor":28.0,"key":"Regen Potion"},{"floor":33.0,"key":"EssenceOfSteel"},{"floor":35.0,"key":"PotionOfCapacity"},{"floor":40.0,"key":"Fruit Juice"},{"floor":41.0,"key":"Fire Potion"},{"floor":48.0,"key":"SkillPotion"}],"is_trial":false,"path_per_floor":["M","?","M","$","?","E","R","E","T","M","$","M","?","E","R","B",null,"M","M","T","?","$","E","M","R","T","M","E","M","T","E","R","B",null,"M","M","?","$","M","E","M","R","T","?","E","$","?","M","R","B",null,"R","$","E","B"],"character_chosen":"DEFECT","items_purchased":["HandOfGreed","Art of War","Apotheosis","Regen Potion","Consume+1","Capacitor","Block Potion"],"campfire_rested":2,"item_purchase_floors":[4,4,11,11,38,53,53],"current_hp_per_floor":[68,68,68,68,57,57,57,42,42,42,42,32,32,20,42,38,66,62,50,50,44,44,16,18,52,52,64,75,75,75,80,82,44,73,82,82,82,82,82,82,76,82,82,78,59,74,74,78,78,56,73,78,78,60,0,0],"gold":37,"neow_bonus":"THREE_ENEMY_KILL","is_daily":false,"chose_seed":false,"campfire_upgraded":4,"win_rate":0.0,"timestamp":1612600655,"path_taken":["M","?","?","$","?","E","R","E","T","M","?","M","?","E","R","BOSS","M","?","?","?","$","E","M","R","T","M","E","M","?","E","R","BOSS","M","M","?","$","M","E","M","R","T","?","E","?","?","M","R","BOSS","R","$","E","BOSS"],"items_purchased_type":["Card","Relic","Card","Potion","Card","Card","Potion"],"build_version":"2020-12-22","purchased_purges":1,"victory":false,"max_hp_per_floor":[75,75,75,75,75,75,75,75,75,75,75,75,75,75,75,75,75,75,75,75,75,75,75,75,75,75,75,75,75,75,82,82,82,82,82,82,82,82,82,82,82,82,82,78,78,78,78,78,78,78,78,78,78,78,83,83],"relic_stats":{"counters":[27,121],"Blue Candle":[0],"Astrolabe":["Fission","Core Surge","Skim"],"Eternal Feather":25,"Bag of Preparation":[26],"Whetstone":["Strike_B","Strike_B"],"War Paint":["Defend_B","Zap"],"Mercury Hourglass":[337],"Cables":[3,2,1,0,0],"Blood Vial":10,"MealTicket":15,"Ectoplasm":567,"Art of War":[18],"Kunai":[7],"obtain_stats":[{"NeowsBlessing":0,"Blue Candle":9,"Astrolabe":34,"Eternal Feather":20,"Bag of Preparation":28,"Whetstone":6,"War Paint":8,"Mercury Hourglass":23,"Cables":54,"Blood Vial":26,"Strawberry":31,"MealTicket":40,"Ectoplasm":17,"Art of War":4,"Bottled Lightning":14,"Kunai":45,"Toxic Egg 2":30,"Cracked Core":0},{"NeowsBlessing":0,"Blue Candle":4,"Astrolabe":17,"Eternal Feather":10,"Bag of Preparation":14,"Whetstone":3,"War Paint":4,"Mercury Hourglass":11,"Cables":26,"Blood Vial":12,"Strawberry":16,"MealTicket":21,"Ectoplasm":8,"Art of War":2,"Bottled Lightning":7,"Kunai":23,"Toxic Egg 2":15,"Cracked Core":0},{"NeowsBlessing":0,"Blue Candle":7,"Astrolabe":64,"Eternal Feather":30,"Bag of Preparation":47,"Whetstone":3,"War Paint":7,"Mercury Hourglass":35,"Cables":116,"Blood Vial":39,"Strawberry":57,"MealTicket":85,"Ectoplasm":24,"Art of War":2,"Bottled Lightning":18,"Kunai":98,"Toxic Egg 2":51,"Cracked Core":0}]},"card_choices":[{"not_picked":["Coolheaded","Capacitor"],"picked":"Ball Lightning","floor":1.0},{"not_picked":["Streamline","Redo"],"picked":"Biased Cognition","floor":3.0},{"not_picked":["Hello World","Aggregate"],"picked":"Rip and Tear","floor":6.0},{"not_picked":["Leap","Reprogram"],"picked":"Cold Snap","floor":8.0},{"not_picked":["Streamline","Chaos"],"picked":"FTL","floor":10.0},{"not_picked":["Reboot","Defragment"],"picked":"Reinforced Body","floor":12.0},{"not_picked":["Steam","Force Field","Glacier"],"picked":"SKIP","floor":14.0},{"not_picked":["Biased Cognition","Machine Learning"],"picked":"Electrodynamics","floor":16.0},{"not_picked":["Fusion","Reinforced Body"],"picked":"Compile Driver","floor":18.0},{"not_picked":["Sweeping Beam","Heatsinks"],"picked":"Chill","floor":19.0},{"not_picked":["Compile Driver","Lockon"],"picked":"Self Repair","floor":23.0},{"not_picked":["Gash","Reprogram","Beam Cell"],"picked":"SKIP","floor":24.0},{"not_picked":["Cold Snap","Turbo"],"picked":"Stack+1","floor":27.0},{"not_picked":["Barrage","Beam Cell+1"],"picked":"Steam","floor":28.0},{"not_picked":["Double Energy","Lockon"],"picked":"Aggregate","floor":29.0},{"not_picked":["Thunder Strike","Sweeping Beam","Redo+1"],"picked":"SKIP","floor":31.0},{"not_picked":["Thunder Strike","Amplify+1"],"picked":"Creative AI","floor":33.0},{"not_picked":["Rebound","Aggregate+1","Barrage"],"picked":"SKIP","floor":35.0},{"not_picked":["Ball Lightning+1","Streamline+1"],"picked":"Auto Shields+1","floor":36.0},{"not_picked":["Self Repair","Consume+1"],"picked":"Coolheaded+1","floor":39.0},{"not_picked":["Rebound+1","Barrage+1","Static Discharge+1"],"picked":"SKIP","floor":40.0},{"not_picked":["All For One","Beam Cell+1","Sweeping Beam+1"],"picked":"SKIP","floor":41.0},{"not_picked":["Fusion+1","Redo+1"],"picked":"Coolheaded+1","floor":45.0},{"not_picked":["Beam Cell+1","Consume+1"],"picked":"Gash+1","floor":48.0},{"not_picked":["Sunder+1","Skim+1"],"picked":"Gash+1","floor":54.0}],"player_experience":994935,"relics_obtained":[{"floor":6.0,"key":"Whetstone"},{"floor":8.0,"key":"War Paint"},{"floor":9.0,"key":"Blue Candle"},{"floor":14.0,"key":"Bottled Lightning"},{"floor":20.0,"key":"Eternal Feather"},{"floor":23.0,"key":"Mercury Hourglass"},{"floor":26.0,"key":"Blood Vial"},{"floor":28.0,"key":"Bag of Preparation"},{"floor":30.0,"key":"Toxic Egg 2"},{"floor":31.0,"key":"Strawberry"},{"floor":40.0,"key":"MealTicket"},{"floor":45.0,"key":"Kunai"},{"floor":54.0,"key":"Cables"}],"event_choices":[{"damage_healed":0.0,"max_hp_gain":0.0,"max_hp_loss":0.0,"gold_gain":275.0,"event_name":"Golden Shrine","player_choice":"Desecrate","floor":2.0,"gold_loss":0.0,"damage_taken":0.0,"cards_obtained":["Regret"]},{"damage_healed":0.0,"max_hp_gain":0.0,"max_hp_loss":0.0,"gold_gain":75.0,"event_name":"World of Goop","player_choice":"Gather Gold","floor":5.0,"gold_loss":0.0,"damage_taken":11.0},{"cards_removed":["Strike_B"],"damage_healed":0.0,"max_hp_gain":0.0,"max_hp_loss":0.0,"gold_gain":0.0,"event_name":"Purifier","player_choice":"Purged","floor":13.0,"gold_loss":0.0,"damage_taken":0.0},{"damage_healed":0.0,"max_hp_gain":0.0,"max_hp_loss":0.0,"gold_gain":0.0,"event_name":"Nest","player_choice":"Joined the Cult","floor":21.0,"gold_loss":0.0,"damage_taken":6.0,"cards_obtained":["RitualDagger"]},{"damage_healed":0.0,"max_hp_gain":0.0,"max_hp_loss":0.0,"gold_gain":0.0,"event_name":"Tomb of Lord Red Mask","player_choice":"Ignored","floor":37.0,"gold_loss":0.0,"damage_taken":0.0},{"damage_healed":0.0,"max_hp_gain":0.0,"max_hp_loss":4.0,"gold_gain":0.0,"event_name":"Winding Halls","player_choice":"Max HP","floor":44.0,"gold_loss":0.0,"damage_taken":0.0},{"cards_removed":["Defend_B"],"damage_healed":0.0,"max_hp_gain":0.0,"max_hp_loss":0.0,"gold_gain":0.0,"event_name":"Bonfire Elementals","player_choice":"Offered Basic","floor":47.0,"gold_loss":0.0,"damage_taken":0.0}],"is_beta":false,"boss_relics":[{"not_picked":["SacredBark","Busted Crown"],"picked":"Ectoplasm"},{"not_picked":["Coffee Dripper","Nuclear Battery"],"picked":"Astrolabe"}],"items_purged_floors":[4],"is_endless":false,"potions_floor_spawned":[3,8,12,23,27,28,33,35,40,41,48],"killed_by":"The Heart","ascension_level":7}}