{"host":"wvcyfzs99um8is6a","time":1612587541,"event":{"mods":["AchievementEnabler","BaseMod","Colored Map","Colored Powertips","Highlight Path","Minty Spire (QoL Compilation)","Random Character Button","Relic Filter","StSLib","SuperFastMode"],"gold_per_floor":[115,115,128,141,74,107,119,119,172,182,182,73,73,73,73,171,171,183,14,0,14,14,14,39,39,65,93,23,23,41,41,41,41,41],"floor_reached":33,"language":"ENG","playtime":2526,"items_purged":["Strike_P","Defend_P"],"score":331,"play_id":"60dcde9c-ba86-46c0-98b8-bbcef8dbf96d","local_time":"20210205235901","is_ascension_mode":false,"campfire_choices":[{"data":"Worship","floor":8.0,"key":"SMITH"},{"data":"Vigilance","floor":13.0,"key":"SMITH"},{"data":"BattleHymn","floor":15.0,"key":"SMITH"},{"data":"MasterReality","floor":23.0,"key":"SMITH"},{"floor":25.0,"key":"REST"},{"floor":32,"key":"RECALL"}],"circlet_count":0,"master_deck":["Strike_P","Strike_P","Defend_P","Defend_P+1","Defend_P+1","Vigilance+1","EmptyBody","WindmillStrike","Wireheading","Worship+1","Perseverance","BattleHymn+1","MasterReality+1","Prostrate","Nirvana","Weave+1","Evaluate+1","Pray"],"relics":["PureWater","War Paint","HornCleat","Regal Pillow","Empty Cage","Bag of Preparation","PreservedInsect","Bronze Scales"],"acts_visited":[],"potions_floor_usage":[],"damage_taken":[{"damage":0.0,"enemies":"Small Slimes","floor":1.0,"turns":2.0},{"damage":0.0,"enemies":"Cultist","floor":3.0,"turns":5.0},{"damage":0.0,"enemies":"2 Louse","floor":4.0,"turns":3.0},{"damage":12.0,"enemies":"Lagavulin","floor":6.0,"turns":6.0},{"damage":1.0,"enemies":"2 Fungi Beasts","floor":7.0,"turns":5.0},{"damage":7.0,"enemies":"Exordium Wildlife","floor":10.0,"turns":4.0},{"damage":0.0,"enemies":"Slime Boss","floor":16.0,"turns":7.0},{"damage":0.0,"enemies":"Chosen","floor":18.0,"turns":4.0},{"damage":7.0,"enemies":"2 Thieves","floor":20.0,"turns":4.0},{"damage":5.0,"enemies":"Snake Plant","floor":21.0,"turns":6.0},{"damage":30.0,"enemies":"Slavers","floor":24.0,"turns":7.0},{"damage":2.0,"enemies":"Book of Stabbing","floor":27.0,"turns":6.0},{"damage":4,"enemies":"Shelled Parasite and Fungi","floor":30,"turns":5},{"damage":77,"enemies":"Collector","floor":33,"turns":7}],"seed_played":"-9219001888350301266","potions_obtained":[{"floor":7.0,"key":"SteroidPotion"},{"floor":16.0,"key":"BottledMiracle"},{"floor":21.0,"key":"Weak Potion"},{"floor":24.0,"key":"Dexterity Potion"},{"floor":30,"key":"EssenceOfSteel"}],"is_trial":false,"path_per_floor":["M","?","M","M","$","E","M","R","T","M","?","$","R","?","R","B",null,"M","$","M","M","?","R","E","R","T","E","$","?","M","$","R","B"],"character_chosen":"WATCHER","items_purchased":["Worship","BattleHymn","Nirvana","Pray"],"campfire_rested":1,"item_purchase_floors":[5,12,19,28],"current_hp_per_floor":[72,72,72,72,72,60,59,59,59,52,57,57,57,57,57,57,77,77,77,70,65,51,51,21,60,60,58,58,58,54,54,54,0,0],"gold":41,"neow_bonus":"RANDOM_COMMON_RELIC","is_daily":false,"chose_seed":false,"campfire_upgraded":4,"win_rate":0.0,"timestamp":1612587541,"path_taken":["M","?","?","?","?","E","?","R","T","?","?","$","R","?","R","BOSS","M","$","M","M","?","R","E","R","T","E","$","?","M","?","R","BOSS"],"items_purchased_type":["Card","Card","Card","Card"],"build_version":"2020-12-22","purchased_purges":2,"victory":false,"max_hp_per_floor":[72,72,72,72,72,72,72,72,72,72,77,77,77,77,77,77,77,77,77,77,77,82,82,82,82,82,82,82,82,82,82,82,82,82],"card_choices":[{"not_picked":["FollowUp","SashWhip","EmptyBody"],"picked":"SKIP","floor":1.0},{"not_picked":["FollowUp","SashWhip"],"picked":"EmptyBody","floor":1.0},{"not_picked":["SandsOfTime","Tantrum"],"picked":"WindmillStrike","floor":3.0},{"not_picked":["EmptyMind","EmptyFist"],"picked":"Wireheading","floor":4.0},{"not_picked":["JustLucky","Prostrate"],"picked":"Perseverance","floor":6.0},{"not_picked":["PathToVictory","WheelKick","Evaluate"],"picked":"SKIP","floor":7.0},{"not_picked":["Wireheading","Fasting2","SashWhip"],"picked":"SKIP","floor":10.0},{"not_picked":["DeusExMachina","Alpha"],"picked":"MasterReality","floor":16.0},{"not_picked":["CutThroughFate","BowlingBash"],"picked":"Prostrate","floor":18.0},{"not_picked":["Protect","FlyingSleeves","WreathOfFlame+1"],"picked":"SKIP","floor":20.0},{"not_picked":["CrushJoints","Protect"],"picked":"Weave+1","floor":21.0},{"not_picked":["CrushJoints","SignatureMove"],"picked":"Evaluate+1","floor":24.0},{"not_picked":["Evaluate","ConjureBlade","Consecrate"],"picked":"SKIP","floor":27.0},{"not_picked":["Vengeance","Worship","Adaptation"],"picked":"SKIP","floor":30}],"player_experience":1014590,"relics_obtained":[{"floor":2.0,"key":"HornCleat"},{"floor":6.0,"key":"Regal Pillow"},{"floor":24.0,"key":"Bag of Preparation"},{"floor":26.0,"key":"PreservedInsect"},{"floor":27.0,"key":"Bronze Scales"}],"event_choices":[{"damage_healed":0.0,"max_hp_gain":0.0,"max_hp_loss":0.0,"gold_gain":0.0,"event_name":"Wheel of Change","player_choice":"Relic","floor":2.0,"gold_loss":0.0,"damage_taken":0.0},{"damage_healed":0.0,"max_hp_gain":5.0,"max_hp_loss":0.0,"gold_gain":0.0,"event_name":"Big Fish","player_choice":"Donut","floor":11.0,"gold_loss":0.0,"damage_taken":0.0},{"damage_healed":0.0,"max_hp_gain":0.0,"max_hp_loss":0.0,"gold_gain":0.0,"event_name":"Liars Game","player_choice":"Ignored","floor":14.0,"gold_loss":0.0,"damage_taken":0.0},{"damage_healed":0.0,"max_hp_gain":5.0,"max_hp_loss":0.0,"gold_gain":0.0,"event_name":"Forgotten Altar","player_choice":"Shed Blood","floor":22.0,"gold_loss":0.0,"damage_taken":19.0}],"is_beta":false,"boss_relics":[{"not_picked":["Astrolabe","SlaversCollar"],"picked":"Empty Cage"}],"items_purged_floors":[12,19],"is_endless":false,"potions_floor_spawned":[7,16,21,24,30],"killed_by":"Collector","ascension_level":0}}