{"host":"ox77rn1xcurm2t5a","time":1612644663,"event":{"mods":["2.2 Compatiblity","AchievementEnabler","Act Like it!","Aspiration","BaseMod","Best Route Mod","Better Match","Better Note","Better Sensory Stone","Block Reminder","Colored Map","Colored Powertips","Conjunction","Conspire","Custom Start","Energized Spire","GifTheSpireLib","Gold Saver","Gremlin Skip","Halation","Highlight Path","Hubris","Infinite Spire","Minty Spire (QoL Compilation)","Pale of the Ancients","Quick Restart","Replay The Spire","Reworked Bosses","ShortenTheSpire","Spire Exporter","StSLib","Stuff the Spire","Wandering Minibosses"],"gold_per_floor":[109,109,109,129,129,161,161,190,190,204,5445,4528,4557,4432,4432,4509,4509,4522,4534,4459,3743,3743,3743],"floor_reached":22,"language":"ENG","playtime":737,"items_purged":["Strike_B","Strike_B","Strike_B"],"score":405,"play_id":"66e0b469-8f9d-4da8-8fbc-7932e6275d74","local_time":"20210206225103","is_ascension_mode":true,"campfire_choices":[{"floor":7,"key":"RECALL"},{"data":"Zap","floor":15,"key":"SMITH"}],"circlet_count":0,"master_deck":["AscendersBane","Defend_B","Defend_B","Defend_B","Defend_B","Zap+1","Dualcast","Poisoned Strike+1","Echo Form","Ball Lightning","ReplayTheSpireMod:Private Reserves+1","Ball Lightning+1","Gash"],"relics":["Cracked Core","NeowsBlessing","aspiration:TomeofQuesting","Blue Candle","Thread and Needle","Omamori","aspiration:HatOfInfinitePower","ReplayTheSpireMod:ShopPack","hubris:MedicalManual","Question Card","hubris:BallOfYels","hubris:EmptyBottle","Golden Egg"],"acts_visited":["Exordium","TheCity"],"potions_floor_usage":[8,8,18,22],"damage_taken":[{"damage":0,"enemies":"Small Slimes","floor":1,"turns":1},{"damage":0,"enemies":"2 Louse","floor":4,"turns":1},{"damage":0,"enemies":"Gremlin Nob","floor":6,"turns":1},{"damage":23,"enemies":"Replay:BlueRogue","floor":8,"turns":2},{"damage":1,"enemies":"conspire:RoseBush","floor":10,"turns":3},{"damage":19,"enemies":"Lagavulin","floor":13,"turns":6},{"damage":11,"enemies":"Fading Forest","floor":16,"turns":11},{"damage":11,"enemies":"Shell Parasite","floor":18,"turns":5},{"damage":21,"enemies":"conspire:FuzzyDice","floor":19,"turns":6},{"damage":26,"enemies":"Snake Plant","floor":22,"turns":3}],"seed_played":"-8931871788205597446","potions_obtained":[{"floor":1,"key":"Death Potion"},{"floor":6,"key":"Elixir"},{"floor":16,"key":"Conjunction:LightningMarble"},{"floor":19,"key":"Energy Potion"}],"is_trial":false,"path_per_floor":["M","?","?","M","?","E","R","E","T","M","$","$","E","?","R","B",null,"M","M","?","$","M"],"character_chosen":"DEFECT","items_purchased":["Ball Lightning","Thread and Needle","Omamori","aspiration:HatOfInfinitePower","ReplayTheSpireMod:ShopPack","hubris:MedicalManual","hubris:BallOfYels","hubris:EmptyBottle","Golden Egg"],"campfire_rested":0,"item_purchase_floors":[11,11,11,12,12,12,21,21,21],"current_hp_per_floor":[64,64,64,64,64,64,64,41,41,40,40,40,21,21,21,18,58,47,26,26,26,0,0],"gold":3743,"neow_bonus":"THREE_ENEMY_KILL","is_daily":false,"chose_seed":false,"campfire_upgraded":1,"win_rate":0.0,"timestamp":1612644663,"path_taken":["M","?","?","M","?","E","R","E","T","?","?","$","E","?","R","BOSS","M","M","?","$","M"],"items_purchased_type":["Card","Relic","Relic","Relic","Relic","Relic","Relic","Relic","Relic"],"build_version":"2020-12-22","purchased_purges":3,"victory":false,"max_hp_per_floor":[71,71,71,71,71,71,71,71,71,71,71,71,71,71,71,71,71,71,71,71,71,71,71],"card_choices":[{"not_picked":["Beam Cell","Reprogram","Lockon"],"picked":"SKIP","floor":1},{"not_picked":["Survey Options","Specialist"],"picked":"Poisoned Strike","floor":2},{"not_picked":["ReplayTheSpireMod:Repulse","Sweeping Beam","Compile Driver"],"picked":"SKIP","floor":4},{"not_picked":["Steam","BasicCrystalCard"],"picked":"Echo Form","floor":6},{"not_picked":["Fusion","Sunder","Sweeping Beam"],"picked":"SKIP","floor":8},{"not_picked":["hubris:PowerSurge","Beam Cell","Turbo"],"picked":"SKIP","floor":10},{"not_picked":["conspire:Rain","Cold Snap","StuffTheSpire:Rend"],"picked":"SKIP","floor":13},{"not_picked":["Impatience+1","Enlightenment+1","Good Instincts+1"],"picked":"ReplayTheSpireMod:Private Reserves+1","floor":14},{"not_picked":["StuffTheSpire:LoadUp","Sweeping Beam","Panic Button"],"picked":"Ball Lightning+1","floor":18},{"not_picked":["Turbo","Stack","Reprogram+1"],"picked":"Gash","floor":19}],"player_experience":3052831,"relics_obtained":[{"floor":6,"key":"aspiration:TomeofQuesting"},{"floor":8,"key":"Blue Candle"},{"floor":13,"key":"Question Card"}],"event_choices":[{"damage_healed":0,"gold_gain":1,"player_choice":"1","damage_taken":0,"max_hp_gain":0,"max_hp_loss":0,"event_name":"betterStone:BetterStone","floor":2,"gold_loss":0},{"damage_healed":0,"gold_gain":0,"player_choice":"Grow","damage_taken":0,"max_hp_gain":0,"max_hp_loss":0,"event_name":"Living Wall","floor":3,"gold_loss":0,"cards_upgraded":["Poisoned Strike"]},{"damage_healed":0,"gold_gain":0,"player_choice":"Ignored","damage_taken":0,"max_hp_gain":0,"max_hp_loss":0,"event_name":"Transmorgrifier","floor":5,"gold_loss":0},{"damage_healed":0,"gold_gain":0,"player_choice":"2","damage_taken":0,"max_hp_gain":0,"max_hp_loss":0,"event_name":"betterMatch:BetterMatch","floor":14,"gold_loss":0,"cards_obtained":["betterMatch:ColorlessUncommonCard"]},{"cards_removed":["Strike_B"],"damage_healed":0,"gold_gain":0,"player_choice":"Gave Gold","damage_taken":0,"max_hp_gain":0,"max_hp_loss":0,"event_name":"Beggar","floor":20,"gold_loss":75}],"is_beta":false,"boss_relics":[{"not_picked":["Fusion Hammer","aspiration:RunicSpoon","energizedSpire:UnstableMolecules"]}],"items_purged_floors":[11,12,21],"is_endless":false,"potions_floor_spawned":[1,6,16,19],"killed_by":"Snake Plant","ascension_level":16}}