{"host":"zxkjcgzis4pm3za5","time":1612634226,"event":{"mods":["AchievementEnabler","Act Like it!","BaseMod","Colored Map","Colored Powertips","Friendly Minions","GifTheSpireLib","Minty Spire (QoL Compilation)","Quick Restart","RNG Fix","Random Character Button","Relic Sorter","Relic Stats","StSLib"],"gold_per_floor":[215,215,11,24,37,37,68,68,68,91,117,147,147,147],"floor_reached":13,"language":"ENG","playtime":358,"items_purged":[],"score":177,"play_id":"f572463b-427b-4d96-8917-90d7ee58b608","local_time":"20210206232706","is_ascension_mode":true,"campfire_choices":[{"data":"Shockwave","floor":6,"key":"SMITH"},{"data":"Rupture","floor":8,"key":"SMITH"}],"circlet_count":0,"master_deck":["AscendersBane","Strike_R","Strike_R","Strike_R","Strike_R","Strike_R","Defend_R","Defend_R","Defend_R","Defend_R","Bash","Clothesline","Bloodletting","Feel No Pain","Shockwave+1","Rupture+1","Ghostly Armor+1"],"relics":["Burning Blood","Medical Kit","Toxic Egg 2","Matryoshka","Red Skull","Orichalcum"],"acts_visited":[],"potions_floor_usage":[7],"damage_taken":[{"damage":16,"enemies":"Jaw Worm","floor":1,"turns":5},{"damage":5,"enemies":"2 Louse","floor":4,"turns":3},{"damage":1,"enemies":"Small Slimes","floor":5,"turns":5},{"damage":18,"enemies":"Lagavulin","floor":7,"turns":7},{"damage":32,"enemies":"Gremlin Nob","floor":11,"turns":4},{"damage":26,"enemies":"Lagavulin","floor":13,"turns":5}],"seed_played":"3955334771952708930","potions_obtained":[{"floor":4,"key":"SteroidPotion"}],"is_trial":false,"path_per_floor":["M","?","$","M","M","R","E","R","T","T","E","?","E"],"character_chosen":"IRONCLAD","items_purchased":["Medical Kit","Bloodletting"],"campfire_rested":0,"item_purchase_floors":[3,3],"current_hp_per_floor":[58,58,58,59,64,64,52,52,52,52,26,26,0,0],"gold":147,"neow_bonus":"HUNDRED_GOLD","is_daily":false,"chose_seed":false,"campfire_upgraded":2,"win_rate":0.0,"timestamp":1612634226,"path_taken":["M","?","?","M","M","R","E","R","T","?","E","?","E"],"items_purchased_type":["Relic","Card"],"build_version":"2020-12-22","purchased_purges":0,"victory":false,"max_hp_per_floor":[75,75,75,75,75,75,75,75,75,75,75,75,75,75],"relic_stats":{"counters":[6,29],"Orichalcum":[12],"Medical Kit":[0],"obtain_stats":[{"Matryoshka":9,"Toxic Egg 2":7,"Orichalcum":11,"Medical Kit":3,"Burning Blood":0,"Red Skull":10},{"Matryoshka":4,"Toxic Egg 2":4,"Orichalcum":5,"Medical Kit":1,"Burning Blood":0,"Red Skull":4},{"Matryoshka":20,"Toxic Egg 2":20,"Orichalcum":24,"Medical Kit":5,"Burning Blood":0,"Red Skull":20}],"Burning Blood":30},"card_choices":[{"not_picked":["True Grit","Dropkick"],"picked":"Clothesline","floor":1},{"not_picked":["Armaments","Iron Wave"],"picked":"Feel No Pain","floor":4},{"not_picked":["Flex","Heavy Blade"],"picked":"Shockwave","floor":5},{"not_picked":["Inflame","Intimidate+1"],"picked":"Rupture","floor":7},{"not_picked":["Flex+1","Inflame"],"picked":"Ghostly Armor+1","floor":11}],"player_experience":323366,"relics_obtained":[{"floor":7,"key":"Toxic Egg 2"},{"floor":9,"key":"Matryoshka"},{"floor":10,"key":"Red Skull"},{"floor":11,"key":"Orichalcum"}],"event_choices":[{"damage_healed":0,"gold_gain":0,"player_choice":"Ignored","damage_taken":0,"max_hp_gain":0,"max_hp_loss":0,"event_name":"Liars Game","floor":2,"gold_loss":0},{"damage_healed":0,"gold_gain":30,"player_choice":"Searched \u00272\u0027 times","damage_taken":0,"max_hp_gain":0,"max_hp_loss":0,"event_name":"Dead Adventurer","floor":12,"gold_loss":0}],"is_beta":false,"boss_relics":[],"items_purged_floors":[],"is_endless":false,"potions_floor_spawned":[4],"killed_by":"Lagavulin","ascension_level":19}}