{"host":"4eao2pkwlmv012cz","time":1612633988,"event":{"mods":["BaseMod","Colored Powertips","Minty Spire (QoL Compilation)","Permanent Neow","Quick Restart","Random Character Button","StSLib"],"gold_per_floor":[118,129,145,26,101,101,101,133,133,98,98,98,133,150,150,227,227,244,244,244,261,47,47,47],"floor_reached":23,"language":"ENG","playtime":5405,"items_purged":["Strike_B"],"score":398,"play_id":"8c3b2ceb-bce5-4168-a3bd-f690bc38e100","local_time":"20210206125308","is_ascension_mode":true,"campfire_choices":[{"data":"Biased Cognition","floor":6,"key":"SMITH"},{"data":"Lockon","floor":11,"key":"SMITH"},{"floor":15,"key":"REST"}],"circlet_count":0,"master_deck":["AscendersBane","Strike_B","Strike_B","Strike_B","Defend_B","Defend_B","Defend_B","Defend_B","Zap","Dualcast","Biased Cognition+1","Ball Lightning+1","Barrage","Doom and Gloom","FTL+1","Lockon+1","All For One","Leap","Biased Cognition","Conserve Battery","Biased Cognition+1","Double Energy","Coolheaded"],"relics":["Cracked Core","Dead Branch","Ice Cream","Pantograph","Whetstone","Busted Crown","PrismaticShard"],"acts_visited":["Exordium","TheCity"],"potions_floor_usage":[8,20],"damage_taken":[{"damage":1,"enemies":"Cultist","floor":1,"turns":3},{"damage":0,"enemies":"Small Slimes","floor":2,"turns":2},{"damage":5,"enemies":"2 Louse","floor":3,"turns":3},{"damage":35,"enemies":"Lagavulin","floor":8,"turns":4},{"damage":11,"enemies":"Gremlin Nob","floor":13,"turns":3},{"damage":7,"enemies":"Large Slime","floor":14,"turns":3},{"damage":46,"enemies":"The Guardian","floor":16,"turns":9},{"damage":2,"enemies":"Spheric Guardian","floor":18,"turns":3},{"damage":0,"enemies":"2 Thieves","floor":20,"turns":1},{"damage":17,"enemies":"Snake Plant","floor":21,"turns":3},{"damage":38,"enemies":"Slavers","floor":23,"turns":2}],"seed_played":"-2407746198178014300","potions_obtained":[{"floor":3,"key":"LiquidBronze"},{"floor":8,"key":"SmokeBomb"}],"is_trial":false,"path_per_floor":["M","M","M","$","?","R","?","E","T","?","R","T","E","M","R","B",null,"M","?","M","M","$","E"],"character_chosen":"DEFECT","items_purchased":["FTL","PrismaticShard","Coolheaded"],"campfire_rested":1,"item_purchase_floors":[4,22,22],"current_hp_per_floor":[63,63,58,58,47,47,47,12,12,28,28,28,17,10,29,8,50,48,48,48,31,31,0,0],"gold":47,"neow_bonus":"THREE_RARE_CARDS","is_daily":false,"chose_seed":false,"campfire_upgraded":2,"win_rate":0.0,"timestamp":1612633988,"path_taken":["M","M","?","$","?","R","?","E","T","?","R","?","E","M","R","BOSS","M","?","?","M","$","E"],"items_purchased_type":["Card","Relic","Card"],"build_version":"2020-12-22","purchased_purges":1,"victory":false,"max_hp_per_floor":[64,64,64,64,64,64,64,64,64,64,64,64,64,64,64,64,64,64,64,64,64,64,64,64],"card_choices":[{"not_picked":["Core Surge","Fission"],"picked":"Biased Cognition","floor":0},{"not_picked":["Hello World","Streamline"],"picked":"Ball Lightning","floor":1},{"not_picked":["Undo","Conserve Battery"],"picked":"Barrage","floor":2},{"not_picked":["Consume","Sweeping Beam"],"picked":"Doom and Gloom","floor":3},{"not_picked":["Rip and Tear","Steam"],"picked":"Lockon","floor":8},{"not_picked":["Turbo","Loop"],"picked":"All For One","floor":13},{"not_picked":["Barrage","Hologram"],"picked":"Leap","floor":14},{"not_picked":["Seek","Rainbow"],"picked":"Biased Cognition","floor":16},{"not_picked":[],"picked":"Conserve Battery","floor":18},{"not_picked":[],"picked":"Double Energy","floor":21}],"player_experience":2893059,"relics_obtained":[{"floor":8,"key":"Dead Branch"},{"floor":9,"key":"Ice Cream"},{"floor":12,"key":"Pantograph"},{"floor":13,"key":"Whetstone"}],"event_choices":[{"damage_healed":0,"gold_gain":75,"player_choice":"Gather Gold","damage_taken":11,"max_hp_gain":0,"max_hp_loss":0,"event_name":"World of Goop","floor":5,"gold_loss":0},{"damage_healed":0,"gold_gain":0,"player_choice":"Fled","damage_taken":0,"max_hp_gain":0,"max_hp_loss":0,"event_name":"Scrap Ooze","floor":7,"gold_loss":0},{"damage_healed":16,"gold_gain":0,"player_choice":"Healed","damage_taken":0,"max_hp_gain":0,"max_hp_loss":0,"event_name":"The Cleric","floor":10,"gold_loss":35},{"damage_healed":0,"gold_gain":0,"player_choice":"Copied","damage_taken":0,"max_hp_gain":0,"max_hp_loss":0,"event_name":"Duplicator","floor":19,"gold_loss":0,"cards_obtained":["Biased Cognition"]}],"is_beta":false,"boss_relics":[{"not_picked":["Ectoplasm","Tiny House"],"picked":"Busted Crown"}],"items_purged_floors":[4],"is_endless":false,"potions_floor_spawned":[3,8,20],"killed_by":"Slavers","ascension_level":20}}