{"host":"5v9rfzf5qju8k9wy","time":1612599127,"event":{"mods":["Act Like it!","BaseMod","Gensokyo","Jorbs\u0027s Wanderer Trilogy","Marisa£®ÏF”Í°°ƒß¿Ì…≥£©","Minty Spire (QoL Compilation)","StSLib","Youmu£®ªÍ∆«—˝√Œ£©"],"gold_per_floor":[114,114,114,12,24,54,85,85,85,127,127,172,204,279,279,399,399,430,430,430,458,458,499,153,153,153,153,153,182,229,259,259,374,374,407,439,529,579,629,629,671,703,703,779,350,384,501,535,535,535,535,535,79,121,121],"floor_reached":56,"language":"ZHS","playtime":4077,"items_purged":["Defend_MRS","Strike_MRS","Defend_MRS"],"score":1387,"play_id":"4054c38a-a4c9-4535-be0d-819629f56225","local_time":"20210206161207","is_ascension_mode":true,"campfire_choices":[{"data":"MagicChant","floor":8.0,"key":"SMITH"},{"data":"OneTimeOff","floor":15.0,"key":"SMITH"},{"data":"BlazeAway","floor":28.0,"key":"SMITH"},{"data":"EnergyRecoil","floor":32.0,"key":"SMITH"},{"data":"BinaryStars","floor":40,"key":"SMITH"},{"floor":49,"key":"RECALL"},{"data":"Orbital","floor":52,"key":"SMITH"}],"circlet_count":0,"master_deck":["Defend_MRS+1","Defend_MRS+1","UpSweep","MagicChant+1","WitchOfGreed","Occultation","BinaryStars+1","EnergyRecoil+1","MysteriousBeam","BlazeAway+1","OneTimeOff+1","UltimateShortwave+1","Orbital+1","ShootingEcho+1","IllusionStar","GravityBeat","EnergyFlow","SporeBomb+1","BigCrunch+1","UnstableBomb+1","FinalSpark+1","OrrerysSun+1","BlazeAway+1","Orbital+1","MysteriousBeam+1","IllusionStar+1","PropBag+1","MysteriousBeam+1","IllusionStar+1","PulseMagic+1","BlazeAway+1","BlazeAway+1"],"relics":["MiniHakkero","NeowsBlessing","Meat on the Bone","Bottled Tornado","Eternal Feather","Ginger","Unceasing Top","Coffee Dripper","AmplifyWand","InkBottle","Matryoshka","SsserpentHead","Ancient Tea Set","Astrolabe","Bottled Lightning","War Paint","Strange Spoon","Akabeko","Torii","DollysMirror","Anchor","Bag of Preparation","Incense Burner"],"acts_visited":["Exordium","TheCity","TheBeyond","TheEnding"],"potions_floor_usage":[37,37,44,47,50,55,55],"damage_taken":[{"damage":0.0,"enemies":"2 Louse","floor":1.0,"turns":1.0},{"damage":0.0,"enemies":"Small Slimes","floor":5.0,"turns":1.0},{"damage":0.0,"enemies":"Gremlin Nob","floor":6.0,"turns":1.0},{"damage":9.0,"enemies":"Jaw Worm","floor":7.0,"turns":4.0},{"damage":18.0,"enemies":"3 Sentries","floor":10.0,"turns":7.0},{"damage":22.0,"enemies":"Gremlin Nob","floor":12.0,"turns":4.0},{"damage":0.0,"enemies":"Large Slime","floor":13.0,"turns":2.0},{"damage":22.0,"enemies":"The Guardian","floor":16.0,"turns":8.0},{"damage":15.0,"enemies":"3 Byrds","floor":18.0,"turns":5.0},{"damage":0.0,"enemies":"Shell Parasite","floor":21.0,"turns":3.0},{"damage":35.0,"enemies":"Slavers","floor":23.0,"turns":6.0},{"damage":0.0,"enemies":"Centurion and Healer","floor":29.0,"turns":5.0},{"damage":1.0,"enemies":"Book of Stabbing","floor":30.0,"turns":4.0},{"damage":0.0,"enemies":"Snecko","floor":31.0,"turns":4.0},{"damage":0.0,"enemies":"Collector","floor":33.0,"turns":3.0},{"damage":0.0,"enemies":"Orb Walker","floor":35.0,"turns":4.0},{"damage":1,"enemies":"3 Shapes","floor":36,"turns":4},{"damage":10,"enemies":"Jaw Worm Horde","floor":37,"turns":4},{"damage":8,"enemies":"Reptomancer","floor":41,"turns":4},{"damage":18,"enemies":"Transient","floor":42,"turns":5},{"damage":0,"enemies":"Sphere and 2 Shapes","floor":44,"turns":2},{"damage":0,"enemies":"Spire Growth","floor":46,"turns":3},{"damage":17,"enemies":"2 Orb Walkers","floor":47,"turns":3},{"damage":1,"enemies":"3 Darklings","floor":48,"turns":2},{"damage":11,"enemies":"Time Eater","floor":50,"turns":6},{"damage":0,"enemies":"Shield and Spear","floor":54,"turns":3},{"damage":73,"enemies":"The Heart","floor":55,"turns":8}],"seed_played":"2500670813905620043","potions_obtained":[{"floor":1.0,"key":"Strength Potion"},{"floor":5.0,"key":"BottledSpark"},{"floor":7.0,"key":"ShroomBrew"},{"floor":10.0,"key":"ShroomBrew"},{"floor":10.0,"key":"SkillPotion"},{"floor":12.0,"key":"SpeedPotion"},{"floor":13.0,"key":"BottledSpark"},{"floor":16.0,"key":"Ancient Potion"},{"floor":18.0,"key":"SpeedPotion"},{"floor":21.0,"key":"FairyPotion"},{"floor":21.0,"key":"Fire Potion"},{"floor":23.0,"key":"DistilledChaos"},{"floor":29.0,"key":"StarNLove"},{"floor":31.0,"key":"SpeedPotion"},{"floor":33.0,"key":"ColorlessPotion"},{"floor":35.0,"key":"Fire Potion"},{"floor":35.0,"key":"BlessingOfTheForge"},{"floor":36,"key":"DuplicationPotion"},{"floor":41,"key":"ColorlessPotion"},{"floor":42,"key":"Swift Potion"},{"floor":44,"key":"Weak Potion"},{"floor":47,"key":"Dexterity Potion"},{"floor":48,"key":"PowerPotion"},{"floor":54,"key":"Fire Potion"}],"is_trial":false,"path_per_floor":["M","?","?","$","M","E","M","R","T","E","?","E","M","?","R","B",null,"M","?","?","M","?","E","$","?","T","?","R","M","E","M","R","B",null,"M","M","M","?","?","R","E","M","T","M","$","M","?","M","R","B",null,"R","$","E","B",null],"character_chosen":"MARISA","items_purchased":["WitchOfGreed","InkBottle","Strange Spoon","Akabeko","DollysMirror","Anchor","Bag of Preparation"],"campfire_rested":0,"item_purchase_floors":[4,24,45,45,53,53,53],"current_hp_per_floor":[75,72,57,57,57,57,48,48,48,42,42,32,44,33,42,32,75,60,60,46,46,46,23,23,23,23,23,32,44,43,43,55,55,80,80,79,69,69,69,76,68,50,50,50,50,50,45,44,62,51,76,76,76,76,15],"gold":121,"neow_bonus":"THREE_ENEMY_KILL","is_daily":false,"chose_seed":false,"campfire_upgraded":6,"win_rate":0.0,"timestamp":1612599127,"path_taken":["M","?","?","$","M","E","M","R","T","E","?","E","M","?","R","BOSS","M","?","?","M","?","E","$","?","T","?","R","M","E","M","R","BOSS","M","M","?","?","?","R","E","M","T","?","$","M","?","M","R","BOSS","R","$","E","BOSS"],"items_purchased_type":["Card","Relic","Relic","Relic","Relic","Relic","Relic"],"build_version":"2020-12-22","purchased_purges":3,"victory":true,"max_hp_per_floor":[75,75,75,75,75,75,75,75,75,75,75,75,75,75,75,75,75,75,75,80,80,80,80,80,80,80,80,80,80,80,80,80,80,80,80,80,80,76,76,76,76,76,76,76,76,76,76,76,76,76,76,76,76,76,76],"card_choices":[{"not_picked":["DarkMatter","DC"],"picked":"MagicChant","floor":1.0},{"not_picked":["MilkyWay","WitchLeyline"],"picked":"Occultation","floor":5.0},{"not_picked":["GalacticHalo","StarlightTyphoon"],"picked":"BinaryStars","floor":6.0},{"not_picked":["ChargeUpSpray","UnstableBomb"],"picked":"EnergyRecoil","floor":7.0},{"not_picked":["NonDirectionalLaser","AsteroidBelt"],"picked":"MysteriousBeam","floor":10.0},{"not_picked":["ShootTheMoon","WitchOfGreed"],"picked":"BlazeAway","floor":12.0},{"not_picked":["DarkSpark","UnstableBomb"],"picked":"OneTimeOff","floor":13.0},{"not_picked":["BlazingStar","SuperNova"],"picked":"UltimateShortwave","floor":16.0},{"not_picked":["UnstableBomb","SprinkleStarSeal+1","GasGiant+1"],"picked":"SKIP","floor":18.0},{"not_picked":["SuperPerseids","DoubleSpark"],"picked":"ShootingEcho+1","floor":21.0},{"not_picked":["DarkSpark","BlazeAway"],"picked":"IllusionStar","floor":23.0},{"not_picked":["PulseMagic","WitchOfGreed+1"],"picked":"GravityBeat","floor":29.0},{"not_picked":["IllusionStar","GravityBeat"],"picked":"EnergyFlow","floor":30.0},{"not_picked":["GravityBeat","NonDirectionalLaser"],"picked":"SporeBomb+1","floor":31.0},{"not_picked":["FinalSpark","TreasureHunter"],"picked":"BigCrunch","floor":33.0},{"not_picked":["AsteroidBelt","OrrerysSun"],"picked":"BlazeAway+1","floor":35.0},{"not_picked":["SporeBomb","AsteroidBelt+1"],"picked":"Orbital+1","floor":36},{"not_picked":["AsteroidBelt","PowerUp"],"picked":"MysteriousBeam+1","floor":37},{"not_picked":["UnstableBomb+1","IllusionStar","RefractionSpark+1"],"picked":"SKIP","floor":41},{"not_picked":["UnstableBomb+1","RefractionSpark+1"],"picked":"IllusionStar","floor":41},{"not_picked":["DarkMatter","FairyDestructionRay"],"picked":"PropBag+1","floor":42},{"not_picked":["EnergyFlow","ShootTheMoon"],"picked":"MysteriousBeam+1","floor":44},{"not_picked":["6A+1","StarBarrage"],"picked":"IllusionStar+1","floor":46},{"not_picked":["BinaryStars","PowerUp+1"],"picked":"PulseMagic+1","floor":48},{"not_picked":["NonDirectionalLaser+1","Occultation+1"],"picked":"BlazeAway+1","floor":54}],"player_experience":119493,"relics_obtained":[{"floor":6.0,"key":"Bottled Tornado"},{"floor":9.0,"key":"Eternal Feather"},{"floor":10.0,"key":"Ginger"},{"floor":12.0,"key":"Unceasing Top"},{"floor":23.0,"key":"AmplifyWand"},{"floor":26.0,"key":"Matryoshka"},{"floor":30.0,"key":"Ancient Tea Set"},{"floor":41,"key":"Bottled Lightning"},{"floor":43,"key":"War Paint"},{"floor":47,"key":"Torii"},{"floor":54,"key":"Incense Burner"}],"event_choices":[{"damage_healed":0.0,"max_hp_gain":0.0,"max_hp_loss":0.0,"gold_gain":0.0,"event_name":"Scrap Ooze","player_choice":"Success","floor":2.0,"gold_loss":0.0,"damage_taken":3.0,"relics_obtained":["Meat on the Bone"]},{"damage_healed":0.0,"max_hp_gain":0.0,"max_hp_loss":0.0,"gold_gain":0.0,"event_name":"Shining Light","player_choice":"Entered Light","floor":3.0,"gold_loss":0.0,"damage_taken":15.0,"cards_upgraded":["Defend_MRS","Defend_MRS"]},{"damage_healed":0.0,"max_hp_gain":0.0,"max_hp_loss":0.0,"gold_gain":0.0,"event_name":"Liars Game","player_choice":"Ignored","floor":11.0,"gold_loss":0.0,"damage_taken":0.0},{"damage_healed":0.0,"max_hp_gain":0.0,"max_hp_loss":0.0,"gold_gain":75.0,"event_name":"World of Goop","player_choice":"Gather Gold","floor":14.0,"gold_loss":0.0,"damage_taken":11.0},{"damage_healed":0.0,"max_hp_gain":0.0,"max_hp_loss":0.0,"gold_gain":0.0,"event_name":"The Library","player_choice":"Read","floor":19.0,"gold_loss":0.0,"damage_taken":0.0,"cards_obtained":["Orbital"]},{"damage_healed":0.0,"max_hp_gain":5.0,"max_hp_loss":0.0,"gold_gain":0.0,"event_name":"Forgotten Altar","player_choice":"Shed Blood","floor":20.0,"gold_loss":0.0,"damage_taken":19.0},{"damage_healed":0.0,"max_hp_gain":0.0,"max_hp_loss":0.0,"gold_gain":0.0,"event_name":"Ghosts","player_choice":"Ignored","floor":22.0,"gold_loss":0.0,"damage_taken":0.0},{"cards_removed":["Strike_MRS"],"damage_healed":0.0,"max_hp_gain":0.0,"max_hp_loss":0.0,"gold_gain":0.0,"event_name":"Back to Basics","player_choice":"Elegance","floor":25.0,"gold_loss":0.0,"damage_taken":0.0},{"damage_healed":0.0,"max_hp_gain":0.0,"max_hp_loss":0.0,"gold_gain":0.0,"event_name":"FaceTrader","player_choice":"Trade","floor":27.0,"gold_loss":0.0,"damage_taken":0.0,"relics_obtained":["SsserpentHead"]},{"damage_healed":0,"gold_gain":0,"player_choice":"Max HP","damage_taken":0,"max_hp_gain":0,"max_hp_loss":4,"event_name":"Winding Halls","floor":38,"gold_loss":0},{"damage_healed":0,"gold_gain":0,"player_choice":"Upgraded","damage_taken":0,"max_hp_gain":0,"max_hp_loss":0,"event_name":"Upgrade Shrine","floor":39,"gold_loss":0,"cards_upgraded":["BigCrunch"]},{"damage_healed":0,"gold_gain":0,"player_choice":"Fight","damage_taken":0,"max_hp_gain":0,"max_hp_loss":0,"event_name":"Mysterious Sphere","floor":47,"gold_loss":0}],"is_beta":false,"boss_relics":[{"not_picked":["Sozu","Velvet Choker"],"picked":"Coffee Dripper"},{"not_picked":["Busted Crown","Runic Pyramid"],"picked":"Astrolabe"}],"items_purged_floors":[4,24,45],"is_endless":false,"potions_floor_spawned":[1,5,10,12,21,23,35,36,46,47],"ascension_level":1}}