{"host":"8d3fefv2347kqkpz","time":1612579944,"event":{"mods":["AchievementEnabler","Act Like it!","Aspiration","BaseMod","Better Vampires","Colored Map","Colored Powertips","Conspire","GifTheSpireLib","Highlight Path","Hubris","Mimic Mod","Minty Spire (QoL Compilation)","Quick Restart","Rare Cards Sparkle","Relic Stats","Replay The Spire","Spicy Shops","StSLib","The Jungle","Waifu the Spire"],"gold_per_floor":[116,136,149,149,39,39,83,98,98,111,142,142,142,165,165,296,296,314,332,422,40,58,58,71,71,71],"floor_reached":25,"language":"ZHS","playtime":485,"items_purged":["Strike_B","Strike_B","Defend_B"],"score":226,"play_id":"7a266cbd-2bf7-44b8-a005-f9b8f2646cab","local_time":"20210206105224","is_ascension_mode":true,"campfire_choices":[{"data":"Hyperbeam","floor":6,"key":"SMITH"},{"floor":12,"key":"REST"},{"floor":15,"key":"REST"},{"floor":23,"key":"REST"}],"circlet_count":0,"master_deck":["Strike_B","Strike_B","Defend_B","Defend_B","Defend_B","Zap","Dualcast","Leap","Hyperbeam+1","ReplayGash","Rip and Tear","Self Repair","Gash"],"relics":["Cracked Core","NeowsBlessing","Golden Idol","Kunai","hubris:OldNail","Replay:WaspNest","hubris:Stopwatch","MealTicket"],"acts_visited":["Exordium","TheCity"],"potions_floor_usage":[11],"damage_taken":[{"damage":0,"enemies":"Cultist","floor":1,"turns":1},{"damage":0,"enemies":"Small Slimes","floor":2,"turns":1},{"damage":0,"enemies":"Jaw Worm","floor":3,"turns":1},{"damage":48,"enemies":"Gremlin Nob","floor":7,"turns":6},{"damage":0,"enemies":"Exordium Thugs","floor":8,"turns":3},{"damage":0,"enemies":"Red Slaver","floor":10,"turns":2},{"damage":5,"enemies":"Lagavulin","floor":11,"turns":5},{"damage":2,"enemies":"2 Fungi Beasts","floor":14,"turns":2},{"damage":22,"enemies":"Hexaghost","floor":16,"turns":9},{"damage":31,"enemies":"Spheric Guardian","floor":18,"turns":5},{"damage":16,"enemies":"Shell Parasite","floor":19,"turns":5},{"damage":27,"enemies":"Sentry and Sphere","floor":22,"turns":4},{"damage":18,"enemies":"Snake Plant","floor":24,"turns":4},{"damage":27,"enemies":"Book of Stabbing","floor":25,"turns":3}],"seed_played":"-7074956520730185187","potions_obtained":[{"floor":2,"key":"PowerPotion"},{"floor":3,"key":"LifebloodPotion"},{"floor":8,"key":"EssenceOfDarkness"},{"floor":10,"key":"LiquidMemories"},{"floor":18,"key":"Dexterity Potion"}],"is_trial":false,"path_per_floor":["M","M","M","?","$","R","E","M","T","M","E","R","?","M","R","B",null,"M","M","?","$","M","R","M","E"],"character_chosen":"DEFECT","items_purchased":["ReplayGash","MealTicket"],"campfire_rested":3,"item_purchase_floors":[5,21],"current_hp_per_floor":[75,75,75,57,57,57,9,9,9,9,4,26,26,31,53,38,75,51,42,30,30,10,32,21,0,0],"gold":71,"neow_bonus":"THREE_ENEMY_KILL","is_daily":false,"chose_seed":false,"campfire_upgraded":1,"win_rate":0.0,"timestamp":1612579944,"path_taken":["M","M","M","?","$","R","E","M","T","M","E","R","?","M","R","BOSS","M","?","?","$","M","R","?","E"],"items_purchased_type":["Card","Relic"],"build_version":"2020-12-22","purchased_purges":3,"victory":false,"max_hp_per_floor":[75,75,75,75,75,75,75,75,75,75,75,75,75,75,75,75,75,75,75,75,75,75,75,75,75,75],"relic_stats":{"counters":[14,51],"Golden Idol":67,"MealTicket":0,"Kunai":[5],"obtain_stats":[{"NeowsBlessing":0,"Golden Idol":4,"hubris:Stopwatch":17,"MealTicket":21,"Replay:WaspNest":13,"Kunai":7,"Cracked Core":0,"hubris:OldNail":11},{"NeowsBlessing":0,"Golden Idol":3,"hubris:Stopwatch":9,"MealTicket":11,"Replay:WaspNest":7,"Kunai":4,"Cracked Core":0,"hubris:OldNail":7},{"NeowsBlessing":0,"Golden Idol":3,"hubris:Stopwatch":30,"MealTicket":40,"Replay:WaspNest":19,"Kunai":9,"Cracked Core":0,"hubris:OldNail":19}]},"card_choices":[{"not_picked":["Turbo","conspire:SharedLibrary","Coolheaded"],"picked":"SKIP","floor":1},{"not_picked":["Barrage","Chaos"],"picked":"Leap","floor":2},{"not_picked":["BasicCrystalCard","Redo"],"picked":"Hyperbeam","floor":3},{"not_picked":["FTL","Hologram","Loop"],"picked":"SKIP","floor":7},{"not_picked":["ReplaySort","Go for the Eyes"],"picked":"Rip and Tear","floor":8},{"not_picked":["Streamline","BasicCrystalCard","Cold Snap"],"picked":"SKIP","floor":10},{"not_picked":["Barrage","Sweeping Beam"],"picked":"Self Repair","floor":11},{"not_picked":["Reinforced Body","Recycle"],"picked":"Gash","floor":14},{"not_picked":["Compile Driver","Beam Cell+1","Rip and Tear"],"picked":"SKIP","floor":18},{"not_picked":["Turbo","Streamline","Go for the Eyes"],"picked":"SKIP","floor":19},{"not_picked":["Mirror Shield","Go for the Eyes","Barrage"],"picked":"SKIP","floor":22},{"not_picked":["Streamline+1","FIFO Queue","Rebound"],"picked":"SKIP","floor":24}],"player_experience":262602,"relics_obtained":[{"floor":7,"key":"Kunai"},{"floor":11,"key":"hubris:OldNail"}],"event_choices":[{"damage_healed":0,"gold_gain":0,"player_choice":"Take Damage","damage_taken":18,"relics_obtained":["Golden Idol"],"max_hp_gain":0,"max_hp_loss":0,"event_name":"Golden Idol","floor":4,"gold_loss":0},{"damage_healed":0,"gold_gain":0,"player_choice":"Gave Potion","damage_taken":0,"relics_obtained":["Replay:WaspNest"],"max_hp_gain":0,"max_hp_loss":0,"event_name":"WeMeetAgain","floor":13,"gold_loss":0},{"damage_healed":0,"gold_gain":90,"player_choice":"GOLD ","damage_taken":12,"max_hp_gain":0,"max_hp_loss":0,"event_name":"Knowing Skull","floor":20,"potions_obtained":[],"gold_loss":0,"cards_obtained":[]}],"is_beta":false,"boss_relics":[{"not_picked":["Philosopher\u0027s Stone","aspiration:SilentSkillbook"],"picked":"hubris:Stopwatch"}],"items_purged_floors":[5,21,21],"is_endless":false,"potions_floor_spawned":[2,3,8,10,18],"killed_by":"Book of Stabbing","ascension_level":1}}