{"host":"r6ixdbpnwahtqyu3","time":1612582718,"event":{"mods":["BaseMod","CapriCore","Colored Map","Friendly Minions","Koishi","Marisa（霧雨　魔理沙）","Minty Spire (QoL Compilation)","Remilia（蕾米莉?）","StSLib","The Immortal","The Servant 0.9.4"],"gold_per_floor":[109,109,109,127,127,127,158,158,181,224,240,254,298,314,314,442,442,456,471,471,487,249,249,289,307,356,356,394,407,445,461,461,581,581,600,620,640,7,7,7,7,7,7,51,63,108,120,132,144,156,168,180,41,74,74],"floor_reached":56,"language":"ENG","playtime":4996,"items_purged":["Strike_RM"],"score":2068,"play_id":"3cc0220d-f548-4444-809f-510062f77e72","local_time":"20210205223838","is_ascension_mode":true,"campfire_choices":[{"floor":6,"key":"REST"},{"data":"TwelveNightmare","floor":8,"key":"SMITH"},{"data":"ScarletImprint","floor":15,"key":"SMITH"},{"data":"ScarletCoffin","floor":23,"key":"SMITH"},{"data":"GlobalNightmare","floor":27,"key":"SMITH"},{"data":"RedMoon","floor":32,"key":"SMITH"},{"floor":40,"key":"RECALL"},{"data":"MastersStateliness","floor":42,"key":"SMITH"},{"data":"EternalNight","floor":49,"key":"SMITH"},{"data":"BloodySeventeenLaser","floor":52,"key":"SMITH"}],"circlet_count":0,"master_deck":["Strike_RM+1","Strike_RM","Strike_RM+1","Defend_RM","Defend_RM","Defend_RM+1","RedMoon+1","ScarletShoot","BloodAndWine+1","TwelveNightmare+1","ScarletImprint+1","MillenniumVampire","MastersStateliness+1","UnstableMagic+1","ScarletCoffin+1","StarOfDavid","Maim+1","GlobalNightmare+1","BatForm+1","TransientEternity+1","CurseOfVladTepes+1","EternalNight+1","BloodySeventeenLaser+1"],"relics":["ScarletHat","Golden Idol","Vajra","Thread and Needle","Orichalcum","Juzu Bracelet","Eternal Feather","APieceOfRedMist","Frozen Egg 2","Gremlin Horn","Shuriken","Regal Pillow","Bottled Tornado","Nunchaku","Matryoshka","ScarletEmblem","HornCleat","CaptainsWheel","Kunai","FairyMaid","InkBottle","MawBank","Pantograph","Girya","Chemical X","Pen Nib"],"acts_visited":["Exordium","TheCity","TheBeyond","TheEnding"],"potions_floor_usage":[24,28,28,30,55,55],"damage_taken":[{"damage":0,"enemies":"Small Slimes","floor":1,"turns":3},{"damage":0,"enemies":"2 Louse","floor":4,"turns":2},{"damage":29,"enemies":"Lagavulin","floor":7,"turns":9},{"damage":13,"enemies":"Gremlin Nob","floor":10,"turns":8},{"damage":0,"enemies":"Jaw Worm","floor":11,"turns":3},{"damage":0,"enemies":"Lots of Slimes","floor":12,"turns":8},{"damage":0,"enemies":"3 Sentries","floor":13,"turns":13},{"damage":0,"enemies":"Red Slaver","floor":14,"turns":7},{"damage":20,"enemies":"The Guardian","floor":16,"turns":17},{"damage":0,"enemies":"Shell Parasite","floor":18,"turns":8},{"damage":0,"enemies":"Spheric Guardian","floor":19,"turns":6},{"damage":39,"enemies":"3 Cultists","floor":21,"turns":8},{"damage":11,"enemies":"Book of Stabbing","floor":24,"turns":7},{"damage":16,"enemies":"Snecko","floor":25,"turns":6},{"damage":38,"enemies":"Gremlin Leader","floor":28,"turns":10},{"damage":6,"enemies":"Shelled Parasite and Fungi","floor":29,"turns":11},{"damage":26,"enemies":"Slavers","floor":30,"turns":8},{"damage":12,"enemies":"Centurion and Healer","floor":31,"turns":10},{"damage":0,"enemies":"Champ","floor":33,"turns":16},{"damage":0,"enemies":"3 Darklings","floor":35,"turns":4},{"damage":0,"enemies":"Orb Walker","floor":36,"turns":5},{"damage":16,"enemies":"Spire Growth","floor":37,"turns":6},{"damage":11,"enemies":"Reptomancer","floor":44,"turns":3},{"damage":0,"enemies":"Giant Head","floor":46,"turns":5},{"damage":0,"enemies":"Donu and Deca","floor":50,"turns":6},{"damage":0,"enemies":"Shield and Spear","floor":54,"turns":3},{"damage":28,"enemies":"The Heart","floor":55,"turns":7}],"seed_played":"6128466941945951570","potions_obtained":[{"floor":1,"key":"Block Potion"},{"floor":7,"key":"Regen Potion"},{"floor":11,"key":"LiquidBronze"},{"floor":24,"key":"DistilledChaos"},{"floor":28,"key":"EssenceOfSteel"},{"floor":29,"key":"FairyPotion"},{"floor":33,"key":"SpeedPotion"},{"floor":36,"key":"Regen Potion"}],"is_trial":false,"path_per_floor":["M","?","?","M","?","R","E","R","T","E","M","M","E","M","R","B",null,"M","M","?","M","$","R","E","M","T","R","E","M","E","M","R","B",null,"M","M","M","$","?","R","?","R","T","E","$","E","?","?","R","B",null,"R","$","E","B",null],"character_chosen":"REMILIA","items_purchased":["Shuriken","HornCleat","CaptainsWheel","Chemical X"],"campfire_rested":1,"item_purchase_floors":[22,38,38,53],"current_hp_per_floor":[75,75,55,55,43,67,49,49,49,42,45,47,52,58,67,63,77,82,82,82,52,52,64,67,67,67,79,68,77,82,91,91,91,91,91,91,83,83,91,91,91,91,91,80,80,91,91,91,91,91,91,91,91,91,90],"gold":74,"neow_bonus":"TEN_PERCENT_HP_BONUS","is_daily":false,"chose_seed":false,"campfire_upgraded":8,"win_rate":0.0,"timestamp":1612582718,"path_taken":["M","?","?","M","?","R","E","R","T","E","M","M","E","M","R","BOSS","M","M","?","M","$","R","E","M","T","R","E","M","E","M","R","BOSS","M","M","M","$","?","R","?","R","T","E","?","E","?","?","R","BOSS","R","$","E","BOSS"],"items_purchased_type":["Relic","Relic","Relic","Relic"],"build_version":"2020-12-22","purchased_purges":1,"victory":true,"max_hp_per_floor":[82,82,82,82,82,82,82,82,82,82,82,82,82,82,82,82,82,82,82,82,82,82,82,82,82,82,82,82,85,88,91,91,91,91,91,91,91,91,91,91,91,91,91,91,91,91,91,91,91,91,91,91,91,91,91],"card_choices":[{"not_picked":["VampireSweep","NightDance"],"picked":"BloodAndWine","floor":1},{"not_picked":["CharismaGuard","DiffusionOfMisfortune"],"picked":"TwelveNightmare","floor":4},{"not_picked":["StarOfDavid","LeisurelyOfLord"],"picked":"ScarletImprint","floor":7},{"not_picked":["ScarletDevil","BloodHunter"],"picked":"MillenniumVampire","floor":10},{"not_picked":["QueenOfMidnight","EmergencyRegeneration"],"picked":"MastersStateliness","floor":11},{"not_picked":["BombardNight","Stigmanizer","BlasphemousPunishment"],"picked":"SKIP","floor":12},{"not_picked":["ScarletDevil","UnderTheZenith"],"picked":"UnstableMagic","floor":13},{"not_picked":["Septette","CharismaGuard","DiffusionOfMisfortune"],"picked":"SKIP","floor":14},{"not_picked":["KillingBlow","BatForm"],"picked":"ScarletCoffin","floor":16},{"not_picked":["UnstableMagic","BombardNight"],"picked":"StarOfDavid","floor":18},{"not_picked":["ScarletDevilSign","AfternoonTea"],"picked":"Maim+1","floor":19},{"not_picked":["ScarletGensokyo","BloodHunter","VampireKiss"],"picked":"SKIP","floor":21},{"not_picked":["MillenniumVampire","BloodyTrap+1"],"picked":"GlobalNightmare","floor":24},{"not_picked":["ScarletNetherworld+1","ScarletDream+1","StarOfDavid"],"picked":"SKIP","floor":25},{"not_picked":["ScarletNetherworld+1","ScarletDream+1","StarOfDavid"],"picked":"SKIP","floor":25},{"not_picked":["FavorOfDestiny","RedNightlessCastle+1","UnstableMagic"],"picked":"SKIP","floor":28},{"not_picked":["UnstableMagic+1","VampireKiss+1","ScarletImprint+1"],"picked":"SKIP","floor":29},{"not_picked":["DiffusionOfMisfortune","ScarletImprint","TwelveNightmare+1"],"picked":"SKIP","floor":30},{"not_picked":["VampirishNight+1","Stigmanizer"],"picked":"BatForm+1","floor":31},{"not_picked":["CurseOfVladTepes+1","KillingBlow"],"picked":"TransientEternity+1","floor":33},{"not_picked":["ReincarnationDial+1","CharismaGuard+1","Maim"],"picked":"SKIP","floor":35},{"not_picked":["ScarletDream","BombardNight","VampirishNight+1"],"picked":"SKIP","floor":36},{"not_picked":["StarOfDavid+1","VampireSweep","EndlessAdversity+1"],"picked":"SKIP","floor":37},{"not_picked":["BloodAndWine","Maim"],"picked":"EternalNight","floor":44},{"not_picked":["RedMagic","VampireSweep"],"picked":"BloodySeventeenLaser","floor":46},{"not_picked":["SuperhumanBloodyKnife","LeisurelyOfLord","EternalNight"],"picked":"SKIP","floor":54}],"player_experience":409941,"relics_obtained":[{"floor":7,"key":"Thread and Needle"},{"floor":9,"key":"Orichalcum"},{"floor":10,"key":"Juzu Bracelet"},{"floor":13,"key":"Eternal Feather"},{"floor":18,"key":"Frozen Egg 2"},{"floor":21,"key":"Gremlin Horn"},{"floor":24,"key":"Regal Pillow"},{"floor":28,"key":"Bottled Tornado"},{"floor":30,"key":"Nunchaku"},{"floor":30,"key":"Matryoshka"},{"floor":43,"key":"Kunai"},{"floor":43,"key":"FairyMaid"},{"floor":44,"key":"InkBottle"},{"floor":44,"key":"MawBank"},{"floor":46,"key":"Pantograph"},{"floor":46,"key":"Girya"},{"floor":54,"key":"Pen Nib"}],"event_choices":[{"damage_healed":0,"gold_gain":0,"player_choice":"Grow","damage_taken":0,"max_hp_gain":0,"max_hp_loss":0,"event_name":"Living Wall","floor":2,"gold_loss":0,"cards_upgraded":["BloodAndWine"]},{"damage_healed":0,"gold_gain":0,"player_choice":"Take Damage","damage_taken":20,"relics_obtained":["Golden Idol"],"max_hp_gain":0,"max_hp_loss":0,"event_name":"Golden Idol","floor":3,"gold_loss":0},{"damage_healed":0,"gold_gain":0,"player_choice":"Success","damage_taken":12,"relics_obtained":["Vajra"],"max_hp_gain":0,"max_hp_loss":0,"event_name":"Scrap Ooze","floor":5,"gold_loss":0},{"damage_healed":0,"gold_gain":0,"player_choice":"Read","damage_taken":0,"max_hp_gain":0,"max_hp_loss":0,"event_name":"The Library","floor":20,"gold_loss":0,"cards_obtained":["VampireClaw"]},{"cards_removed":["VampireClaw"],"damage_healed":8,"gold_gain":0,"player_choice":"Offered Uncommon","damage_taken":0,"max_hp_gain":0,"max_hp_loss":0,"event_name":"Bonfire Elementals","floor":39,"gold_loss":0},{"damage_healed":0,"gold_gain":0,"cards_transformed":["Defend_RM"],"player_choice":"Transformed","damage_taken":0,"max_hp_gain":0,"max_hp_loss":0,"event_name":"Transmorgrifier","floor":41,"gold_loss":0,"cards_obtained":["CurseOfVladTepes"]},{"damage_healed":0,"gold_gain":0,"player_choice":"Ignored","damage_taken":0,"max_hp_gain":0,"max_hp_loss":0,"event_name":"Tomb of Lord Red Mask","floor":47,"gold_loss":0},{"damage_healed":0,"gold_gain":0,"player_choice":"Memory 1","damage_taken":0,"max_hp_gain":0,"max_hp_loss":0,"event_name":"SensoryStone","floor":48,"gold_loss":0}],"is_beta":false,"boss_relics":[{"not_picked":["Empty Cage","Astrolabe"],"picked":"APieceOfRedMist"},{"not_picked":["Sozu","Black Star"],"picked":"ScarletEmblem"}],"items_purged_floors":[38],"is_endless":false,"potions_floor_spawned":[1,7,11,13,14,18,21,24,28,29,33,36],"ascension_level":9}}