{"host":"yx5rao87132cy5xq","time":1612621695,"event":{"mods":["2.2 Compatiblity","AchievementEnabler","BaseMod","Bestiary","Colored Map","Colored Powertips","Minty Spire (QoL Compilation)","Quick Restart","Relic Stats","Slay-I","SuperFastMode"],"gold_per_floor":[114,114,134,134,154,154,181,181,207,207,235,254,8,8,8],"floor_reached":14,"language":"ENG","playtime":1855,"items_purged":["Strike_R"],"score":181,"play_id":"cbfa1bf3-f5cb-4a5a-a39d-77fdb577891b","local_time":"20210206152815","is_ascension_mode":true,"campfire_choices":[{"data":"Shrug It Off","floor":6,"key":"SMITH"},{"floor":8,"key":"REST"}],"circlet_count":0,"master_deck":["AscendersBane","Strike_R","Strike_R","Strike_R","Defend_R","Defend_R","Defend_R","Defend_R","Bash","Intimidate","Shrug It Off+1","Thunderclap+1","Pummel+1","Iron Wave","Clothesline","Cleave"],"relics":["Burning Blood","Juzu Bracelet","Ancient Tea Set","Whetstone","GremlinMask","Mummified Hand","OrangePellets"],"acts_visited":["Exordium"],"potions_floor_usage":[14],"damage_taken":[{"damage":10.0,"enemies":"2 Louse","floor":1.0,"turns":2.0},{"damage":17.0,"enemies":"Cultist","floor":3.0,"turns":5.0},{"damage":1.0,"enemies":"Small Slimes","floor":5.0,"turns":4.0},{"damage":39,"enemies":"3 Sentries","floor":7,"turns":11},{"damage":24,"enemies":"Gremlin Nob","floor":11,"turns":5},{"damage":9,"enemies":"3 Louse","floor":12,"turns":3},{"damage":28,"enemies":"3 Sentries","floor":14,"turns":7}],"seed_played":"6733309212498692952","potions_obtained":[{"floor":0.0,"key":"Energy Potion"},{"floor":0.0,"key":"Weak Potion"},{"floor":3.0,"key":"SkillPotion"}],"is_trial":false,"path_per_floor":["M","?","M","?","M","R","E","R","T","?","E","M","$","E"],"character_chosen":"IRONCLAD","items_purchased":["OrangePellets"],"campfire_rested":1,"item_purchase_floors":[13],"current_hp_per_floor":[64,64,53,53,58,58,25,47,47,47,29,26,26,0,0],"gold":8,"neow_bonus":"THREE_SMALL_POTIONS","is_daily":false,"chose_seed":false,"campfire_upgraded":1,"win_rate":0.0,"timestamp":1612621695,"path_taken":["M","?","M","?","M","R","E","R","T","?","E","M","?","E"],"items_purchased_type":["Relic"],"build_version":"2020-12-22","purchased_purges":1,"victory":false,"max_hp_per_floor":[75,75,75,75,75,75,75,75,75,75,75,75,75,75,75],"relic_stats":{"OrangePellets":[0],"counters":[7,37],"Mummified Hand":[0],"Juzu Bracelet":2,"Whetstone":["Thunderclap","Pummel"],"obtain_stats":[{"OrangePellets":13,"Mummified Hand":11,"GremlinMask":10,"Juzu Bracelet":2,"Whetstone":9,"Ancient Tea Set":7,"Burning Blood":0},{"OrangePellets":6,"Mummified Hand":5,"GremlinMask":4,"Juzu Bracelet":1,"Whetstone":4,"Ancient Tea Set":4,"Burning Blood":0},{"OrangePellets":30,"Mummified Hand":27,"GremlinMask":22,"Juzu Bracelet":2,"Whetstone":22,"Ancient Tea Set":22,"Burning Blood":0}],"Burning Blood":36},"card_choices":[{"not_picked":["Clash","True Grit"],"picked":"Intimidate","floor":1.0},{"not_picked":["Pommel Strike","Blood for Blood"],"picked":"Shrug It Off","floor":3.0},{"not_picked":["Sentinel","Warcry"],"picked":"Pummel","floor":5.0},{"not_picked":["Seeing Red","Double Tap"],"picked":"Iron Wave","floor":7},{"not_picked":["Bloodletting","Seeing Red"],"picked":"Clothesline","floor":11},{"not_picked":["Body Slam","Rampage"],"picked":"Cleave","floor":12}],"player_experience":992685,"relics_obtained":[{"floor":7,"key":"Ancient Tea Set"},{"floor":9,"key":"Whetstone"},{"floor":11,"key":"Mummified Hand"}],"event_choices":[{"damage_healed":0.0,"max_hp_gain":0.0,"max_hp_loss":0.0,"gold_gain":0.0,"event_name":"WeMeetAgain","player_choice":"Gave Potion","floor":2.0,"gold_loss":0.0,"damage_taken":0.0,"relics_obtained":["Juzu Bracelet"]},{"damage_healed":0.0,"max_hp_gain":0.0,"max_hp_loss":0.0,"gold_gain":0.0,"cards_transformed":["Strike_R"],"event_name":"Transmorgrifier","player_choice":"Transformed","floor":4.0,"gold_loss":0.0,"damage_taken":0.0,"cards_obtained":["Thunderclap"]},{"damage_healed":0,"gold_gain":0,"player_choice":"Trade","damage_taken":0,"relics_obtained":["GremlinMask"],"max_hp_gain":0,"max_hp_loss":0,"event_name":"FaceTrader","floor":10,"gold_loss":0}],"is_beta":false,"boss_relics":[],"items_purged_floors":[13],"is_endless":false,"potions_floor_spawned":[3,12],"killed_by":"3 Sentries","ascension_level":17}}