{"host":"ehgz297skgb1u9fr","time":1612570682,"event":{"mods":["2.2 Compatiblity","Act Like it!","Aspiration","BaseMod","Better Note","Conspire","Energized Spire","Hubris","Minty Spire (QoL Compilation)","RRrroohrrRGHHhhh!!","Reliquary","Replay The Spire","Retaliation","Shop Mod","StSLib","Wandering Minibosses","Wide Potions"],"gold_per_floor":[109,109,121,137,312,345,345,345,345],"floor_reached":8,"language":"ENG","playtime":333,"items_purged":[],"score":59,"play_id":"a404bf2d-910f-4ae1-8b98-080f07d6dfbe","local_time":"20210205181802","is_ascension_mode":true,"campfire_choices":[{"data":"rorgmod:Storm of Steel","floor":7,"key":"SMITH"}],"circlet_count":0,"master_deck":["Strike_G+1","Strike_G+1","Strike_G","Strike_G","Strike_G","Defend_G","Defend_G","Defend_G","Defend_G","Defend_G","Survivor","Neutralize","rorgmod:Storm of Steel+1","hubris:SlightOfHand","Malaise","Doubt"],"relics":["Ring of the Snake","NeowsBlessing","reliquary:Buckler"],"acts_visited":["Exordium"],"potions_floor_usage":[6],"damage_taken":[{"damage":0,"enemies":"2 Louse","floor":1,"turns":1},{"damage":0,"enemies":"Cultist","floor":3,"turns":1},{"damage":0,"enemies":"conspire:RoseBush","floor":4,"turns":1},{"damage":58,"enemies":"Gremlin Nob","floor":6,"turns":8},{"damage":18,"enemies":"3 Sentries","floor":8,"turns":4}],"seed_played":"7087896409186782092","potions_obtained":[{"floor":4,"key":"Languid Potion"}],"is_trial":false,"path_per_floor":["M","?","M","M","?","E","R","E"],"character_chosen":"THE_SILENT","items_purchased":[],"campfire_rested":0,"item_purchase_floors":[],"current_hp_per_floor":[70,70,70,70,70,12,12,0,0],"gold":345,"neow_bonus":"THREE_ENEMY_KILL","is_daily":false,"chose_seed":false,"campfire_upgraded":1,"win_rate":0.0,"timestamp":1612570682,"path_taken":["M","?","?","M","?","E","R","E"],"items_purchased_type":[],"build_version":"2020-12-22","purchased_purges":0,"victory":false,"max_hp_per_floor":[70,70,70,70,70,70,70,70,70],"card_choices":[{"not_picked":["hubris:SlightOfHand","ReplayTheSpireMod:Tripwire","Outmaneuver"],"picked":"SKIP","floor":1},{"not_picked":["Caltrops","Blade Dance"],"picked":"hubris:SlightOfHand","floor":3},{"not_picked":["Dagger Spray","Footwork"],"picked":"Malaise","floor":4},{"not_picked":["Dodge and Roll","PiercingWail","Sneak Up"],"picked":"SKIP","floor":6}],"player_experience":420940,"relics_obtained":[{"floor":6,"key":"reliquary:Buckler"}],"event_choices":[{"damage_healed":0,"gold_gain":0,"player_choice":"1 cards matched","damage_taken":0,"max_hp_gain":0,"max_hp_loss":0,"event_name":"Match and Keep!","floor":2,"gold_loss":0,"cards_obtained":["rorgmod:Storm of Steel"]},{"damage_healed":0,"gold_gain":175,"player_choice":"AGREE","damage_taken":0,"max_hp_gain":0,"max_hp_loss":0,"event_name":"Liars Game","floor":5,"gold_loss":0,"cards_obtained":["Doubt"]}],"is_beta":false,"boss_relics":[],"items_purged_floors":[],"is_endless":false,"potions_floor_spawned":[4],"killed_by":"3 Sentries","ascension_level":1}}