{"host":"vfjw5z5u57sxa51v","time":1612644110,"event":{"mods":["AchievementEnabler","Act Like it!","Aspiration","BaseMod","Better Altar","Better Match","Better Note","Better Sensory Stone","Better Skull","Better Synergies","Better Third Choice","BetterRewards","CCEM2","Colored Map","Conspire","Dota2Spire","Downfall","GifTheSpireLib","GungeonMod","Halation","Hallownest","Hermit","Highlight Path","Hubris","Hunter ??","Infinite Spire","Jedi Mod","Jorbs\u0027s Wanderer Trilogy","Mad Scientist","Minty Spire (QoL Compilation)","Permanent Neow","Replay The Spire","Shop Mod","Spicy Shops","StSLib","Stuff the Spire","The Blackbeard","The Bug Knight","The Cursed","The Disciple","The Gatherer","The Saiyan","Unceasing Turn Reminder","everything is the same but u backflip on backflip"],"gold_per_floor":[110,127,146,246,246,275,13,30,30,30,45,69,69,96,96,201,201,216,229,241,251,251,251,269,295,307,338,350,362,389,435,447,558,570,595,607,619,651,675,715,727,739,777,824,836,848,860,886,925,937,949,961],"floor_reached":53,"language":"DEU","playtime":2730,"items_purged":[],"score":1127,"play_id":"95cf8023-38bc-4d08-a063-d5caba1634d6","local_time":"20210206214150","is_ascension_mode":false,"campfire_choices":[{"floor":13,"key":"REST"},{"data":"Limit Break","floor":23,"key":"SMITH"},{"data":"infinitespire:UltimateForm","floor":32,"key":"SMITH"},{"data":"MadScienceMod:Assemble","floor":41,"key":"SMITH"},{"data":"MadScienceMod:Weaponize","floor":45,"key":"SMITH"},{"data":"MadScienceMod:GatherParts","floor":51,"key":"SMITH"}],"circlet_count":0,"master_deck":["MadScienceMod:Strike_MadScience","MadScienceMod:Strike_MadScience","MadScienceMod:Strike_MadScience+1","MadScienceMod:Strike_MadScience","MadScienceMod:Defend_MadScience","MadScienceMod:Defend_MadScience","MadScienceMod:Defend_MadScience+1","MadScienceMod:Defend_MadScience","MadScienceMod:PoweredStrike","MadScienceMod:HideBehindJunk","MadScienceMod:AntimatterBomb","MadScienceMod:AutoStrike","MadScienceMod:Tinker","downfall:Haunted","downfall:Haunted","Decay","Regret","Voices","Limit Break+1","MadScienceMod:RecyclingStation+1","MadScienceMod:MechanicalClaw","MadScienceMod:MinatureWeapons","MadScienceMod:ImposingConstruct","MadScienceMod:GlassCannon","MadScienceMod:ParticleBeam","MadScienceMod:Weaponize+1","MadScienceMod:Booster","MadScienceMod:JunkLaser","infinitespire:UltimateForm+1","MadScienceMod:AutoStrike","MadScienceMod:Assemble+1","MadScienceMod:TimeDilationField+1","infinitespire:Punishment","MadScienceMod:OilDrum","MadScienceMod:ExploreOptions","hubris:NaturalOne","MadScienceMod:RecyclingStation","MadScienceMod:MakeOrBreak","MadScienceMod:GatherParts+1","Pain"],"relics":["MadScienceMod:FuelTank","aspiration:Nostalgia","m_SeaBlood","Du-Vu Doll","hubris:Icosahedron","halation:BottledLove","infinitespire:CheckeredPen","DemoMod:MonsterBlood","CCEMRelics:TeddyBear","infinitespire:Broken Mirror","hubris:ScarierMask","MawBank","infinitespire:ShieldingShard","Anchor","halation:LostSnail","hubris:BlackHole","Replay:Ringing Soul","conspire:RunicOctahedron","SlaversCollar","Darkstone Periapt","Matryoshka","halation:EternalFortune","conspire:TopHat","halation:AfternoonTea","infinitespire:EmpoweringShard","HollowMod:LifeEnderRelic","WarpedTongs"],"acts_visited":["Exordium","TheCity","TheBeyond"],"potions_floor_usage":[8,8,8,14,18,21,24],"damage_taken":[{"damage":0,"enemies":"Cultist","floor":1,"turns":4},{"damage":0,"enemies":"Small Slimes","floor":2,"turns":4},{"damage":0,"enemies":"2 Louse","floor":3,"turns":3},{"damage":33,"enemies":"Lagavulin","floor":6,"turns":6},{"damage":19,"enemies":"Exordium Wildlife","floor":8,"turns":4},{"damage":2,"enemies":"3 Louse","floor":11,"turns":3},{"damage":1,"enemies":"Gremlin Nob","floor":14,"turns":3},{"damage":64,"enemies":"Fading Forest","floor":16,"turns":11},{"damage":26,"enemies":"Shell Parasite","floor":18,"turns":4},{"damage":0,"enemies":"2 Thieves","floor":19,"turns":2},{"damage":7,"enemies":"3 Cultists","floor":20,"turns":4},{"damage":3,"enemies":"Snecko","floor":21,"turns":4},{"damage":21,"enemies":"Centurion and Healer","floor":24,"turns":4},{"damage":8,"enemies":"3 Cultists","floor":27,"turns":4},{"damage":0,"enemies":"Snake Plant","floor":30,"turns":2},{"damage":0,"enemies":"Book of Stabbing","floor":31,"turns":2},{"damage":21,"enemies":"conspire:MysteriousRune","floor":33,"turns":6},{"damage":0,"enemies":"3 Darklings","floor":35,"turns":1},{"damage":0,"enemies":"3 Shapes","floor":38,"turns":1},{"damage":0,"enemies":"Maw","floor":39,"turns":4},{"damage":0,"enemies":"HollowMod:StalkingDevout","floor":40,"turns":3},{"damage":0,"enemies":"R_Hoarder","floor":44,"turns":3},{"damage":0,"enemies":"3 Darklings","floor":48,"turns":2},{"damage":0,"enemies":"Reptomancer","floor":49,"turns":2},{"damage":35,"enemies":"Time Eater","floor":52,"turns":5}],"seed_played":"-6952445666819835981","potions_obtained":[{"floor":6,"key":"Reflective Coating"},{"floor":11,"key":"Adrenaline Potion"},{"floor":16,"key":"SpeedPotion"},{"floor":19,"key":"FearPotion"},{"floor":21,"key":"Dexterity Potion"},{"floor":24,"key":"champ:CounterPotion"},{"floor":27,"key":"PowerPotion"},{"floor":33,"key":"Flashbang"}],"is_trial":false,"path_per_floor":["M","M","M","?","?","E","$","M","T","?","M","T","R","E","R_BF","B",null,"M","M","M","M","?","R","M","T","T","M","?","AVR","M","E","R","B",null,"M","?","AVR","M","M","E","R","?","T","E","R","PTL","PTL","M","E","?","R","B",null],"character_chosen":"MAD_SCIENTIST","items_purchased":["infinitespire:CheckeredPen"],"campfire_rested":1,"item_purchase_floors":[7],"current_hp_per_floor":[75,75,75,80,80,53,53,40,47,30,34,34,60,65,87,29,87,67,73,72,75,75,75,60,60,60,58,50,50,56,65,65,53,93,96,96,99,102,105,114,114,117,117,117,117,117,117,120,123,132,132,103],"gold":973,"neow_bonus":"NOSTALGIA","is_daily":false,"chose_seed":false,"campfire_upgraded":5,"win_rate":0.0,"timestamp":1612644110,"path_taken":["M","M","?","?","?","E","?","M","T","?","M","?","R","E","R_BF","BOSS","M","M","M","M","?","R","M","?","T","?","?","AVR","M","E","R","BOSS","M","?","AVR","?","M","E","R","?","T","E","R","PTL","PTL","M","E","?","R","BOSS"],"items_purchased_type":["Relic"],"build_version":"2020-12-22","purchased_purges":0,"victory":true,"max_hp_per_floor":[75,75,75,80,80,80,80,80,87,87,87,87,87,87,87,87,87,87,87,87,87,87,87,87,87,87,87,87,87,87,90,90,93,93,96,96,99,102,105,114,114,117,117,117,117,117,117,120,123,132,132,132],"card_choices":[{"not_picked":["MadScienceMod:LightOnFire","MadScienceMod:Virus"],"picked":"MadScienceMod:AntimatterBomb","floor":1},{"not_picked":["MadScienceMod:Sprocket","Heavy Blade"],"picked":"MadScienceMod:AutoStrike","floor":2},{"not_picked":["MadScienceMod:BoxOfScraps","MadScienceMod:FumeBlast"],"picked":"MadScienceMod:Tinker","floor":3},{"not_picked":["MadScienceMod:EnergyBarrier","MadScienceMod:Detonate"],"picked":"MadScienceMod:RecyclingStation","floor":6},{"not_picked":["MadScienceMod:Poke","MadScienceMod:Tune"],"picked":"MadScienceMod:MechanicalClaw","floor":8},{"not_picked":["Heavy Blade","MadScienceMod:EnergyBarrier"],"picked":"MadScienceMod:MinatureWeapons","floor":11},{"not_picked":["MadScienceMod:MechanicalClaw","MadScienceMod:LightOnFire"],"picked":"MadScienceMod:ImposingConstruct","floor":14},{"not_picked":["MadScienceMod:LabAccident","MadScienceMod:Automate"],"picked":"MadScienceMod:GlassCannon","floor":16},{"not_picked":["MadScienceMod:AcidSpray","MadScienceMod:AntimatterBomb"],"picked":"MadScienceMod:ParticleBeam","floor":18},{"not_picked":["MadScienceMod:BandageBot","MadScienceMod:Strafe"],"picked":"MadScienceMod:Weaponize","floor":19},{"not_picked":["MadScienceMod:Weaponize","MadScienceMod:Tune+1"],"picked":"MadScienceMod:Booster","floor":20},{"not_picked":["MadScienceMod:TimeDilationField","MadScienceMod:Redesign"],"picked":"MadScienceMod:JunkLaser","floor":21},{"not_picked":["MadScienceMod:AntimatterBomb","MadScienceMod:FlameCannon","MadScienceMod:Sprocket"],"picked":"SKIP","floor":24},{"not_picked":["MadScienceMod:Detonate+1","MadScienceMod:EnergyBarrier","MadScienceMod:FlammableWall"],"picked":"SKIP","floor":27},{"not_picked":["MadScienceMod:Sprocket","MadScienceMod:Strafe","MadScienceMod:BandageBot"],"picked":"SKIP","floor":30},{"not_picked":["MadScienceMod:Detonate","MadScienceMod:GoldenGun"],"picked":"MadScienceMod:AutoStrike","floor":31},{"not_picked":["MadScienceMod:Tinker","MadScienceMod:Reconstitute"],"picked":"MadScienceMod:Assemble","floor":33},{"not_picked":["MadScienceMod:Refuel","MadScienceMod:FlameCannon"],"picked":"MadScienceMod:TimeDilationField+1","floor":35},{"not_picked":["MadScienceMod:Sprocket","MadScienceMod:FlameCannon+1"],"picked":"MadScienceMod:OilDrum","floor":38},{"not_picked":["MadScienceMod:MinatureWeapons","MadScienceMod:NowOrNever+1"],"picked":"MadScienceMod:ExploreOptions","floor":39},{"not_picked":["MadScienceMod:RadioactiveSword","MadScienceMod:OmniHammer"],"picked":"MadScienceMod:RecyclingStation","floor":40},{"not_picked":["MadScienceMod:EnergyBarrier+1","MadScienceMod:ParticleBeam","MadScienceMod:FlexibleSpear"],"picked":"SKIP","floor":44},{"not_picked":["MadScienceMod:Bombardment","MadScienceMod:Sprocket"],"picked":"MadScienceMod:MakeOrBreak","floor":48},{"not_picked":["MadScienceMod:AntimatterBomb","MadScienceMod:Strafe"],"picked":"MadScienceMod:GatherParts","floor":49}],"player_experience":38575,"relics_obtained":[{"floor":6,"key":"halation:BottledLove"},{"floor":9,"key":"DemoMod:MonsterBlood"},{"floor":12,"key":"CCEMRelics:TeddyBear"},{"floor":14,"key":"infinitespire:Broken Mirror"},{"floor":25,"key":"MawBank"},{"floor":26,"key":"infinitespire:ShieldingShard"},{"floor":31,"key":"Replay:Ringing Soul"},{"floor":40,"key":"Matryoshka"},{"floor":43,"key":"conspire:TopHat"},{"floor":43,"key":"halation:AfternoonTea"},{"floor":44,"key":"infinitespire:EmpoweringShard"},{"floor":49,"key":"HollowMod:LifeEnderRelic"}],"event_choices":[{"damage_healed":47,"gold_gain":0,"player_choice":"Upgrade","damage_taken":17,"max_hp_gain":0,"max_hp_loss":87,"event_name":"betterThird:BetterShining","floor":10,"gold_loss":0,"cards_upgraded":["MadScienceMod:Defend_MadScience","MadScienceMod:Strike_MadScience"]},{"cards_removed":["downfall:Haunted"],"damage_healed":0,"gold_gain":0,"player_choice":"Give","damage_taken":0,"max_hp_gain":0,"max_hp_loss":0,"event_name":"betterNote:BetterNote","floor":22,"gold_loss":0,"cards_obtained":["conspire:Charge"]},{"damage_healed":0,"gold_gain":0,"player_choice":"Anchor","damage_taken":0,"relics_obtained":["Anchor"],"max_hp_gain":0,"max_hp_loss":0,"event_name":"blackbeard:ShipwreckEvent","floor":28,"gold_loss":0},{"damage_healed":0,"gold_gain":0,"player_choice":"Bought 0 Potions","damage_taken":0,"max_hp_gain":0,"max_hp_loss":0,"event_name":"The Woman in Blue","floor":36,"gold_loss":0},{"damage_healed":0,"gold_gain":0,"player_choice":"Rummage","damage_taken":0,"relics_obtained":["WarpedTongs"],"max_hp_gain":0,"max_hp_loss":0,"event_name":"Accursed Blacksmith","floor":50,"gold_loss":0,"cards_obtained":["Pain"]}],"is_beta":false,"boss_relics":[{"not_picked":["halation:HeavySnake","Busted Crown"],"picked":"hubris:ScarierMask"},{"not_picked":["Fusion Hammer","Cursed Key"],"picked":"conspire:RunicOctahedron"}],"items_purged_floors":[],"is_endless":false,"potions_floor_spawned":[6,11,16,19,21,24,27,33,35,39,44,48],"ascension_level":0}}