{"host":"0r2yuz9akuqaukjg","time":1612585095,"event":{"mods":["2.2 Compatiblity","AchievementEnabler","BaseMod","Downfall","Hermit","Infinite Spire","Jorbs\u0027s Wanderer Trilogy","Minty Spire (QoL Compilation)","Reliquary","Replay The Spire","Spicy Shops","StSLib","The Construct","The Cursed","The Disciple","The Hierophant","The Jungle","The Marked","The Mystic","The Runesmith","The Servant 0.9.4"],"gold_per_floor":[114,64,40,40,58,83,83,97,97,117,135,135,155,172,172,270,270,284,55,105,120,138,172,172,21,98,114,114,114,133,158,158,261,261,276,276,294,294,340,340,340,340,352,352,378,428,428,428,428,428,428,428],"floor_reached":53,"language":"ENG","playtime":5627,"items_purged":["Regret"],"score":720,"play_id":"3c187e52-0723-42ef-8fe5-47bded918266","local_time":"20210205221815","daily_mods":["Draft"],"is_ascension_mode":false,"campfire_choices":[{"data":"True Grit","floor":7,"key":"SMITH"},{"data":"Body Slam","floor":12,"key":"SMITH"},{"data":"Body Slam","floor":15,"key":"SMITH"},{"data":"True Grit","floor":24,"key":"SMITH"},{"data":"True Grit","floor":29,"key":"SMITH"},{"floor":32,"key":"REST"},{"data":"infinitespire:NeuralNetwork","floor":42,"key":"SMITH"},{"data":"ReplayTheSpireMod:Scrap Shanks","floor":44,"key":"SMITH"},{"data":"Juggernaut","floor":47,"key":"SMITH"},{"data":"Dark Embrace","floor":49,"key":"SMITH"}],"circlet_count":0,"master_deck":["Shrug It Off","Defy Death","True Grit+1","Dark Embrace+1","True Grit+1","Flex","True Grit+1","Body Slam+1","Infernal Blade","Warcry","Body Slam+1","Defy Death","Replay:Undeath\u0027s Touch","Shrug It Off","ReplayTheSpireMod:Strike From Hell","infinitespire:OneForAll","Defy Death","Double Tap+1","Juggernaut+1","Entrench","Mind Blast","infinitespire:NeuralNetwork+1","ReplayTheSpireMod:Scrap Shanks+1"],"relics":["Burning Blood","Pear","reliquary:Boomerang","reliquary:Aerogel","bronze:MakeshiftBattery","ClockworkSouvenir","champ:DeflectingBracers","Slimebound:StickyStick","reliquary:PrincelyHelmet","PrismaticShard","reliquary:PorcupineQuills","Philosopher\u0027s Stone","construct:FoamFinger","WingedGreaves","reliquary:SilkGlove","Ice Cream","Blue Candle"],"acts_visited":["Exordium","TheCity","TheBeyond"],"potions_floor_usage":[16,16,23,31,33,33,33,52,52],"damage_taken":[{"damage":0,"enemies":"Cultist","floor":1,"turns":4},{"damage":4,"enemies":"Jaw Worm","floor":5,"turns":3},{"damage":5,"enemies":"Lagavulin","floor":6,"turns":6},{"damage":0,"enemies":"Small Slimes","floor":8,"turns":3},{"damage":5,"enemies":"Red Slaver","floor":10,"turns":4},{"damage":5,"enemies":"Blue Slaver","floor":11,"turns":3},{"damage":0,"enemies":"Exordium Thugs","floor":13,"turns":4},{"damage":0,"enemies":"2 Fungi Beasts","floor":14,"turns":4},{"damage":7,"enemies":"Fading Forest","floor":16,"turns":11},{"damage":10,"enemies":"3 Byrds","floor":18,"turns":4},{"damage":3,"enemies":"Chosen","floor":21,"turns":5},{"damage":0,"enemies":"3 Cultists","floor":22,"turns":3},{"damage":26,"enemies":"Book of Stabbing","floor":23,"turns":5},{"damage":11,"enemies":"Cultist and Chosen","floor":27,"turns":4},{"damage":22,"enemies":"Snecko","floor":30,"turns":4},{"damage":15,"enemies":"Slavers","floor":31,"turns":4},{"damage":0,"enemies":"Collector","floor":33,"turns":7},{"damage":0,"enemies":"3 Darklings","floor":35,"turns":2},{"damage":3,"enemies":"3 Shapes","floor":37,"turns":3},{"damage":0,"enemies":"2 Orb Walkers","floor":39,"turns":3},{"damage":0,"enemies":"Writhing Mass","floor":43,"turns":3},{"damage":0,"enemies":"Mind Bloom Boss Battle","floor":46,"turns":4},{"damage":4,"enemies":"Donu and Deca","floor":52,"turns":4}],"seed_played":"7779025220559030589","potions_obtained":[{"floor":5,"key":"SpeedPotion"},{"floor":6,"key":"Elixir"},{"floor":8,"key":"ColorlessPotion"},{"floor":18,"key":"FearPotion"},{"floor":21,"key":"SkillPotion"},{"floor":23,"key":"Weak Potion"},{"floor":31,"key":"LifebloodPotion"},{"floor":37,"key":"SpeedPotion"},{"floor":43,"key":"Energy Potion"},{"floor":46,"key":"Reflective Coating"}],"is_trial":true,"path_per_floor":["M","?","$","?","M","E","R","M","T","M","M","R","M","M","R","B",null,"M","$","?","M","M","E","R","$","T","M","AVR","R","M","E","R","B",null,"M","?","M","T","?","PTL","PTL","R","M","R","T","?","R","?","R","?","R","B",null],"character_chosen":"IRONCLAD","items_purchased":["ReplayTheSpireMod:Strike From Hell","Entrench","ClockworkSouvenir","Mind Blast","Slimebound:StickyStick"],"campfire_rested":1,"item_purchase_floors":[3,19,19,25,25],"current_hp_per_floor":[80,80,80,90,90,90,90,90,90,90,90,90,90,90,90,90,90,86,86,86,89,90,70,70,70,70,65,65,65,49,40,67,73,90,90,68,71,71,77,77,77,77,83,83,83,89,89,84,84,84,90,90],"gold":428,"neow_bonus":"","is_daily":false,"chose_seed":false,"campfire_upgraded":9,"win_rate":0.0,"timestamp":1612585095,"path_taken":["M","?","$","?","M","E","R","M","T","M","M","R","?","M","R","BOSS","M","$","?","?","M","E","R","$","T","M","AVR","R","M","E","R","BOSS","M","?","M","?","?","PTL","PTL","R","M","R","T","?","R","?","R","?","R","BOSS"],"items_purchased_type":["Card","Card","Relic","Card","Relic"],"build_version":"2020-12-22","purchased_purges":1,"victory":true,"max_hp_per_floor":[80,80,80,90,90,90,90,90,90,90,90,90,90,90,90,90,90,90,90,90,90,90,90,90,90,90,90,90,90,90,90,90,90,90,90,90,90,90,90,90,90,90,90,90,90,90,90,90,90,90,90,90],"card_choices":[{"not_picked":["Burning Pact","Ghostly Armor"],"picked":"Shrug It Off","floor":0},{"not_picked":["Warcry","Perfected Strike"],"picked":"Defy Death","floor":0},{"not_picked":["Flame Barrier","Anger"],"picked":"Havoc","floor":0},{"not_picked":["Evolve","Iron Wave"],"picked":"True Grit","floor":0},{"not_picked":["Entrench","Headbutt"],"picked":"Thunderclap","floor":0},{"not_picked":["Perfected Strike","Cleave"],"picked":"Dark Embrace","floor":0},{"not_picked":["Pommel Strike","Searing Blow"],"picked":"True Grit","floor":0},{"not_picked":["Replay:Undeath\u0027s Touch","Abandon"],"picked":"Flex","floor":0},{"not_picked":["Armaments","Disarm"],"picked":"True Grit","floor":0},{"not_picked":["Intimidate","Clash"],"picked":"Body Slam","floor":0},{"not_picked":["Reckless Charge","Spot Weakness"],"picked":"Infernal Blade","floor":0},{"not_picked":["Sword Boomerang","Pommel Strike"],"picked":"Warcry","floor":0},{"not_picked":["Clash","Clothesline"],"picked":"Body Slam","floor":0},{"not_picked":["Sword Boomerang","Sever Soul"],"picked":"Defy Death","floor":0},{"not_picked":["Wild Strike","Life Link"],"picked":"Replay:Undeath\u0027s Touch","floor":0},{"not_picked":["Thunderclap","ReplayTheSpireMod:Muscle Training"],"picked":"Shrug It Off","floor":1},{"not_picked":["Armaments","Heavy Blade"],"picked":"infinitespire:OneForAll","floor":5},{"not_picked":["Havoc","ReplayTheSpireMod:Stacked","Cleave"],"picked":"SKIP","floor":6},{"not_picked":["Massacre","Anger","Havoc"],"picked":"SKIP","floor":8},{"not_picked":["Evolve","Power Through","ReplayTheSpireMod:Corrosion Curse"],"picked":"SKIP","floor":10},{"not_picked":["Disarm","Sentinel"],"picked":"Defy Death","floor":11},{"not_picked":["Dual Wield","Burning Pact"],"picked":"Double Tap","floor":13},{"not_picked":["Twin Strike","ReplayTheSpireMod:Stacked","ReplayTheSpireMod:Muscle Training"],"picked":"SKIP","floor":14},{"not_picked":["Exhume","Bludgeon"],"picked":"Juggernaut","floor":16},{"not_picked":["Body Slam","Pommel Strike+1","Thunderclap"],"picked":"SKIP","floor":18},{"not_picked":["Anger","ReplayTheSpireMod:LeadingStrike","infinitespire:OneForAll"],"picked":"SKIP","floor":21},{"not_picked":["Heavy Blade","Entrench","Defy Death"],"picked":"SKIP","floor":22},{"not_picked":["Iron Wave","Sword Boomerang","Hemogenesis"],"picked":"SKIP","floor":23},{"not_picked":["Replay:Undeath\u0027s Touch","ReplayTheSpireMod:Limb From Limb","Sword Boomerang"],"picked":"SKIP","floor":27},{"not_picked":["hermit:TrackingShot","mysticmod:PureInstinct+1","mysticmod:Disengage"],"picked":"SKIP","floor":30},{"not_picked":["hexamod:HeatMetal","hierophant:Zeal","Tantrum"],"picked":"SKIP","floor":31},{"not_picked":["TheCursedMod:SoulReap","Slimebound:LevelUp+1","Runesmith:HeatExchange+1"],"picked":"SKIP","floor":35},{"not_picked":["ReplayTheSpireMod:Black Plague","infinitespire:FinalStrike"],"picked":"infinitespire:NeuralNetwork","floor":36},{"not_picked":["Slimebound:SplitBruiser+1","construct:QuickAttack+1","bronze:Shield+1"],"picked":"SKIP","floor":37},{"not_picked":["sneckomod:IronFang","TheCursedMod:CursedArmor+1"],"picked":"ReplayTheSpireMod:Scrap Shanks","floor":43}],"player_experience":33893,"relics_obtained":[{"floor":6,"key":"reliquary:Boomerang"},{"floor":9,"key":"reliquary:Aerogel"},{"floor":23,"key":"champ:DeflectingBracers"},{"floor":26,"key":"reliquary:PrincelyHelmet"},{"floor":31,"key":"reliquary:PorcupineQuills"},{"floor":38,"key":"construct:FoamFinger"},{"floor":39,"key":"WingedGreaves"},{"floor":45,"key":"reliquary:SilkGlove"},{"floor":46,"key":"Ice Cream"}],"event_choices":[{"cards_removed":["Havoc"],"damage_healed":0,"gold_gain":0,"player_choice":"Card Removal","damage_taken":0,"max_hp_gain":0,"max_hp_loss":0,"event_name":"The Cleric","floor":2,"gold_loss":50},{"cards_removed":["Thunderclap"],"damage_healed":0,"gold_gain":0,"player_choice":"Gave Card","damage_taken":0,"relics_obtained":["Pear"],"max_hp_gain":0,"max_hp_loss":0,"event_name":"WeMeetAgain","floor":4,"gold_loss":0},{"damage_healed":0,"gold_gain":100,"player_choice":"Bet on Murderer","damage_taken":0,"max_hp_gain":0,"max_hp_loss":0,"event_name":"The Joust","floor":20,"gold_loss":50},{"damage_healed":0,"gold_gain":0,"player_choice":"Fight","damage_taken":0,"max_hp_gain":0,"max_hp_loss":0,"event_name":"Mysterious Sphere","floor":39,"gold_loss":0},{"damage_healed":0,"gold_gain":0,"player_choice":"Fight","damage_taken":0,"max_hp_gain":0,"max_hp_loss":0,"event_name":"MindBloom","floor":46,"gold_loss":0},{"damage_healed":0,"gold_gain":0,"player_choice":"Ignored","damage_taken":0,"max_hp_gain":0,"max_hp_loss":0,"event_name":"Transmorgrifier","floor":50,"gold_loss":0}],"is_beta":false,"boss_relics":[{"not_picked":["Fusion Hammer","Coffee Dripper"],"picked":"bronze:MakeshiftBattery"},{"not_picked":["Replay:Drink Me","reliquary:Ember"],"picked":"Philosopher\u0027s Stone"}],"items_purged_floors":[28],"is_endless":false,"potions_floor_spawned":[5,6,8,11,13,18,21,23,31,37,43,46],"ascension_level":0}}