{"host":"9tzam4717zt8ei1o","time":1612584615,"event":{"mods":["BaseMod","Colored Map","Keyboard Shortcuts","Minty Spire (QoL Compilation)","Quick Restart","StSLib","SuperFastMode"],"gold_per_floor":[216,45,63,63,81,81,94,94,117,117,130,162,162,192,192,269,269,287,287,299,317,327,360,360,392,465,483,483,495,515,192,192,271,271,290,310,325,348,145,145,176,176,176,210,227,227,241,268,268,268,268,268,68,103,103],"floor_reached":56,"language":"KOR","playtime":1598,"items_purged":["Strike_G","Glass Knife+1","Defend_G","Defend_G"],"score":2206,"play_id":"38efe16c-9dd1-4f21-a227-d1070bf3e8db","local_time":"20210206131015","is_ascension_mode":true,"campfire_choices":[{"data":"Acrobatics","floor":6.0,"key":"SMITH"},{"data":"A Thousand Cuts","floor":8.0,"key":"SMITH"},{"data":"Prepared","floor":10.0,"key":"SMITH"},{"data":"Prepared","floor":13.0,"key":"SMITH"},{"data":"Tactician","floor":15.0,"key":"SMITH"},{"data":"Calculated Gamble","floor":24.0,"key":"SMITH"},{"data":"Tactician","floor":32.0,"key":"SMITH"},{"data":"Envenom","floor":40.0,"key":"SMITH"},{"data":"Escape Plan","floor":42.0,"key":"SMITH"},{"floor":49.0,"key":"RECALL"},{"data":"Panache","floor":52.0,"key":"SMITH"}],"circlet_count":0,"master_deck":["AscendersBane","Defend_G","Defend_G","Defend_G","Survivor","Neutralize+1","Tactician+1","Underhanded Strike+1","Prepared+1","Acrobatics+1","A Thousand Cuts+1","Flechettes+1","Wraith Form v2+1","Terror+1","Calculated Gamble+1","Underhanded Strike+1","Acrobatics+1","Tactician+1","Panache+1","Backflip","Envenom+1","Reflex+1","Escape Plan+1","Eviscerate+1","Backflip"],"relics":["Ring of the Snake","Bag of Preparation","Toy Ornithopter","White Beast Statue","Astrolabe","Incense Burner","Bottled Tornado","Matryoshka","HoveringKite","Kunai","Smiling Mask","Snake Skull","Bag of Marbles","Happy Flower","Pen Nib","Bottled Lightning","DollysMirror","Whetstone"],"acts_visited":["Exordium","TheCity","TheBeyond","TheEnding"],"potions_floor_usage":[55,55],"damage_taken":[{"damage":0.0,"enemies":"2 Louse","floor":1.0,"turns":3.0},{"damage":0.0,"enemies":"Cultist","floor":3.0,"turns":4.0},{"damage":11.0,"enemies":"Small Slimes","floor":5.0,"turns":5.0},{"damage":17.0,"enemies":"Gremlin Gang","floor":7.0,"turns":5.0},{"damage":7.0,"enemies":"Lots of Slimes","floor":11.0,"turns":2.0},{"damage":7.0,"enemies":"Lagavulin","floor":12.0,"turns":6.0},{"damage":17.0,"enemies":"3 Sentries","floor":14.0,"turns":5.0},{"damage":3.0,"enemies":"The Guardian","floor":16.0,"turns":12.0},{"damage":3.0,"enemies":"2 Thieves","floor":18.0,"turns":3.0},{"damage":2.0,"enemies":"Spheric Guardian","floor":20.0,"turns":4.0},{"damage":1.0,"enemies":"Shelled Parasite and Fungi","floor":21.0,"turns":3.0},{"damage":0.0,"enemies":"Snecko","floor":22.0,"turns":3.0},{"damage":0.0,"enemies":"Gremlin Leader","floor":23.0,"turns":4.0},{"damage":7.0,"enemies":"Slavers","floor":25.0,"turns":3.0},{"damage":0.0,"enemies":"Chosen and Byrds","floor":27.0,"turns":3.0},{"damage":5.0,"enemies":"Sentry and Sphere","floor":29.0,"turns":3.0},{"damage":0.0,"enemies":"Centurion and Healer","floor":30.0,"turns":2.0},{"damage":6.0,"enemies":"Automaton","floor":33.0,"turns":3.0},{"damage":0.0,"enemies":"Orb Walker","floor":35.0,"turns":1.0},{"damage":4.0,"enemies":"3 Shapes","floor":36.0,"turns":2.0},{"damage":0.0,"enemies":"Spire Growth","floor":37.0,"turns":3.0},{"damage":0.0,"enemies":"Reptomancer","floor":41.0,"turns":2.0},{"damage":0.0,"enemies":"Giant Head","floor":44.0,"turns":2.0},{"damage":0.0,"enemies":"Sphere and 2 Shapes","floor":45.0,"turns":1.0},{"damage":1.0,"enemies":"4 Shapes","floor":47.0,"turns":2.0},{"damage":14.0,"enemies":"Nemesis","floor":48.0,"turns":3.0},{"damage":58.0,"enemies":"Time Eater","floor":50.0,"turns":6.0},{"damage":0.0,"enemies":"Shield and Spear","floor":54.0,"turns":1.0},{"damage":20,"enemies":"The Heart","floor":55,"turns":5}],"seed_played":"8777103549013349899","potions_obtained":[{"floor":1.0,"key":"PowerPotion"},{"floor":7.0,"key":"CunningPotion"},{"floor":12.0,"key":"Regen Potion"},{"floor":14.0,"key":"Strength Potion"},{"floor":16.0,"key":"Dexterity Potion"},{"floor":20.0,"key":"GamblersBrew"},{"floor":21.0,"key":"FairyPotion"},{"floor":54.0,"key":"Swift Potion"}],"is_trial":false,"path_per_floor":["M","$","M","?","M","R","M","R","T","R","M","E","R","E","R","B",null,"M","?","M","M","M","E","R","E","T","M","?","M","M","$","R","B",null,"M","M","M","T","$","R","E","R","T","E","M","?","M","E","R","B",null,"R","$","E","B",null],"character_chosen":"THE_SILENT","items_purchased":["Underhanded Strike","Prepared","Panache","Backflip","Snake Skull","DollysMirror"],"campfire_rested":0,"item_purchase_floors":[2,2,31,31,39,53],"current_hp_per_floor":[59,59,59,59,48,48,31,31,31,31,24,17,17,19,19,21,55,52,52,50,49,49,49,49,42,42,42,42,37,37,37,37,31,57,57,53,53,53,53,53,53,53,53,53,53,53,52,38,38,19,54,54,54,54,44],"gold":103,"neow_bonus":"HUNDRED_GOLD","is_daily":false,"chose_seed":false,"campfire_upgraded":10,"win_rate":0.0,"timestamp":1612584615,"path_taken":["M","$","M","?","M","R","M","R","T","R","M","E","R","E","R","BOSS","M","?","M","M","?","E","R","E","T","M","?","?","M","$","R","BOSS","M","M","?","?","?","R","E","R","T","E","?","?","M","E","R","BOSS","R","$","E","BOSS"],"items_purchased_type":["Card","Card","Card","Card","Relic","Relic"],"build_version":"2020-12-22","purchased_purges":4,"victory":true,"max_hp_per_floor":[66,66,66,66,66,66,66,66,66,66,66,66,66,66,66,66,66,66,66,66,66,66,66,66,66,66,66,66,66,66,66,66,66,66,66,66,66,66,66,66,66,66,66,66,66,66,66,66,66,66,66,66,66,66,66],"card_choices":[{"not_picked":["Infinite Blades","Slice"],"picked":"Tactician","floor":1.0},{"not_picked":["Cloak And Dagger","Dagger Spray"],"picked":"Prepared","floor":3.0},{"not_picked":["Dagger Spray","Blade Dance"],"picked":"Acrobatics","floor":5.0},{"not_picked":["PiercingWail","Concentrate"],"picked":"A Thousand Cuts","floor":7.0},{"not_picked":["Choke","Bane","Slice"],"picked":"SKIP","floor":11.0},{"not_picked":["Predator","Quick Slash","Dodge and Roll"],"picked":"SKIP","floor":12.0},{"not_picked":["Predator","Quick Slash","Dodge and Roll"],"picked":"SKIP","floor":12.0},{"not_picked":["Heel Hook","Slice","Deflect"],"picked":"SKIP","floor":14.0},{"not_picked":["Poisoned Stab","Dodge and Roll"],"picked":"Terror+1","floor":18.0},{"not_picked":["Dagger Spray","Prepared"],"picked":"Calculated Gamble","floor":20.0},{"not_picked":["Flying Knee+1","Glass Knife"],"picked":"Underhanded Strike+1","floor":21.0},{"not_picked":["Calculated Gamble","Blade Dance","Catalyst+1"],"picked":"SKIP","floor":22.0},{"not_picked":["Sucker Punch","Dodge and Roll","Prepared"],"picked":"SKIP","floor":23.0},{"not_picked":["Accuracy","Deadly Poison","Corpse Explosion"],"picked":"SKIP","floor":25.0},{"not_picked":["Dagger Throw","Tactician","Underhanded Strike"],"picked":"SKIP","floor":27.0},{"not_picked":["Prepared","Quick Slash"],"picked":"Acrobatics+1","floor":29.0},{"not_picked":["Underhanded Strike","Escape Plan"],"picked":"Tactician","floor":30.0},{"not_picked":["Doppelganger","Burst"],"picked":"Envenom","floor":33.0},{"not_picked":["Bane+1","Poisoned Stab"],"picked":"Reflex+1","floor":35.0},{"not_picked":["Deflect","Endless Agony","Caltrops+1"],"picked":"SKIP","floor":36.0},{"not_picked":["Deadly Poison+1","Noxious Fumes+1","Endless Agony+1"],"picked":"SKIP","floor":37.0},{"not_picked":["Backflip","Outmaneuver"],"picked":"Escape Plan","floor":41.0},{"not_picked":["Sucker Punch","Terror","Footwork"],"picked":"SKIP","floor":44.0},{"not_picked":["Concentrate","Prepared","Acrobatics+1"],"picked":"SKIP","floor":45.0},{"not_picked":["Concentrate","Prepared","Acrobatics+1"],"picked":"SKIP","floor":45.0},{"not_picked":["Blade Dance","Quick Slash"],"picked":"Eviscerate+1","floor":47.0},{"not_picked":["Envenom","Deflect","Corpse Explosion"],"picked":"SKIP","floor":48.0},{"not_picked":["Endless Agony","Riddle With Holes","Bane"],"picked":"SKIP","floor":54.0}],"player_experience":118929,"relics_obtained":[{"floor":9.0,"key":"Bag of Preparation"},{"floor":12.0,"key":"Toy Ornithopter"},{"floor":14.0,"key":"White Beast Statue"},{"floor":23.0,"key":"Incense Burner"},{"floor":25.0,"key":"Bottled Tornado"},{"floor":26.0,"key":"Matryoshka"},{"floor":38.0,"key":"Kunai"},{"floor":38.0,"key":"Smiling Mask"},{"floor":41.0,"key":"Bag of Marbles"},{"floor":43.0,"key":"Happy Flower"},{"floor":44.0,"key":"Pen Nib"},{"floor":48.0,"key":"Bottled Lightning"},{"floor":54.0,"key":"Whetstone"}],"event_choices":[{"cards_removed":["Strike_G"],"damage_healed":0.0,"max_hp_gain":0.0,"max_hp_loss":0.0,"gold_gain":0.0,"event_name":"Living Wall","player_choice":"Forget","floor":4.0,"gold_loss":0.0,"damage_taken":0.0},{"damage_healed":0.0,"max_hp_gain":0.0,"max_hp_loss":0.0,"gold_gain":0.0,"event_name":"Accursed Blacksmith","player_choice":"Forge","floor":19.0,"gold_loss":0.0,"damage_taken":0.0,"cards_upgraded":["Underhanded Strike"]},{"damage_healed":0.0,"max_hp_gain":0.0,"max_hp_loss":0.0,"gold_gain":0.0,"event_name":"N\u0027loth","player_choice":"Ignored","floor":28.0,"gold_loss":0.0,"damage_taken":0.0},{"cards_removed":["Prepared"],"damage_healed":0.0,"max_hp_gain":0.0,"max_hp_loss":0.0,"gold_gain":0.0,"event_name":"Falling","player_choice":"Removed Skill","floor":46.0,"gold_loss":0.0,"damage_taken":0.0}],"is_beta":false,"boss_relics":[{"not_picked":["Runic Dome","Black Star"],"picked":"Astrolabe"},{"not_picked":["Coffee Dripper","Tiny House"],"picked":"HoveringKite"}],"items_purged_floors":[2,31,39,53],"is_endless":false,"potions_floor_spawned":[1,7,12,14,16,18,20,21,22,23,25,27,29,30,33,35,36,37,41,44,45,47,48,54],"ascension_level":15}}