{"host":"ggy1mjjy92c62u6a","time":1612625362,"event":{"mods":["10 clothes from DAL","ATMod(阿瑾Mod)","Act Like it!","BaseMod","Colored Powertips","GifTheSpireLib","Library of Ruina","Library of Ruina Extra","Lobotomy","LobotomyExtend","Minty Spire (QoL Compilation)","Quick Restart","Relic Filter Mod","Relic Stats","Shop Mod","Spicy Shops","StSLib","TestMod","【功能Mod】混沌之环修复补丁","【遗物Mod】死灵法师NEW","【遗物卡牌】REMEMod"],"gold_per_floor":[113,113,172,172,196,196,52,96,150,173,191,216,216,241,241,241,241],"floor_reached":16,"language":"ZHS","playtime":544,"items_purged":[],"score":168,"play_id":"edb9d277-d920-48a8-b46e-7212e5c87c2b","local_time":"20210206232922","is_ascension_mode":true,"campfire_choices":[{"data":"GuidanceOfTheGears","floor":6.0,"key":"SMITH"},{"floor":13.0,"key":"REST"},{"floor":15.0,"key":"REST"}],"circlet_count":0,"master_deck":["Dodge","LightDefense","LightAttack","LightAttack","LightAttack","LightDefense","LightDefense","LightDefense","ChargeAndCover","FocusedStrikes","LoosenUp","GuidanceOfTheGears+1","Mercenary","OSAHOGD","RushDown","MeatLantern","UnavoidableGaze","Unlock1","Unlock1"],"relics":["PageOfLibrarian","REME_ComplimentaryCards","testmod-TestBox","CogitoBucket","testmod-Hope","Golden Idol","LuminousBracelet","LetterFromLob","AT_EbonyIvory","AT_SunfireAegis","testmod-OneHitWonder","BehaviorAdjustment"],"acts_visited":["Exordium"],"potions_floor_usage":[],"damage_taken":[{"damage":10.0,"enemies":"Small Slimes","floor":1.0,"turns":3.0},{"damage":3.0,"enemies":"2 Louse","floor":5.0,"turns":3.0},{"damage":31.0,"enemies":"Lagavulin","floor":8.0,"turns":6.0},{"damage":0.0,"enemies":"Jaw Worm","floor":10.0,"turns":3.0},{"damage":0.0,"enemies":"Exordium Wildlife","floor":11.0,"turns":2.0},{"damage":8.0,"enemies":"2 Fungi Beasts","floor":12.0,"turns":4.0},{"damage":3.0,"enemies":"Exordium Thugs","floor":14.0,"turns":4.0},{"damage":82,"enemies":"The Guardian","floor":16,"turns":7}],"seed_played":"-1195806967108769615","potions_obtained":[{"floor":5.0,"key":"testmod-TimePotion"},{"floor":8.0,"key":"DuplicationPotion"},{"floor":12.0,"key":"Regen Potion"},{"floor":14.0,"key":"SpeedPotion"}],"is_trial":false,"path_per_floor":["M","?","?","?","M","R","$","E","T","M","M","M","R","M","R","B"],"character_chosen":"Librarian","items_purchased":["AT_EbonyIvory"],"campfire_rested":2,"item_purchase_floors":[7],"current_hp_per_floor":[44,28,28,43,43,43,43,16,16,18,18,11,35,33,57,0,0],"gold":241,"neow_bonus":"","is_daily":false,"chose_seed":false,"campfire_upgraded":1,"win_rate":0.0,"timestamp":1612625362,"path_taken":["M","?","?","?","M","R","?","E","T","M","?","M","R","M","R","BOSS"],"items_purchased_type":["Relic"],"build_version":"2020-12-22","purchased_purges":0,"victory":false,"max_hp_per_floor":[67,67,67,82,82,82,82,82,82,93,93,83,83,83,83,83,83],"relic_stats":{"counters":[9,33],"Golden Idol":33,"obtain_stats":[{"AT_ATBox":0,"testmod-TestBox":0,"Golden Idol":2,"LuminousBracelet":4,"AT_EbonyIvory":7,"PageOfLibrarian":0,"CogitoBucket":0,"testmod-Hope":0,"BehaviorAdjustment":12,"LetterFromLob":5,"AT_SunfireAegis":8,"testmod-OneHitWonder":9,"REME_ComplimentaryCards":0},{"AT_ATBox":0,"testmod-TestBox":0,"Golden Idol":1,"LuminousBracelet":1,"AT_EbonyIvory":2,"PageOfLibrarian":0,"CogitoBucket":0,"testmod-Hope":0,"BehaviorAdjustment":7,"LetterFromLob":2,"AT_SunfireAegis":3,"testmod-OneHitWonder":3,"REME_ComplimentaryCards":0},{"AT_ATBox":0,"testmod-TestBox":0,"Golden Idol":3,"LuminousBracelet":3,"AT_EbonyIvory":6,"PageOfLibrarian":0,"CogitoBucket":0,"testmod-Hope":0,"BehaviorAdjustment":22,"LetterFromLob":6,"AT_SunfireAegis":12,"testmod-OneHitWonder":12,"REME_ComplimentaryCards":0}]},"card_choices":[{"not_picked":["EnergyConversion","BayonetCombat","MultiHit","Observe","PinpointShot","Marionette","StrongStrike","NightInTheBackstreets"],"picked":"LoosenUp","floor":1.0},{"not_picked":["FierceOnslaught","Standoff","FieryWaltz","ExtremeEdge","ShockingBlow","Pound","Diversion","ScatteringSlash"],"picked":"GuidanceOfTheGears","floor":5.0},{"not_picked":["ShyLook","WallGazer"],"picked":"Mercenary","floor":5.0},{"not_picked":["NothingThere","WallGazer"],"picked":"OSAHOGD","floor":8.0},{"not_picked":["HighKick","Track","RepressedFlesh","SuppressingShot","Wallop_lor","Brawl","IronWall","YoureTooSlow"],"picked":"RushDown","floor":8.0},{"not_picked":["StayCalm","Eject","HandlingWork","DesperateStruggle","ConcentratedFire","SharpSwipe","SinglePointStab","Leap_lor","Faith"],"picked":"SKIP","floor":10.0},{"not_picked":["SpiderBud","BlackSwan"],"picked":"MeatLantern","floor":11.0},{"not_picked":["SunsetBlade","Outburst","SuppressingShot","AsThePrescriptOrders","FleetFootsteps","UpbeatPerformance","BackAttack","Execute_lor"],"picked":"UnavoidableGaze","floor":11.0},{"not_picked":["EnergyCycle","ViolentFlame","HighKick","FierceOnslaught","Parry","FleetEdge","Collision","SetFire","Eject"],"picked":"SKIP","floor":12.0},{"not_picked":["Leap_lor","WillBeTasty","BiteOff","Clone","InhaleSmoke","MultiBlock","Reload","Tttonst"],"picked":"Unlock1","floor":14.0}],"player_experience":102860,"relics_obtained":[{"floor":5.0,"key":"LetterFromLob"},{"floor":8.0,"key":"AT_SunfireAegis"},{"floor":9.0,"key":"testmod-OneHitWonder"}],"event_choices":[{"damage_healed":0.0,"max_hp_gain":0.0,"max_hp_loss":0.0,"gold_gain":0.0,"event_name":"Golden Idol","player_choice":"Take Damage","floor":2.0,"gold_loss":0.0,"damage_taken":16.0,"relics_obtained":["Golden Idol"]},{"damage_healed":0.0,"max_hp_gain":0.0,"max_hp_loss":0.0,"gold_gain":59.0,"event_name":"Golden Wing","player_choice":"Gained Gold","floor":3.0,"gold_loss":0.0,"damage_taken":0.0},{"damage_healed":0.0,"max_hp_gain":0.0,"max_hp_loss":0.0,"gold_gain":0.0,"event_name":"给自己的盒子","player_choice":"Swap Relic","floor":4.0,"relics_lost":["AT_ATBox"],"gold_loss":0.0,"damage_taken":0.0,"relics_obtained":["LuminousBracelet"]}],"is_beta":false,"boss_relics":[],"items_purged_floors":[],"is_endless":false,"potions_floor_spawned":[5,8,12,14],"killed_by":"The Guardian","ascension_level":8}}