{"host":"usru02jcpe2a942d","time":1612610120,"event":{"mods":["Act Like it!","BaseMod","Better Altar","Better Match","Better Note","Better Sensory Stone","Better Skull","Better Third Choice","Better Vampires","Challenge The Spire","Colored Powertips","Friendly Minions","GifTheSpireLib","Highlight Path","Hubris","Infinite Spire","Jedi Mod","Minty Spire (QoL Compilation)","MostiFishMod","Pale of the Ancients","Quick Restart","Relic Stats","RumiaBox-露米娅的神秘盒子","StSLib","[IsaacMod]以撒尖塔","noobMod","【遗物卡牌】REMEMod","篝火指南"],"gold_per_floor":[118,118,134,33,44,44,73,83,108,140,152,199,230,256,268,385,397,425,450,477,489,513,560,585,610,672,744,756,795,817,284,284,387,387,400,450,470,489,589,589,599,599,623,643,662,679,704,718,60,60,60],"floor_reached":50,"language":"ZHS","playtime":1981,"items_purged":["Strike_R","Bash","Strike_R","jedi:strikingstrike+1","Strike_R"],"score":837,"play_id":"3e793bf0-b931-4372-8ec4-5f0fa1a2f67b","local_time":"20210206191520","is_ascension_mode":false,"campfire_choices":[{"data":"hubris:SharpeningStone","floor":6.0,"key":"SMITH"},{"data":"Armaments","floor":11.0,"key":"SMITH"},{"data":"Shrug It Off","floor":15.0,"key":"SMITH"},{"data":"jedi:strikingstrike","floor":32.0,"key":"SMITH"},{"data":"infinitespire:SevenWalls","floor":40,"key":"SMITH"},{"data":"jedi:controlledanger","floor":42,"key":"SMITH"}],"circlet_count":0,"master_deck":["Strike_R","Defend_R","Defend_R","Defend_R","Defend_R","Flex","Armaments+1","Shrug It Off+1","hubris:SharpeningStone+1","Flex","Clash","MostiFishMod:ButterFly","Inflame","Iron Wave+1","Thunderclap","jedi:strikingstrike+1","Battle Trance","Havoc+1","jedi:controlledanger+1","MostiFishMod:DoubleSword","Perfected Strike","Body Slam","REME_Scribble+1","infinitespire:SevenWalls+1","jedi:fear+1","Seeing Red","Rage","Armaments+1","Burning Pact+1"],"relics":["DaveBox","ice","REME_ComplimentaryCards","HushsDoor","ShadowXiaoBlade","Chaos","jedi:scrapmetal","SynthV:TestCard","Bag of Marbles","Toy Ornithopter","MawBank","DianDianMeat","EasyGame_NEW","D4","jedi:crownofsimplicity","infinitespire:Freezer","jedi:matchstick","jedi:battlestandard","infinitespire:CursedDice","MagicDraw1","The Courier","Oddly Smooth Stone","infinitespire:Lychee Nut","ZombieArmy","RhineFirstAidKit","BookOfRevelations","Medical Kit","Leech","jedi:kaleidoscope","MagicDraw2","hubris:SlimyHat","REME_PoisonedDagger","Blood Vial","infinitespire:Beetle Shell","Brimstone","Transparent","jedi:Pinwheel","Damocles","Civilization"],"acts_visited":["Exordium","TheCity","TheBeyond"],"potions_floor_usage":[44,50,50],"damage_taken":[{"damage":0.0,"enemies":"Small Slimes","floor":1.0,"turns":3.0},{"damage":0.0,"enemies":"Cultist","floor":3.0,"turns":2.0},{"damage":0.0,"enemies":"infinitespire:Voidling","floor":5.0,"turns":4.0},{"damage":14.0,"enemies":"Gremlin Nob","floor":7.0,"turns":3.0},{"damage":0.0,"enemies":"Gremlin Gang","floor":8.0,"turns":3.0},{"damage":13.0,"enemies":"Lagavulin","floor":10.0,"turns":5.0},{"damage":10.0,"enemies":"Gremlin Nob","floor":12.0,"turns":3.0},{"damage":0.0,"enemies":"Lots of Slimes","floor":13.0,"turns":4.0},{"damage":7.0,"enemies":"Large Slime","floor":14.0,"turns":5.0},{"damage":0.0,"enemies":"Slime Boss","floor":16.0,"turns":3.0},{"damage":0.0,"enemies":"2 Thieves","floor":18.0,"turns":2.0},{"damage":0.0,"enemies":"Shell Parasite","floor":19.0,"turns":2.0},{"damage":0.0,"enemies":"Snake Plant","floor":20.0,"turns":2.0},{"damage":0.0,"enemies":"Centurion and Healer","floor":22.0,"turns":2.0},{"damage":0.0,"enemies":"Book of Stabbing","floor":23.0,"turns":1.0},{"damage":0.0,"enemies":"3 Cultists","floor":24.0,"turns":3.0},{"damage":0.0,"enemies":"Snake Plant","floor":25.0,"turns":1.0},{"damage":23.0,"enemies":"Gremlin Leader","floor":27.0,"turns":2.0},{"damage":9.0,"enemies":"Nightmare","floor":29.0,"turns":3.0},{"damage":0.0,"enemies":"Snecko","floor":30.0,"turns":2.0},{"damage":0.0,"enemies":"Champ","floor":33.0,"turns":5.0},{"damage":0.0,"enemies":"3 Shapes","floor":35.0,"turns":2.0},{"damage":1.0,"enemies":"2 Orb Walkers","floor":36.0,"turns":3.0},{"damage":8.0,"enemies":"3 Darklings","floor":37.0,"turns":2.0},{"damage":3.0,"enemies":"Maw","floor":38.0,"turns":3.0},{"damage":7.0,"enemies":"infinitespire:Three Voidlings","floor":39.0,"turns":3.0},{"damage":84.0,"enemies":"Nightmare_Alpha","floor":39.0,"turns":4.0},{"damage":0,"enemies":"Spire Growth","floor":41,"turns":2},{"damage":0,"enemies":"Sphere and 2 Shapes","floor":44,"turns":2},{"damage":0,"enemies":"3 Darklings","floor":45,"turns":3},{"damage":10,"enemies":"Writhing Mass","floor":46,"turns":1},{"damage":7,"enemies":"Nemesis","floor":47,"turns":3},{"damage":53,"enemies":"Spire Growth","floor":48,"turns":1},{"damage":269,"enemies":"infinitespire:MassOfShapes","floor":50,"turns":5}],"seed_played":"1975579444089705940","potions_obtained":[{"floor":1.0,"key":"DistilledChaos"},{"floor":5.0,"key":"Energy Potion"},{"floor":10.0,"key":"LiquidMemories"},{"floor":18.0,"key":"REME_GoldPotion"},{"floor":33.0,"key":"BloodPotion"},{"floor":35.0,"key":"Swift Potion"},{"floor":38.0,"key":"jedi:mysterypotion"},{"floor":47,"key":"Dexterity Potion"}],"is_trial":false,"path_per_floor":["M","?","M","$","M","R","E","M","T","E","R","E","M","M","R","B",null,"M","M","M","?","M","E","M","M","T","E","?","NM","M","$","R","B",null,"M","?","M","M","?","R","M","R","T","M","M","M","E","M","R","B"],"character_chosen":"IRONCLAD","items_purchased":["Shrug It Off","MostiFishMod:ButterFly","Damocles","Leech","jedi:kaleidoscope","jedi:Pinwheel","Damocles","Civilization"],"campfire_rested":0,"item_purchase_floors":[4,17,17,31,31,49,49,49],"current_hp_per_floor":[80,85,85,85,85,85,71,71,71,58,58,49,49,44,44,52,78,83,89,96,104,104,113,123,123,123,92,92,83,101,101,101,115,108,121,135,150,150,115,115,141,141,141,174,202,218,245,267,267,0,0],"gold":60,"neow_bonus":"BOSS_RELIC","is_daily":false,"chose_seed":false,"campfire_upgraded":6,"win_rate":0.0,"timestamp":1612610120,"path_taken":["M","?","M","$","?","R","E","M","T","E","R","E","M","?","R","BOSS","M","M","?","?","M","E","M","?","T","E","?","NM","?","?","R","BOSS","M","?","M","M","?","R","M","R","T","M","?","M","E","M","R","BOSS"],"items_purchased_type":["Card","Card","Relic","Relic","Relic","Relic","Relic","Relic"],"build_version":"2020-12-22","purchased_purges":5,"victory":false,"max_hp_per_floor":[80,85,85,85,85,85,85,85,85,85,85,86,86,88,88,91,78,83,89,96,104,104,113,123,123,123,92,92,92,103,103,103,115,108,121,135,150,150,189,189,189,189,189,207,226,246,267,267,267,270,270],"relic_stats":{"Blood Vial":14,"counters":[34,93],"MawBank":252,"Medical Kit":[4],"obtain_stats":[{"Chaos":0,"Damocles":17,"DaveBox":0,"ice":0,"hubris:SlimyHat":35,"jedi:battlestandard":23,"jedi:Pinwheel":49,"Burning Blood":0,"MagicDraw2":34,"MagicDraw1":24,"Leech":31,"Blood Vial":36,"Civilization":49,"RhineFirstAidKit":29,"jedi:matchstick":22,"ZombieArmy":27,"KeepersGift":0,"DianDianMeat":12,"infinitespire:CursedDice":23,"Oddly Smooth Stone":26,"BookOfRevelations":29,"ShadowXiaoBlade":0,"The Courier":25,"infinitespire:Beetle Shell":39,"jedi:crownofsimplicity":19,"jedi:scrapmetal":0,"MawBank":10,"Medical Kit":30,"REME_PoisonedDagger":36,"D4":18,"SynthV:TestCard":1,"jedi:kaleidoscope":31,"Transparent":47,"infinitespire:Lychee Nut":27,"Brimstone":43,"Bag of Marbles":7,"HushsDoor":0,"Toy Ornithopter":9,"EasyGame_NEW":17,"REME_ComplimentaryCards":0,"infinitespire:Freezer":20},{"Chaos":0,"Damocles":10,"DaveBox":0,"ice":0,"hubris:SlimyHat":22,"jedi:battlestandard":15,"jedi:Pinwheel":33,"Burning Blood":0,"MagicDraw2":21,"MagicDraw1":16,"Leech":20,"Blood Vial":23,"Civilization":33,"RhineFirstAidKit":19,"jedi:matchstick":14,"ZombieArmy":18,"KeepersGift":0,"DianDianMeat":7,"infinitespire:CursedDice":15,"Oddly Smooth Stone":17,"BookOfRevelations":19,"ShadowXiaoBlade":0,"The Courier":17,"infinitespire:Beetle Shell":27,"jedi:crownofsimplicity":12,"jedi:scrapmetal":0,"MawBank":6,"Medical Kit":20,"REME_PoisonedDagger":23,"D4":11,"SynthV:TestCard":1,"jedi:kaleidoscope":20,"Transparent":32,"infinitespire:Lychee Nut":18,"Brimstone":28,"Bag of Marbles":4,"HushsDoor":0,"Toy Ornithopter":5,"EasyGame_NEW":10,"REME_ComplimentaryCards":0,"infinitespire:Freezer":13},{"Chaos":0,"Damocles":35,"DaveBox":0,"ice":0,"hubris:SlimyHat":62,"jedi:battlestandard":44,"jedi:Pinwheel":89,"Burning Blood":0,"MagicDraw2":60,"MagicDraw1":47,"Leech":55,"Blood Vial":65,"Civilization":89,"RhineFirstAidKit":53,"jedi:matchstick":43,"ZombieArmy":50,"KeepersGift":0,"DianDianMeat":23,"infinitespire:CursedDice":44,"Oddly Smooth Stone":48,"BookOfRevelations":53,"ShadowXiaoBlade":0,"The Courier":48,"infinitespire:Beetle Shell":77,"jedi:crownofsimplicity":39,"jedi:scrapmetal":0,"MawBank":20,"Medical Kit":55,"REME_PoisonedDagger":65,"D4":37,"SynthV:TestCard":3,"jedi:kaleidoscope":55,"Transparent":88,"infinitespire:Lychee Nut":50,"Brimstone":79,"Bag of Marbles":12,"HushsDoor":0,"Toy Ornithopter":15,"EasyGame_NEW":35,"REME_ComplimentaryCards":0,"infinitespire:Freezer":41}],"Toy Ornithopter":20},"card_choices":[{"not_picked":["Armaments","Heavy Blade"],"picked":"Flex","floor":1.0},{"not_picked":["Second Wind","Heavy Blade","True Grit","Headbutt"],"picked":"Armaments","floor":3.0},{"not_picked":["Flex","Thunderclap","Metallicize","infinitespire:OneForAll"],"picked":"hubris:SharpeningStone","floor":5.0},{"not_picked":["Heavy Blade","Clothesline","Dark Embrace","Combust"],"picked":"Flex","floor":7.0},{"not_picked":["Wild Strike","Perfected Strike","jedi:fear","Clothesline","Offering"],"picked":"SKIP","floor":8.0},{"not_picked":["Clash","Whirlwind","Dropkick","Disarm"],"picked":"Bomb","floor":10.0},{"not_picked":["Cleave","MostiFishMod:BrandingRite","jedi:suffering","Battle Trance"],"picked":"Bomb","floor":12.0},{"not_picked":["jedi:MakeshiftSword","True Grit","Bomb","Disarm","Shrug It Off"],"picked":"SKIP","floor":13.0},{"not_picked":["Twin Strike","Wild Strike","Double Tap","Ghostly Armor"],"picked":"Clash","floor":14.0},{"not_picked":["Juggernaut","MostiFishMod:OrdinaryWorld","MostiFishMod:TemporaryOutbreak","MostiFishMod:UltimateDefense"],"picked":"jedi:strikingstrike","floor":16.0},{"not_picked":["Shrug It Off","Power Through","Feel No Pain","Anger"],"picked":"Inflame","floor":18.0},{"not_picked":["hubris:ReadiedAction+1","REME_Cut+1","Anger","Warcry+1"],"picked":"Iron Wave+1","floor":19.0},{"not_picked":["REME_FearOfPain","MostiFishMod:FireWorks","Clash","Rupture"],"picked":"Thunderclap","floor":20.0},{"not_picked":["Sever Soul+1","Shrug It Off","Armaments","Reaper","Sword Boomerang"],"picked":"SKIP","floor":22.0},{"not_picked":["Warcry","Spot Weakness","Double Tap","Thunderclap+1"],"picked":"Battle Trance","floor":23.0},{"not_picked":["Thunderclap","Clash","Anger+1","Iron Wave"],"picked":"Havoc+1","floor":24.0},{"not_picked":["Clothesline+1","Wild Strike","Iron Wave+1","Entrench","Ghostly Armor"],"picked":"SKIP","floor":25.0},{"not_picked":["True Grit","Fire Breathing","Power Through","hubris:ReadiedAction","Flex"],"picked":"SKIP","floor":27.0},{"not_picked":["Dropkick","REME_Cut","Searing Blow+1","Fire Breathing+1","Spot Weakness"],"picked":"SKIP","floor":29.0},{"not_picked":["jedi:fear+1","infinitespire:OneForAll","Sentinel","Hemokinesis+1"],"picked":"jedi:controlledanger","floor":30.0},{"not_picked":["MostiFishMod:404NotFound","REME_TheLastStrike","Berserk","Reaper"],"picked":"MostiFishMod:DoubleSword","floor":33.0},{"not_picked":["Clothesline","Second Wind+1","Clash+1","Shockwave+1"],"picked":"Perfected Strike","floor":35.0},{"not_picked":["Iron Wave","jedi:suffering","Flex+1","jedi:hate+1"],"picked":"Body Slam","floor":36.0},{"not_picked":["Wild Strike","MostiFishMod:BrandingRite+1","Body Slam","hubris:ReadiedAction"],"picked":"REME_Scribble+1","floor":37.0},{"not_picked":["Flame Barrier","Brutality","Shrug It Off","MostiFishMod:BrandingRite","Clash"],"picked":"SKIP","floor":38.0},{"not_picked":["infinitespire:Menacing","infinitespire:Fortify"],"picked":"infinitespire:SevenWalls","floor":39},{"not_picked":["True Grit+1","Warcry","MostiFishMod:Mania","Flex"],"picked":"jedi:fear+1","floor":39},{"not_picked":["jedi:collectorstrike+1","hubris:CleavingFinish","REME_Cut","Heavy Blade","Dropkick+1"],"picked":"SKIP","floor":41},{"not_picked":["Intimidate+1","Shrug It Off","Clothesline+1","REME_SingleHolding"],"picked":"Seeing Red","floor":44},{"not_picked":["Clothesline","Combust","MostiFishMod:404NotFound","Havoc"],"picked":"Rage","floor":45},{"not_picked":["Shrug It Off","True Grit+1","Clothesline","Pummel"],"picked":"Armaments+1","floor":46},{"not_picked":["jedi:fear","Clash","Thunderclap","Bloodletting+1"],"picked":"Burning Pact+1","floor":47},{"not_picked":["Searing Blow","Ghostly Armor","Spot Weakness+1","Armaments+1","jedi:collectorstrike+1"],"picked":"SKIP","floor":48}],"player_experience":237922,"relics_obtained":[{"floor":1.0,"key":"SynthV:TestCard"},{"floor":7.0,"key":"Bag of Marbles"},{"floor":9.0,"key":"Toy Ornithopter"},{"floor":10.0,"key":"MawBank"},{"floor":12.0,"key":"DianDianMeat"},{"floor":18.0,"key":"D4"},{"floor":19.0,"key":"jedi:crownofsimplicity"},{"floor":20.0,"key":"infinitespire:Freezer"},{"floor":22.0,"key":"jedi:matchstick"},{"floor":23.0,"key":"jedi:battlestandard"},{"floor":23.0,"key":"infinitespire:CursedDice"},{"floor":24.0,"key":"MagicDraw1"},{"floor":25.0,"key":"The Courier"},{"floor":26.0,"key":"Oddly Smooth Stone"},{"floor":27.0,"key":"infinitespire:Lychee Nut"},{"floor":27.0,"key":"ZombieArmy"},{"floor":29.0,"key":"RhineFirstAidKit"},{"floor":29.0,"key":"BookOfRevelations"},{"floor":30.0,"key":"Medical Kit"},{"floor":35.0,"key":"hubris:SlimyHat"},{"floor":36.0,"key":"REME_PoisonedDagger"},{"floor":36.0,"key":"Blood Vial"},{"floor":39,"key":"infinitespire:Beetle Shell"},{"floor":43,"key":"Brimstone"},{"floor":47,"key":"Transparent"}],"event_choices":[{"damage_healed":0.0,"max_hp_gain":5.0,"max_hp_loss":0.0,"gold_gain":0.0,"event_name":"Big Fish","player_choice":"Donut","floor":2.0,"gold_loss":0.0,"damage_taken":0.0},{"cards_removed":["Strike_R"],"damage_healed":0.0,"max_hp_gain":0.0,"max_hp_loss":0.0,"gold_gain":0.0,"event_name":"Purifier","player_choice":"Purged","floor":28.0,"gold_loss":0.0,"damage_taken":0.0},{"damage_healed":0.0,"max_hp_gain":0.0,"max_hp_loss":0.0,"gold_gain":0.0,"event_name":"Mysterious Sphere","player_choice":"Fight","floor":36.0,"gold_loss":0.0,"damage_taken":0.0}],"is_beta":false,"boss_relics":[{"not_picked":["hubris:BlackHole","hubris:TinFlute"],"picked":"EasyGame_NEW"},{"not_picked":[]},{"not_picked":["hubris:IronBody","GodSword1"],"picked":"MagicDraw2"},{"not_picked":[]}],"items_purged_floors":[4,17,31,34,49],"is_endless":false,"potions_floor_spawned":[1,5,10,12,13,18,19,22,25,33,35,38,39,44,47],"killed_by":"infinitespire:MassOfShapes","ascension_level":0}}