{"host":"yecadp3kwkksam5a","time":1612605913,"event":{"mods":["100% Spire Juice","Arknights","BaseMod","Minty Spire (QoL Compilation)","StSLib","SuperFastMode","The Cursed","WarShipGirlsR/??á´Ò³R mod"],"gold_per_floor":[113,113,131,144,15,42,53,72,72,98,98,118,118,137,137,215,215,234,234,159,176,188,188,188,188],"floor_reached":24,"language":"KOR","playtime":1040,"items_purged":["Normality"],"score":574,"play_id":"7cabcfce-ffad-455a-9e3e-ea494299a61c","local_time":"20210206190513","is_ascension_mode":true,"campfire_choices":[{"floor":11.0,"key":"REST"},{"floor":13.0,"key":"REST"},{"data":"Armaments","floor":15,"key":"SMITH"},{"floor":23,"key":"DIG"}],"circlet_count":0,"master_deck":["AscendersBane","Bash","Armaments+1","Limit Break","Disarm","Pummel","Flex","Flame Barrier","Evolve","Fiend Fire","Second Wind","Inflame","Ghostly Armor","Immolate","Impervious","Reckless Charge","Battle Trance","Fiend Fire","Feel No Pain","Uppercut","Second Wind","Power Through"],"relics":["Burning Blood","Unceasing Top","Matryoshka","Dream Catcher","Ornamental Fan","Shovel","Pandora\u0027s Box","Potion Belt"],"acts_visited":["Exordium","TheCity"],"potions_floor_usage":[14],"damage_taken":[{"damage":3.0,"enemies":"2 Louse","floor":1.0,"turns":4.0},{"damage":12.0,"enemies":"Cultist","floor":3.0,"turns":4.0},{"damage":9.0,"enemies":"Jaw Worm","floor":4.0,"turns":4.0},{"damage":36.0,"enemies":"Gremlin Nob","floor":6.0,"turns":4.0},{"damage":13.0,"enemies":"Blue Slaver","floor":7.0,"turns":4.0},{"damage":4.0,"enemies":"3 Louse","floor":8.0,"turns":4.0},{"damage":23.0,"enemies":"3 Sentries","floor":10.0,"turns":12.0},{"damage":19.0,"enemies":"Exordium Thugs","floor":12.0,"turns":5.0},{"damage":34,"enemies":"Large Slime","floor":14,"turns":7},{"damage":1,"enemies":"Hexaghost","floor":16,"turns":9},{"damage":17,"enemies":"Shell Parasite","floor":18,"turns":9},{"damage":5,"enemies":"Spheric Guardian","floor":21,"turns":6},{"damage":33,"enemies":"Shelled Parasite and Fungi","floor":22,"turns":7},{"damage":0,"enemies":"Gremlin Leader","floor":24,"turns":1}],"seed_played":"-5101745171788478044","potions_obtained":[{"floor":4.0,"key":"Ancient Potion"},{"floor":7.0,"key":"SkillPotion"},{"floor":10.0,"key":"BlessingOfTheForge"},{"floor":16,"key":"Ancient Potion"},{"floor":21,"key":"SteroidPotion"}],"is_trial":false,"path_per_floor":["M","?","M","M","$","E","M","M","T","E","R","M","R","M","R","B",null,"M","?","?","M","M","R","E"],"character_chosen":"IRONCLAD","items_purchased":["Flex"],"campfire_rested":2,"item_purchase_floors":[5],"current_hp_per_floor":[71,71,65,62,62,32,25,27,27,10,32,19,41,13,13,18,61,50,50,50,51,24,24,24,24],"gold":188,"neow_bonus":"ONE_RARE_RELIC","is_daily":false,"chose_seed":false,"campfire_upgraded":1,"win_rate":0.0,"timestamp":1612605913,"path_taken":["M","?","M","M","$","E","M","M","T","E","R","?","R","M","R","BOSS","M","?","?","M","M","R","E"],"items_purchased_type":["Card"],"build_version":"2020-12-22","purchased_purges":1,"victory":false,"max_hp_per_floor":[75,75,75,75,75,75,75,75,75,75,75,75,75,75,75,75,75,75,75,75,75,75,75,75,75],"card_choices":[{"not_picked":["Clash","Rampage"],"picked":"Armaments","floor":1.0},{"not_picked":["Clash","Entrench"],"picked":"Disarm","floor":3.0},{"not_picked":["Armaments","Havoc"],"picked":"Pummel","floor":4.0},{"not_picked":["Sever Soul","Bloodletting"],"picked":"Flame Barrier","floor":6.0},{"not_picked":["Armaments","Burning Pact"],"picked":"Evolve","floor":7.0},{"not_picked":["Reckless Charge","True Grit"],"picked":"Fiend Fire","floor":8.0},{"not_picked":["Intimidate","Warcry","Flex"],"picked":"SKIP","floor":10.0},{"not_picked":["True Grit","Thunderclap"],"picked":"Second Wind","floor":11.0},{"not_picked":["Clash","Burning Pact"],"picked":"Inflame","floor":12.0},{"not_picked":["True Grit","Thunderclap"],"picked":"Ghostly Armor","floor":13.0},{"not_picked":["Warcry","Armaments"],"picked":"Immolate","floor":14},{"not_picked":["Clothesline","Metallicize+1","Havoc"],"picked":"SKIP","floor":18},{"not_picked":["Warcry","Whirlwind+1"],"picked":"Power Through","floor":21},{"not_picked":["Heavy Blade","Anger","Burning Pact"],"picked":"SKIP","floor":22}],"player_experience":608079,"relics_obtained":[{"floor":6.0,"key":"Matryoshka"},{"floor":9.0,"key":"Dream Catcher"},{"floor":9.0,"key":"Ornamental Fan"},{"floor":10.0,"key":"Shovel"},{"floor":23,"key":"Potion Belt"}],"event_choices":[{"damage_healed":0.0,"max_hp_gain":0.0,"max_hp_loss":0.0,"gold_gain":0.0,"cards_transformed":["Strike_R"],"event_name":"Transmorgrifier","player_choice":"Transformed","floor":2.0,"gold_loss":0.0,"damage_taken":0.0,"cards_obtained":["Limit Break"]},{"damage_healed":0,"gold_gain":0,"player_choice":"Ignored","damage_taken":0,"max_hp_gain":0,"max_hp_loss":0,"event_name":"The Mausoleum","floor":19,"gold_loss":0},{"cards_removed":["Flame Barrier"],"damage_healed":0,"gold_gain":0,"player_choice":"Gave Gold","damage_taken":0,"max_hp_gain":0,"max_hp_loss":0,"event_name":"Beggar","floor":20,"gold_loss":75}],"is_beta":false,"boss_relics":[{"not_picked":["Snecko Eye","Astrolabe"],"picked":"Pandora\u0027s Box"}],"items_purged_floors":[5],"is_endless":false,"potions_floor_spawned":[4,7,10,16,21,22],"killed_by":"Gremlin Leader","ascension_level":17}}