{"host":"19r1ww88x2tc73i0","time":1612597295,"event":{"mods":["BaseMod","BetterRewards","Colored Map","Minty Spire (QoL Compilation)","Relic Stats","StSLib","SuperFastMode","slay the spire mod where everything is the same but ironclad has a cowboy hat"],"gold_per_floor":[359,359,10,25,42,42,54,54,81,115,115,115,115],"floor_reached":12,"language":"ENG","playtime":332,"items_purged":["Injury"],"score":156,"play_id":"51737499-2a8d-4524-afcc-43b10e9c3a08","local_time":"25640206144135","is_ascension_mode":true,"campfire_choices":[{"data":"Catalyst","floor":6.0,"key":"SMITH"},{"data":"Bane","floor":8.0,"key":"SMITH"},{"data":"Footwork","floor":11,"key":"SMITH"}],"circlet_count":0,"master_deck":["AscendersBane","Strike_G","Strike_G","Strike_G","Strike_G","Strike_G","Defend_G","Defend_G","Defend_G","Defend_G","Defend_G","Survivor","Neutralize+1","Blur","Catalyst+1","Bane+1","Masterful Stab","Footwork+1","Flying Knee"],"relics":["Ring of the Snake","TwistedFunnel","Smiling Mask","Nunchaku"],"acts_visited":["Exordium"],"potions_floor_usage":[10,10],"damage_taken":[{"damage":7.0,"enemies":"2 Louse","floor":1.0,"turns":4.0},{"damage":0.0,"enemies":"Jaw Worm","floor":4.0,"turns":3.0},{"damage":0.0,"enemies":"Cultist","floor":5.0,"turns":3.0},{"damage":0.0,"enemies":"3 Louse","floor":7.0,"turns":3.0},{"damage":42,"enemies":"3 Sentries","floor":10,"turns":15},{"damage":2,"enemies":"Gremlin Nob","floor":12,"turns":3}],"seed_played":"-1579089217723951532","potions_obtained":[{"floor":1.0,"key":"DuplicationPotion"},{"floor":4.0,"key":"PowerPotion"}],"is_trial":false,"path_per_floor":["M","?","$","M","M","R","M","R","T","E","R","E"],"character_chosen":"THE_SILENT","items_purchased":["TwistedFunnel","Catalyst","Bane"],"campfire_rested":0,"item_purchase_floors":[3,3,3],"current_hp_per_floor":[52,52,52,52,52,52,52,52,52,10,10,8,8],"gold":115,"neow_bonus":"TWO_FIFTY_GOLD","is_daily":false,"chose_seed":false,"campfire_upgraded":3,"win_rate":0.0,"timestamp":1612597295,"path_taken":["M","?","$","M","M","R","M","R","T","E","R","E"],"items_purchased_type":["Relic","Card","Card"],"build_version":"2020-12-22","purchased_purges":1,"victory":false,"max_hp_per_floor":[66,66,66,66,66,66,66,66,66,66,66,66,66],"relic_stats":{"Nunchaku":[0],"counters":[6,31],"Smiling Mask":0,"obtain_stats":[{"TwistedFunnel":3,"Nunchaku":10,"Smiling Mask":9,"Ring of the Snake":0},{"TwistedFunnel":1,"Nunchaku":5,"Smiling Mask":4,"Ring of the Snake":0},{"TwistedFunnel":4,"Nunchaku":28,"Smiling Mask":13,"Ring of the Snake":0}],"Ring of the Snake":[12]},"card_choices":[{"not_picked":["PiercingWail","Heel Hook"],"picked":"Blur","floor":1.0},{"not_picked":["Cloak And Dagger","Concentrate","Choke"],"picked":"SKIP","floor":4.0},{"not_picked":["Underhanded Strike","Concentrate"],"picked":"Masterful Stab","floor":5.0},{"not_picked":["Bouncing Flask","Underhanded Strike"],"picked":"Footwork","floor":7.0},{"not_picked":["Slice","Night Terror"],"picked":"Flying Knee","floor":10}],"player_experience":1011206,"relics_obtained":[{"floor":9.0,"key":"Smiling Mask"},{"floor":10,"key":"Nunchaku"}],"event_choices":[{"damage_healed":0.0,"max_hp_gain":0.0,"max_hp_loss":0.0,"gold_gain":0.0,"event_name":"Living Wall","player_choice":"Grow","floor":2.0,"gold_loss":0.0,"damage_taken":0.0,"cards_upgraded":["Neutralize"]}],"is_beta":false,"boss_relics":[],"items_purged_floors":[3],"is_endless":false,"potions_floor_spawned":[1,4],"killed_by":"Gremlin Nob","ascension_level":20}}