{"host":"mhzgc0zma59jtmoj","time":1612585884,"event":{"mods":["BaseMod","BetterRewards","Custom Start","Glutton Mod","Ironclad Rager","Minty Spire (QoL Compilation)","Replay The Spire","Somnambulant","StSLib","The Cursed","The Hierophant","The Jungle","The Marked","The Necromancer","Treasure Hunter"],"gold_per_floor":[112,112,122,138,88,117,130,130,130,150,150,164,199,274,274,372,372,382,382,402,176,190,215,215,227,227,81,81,81,81,100,100,100,100],"floor_reached":33,"language":"ENG","playtime":1746,"items_purged":["Bite"],"score":302,"play_id":"43b47207-ba0d-4e17-9964-83f802ef2d07","local_time":"20210205233124","is_ascension_mode":false,"campfire_choices":[{"floor":8,"key":"REST"},{"data":"Double Tap","floor":11,"key":"SMITH"},{"floor":15,"key":"REST"},{"floor":24,"key":"RECALL"},{"floor":29,"key":"REST"},{"floor":32,"key":"REST"}],"circlet_count":0,"master_deck":["ICR:ShieldBash+1","ICR:ShieldBash","ICR:ShieldBash+1","Double Tap+1","TH:Mimic","Combust","Rage","Demon Form","Bite","Bite","Bite","Bite","Life Link+1","ReplayTheSpireMod:LeadingStrike"],"relics":["Burning Blood","Nunchaku","Pet Ghost","Iron Hammer","Empty Cage","ReplayTheSpireMod:TigerMarble","Whetstone","Orrery"],"acts_visited":["Exordium","TheCity"],"potions_floor_usage":[16,16,16,20,25],"damage_taken":[{"damage":13,"enemies":"Small Slimes","floor":1,"turns":3},{"damage":11,"enemies":"Cultist","floor":3,"turns":4},{"damage":0,"enemies":"2 Louse","floor":4,"turns":3},{"damage":61,"enemies":"Lagavulin","floor":6,"turns":8},{"damage":12,"enemies":"Looter","floor":7,"turns":3},{"damage":7,"enemies":"Exordium Wildlife","floor":10,"turns":3},{"damage":13,"enemies":"Blue Slaver","floor":12,"turns":3},{"damage":13,"enemies":"Gremlin Nob","floor":13,"turns":4},{"damage":34,"enemies":"Fading Forest","floor":16,"turns":11},{"damage":29,"enemies":"2 Thieves","floor":18,"turns":5},{"damage":36,"enemies":"3 Byrds","floor":20,"turns":4},{"damage":17,"enemies":"Snake Plant","floor":22,"turns":4},{"damage":23,"enemies":"Replay:Snechameleon","floor":23,"turns":6},{"damage":65,"enemies":"Shelled Parasite and Fungi","floor":25,"turns":6},{"damage":28,"enemies":"Snecko","floor":31,"turns":5},{"damage":71,"enemies":"Collector","floor":33,"turns":7}],"seed_played":"-2048734902510014388","potions_obtained":[{"floor":3,"key":"PowerPotion"},{"floor":10,"key":"Weak Potion"},{"floor":13,"key":"HeartOfIron"},{"floor":18,"key":"Regen Potion"},{"floor":23,"key":"Adrenaline Potion"},{"floor":31,"key":"FearPotion"}],"is_trial":false,"path_per_floor":["M","?","M","M","?","E","M","R","T","M","R","M","E","?","R","B",null,"M","?","M","$","M","E","R","M","T","$","?","R","?","M","R","B"],"character_chosen":"IRONCLAD","items_purchased":["ReplayTheSpireMod:TigerMarble","Orrery"],"campfire_rested":4,"item_purchase_floors":[21,27],"current_hp_per_floor":[73,73,68,74,74,19,13,37,37,36,36,29,22,11,35,33,80,57,56,39,39,44,45,45,25,25,25,25,41,32,22,40,0,0],"gold":100,"neow_bonus":"IRONCLAD_RAGER","is_daily":false,"chose_seed":false,"campfire_upgraded":1,"win_rate":0.0,"timestamp":1612585884,"path_taken":["M","?","?","M","?","E","M","R","T","M","R","M","E","?","R","BOSS","M","?","M","$","M","E","R","M","T","$","?","R","?","M","R","BOSS"],"items_purchased_type":["Relic","Relic"],"build_version":"2020-12-22","purchased_purges":1,"victory":false,"max_hp_per_floor":[80,80,80,80,80,80,80,80,80,80,80,80,80,80,80,80,80,80,56,56,56,56,56,56,56,56,56,56,56,61,61,61,61,61],"card_choices":[{"not_picked":["Cleave","Searing Blow","Headbutt"],"picked":"SKIP","floor":1},{"not_picked":["Uppercut","Reckless Charge","Iron Wave"],"picked":"SKIP","floor":3},{"not_picked":["Heavy Blade","Replay:Undeath\u0027s Touch","Headbutt"],"picked":"SKIP","floor":4},{"not_picked":["Abandon","Barricade"],"picked":"Double Tap","floor":6},{"not_picked":["TH:DeckOfManyThings","TH:BikiniMail"],"picked":"SKIP","floor":6},{"not_picked":["Twin Strike","Clothesline","Evolve"],"picked":"SKIP","floor":7},{"not_picked":["TH:ElvenBoots"],"picked":"TH:Mimic","floor":9},{"not_picked":["Anger","Intimidate"],"picked":"Combust","floor":10},{"not_picked":["ReplayTheSpireMod:Limb From Limb","Pommel Strike"],"picked":"Rage","floor":12},{"not_picked":["TH:TreasureMap","TH:PixieDust"],"picked":"SKIP","floor":13},{"not_picked":["ReplayTheSpireMod:LeadingStrike","Replay:Undeath\u0027s Touch","Spot Weakness"],"picked":"SKIP","floor":13},{"not_picked":["Hemogenesis","Offering"],"picked":"Demon Form","floor":16},{"not_picked":["Heavy Blade","Iron Wave","Twin Strike"],"picked":"SKIP","floor":18},{"not_picked":["Armaments","Flex","Heavy Blade"],"picked":"SKIP","floor":20},{"not_picked":["ReplayTheSpireMod:Strike From Hell+1","Heavy Blade+1","True Grit+1"],"picked":"SKIP","floor":22},{"not_picked":["TH:EnergyPotion","TH:CursedSword"],"picked":"SKIP","floor":23},{"not_picked":["Pommel Strike+1","Thunderclap","Ghostly Armor"],"picked":"SKIP","floor":23},{"not_picked":["Disarm+1","Anger","Pommel Strike+1"],"picked":"SKIP","floor":25},{"not_picked":["TH:CopperCoins","TH:Mimic"],"picked":"SKIP","floor":26},{"not_picked":["Twin Strike","Blood for Blood"],"picked":"Life Link+1","floor":27},{"not_picked":["Heavy Blade","Feel No Pain"],"picked":"ReplayTheSpireMod:LeadingStrike","floor":27},{"not_picked":["Iron Wave+1","Dual Wield+1","Pommel Strike+1"],"picked":"SKIP","floor":31}],"player_experience":243983,"relics_obtained":[{"floor":6,"key":"Nunchaku"},{"floor":9,"key":"Pet Ghost"},{"floor":13,"key":"Iron Hammer"},{"floor":23,"key":"Whetstone"}],"event_choices":[{"damage_healed":0,"gold_gain":0,"cards_transformed":["Bash"],"player_choice":"Transformed","damage_taken":0,"max_hp_gain":0,"max_hp_loss":0,"event_name":"Transmorgrifier","floor":2,"gold_loss":0,"cards_obtained":["Warcry"]},{"cards_removed":["Warcry"],"damage_healed":0,"gold_gain":0,"player_choice":"Card Removal","damage_taken":0,"max_hp_gain":0,"max_hp_loss":0,"event_name":"The Cleric","floor":5,"gold_loss":50},{"damage_healed":0,"gold_gain":75,"player_choice":"Gather Gold","damage_taken":11,"max_hp_gain":0,"max_hp_loss":0,"event_name":"World of Goop","floor":14,"gold_loss":0},{"damage_healed":0,"gold_gain":0,"player_choice":"Became a vampire","damage_taken":0,"max_hp_gain":0,"max_hp_loss":24,"event_name":"Vampires","floor":19,"gold_loss":0,"cards_obtained":["Bite","Bite","Bite","Bite","Bite"]},{"damage_healed":0,"gold_gain":0,"player_choice":"Shed Blood","damage_taken":14,"max_hp_gain":5,"max_hp_loss":0,"event_name":"Forgotten Altar","floor":30,"gold_loss":0}],"is_beta":false,"boss_relics":[{"not_picked":["ReplayTheSpireMod:DimensionalGlitch","Ooze Armor"],"picked":"Empty Cage"}],"items_purged_floors":[21],"is_endless":false,"potions_floor_spawned":[3,6,10,13,18,23,31],"killed_by":"Collector","ascension_level":0}}