{"host":"gsscz6k9fq2x5v2h","time":1612637683,"event":{"mods":["100% Spire Juice","AchievementEnabler","BaseMod","Better Note","Better Skull","Better Synergies","Better Third Choice","Better Vampires","Block Reminder","Colored Map","Colored Powertips","Dark Map","Friendly Minions","Minty Spire (QoL Compilation)","Permanent Neow","Quick Restart","Replay The Spire","Retaliation","Shop Mod","Spicy Shops","Spikes Relics","StSLib","SuperFastMode","TestMod","??????REMEMod","????"],"gold_per_floor":[116,129,129,54,54,54,54,54,129,161,161,186,204,36,36,141,141,360,292,506,718,169,169,169,198,224,435,645,645,645,645,312,392,392,412,625,853,852,253,412,623,623,703,703,920,53,295,572,870,850,850,203,963,999,939],"floor_reached":56,"language":"FRA","playtime":2738,"items_purged":["Strike_G","Normality","Decay","Amnesia","Decay","Defend_G","Defend_G","Strike_G","Strike_G","Defend_G","Strike_G"],"score":1451,"play_id":"45d5b2bc-6c22-4a6d-b213-60bdf6f1ef48","local_time":"20210206195443","is_ascension_mode":false,"campfire_choices":[{"data":"Neutralize","floor":6,"key":"SMITH"},{"data":"REME_CopyPotion","floor":8,"key":"SMITH"},{"data":"REME_GreenPollution","floor":11,"key":"SMITH"},{"data":"Adrenaline","floor":23,"key":"SMITH"},{"floor":29,"key":"RECALL"},{"data":"Adrenaline","floor":42,"key":"SMITH"}],"circlet_count":0,"master_deck":["Strike_G+1","Defend_G","Defend_G+1","Survivor","Neutralize+1","REME_AllRoundStrike+1","REME_CopyPotion+1","Cloak And Dagger+1","Hallucinations","REME_GreenPollution+1","Crippling Poison+1","Accuracy","Adrenaline+1","ReplayTheSpireMod:Scrap Shanks","Intolerance","ReplayTheSpireMod:Restless Dread","Sickly","REME_SpectralBlade+1","REME_ShadowStrike+1","Footwork+1","Accuracy+1","Delirium","Adrenaline+1","Sharp Hide","ReplayTheSpireMod:Shiv Toss","Blade Dance","Blade Dance","Finisher","Adrenaline+1","Caltrops+1","Injury","ReplayTheSpireMod:Splinters","Terror","CurseOfTheBell","Flash of Steel","Hallucinations","Injury","Pain","Blade Dance+1","Overencumbered","BlessedFruit+1","BlessedFruit+1","ReplayTheSpireMod:Restless Dread","Regret","Discovery+1","Infinite Blades","ShadowRift"],"relics":["REME_ComplimentaryCards","testmod-TurbochargingSystem","Sizzling Blood","Ring of Hypnosis","ReplayTheSpireMod:Ring of Exchange","Gremlin Horn","MerchantsRug","REME_HandOfSuture","REME_DemonsWealth","REME_OnlineShoppingPlatform","ReplayFunnel","Chemical X","Pen Nib","BrokenLever","Thread and Needle","Letter Opener","Divine Protection","Eternal Feather","CultistMask","Smiling Mask","Nloth\u0027s Gift","Chameleon Ring","testmod-Register","Counterbalance","Ancient Tea Set","Toxic Egg 2","Tough Bandages","Anchor","testmod-Prudence","testmod-TestBox","CeramicFish","ChewingGum","Ornamental Fan","testmod-ThousandKnives","testmod-IndustrialRevolution","Ice Cream","testmod-ObsoleteBoomerang","testmod-Déjàvu","Bird Faced Urn","Pet Ghost","RollingBoulder","Boot","testmod-TimeTraveler","testmod-LifeArmor"],"acts_visited":["Exordium","TheCity","TheBeyond","TheEnding"],"potions_floor_usage":[16,19,22,33,37,38,39,39,50,52,53,55,55,55],"damage_taken":[{"damage":0,"enemies":"Small Slimes","floor":1,"turns":2},{"damage":0,"enemies":"2 Louse","floor":2,"turns":2},{"damage":11,"enemies":"Lagavulin","floor":10,"turns":6},{"damage":11,"enemies":"Replay:BlueRogue","floor":12,"turns":6},{"damage":0,"enemies":"Jaw Worm","floor":13,"turns":4},{"damage":2,"enemies":"Slime Boss","floor":16,"turns":7},{"damage":5,"enemies":"Spheric Guardian","floor":18,"turns":4},{"damage":0,"enemies":"Shell Parasite","floor":20,"turns":1},{"damage":4,"enemies":"Cultist and Chosen","floor":21,"turns":5},{"damage":0,"enemies":"Book of Stabbing","floor":25,"turns":6},{"damage":1,"enemies":"Centurion and Healer","floor":27,"turns":6},{"damage":0,"enemies":"Snake Plant","floor":28,"turns":4},{"damage":0,"enemies":"Automaton","floor":33,"turns":6},{"damage":8,"enemies":"3 Shapes","floor":35,"turns":3},{"damage":1,"enemies":"Orb Walker","floor":36,"turns":2},{"damage":12,"enemies":"2 Orb Walkers","floor":37,"turns":5},{"damage":0,"enemies":"Spire Growth","floor":38,"turns":5},{"damage":32,"enemies":"4 Shapes","floor":41,"turns":4},{"damage":0,"enemies":"Sphere and 2 Shapes","floor":45,"turns":5},{"damage":0,"enemies":"R_Hoarder","floor":47,"turns":5},{"damage":0,"enemies":"Mind Bloom Boss Battle","floor":48,"turns":3},{"damage":0,"enemies":"Replay:Hell Engine","floor":50,"turns":5},{"damage":0,"enemies":"Shield and Spear","floor":54,"turns":2},{"damage":0,"enemies":"The Heart","floor":55,"turns":4}],"seed_played":"-6370854154606580478","potions_obtained":[{"floor":10,"key":"GhostInAJar"},{"floor":12,"key":"SpeedPotion"},{"floor":13,"key":"Toxic Potion"},{"floor":18,"key":"Poison Potion"}],"is_trial":false,"path_per_floor":["M","M","?","$","?","R","?","R","T","E","R","E","M","$","R_BF","B",null,"M","$","M","M","$","R","?","E","T","M","M","R","?","?","R","B",null,"M","M","?","M","$","R","M","R","T","?","M","R","E","?","R","B",null,"R","$","E","B",null],"character_chosen":"THE_SILENT","items_purchased":["MerchantsRug","REME_HandOfSuture","REME_OnlineShoppingPlatform","ReplayFunnel","Blue Doll","Chemical X","Pen Nib","BrokenLever","ReplayTheSpireMod:Scrap Shanks","Thread and Needle","Orrery","Letter Opener","Divine Protection","Eternal Feather","Lee\u0027s Waffle","Bag of Preparation","Chameleon Ring","ReplayTheSpireMod:CursedCoin","Sharp Hide","ReplayTheSpireMod:Shiv Toss","Blade Dance","Finisher","Calling Bell","Anchor","testmod-Prudence","Flash of Steel","CeramicFish","ChewingGum","Ornamental Fan","testmod-ThousandKnives","Blade Dance+1","Ice Cream","testmod-ObsoleteBoomerang","testmod-Déjàvu","War Paint","Discovery+1","Bird Faced Urn","Whetstone","Pet Ghost","RollingBoulder","Boot","testmod-TimeTraveler","Infinite Blades"],"campfire_rested":0,"item_purchase_floors":[14,14,19,19,19,19,19,19,19,22,22,22,22,22,22,32,32,32,32,32,32,32,39,40,40,40,46,46,46,46,46,49,49,49,49,52,52,52,52,53,53,53,53],"current_hp_per_floor":[70,70,74,74,74,74,74,74,74,67,67,60,64,64,74,74,74,73,78,79,79,86,86,86,86,86,86,86,86,86,86,86,86,86,82,85,77,81,88,93,65,89,99,99,103,103,103,103,103,107,107,107,107,109,111],"gold":939,"neow_bonus":"ONE_RANDOM_RARE_CARD","is_daily":false,"chose_seed":false,"campfire_upgraded":5,"win_rate":0.0,"timestamp":1612637683,"path_taken":["M","M","?","$","?","R","?","R","T","E","R","E","M","?","R_BF","BOSS","M","$","M","M","$","R","?","E","T","?","M","R","?","?","R","BOSS","M","M","?","M","$","R","M","R","T","?","M","R","E","?","R","BOSS","R","$","E","BOSS"],"items_purchased_type":["Relic","Relic","Relic","Relic","Relic","Relic","Relic","Relic","Card","Relic","Relic","Relic","Relic","Relic","Relic","Relic","Relic","Relic","Card","Card","Card","Card","Relic","Relic","Relic","Card","Relic","Relic","Relic","Relic","Card","Relic","Relic","Relic","Relic","Card","Relic","Relic","Relic","Relic","Relic","Relic","Card"],"build_version":"2020-12-22","purchased_purges":11,"victory":true,"max_hp_per_floor":[70,70,74,74,74,74,74,74,74,74,74,74,74,74,74,74,74,74,79,79,79,86,86,86,86,86,86,86,86,86,86,86,86,86,86,86,86,86,93,93,93,93,103,103,103,103,103,103,103,107,107,107,107,109,111],"card_choices":[{"not_picked":["Flechettes","Bane"],"picked":"Cloak And Dagger","floor":1},{"not_picked":["Eviscerate","Acrobatics","Pace"],"picked":"SKIP","floor":2},{"not_picked":["Dodge and Roll","Dagger Spray"],"picked":"REME_GreenPollution","floor":10},{"not_picked":["Unload","Slice"],"picked":"Crippling Poison","floor":12},{"not_picked":["Prepared","Blade Dance"],"picked":"Accuracy","floor":13},{"not_picked":["Glass Knife","ReplayTheSpireMod:Necrosis"],"picked":"Adrenaline","floor":16},{"not_picked":["REME_GreenPollution","Dodge and Roll","PiercingWail"],"picked":"Decay","floor":18},{"not_picked":["Cloak And Dagger","Dagger Spray+1","Calculated Gamble"],"picked":"Intolerance","floor":20},{"not_picked":["Blade Dance","Dash","Deflect"],"picked":"ReplayTheSpireMod:Restless Dread","floor":21},{"not_picked":["Quick Slash","Eviscerate","Replay:Poison Smokescreen+1"],"picked":"Sickly","floor":22},{"not_picked":["Bane","Well Laid Plans","Languid"],"picked":"REME_SpectralBlade","floor":22},{"not_picked":["Poisoned Stab","Dash","Normality"],"picked":"REME_ShadowStrike+1","floor":22},{"not_picked":["Outmaneuver","Choke","Writhe"],"picked":"Footwork+1","floor":22},{"not_picked":["Night Terror","Terror","Amnesia"],"picked":"Accuracy+1","floor":25},{"not_picked":["Cloak And Dagger+1","Sneak Up","ReplayTheSpireMod:Tripwire"],"picked":"Decay","floor":27},{"not_picked":["Calculated Gamble","Bouncing Flask","Poisoned Stab"],"picked":"Delirium","floor":28},{"not_picked":["Grand Finale","REME_LeechingPoison","Spreading Infection"],"picked":"Adrenaline","floor":33},{"not_picked":["Deadly Poison","Dodge and Roll+1","Parasite"],"picked":"Caltrops+1","floor":35},{"not_picked":["Hidden Blade+1","Poisoned Stab+1","PiercingWail+1"],"picked":"Injury","floor":36},{"not_picked":["Sneak Up","Underhanded Strike","Burst"],"picked":"ReplayTheSpireMod:Splinters","floor":37},{"not_picked":["Replay:Poison Smokescreen","Sucker Punch+1","Shame"],"picked":"Terror","floor":38},{"not_picked":["Draining Mist+1","Calculated Gamble+1","Dagger Throw"],"picked":"Hallucinations","floor":41},{"not_picked":["Underhanded Strike","Setup+1","Dagger Spray+1"],"picked":"Injury","floor":45},{"not_picked":["Deadly Poison+1","REME_LeechingPoison+1","Venomology+1"],"picked":"Overencumbered","floor":47},{"not_picked":["Sneak Up+1","Flying Knee","Hidden Blade+1"],"picked":"ReplayTheSpireMod:Restless Dread","floor":48},{"not_picked":["ReplayTheSpireMod:Necrosis+1","Masterful Stab+1","Shame"],"picked":"ShadowRift","floor":54}],"player_experience":1562927,"relics_obtained":[{"floor":7,"key":"Ring of Hypnosis"},{"floor":7,"key":"ReplayTheSpireMod:Ring of Exchange"},{"floor":9,"key":"ReplayTheSpireMod:Shallot"},{"floor":10,"key":"Gremlin Horn"},{"floor":12,"key":"Dream Catcher"},{"floor":25,"key":"Smiling Mask"},{"floor":37,"key":"Counterbalance"},{"floor":39,"key":"Ancient Tea Set"},{"floor":39,"key":"Toxic Egg 2"},{"floor":39,"key":"Tough Bandages"},{"floor":43,"key":"Pear"},{"floor":47,"key":"testmod-IndustrialRevolution"},{"floor":48,"key":"HeavenlyBonsai"},{"floor":54,"key":"testmod-LifeArmor"}],"event_choices":[{"damage_healed":0,"gold_gain":0,"player_choice":"Trade","damage_taken":0,"relics_obtained":["CultistMask"],"max_hp_gain":0,"max_hp_loss":0,"event_name":"FaceTrader","floor":24,"gold_loss":0},{"damage_healed":0,"gold_gain":0,"player_choice":"Traded Relic","damage_taken":0,"relics_obtained":["Nloth\u0027s Gift"],"max_hp_gain":0,"max_hp_loss":0,"event_name":"N\u0027loth","floor":30,"relics_lost":["testmod-TestBox"],"gold_loss":0},{"damage_healed":0,"gold_gain":0,"player_choice":"Copied","damage_taken":0,"max_hp_gain":0,"max_hp_loss":0,"event_name":"Duplicator","floor":31,"gold_loss":0,"cards_obtained":["Adrenaline"]},{"damage_healed":0,"gold_gain":0,"player_choice":"Fight","damage_taken":0,"max_hp_gain":0,"max_hp_loss":0,"event_name":"Mysterious Sphere","floor":37,"gold_loss":0},{"damage_healed":0,"gold_gain":0,"player_choice":"Swap Relic","damage_taken":0,"relics_obtained":["testmod-TestBox"],"max_hp_gain":0,"max_hp_loss":0,"event_name":"Box For Yourself","floor":44,"relics_lost":["ReplayTheSpireMod:CursedCoin"],"gold_loss":0},{"damage_healed":0,"gold_gain":0,"player_choice":"Fight","damage_taken":0,"max_hp_gain":0,"max_hp_loss":0,"event_name":"MindBloom","floor":48,"gold_loss":0}],"is_beta":false,"boss_relics":[{"not_picked":["Sandwich","DollysMirror"],"picked":"REME_DemonsWealth"},{"not_picked":["REME_CardOfGreed","Abe\u0027s Treasure"],"picked":"testmod-Register"}],"items_purged_floors":[4,19,22,32,39,40,46,49,52,52,53],"is_endless":false,"potions_floor_spawned":[10,12,13,18,20,28,37,41,48,54],"ascension_level":0}}