{"host":"epc8efk9vrywpcsw","time":1612646993,"event":{"mods":["BaseMod","Minty Spire (QoL Compilation)","Relic Stats","StSLib"],"gold_per_floor":[111,186,157,157,82,82,108,125,150,75,108,127,143,200,200,273,273,273],"floor_reached":17,"language":"ENG","playtime":343,"items_purged":["Regret"],"score":376,"play_id":"e15d88e7-183f-4a16-ae39-89a0281a2d66","local_time":"20210206222953","is_ascension_mode":true,"campfire_choices":[{"data":"1","floor":6,"key":"LIFT"},{"data":"2","floor":15,"key":"LIFT"}],"circlet_count":0,"master_deck":["AscendersBane","Strike_R","Strike_R","Strike_R","Strike_R","Defend_R","Defend_R","Defend_R","Defend_R","Bash","Heavy Blade","Flex","Uppercut","Heavy Blade","Feed","Reaper"],"relics":["Burning Blood","NeowsBlessing","Girya","Juzu Bracelet","Akabeko","Bronze Scales","Frozen Egg 2","Runic Dome"],"acts_visited":["Exordium","TheCity"],"potions_floor_usage":[11,14,16],"damage_taken":[{"damage":0,"enemies":"Small Slimes","floor":1,"turns":1},{"damage":0,"enemies":"3 Sentries","floor":7,"turns":2},{"damage":0,"enemies":"Jaw Worm","floor":8,"turns":1},{"damage":6,"enemies":"Gremlin Nob","floor":11,"turns":3},{"damage":2,"enemies":"2 Louse","floor":12,"turns":2},{"damage":3,"enemies":"Looter","floor":13,"turns":2},{"damage":43,"enemies":"Lagavulin Event","floor":14,"turns":4},{"damage":23,"enemies":"The Guardian","floor":16,"turns":10}],"seed_played":"-7474247293392954356","potions_obtained":[{"floor":7,"key":"PowerPotion"},{"floor":8,"key":"Energy Potion"},{"floor":12,"key":"HeartOfIron"},{"floor":16,"key":"Fire Potion"}],"is_trial":false,"path_per_floor":["M","?","$","?","$","R","E","M","T","?","E","M","M","?","R","B",null],"character_chosen":"IRONCLAD","items_purchased":["Flex"],"campfire_rested":0,"item_purchase_floors":[3],"current_hp_per_floor":[74,63,63,63,63,63,69,75,75,75,75,75,75,38,38,21,62,62],"gold":273,"neow_bonus":"THREE_ENEMY_KILL","is_daily":false,"chose_seed":false,"campfire_upgraded":0,"win_rate":0.0,"timestamp":1612646993,"path_taken":["M","?","$","?","?","R","E","M","T","?","E","M","M","?","R","BOSS"],"items_purchased_type":["Card"],"build_version":"2020-12-22","purchased_purges":1,"victory":false,"max_hp_per_floor":[75,75,75,75,75,75,75,75,75,75,75,75,75,75,75,75,75,75],"relic_stats":{"counters":[8,25],"Bronze Scales":[54],"Juzu Bracelet":0,"obtain_stats":[{"Girya":4,"Runic Dome":17,"NeowsBlessing":0,"Bronze Scales":11,"Juzu Bracelet":7,"Frozen Egg 2":14,"Burning Blood":0,"Akabeko":9},{"Girya":1,"Runic Dome":8,"NeowsBlessing":0,"Bronze Scales":4,"Juzu Bracelet":2,"Frozen Egg 2":7,"Burning Blood":0,"Akabeko":3},{"Girya":1,"Runic Dome":25,"NeowsBlessing":0,"Bronze Scales":7,"Juzu Bracelet":3,"Frozen Egg 2":15,"Burning Blood":0,"Akabeko":4}],"Burning Blood":41},"card_choices":[{"not_picked":["Twin Strike","Disarm"],"picked":"Heavy Blade","floor":1},{"not_picked":["Headbutt","Body Slam","Havoc"],"picked":"SKIP","floor":7},{"not_picked":["Reckless Charge","Combust"],"picked":"Uppercut","floor":8},{"not_picked":["Rampage","Body Slam","Infernal Blade"],"picked":"SKIP","floor":11},{"not_picked":["Clothesline","Perfected Strike","Sentinel"],"picked":"SKIP","floor":12},{"not_picked":["Rage","Infernal Blade"],"picked":"Heavy Blade","floor":13},{"not_picked":["Flex","True Grit"],"picked":"Feed","floor":14},{"not_picked":["Fiend Fire","Corruption+1"],"picked":"Reaper","floor":16}],"player_experience":493835,"relics_obtained":[{"floor":7,"key":"Juzu Bracelet"},{"floor":9,"key":"Akabeko"},{"floor":11,"key":"Bronze Scales"},{"floor":14,"key":"Frozen Egg 2"}],"event_choices":[{"damage_healed":0,"gold_gain":75,"player_choice":"Gather Gold","damage_taken":11,"max_hp_gain":0,"max_hp_loss":0,"event_name":"World of Goop","floor":2,"gold_loss":0},{"damage_healed":0,"gold_gain":0,"player_choice":"Box","damage_taken":0,"relics_obtained":["Girya"],"max_hp_gain":0,"max_hp_loss":0,"event_name":"Big Fish","floor":4,"gold_loss":0,"cards_obtained":["Regret"]},{"cards_removed":["Strike_R"],"damage_healed":0,"gold_gain":0,"player_choice":"Card Removal","damage_taken":0,"max_hp_gain":0,"max_hp_loss":0,"event_name":"The Cleric","floor":10,"gold_loss":75},{"damage_healed":0,"gold_gain":30,"player_choice":"Searched \u00273\u0027 times","damage_taken":0,"max_hp_gain":0,"max_hp_loss":0,"event_name":"Dead Adventurer","floor":14,"gold_loss":0}],"is_beta":false,"boss_relics":[{"not_picked":["Empty Cage","Runic Cube"],"picked":"Runic Dome"}],"items_purged_floors":[5],"is_endless":false,"potions_floor_spawned":[7,8,12,16],"ascension_level":20}}