{"host":"AppleFritter","time":1612654724,"event":{"mods":["BaseMod","Bestiary","Block Reminder","Colored Map","Colored Powertips","Curses Come First","Highlight Path","Minty Spire (QoL Compilation)","Potion Indicator Mod","Quick Restart","Relic Stats","StSLib","ojb\u0027s Info Mod"],"gold_per_floor":[111,128,51,51,51,76,76,87,142,142,102,113,113,113,113,113,113],"floor_reached":16,"language":"ENG","playtime":17186,"items_purged":[],"score":98,"play_id":"b000e9fc-33a7-4309-996a-916c594e1c44","local_time":"20210206183844","is_ascension_mode":false,"campfire_choices":[{"floor":7,"key":"REST"},{"data":"Reckless Charge","floor":13,"key":"SMITH"},{"data":"Iron Wave","floor":15,"key":"SMITH"}],"circlet_count":0,"master_deck":["Strike_R","Strike_R","Strike_R+1","Strike_R+1","Strike_R","Defend_R","Defend_R","Defend_R","Defend_R","Bash","Iron Wave+1","Dropkick","Iron Wave","Hemokinesis+1","Clash","Reckless Charge+1"],"relics":["Burning Blood","Ancient Tea Set","Dream Catcher","Mercury Hourglass"],"acts_visited":["Exordium"],"potions_floor_usage":[6,16,16,16],"damage_taken":[{"damage":6,"enemies":"Jaw Worm","floor":1,"turns":3},{"damage":12,"enemies":"Small Slimes","floor":2,"turns":3},{"damage":27,"enemies":"3 Sentries","floor":6,"turns":5},{"damage":2,"enemies":"Cultist","floor":8,"turns":2},{"damage":22,"enemies":"Large Slime","floor":12,"turns":5},{"damage":46,"enemies":"The Guardian","floor":16,"turns":6}],"seed_played":"2319673489378285276","potions_obtained":[{"floor":8,"key":"PowerPotion"},{"floor":11,"key":"Strength Potion"},{"floor":11,"key":"SpeedPotion"}],"is_trial":false,"path_per_floor":["M","M","$","?","?","E","R","M","T","?","?","M","R","?","R","B"],"character_chosen":"IRONCLAD","items_purchased":["Iron Wave","Explosive Potion"],"campfire_rested":1,"item_purchase_floors":[3,3],"current_hp_per_floor":[80,74,74,74,58,37,61,65,65,65,65,49,49,46,46,0,0],"gold":113,"neow_bonus":"","is_daily":false,"chose_seed":false,"campfire_upgraded":2,"win_rate":0.0,"timestamp":1612654724,"path_taken":["M","M","$","?","?","E","R","M","T","?","?","?","R","?","R","BOSS"],"items_purchased_type":["Card","Potion"],"build_version":"2020-12-18","purchased_purges":0,"victory":false,"max_hp_per_floor":[80,80,80,80,80,80,80,80,80,80,80,80,80,80,80,80,80],"relic_stats":{"Dream Catcher":0,"counters":[6,24],"obtain_stats":[{"Dream Catcher":9,"Ancient Tea Set":6,"Burning Blood":0,"Mercury Hourglass":14},{"Dream Catcher":4,"Ancient Tea Set":3,"Burning Blood":0,"Mercury Hourglass":5},{"Dream Catcher":13,"Ancient Tea Set":11,"Burning Blood":0,"Mercury Hourglass":18}],"Burning Blood":30,"Mercury Hourglass":[18]},"card_choices":[{"not_picked":["Armaments","Power Through"],"picked":"Iron Wave","floor":1},{"not_picked":["Warcry","True Grit"],"picked":"Dropkick","floor":2},{"not_picked":["Uppercut","Armaments"],"picked":"Hemokinesis","floor":6},{"not_picked":["Battle Trance","Iron Wave"],"picked":"Clash","floor":8},{"not_picked":["True Grit","Warcry"],"picked":"Reckless Charge","floor":12}],"player_experience":0,"relics_obtained":[{"floor":6,"key":"Ancient Tea Set"},{"floor":9,"key":"Dream Catcher"}],"event_choices":[{"damage_healed":0,"gold_gain":0,"player_choice":"Leave","damage_taken":0,"max_hp_gain":0,"max_hp_loss":0,"event_name":"The Cleric","floor":4,"gold_loss":0},{"damage_healed":0,"gold_gain":0,"player_choice":"Entered Light","damage_taken":16,"max_hp_gain":0,"max_hp_loss":0,"event_name":"Shining Light","floor":5,"gold_loss":0,"cards_upgraded":["Strike_R","Strike_R"]},{"damage_healed":0,"gold_gain":0,"player_choice":"Grow","damage_taken":0,"max_hp_gain":0,"max_hp_loss":0,"event_name":"Living Wall","floor":10,"gold_loss":0,"cards_upgraded":["Hemokinesis"]},{"damage_healed":0,"gold_gain":0,"player_choice":"Bought 3 Potions","damage_taken":0,"max_hp_gain":0,"max_hp_loss":0,"event_name":"The Woman in Blue","floor":11,"gold_loss":0},{"damage_healed":0,"gold_gain":0,"player_choice":"Success","damage_taken":3,"relics_obtained":["Mercury Hourglass"],"max_hp_gain":0,"max_hp_loss":0,"event_name":"Scrap Ooze","floor":14,"gold_loss":0}],"is_beta":true,"boss_relics":[],"items_purged_floors":[],"is_endless":false,"potions_floor_spawned":[8,12],"killed_by":"The Guardian","ascension_level":0}}