{"host":"bvp2uifzy1c463d9","time":1612652245,"event":{"mods":["AchievementEnabler","BaseMod","Block Reminder","ChefMod","Colored Map","Colored Powertips","Hermit","Highlight Path","Infinite Spire","Minty Spire (QoL Compilation)","Random Character Button","Relic Sorter","Relic Stats","Reliquary","Replay The Spire","StSLib","The Jungle","The Servant 0.9.4"],"gold_per_floor":[111,131,145,145,158,158,177,177,177,193,193,221,239,1,1,96,96,116,116,206,224,41,41,59,59,83,109,37,37,65,20,20,120,120,139,156,156,171,190,190,218,218,244,277,291,309,326,326,326],"floor_reached":48,"language":"ENG","playtime":4272,"items_purged":["chefmod:Strike","chefmod:Defend"],"score":614,"play_id":"558a6d35-c4b7-4f3f-b479-a0ca09214abb","local_time":"20210206165725","is_ascension_mode":false,"campfire_choices":[{"data":"chefmod:BananaSplit","floor":6,"key":"SMITH"},{"data":"chefmod:Sorbet","floor":8,"key":"SMITH"},{"data":"chefmod:NewMenu","floor":11,"key":"SMITH"},{"floor":15,"key":"REST"},{"data":"Sadistic Nature","floor":23,"key":"SMITH"},{"data":"chefmod:CandyBowl","floor":25,"key":"SMITH"},{"data":"chefmod:FarmersMarket","floor":29,"key":"SMITH"},{"data":"chefmod:TodaysSpecial","floor":32,"key":"SMITH"},{"data":"chefmod:BaoBuns","floor":40,"key":"SMITH"},{"data":"chefmod:Omelette","floor":42,"key":"SMITH"}],"circlet_count":0,"master_deck":["chefmod:Strike","chefmod:Strike","chefmod:Strike","chefmod:QuickThaw","chefmod:Defend","chefmod:Defend","chefmod:Defend","chefmod:TodaysSpecial+1","CurseOfTheBell","chefmod:NewMenu+1","chefmod:Sorbet+1","chefmod:BananaSplit+1","chefmod:BaoBuns","chefmod:DinoKale","chefmod:CandyBowl+1","chefmod:DoubleChop","Sadistic Nature+1","chefmod:DeathByChocolate","chefmod:BaoBuns+1","Finesse","Specialist","chefmod:FarmersMarket+1","chefmod:FreshProduce","chefmod:FireUp","chefmod:Mince","chefmod:OldCookbook+1","chefmod:Chop+1","chefmod:Omelette+1","chefmod:MonsterBait","chefmod:RisingDough","chefmod:Cleavers+1"],"relics":["Calling Bell","Omamori","Mercury Hourglass","Mango","Ring of Misfortune","ReplayTheSpireMod:Ring of Exchange","Counterbalance","Pen Nib","Replay:Bronze Core","ReplayFunnel","reliquary:PorcupineQuills","infinitespire:Eraser","reliquary:RedCape","Anchor","reliquary:BoilingFlask","reliquary:SilkGlove","PreservedInsect"],"acts_visited":["Exordium","TheCity","TheBeyond"],"potions_floor_usage":[16,44,45,47,47,47,47,48,48],"damage_taken":[{"damage":2,"enemies":"2 Louse","floor":1,"turns":3},{"damage":0,"enemies":"Jaw Worm","floor":2,"turns":4},{"damage":0,"enemies":"Small Slimes","floor":3,"turns":4},{"damage":24,"enemies":"Gremlin Gang","floor":5,"turns":5},{"damage":4,"enemies":"Exordium Thugs","floor":7,"turns":6},{"damage":9,"enemies":"3 Louse","floor":10,"turns":3},{"damage":10,"enemies":"Lagavulin","floor":12,"turns":7},{"damage":14,"enemies":"Gremlin Gang","floor":13,"turns":5},{"damage":0,"enemies":"Slime Boss","floor":16,"turns":6},{"damage":19,"enemies":"2 Thieves","floor":18,"turns":4},{"damage":13,"enemies":"3 Byrds","floor":21,"turns":6},{"damage":0,"enemies":"Centurion and Healer","floor":24,"turns":3},{"damage":0,"enemies":"Replay:Snechameleon","floor":30,"turns":5},{"damage":4,"enemies":"Collector","floor":33,"turns":6},{"damage":0,"enemies":"Orb Walker","floor":35,"turns":4},{"damage":32,"enemies":"3 Darklings","floor":36,"turns":7},{"damage":16,"enemies":"Transient","floor":38,"turns":5},{"damage":0,"enemies":"Spire Growth","floor":39,"turns":5},{"damage":0,"enemies":"R_Hoarder","floor":41,"turns":7},{"damage":30,"enemies":"Nemesis","floor":44,"turns":9},{"damage":0,"enemies":"Maw","floor":45,"turns":8},{"damage":7,"enemies":"Writhing Mass","floor":46,"turns":6},{"damage":0,"enemies":"Transient","floor":47,"turns":5},{"damage":11,"enemies":"3 Darklings","floor":48,"turns":2}],"seed_played":"8879388779791827760","potions_obtained":[{"floor":2,"key":"Ancient Potion"},{"floor":10,"key":"SneckoOil"},{"floor":12,"key":"infinitespire:BlackPotion"},{"floor":16,"key":"BlessingOfTheForge"},{"floor":21,"key":"SpeedPotion"},{"floor":38,"key":"EntropicBrew"},{"floor":39,"key":"chefmod:PotionOfPlenty"},{"floor":44,"key":"SpeedPotion"},{"floor":45,"key":"FearPotion"}],"is_trial":false,"path_per_floor":["M","M","M","?","M","R","M","R","T","M","R","E","M","$","R_BF","B",null,"M","?","?","M","$","R","M","R","T","T","$","R","E","$","R","B",null,"M","M","?","M","M","R","E","R","T","E","M","M","M","M"],"character_chosen":"THE_CHEF","items_purchased":["Sadistic Nature","Specialist","chefmod:FarmersMarket","chefmod:FireUp"],"campfire_rested":1,"item_purchase_floors":[14,22,28,31],"current_hp_per_floor":[88,88,88,88,64,64,60,60,60,51,51,41,27,27,54,54,90,71,71,53,40,40,40,40,40,40,40,40,40,40,40,40,36,90,90,58,58,42,42,42,42,42,42,12,12,5,5,0,0],"gold":326,"neow_bonus":"BOSS_RELIC","is_daily":false,"chose_seed":false,"campfire_upgraded":9,"win_rate":0.0,"timestamp":1612652245,"path_taken":["M","M","M","?","M","R","M","R","T","M","R","E","M","$","R_BF","BOSS","M","?","?","?","?","R","M","R","T","?","$","R","E","$","R","BOSS","M","M","?","?","M","R","E","R","T","E","M","M","M","M"],"items_purchased_type":["Card","Card","Card","Card"],"build_version":"2020-12-22","purchased_purges":2,"victory":false,"max_hp_per_floor":[90,90,90,90,90,90,90,90,90,90,90,90,90,90,90,90,90,90,90,90,90,90,90,90,90,90,90,90,90,90,90,90,90,90,90,90,90,90,90,90,90,90,90,90,90,90,90,90,90],"relic_stats":{"counters":[24,121],"Pen Nib":[17],"PreservedInsect":0,"obtain_stats":[{"ReplayFunnel":26,"chefmod:TrustyPot":0,"ReplayTheSpireMod:Ring of Exchange":4,"reliquary:SilkGlove":43,"Counterbalance":9,"reliquary:BoilingFlask":41,"Mango":0,"Pen Nib":12,"PreservedInsect":44,"Omamori":0,"reliquary:RedCape":34,"Mercury Hourglass":0,"Calling Bell":0,"Anchor":37,"reliquary:PorcupineQuills":27,"Ring of Misfortune":4,"Replay:Bronze Core":17,"infinitespire:Eraser":30},{"ReplayFunnel":12,"chefmod:TrustyPot":0,"ReplayTheSpireMod:Ring of Exchange":3,"reliquary:SilkGlove":19,"Counterbalance":5,"reliquary:BoilingFlask":19,"Mango":0,"Pen Nib":7,"PreservedInsect":20,"Omamori":0,"reliquary:RedCape":14,"Mercury Hourglass":0,"Calling Bell":0,"Anchor":16,"reliquary:PorcupineQuills":12,"Ring of Misfortune":3,"Replay:Bronze Core":9,"infinitespire:Eraser":13},{"ReplayFunnel":53,"chefmod:TrustyPot":0,"ReplayTheSpireMod:Ring of Exchange":11,"reliquary:SilkGlove":92,"Counterbalance":21,"reliquary:BoilingFlask":92,"Mango":0,"Pen Nib":30,"PreservedInsect":101,"Omamori":0,"reliquary:RedCape":64,"Mercury Hourglass":0,"Calling Bell":0,"Anchor":75,"reliquary:PorcupineQuills":53,"Ring of Misfortune":11,"Replay:Bronze Core":40,"infinitespire:Eraser":58}],"Mercury Hourglass":[726]},"card_choices":[{"not_picked":["chefmod:Ratatouille","chefmod:FireUp"],"picked":"chefmod:NewMenu","floor":1},{"not_picked":["chefmod:IcePick","chefmod:ZaruSoba"],"picked":"chefmod:Sorbet","floor":2},{"not_picked":["chefmod:DinoKale","chefmod:Sorbet"],"picked":"chefmod:BananaSplit","floor":3},{"not_picked":["chefmod:DinoKale","chefmod:Sorbet"],"picked":"chefmod:BaoBuns","floor":5},{"not_picked":["chefmod:FryPan","chefmod:BaoBuns","chefmod:Granita"],"picked":"SKIP","floor":7},{"not_picked":["chefmod:Escargot","chefmod:Defrost"],"picked":"chefmod:DinoKale","floor":10},{"not_picked":["chefmod:Sorbet","chefmod:Defrost"],"picked":"chefmod:CandyBowl","floor":12},{"not_picked":["chefmod:Chop","chefmod:DinoKale"],"picked":"chefmod:DoubleChop","floor":13},{"not_picked":["chefmod:TwoForOne","chefmod:TastyDistraction"],"picked":"chefmod:DeathByChocolate","floor":16},{"not_picked":["chefmod:FreezerBurn","chefmod:IcePick"],"picked":"chefmod:BaoBuns","floor":18},{"not_picked":["chefmod:ColdSteel","chefmod:HotSoup","chefmod:Defrost+1"],"picked":"SKIP","floor":21},{"not_picked":["chefmod:TwoForOne","chefmod:Chop","chefmod:TonkotsuRamen"],"picked":"SKIP","floor":24},{"not_picked":["chefmod:QuickChop","chefmod:DimSum"],"picked":"chefmod:FreshProduce","floor":30},{"not_picked":["chefmod:DeepFreeze","chefmod:TwoForOne"],"picked":"chefmod:Mince","floor":33},{"not_picked":["chefmod:QuickChop","chefmod:PotatoGratin+1"],"picked":"chefmod:OldCookbook+1","floor":35},{"not_picked":["chefmod:BaoBuns+1","chefmod:Granita"],"picked":"chefmod:Chop+1","floor":36},{"not_picked":["chefmod:HotSoup","chefmod:Fillet","chefmod:ColdSteel+1"],"picked":"SKIP","floor":38},{"not_picked":["chefmod:ColdSteel+1","chefmod:FryPan"],"picked":"chefmod:Omelette","floor":39},{"not_picked":["chefmod:Chop+1","chefmod:HotSoup+1","chefmod:ZaruSoba"],"picked":"SKIP","floor":41},{"not_picked":["chefmod:ZaruSoba+1","chefmod:Fillet+1"],"picked":"chefmod:MonsterBait","floor":44},{"not_picked":["chefmod:DinoKale+1","chefmod:Gelato+1"],"picked":"chefmod:RisingDough","floor":45},{"not_picked":["chefmod:Chop+1","chefmod:Granita+1"],"picked":"chefmod:Cleavers+1","floor":46},{"not_picked":["chefmod:FryPan+1","chefmod:Gelato","chefmod:HotSoup+1"],"picked":"SKIP","floor":47}],"player_experience":269197,"relics_obtained":[{"floor":0,"key":"Omamori"},{"floor":0,"key":"Mercury Hourglass"},{"floor":0,"key":"Mango"},{"floor":4,"key":"Ring of Misfortune"},{"floor":4,"key":"ReplayTheSpireMod:Ring of Exchange"},{"floor":9,"key":"Counterbalance"},{"floor":12,"key":"Pen Nib"},{"floor":26,"key":"ReplayFunnel"},{"floor":27,"key":"reliquary:PorcupineQuills"},{"floor":30,"key":"infinitespire:Eraser"},{"floor":41,"key":"reliquary:BoilingFlask"},{"floor":43,"key":"reliquary:SilkGlove"},{"floor":44,"key":"PreservedInsect"}],"event_choices":[{"damage_healed":0,"gold_gain":0,"player_choice":"Ignored","damage_taken":0,"max_hp_gain":0,"max_hp_loss":0,"event_name":"Vampires","floor":19,"gold_loss":0},{"damage_healed":0,"gold_gain":90,"player_choice":"CARD GOLD ","damage_taken":18,"max_hp_gain":0,"max_hp_loss":0,"event_name":"Knowing Skull","floor":20,"potions_obtained":[],"gold_loss":0,"cards_obtained":["Finesse"]},{"damage_healed":0,"gold_gain":0,"player_choice":"Gave Potion","damage_taken":0,"relics_obtained":["Anchor"],"max_hp_gain":0,"max_hp_loss":0,"event_name":"WeMeetAgain","floor":37,"gold_loss":0}],"is_beta":false,"boss_relics":[{"not_picked":["Replay:Fungal Core","Empty Cage"],"picked":"Replay:Bronze Core"},{"not_picked":["Replay:Ancient Bell","OrangePellets"],"picked":"reliquary:RedCape"}],"items_purged_floors":[14,22],"is_endless":false,"potions_floor_spawned":[2,10,12,16,21,24,33,38,39,44,45],"killed_by":"3 Darklings","ascension_level":0}}