{"host":"flk9eme3n59cnu2c","time":1612571668,"event":{"mods":["A Penny For Your Troubles","AchievementEnabler","BaseMod","Better-Laid Plans","Block Reminder","Colored Map","Googly Eyes","Minty Spire (QoL Compilation)","RNG Fix","Rare Cards Sparkle","Relic Stats","Reorder Act Four","Slay-I","StSLib","Weighted Paths"],"gold_per_floor":[118,129,129,144,155,155,169,203,203,203,203],"floor_reached":10,"language":"ENG","playtime":427,"items_purged":[],"score":137,"play_id":"bd06fd63-b803-4b43-a0d1-53c9fd250d87","local_time":"20210205183428","is_ascension_mode":true,"campfire_choices":[{"data":"Dagger Spray","floor":6,"key":"SMITH"}],"circlet_count":0,"master_deck":["AscendersBane","Strike_G","Strike_G","Strike_G","Strike_G","Strike_G","Defend_G","Defend_G","Defend_G","Defend_G","Defend_G","Survivor","Neutralize+1","Dagger Spray+1","Dodge and Roll","Catalyst","Glass Knife"],"relics":["Ring of the Snake","GremlinMask","Snake Skull","White Beast Statue"],"acts_visited":["Exordium"],"potions_floor_usage":[8,10],"damage_taken":[{"damage":0,"enemies":"Cultist","floor":1,"turns":5},{"damage":4,"enemies":"Jaw Worm","floor":2,"turns":6},{"damage":0,"enemies":"Small Slimes","floor":4,"turns":4},{"damage":6,"enemies":"3 Louse","floor":5,"turns":5},{"damage":0,"enemies":"Exordium Thugs","floor":7,"turns":5},{"damage":22,"enemies":"Lagavulin","floor":8,"turns":6},{"damage":24,"enemies":"Gremlin Nob","floor":10,"turns":4}],"seed_played":"2737508678643531329","potions_obtained":[{"floor":5,"key":"Poison Potion"},{"floor":7,"key":"Weak Potion"}],"is_trial":false,"path_per_floor":["M","M","?","M","M","R","M","E","T","E"],"character_chosen":"THE_SILENT","items_purchased":[],"campfire_rested":0,"item_purchase_floors":[],"current_hp_per_floor":[59,55,55,55,49,49,49,27,27,3,3],"gold":203,"neow_bonus":"UPGRADE_CARD","is_daily":false,"chose_seed":false,"campfire_upgraded":1,"win_rate":0.0,"timestamp":1612571668,"path_taken":["M","M","?","?","M","R","M","E","T","E"],"items_purchased_type":[],"build_version":"2020-12-22","purchased_purges":0,"victory":false,"max_hp_per_floor":[66,66,66,66,66,66,66,66,66,66,66],"relic_stats":{"counters":[7,35],"Snake Skull":[0],"obtain_stats":[{"GremlinMask":3,"Snake Skull":8,"White Beast Statue":9,"Ring of the Snake":0},{"GremlinMask":2,"Snake Skull":6,"White Beast Statue":6,"Ring of the Snake":0},{"GremlinMask":11,"Snake Skull":31,"White Beast Statue":31,"Ring of the Snake":0}],"Ring of the Snake":[14]},"card_choices":[{"not_picked":["Accuracy","Flying Knee"],"picked":"Dagger Spray","floor":1},{"not_picked":["Prepared","Predator"],"picked":"Dodge and Roll","floor":2},{"not_picked":["Bane","Slice","Quick Slash"],"picked":"SKIP","floor":4},{"not_picked":["Dagger Spray","Prepared","Skewer"],"picked":"SKIP","floor":5},{"not_picked":["Skewer","Expertise"],"picked":"Catalyst","floor":7},{"not_picked":["Expertise","Catalyst"],"picked":"Glass Knife","floor":8}],"player_experience":920490,"relics_obtained":[{"floor":8,"key":"Snake Skull"},{"floor":9,"key":"White Beast Statue"}],"event_choices":[{"damage_healed":0,"gold_gain":0,"player_choice":"Trade","damage_taken":0,"relics_obtained":["GremlinMask"],"max_hp_gain":0,"max_hp_loss":0,"event_name":"FaceTrader","floor":3,"gold_loss":0}],"is_beta":false,"boss_relics":[],"items_purged_floors":[],"is_endless":false,"potions_floor_spawned":[5,7],"killed_by":"Gremlin Nob","ascension_level":19}}