{"host":"dw8ij7emqco3quom","time":1612572663,"event":{"mods":["BaseMod","Minty Spire (QoL Compilation)"],"gold_per_floor":[109,109,128,128,141,141,172,172,199,199,14,25,25,44,44,140,140,157,170,170,180,6,6,34,49,72,72,105,105,65,82,82,179,179,190,235,185,199,199,199,199,217,241,591,591,591,591],"floor_reached":46,"language":"FRA","playtime":2822,"items_purged":["Strike_B","Strike_B"],"score":572,"play_id":"53fe5068-a799-4d4a-93d3-2fe520514948","local_time":"20210206015103","is_ascension_mode":true,"campfire_choices":[{"data":"Zap","floor":6.0,"key":"SMITH"},{"data":"Self Repair","floor":8.0,"key":"SMITH"},{"data":"Dualcast","floor":10.0,"key":"SMITH"},{"data":"Static Discharge","floor":15.0,"key":"SMITH"},{"data":"Thunder Strike","floor":23.0,"key":"SMITH"},{"floor":27.0,"key":"REST"},{"floor":29.0,"key":"REST"},{"floor":32.0,"key":"REST"},{"floor":40.0,"key":"RECALL"}],"circlet_count":0,"master_deck":["Strike_B","Defend_B","Zap+1","Dualcast+1","Self Repair+1","Rebound","Conserve Battery+1","Ball Lightning","Leap+1","Melter","Ball Lightning","Static Discharge+1","Thunder Strike+1","Lockon+1","Cold Snap","Fusion+1","Ball Lightning","Reinforced Body+1","Double Energy+1","Tempest+1","Redo+1","Undo+1","Skim+1","White Noise+1","Auto Shields+1","Electrodynamics","Madness+1","Madness+1"],"relics":["Cracked Core","Toxic Egg 2","CaptainsWheel","Dream Catcher","Nuclear Battery","Akabeko","Pen Nib","Smiling Mask","Empty Cage","Incense Burner","Regal Pillow","Old Coin"],"acts_visited":["Exordium","TheCity","TheBeyond"],"potions_floor_usage":[46,46,46],"damage_taken":[{"damage":6.0,"enemies":"Cultist","floor":1.0,"turns":4.0},{"damage":4.0,"enemies":"Jaw Worm","floor":3.0,"turns":3.0},{"damage":7.0,"enemies":"Small Slimes","floor":5.0,"turns":4.0},{"damage":16.0,"enemies":"Lagavulin","floor":7.0,"turns":8.0},{"damage":4.0,"enemies":"Red Slaver","floor":12.0,"turns":3.0},{"damage":2.0,"enemies":"Exordium Wildlife","floor":14.0,"turns":3.0},{"damage":40.0,"enemies":"The Guardian","floor":16.0,"turns":9.0},{"damage":6.0,"enemies":"Chosen","floor":18.0,"turns":4.0},{"damage":3.0,"enemies":"2 Thieves","floor":19.0,"turns":4.0},{"damage":20.0,"enemies":"Snecko","floor":21.0,"turns":5.0},{"damage":30.0,"enemies":"Book of Stabbing","floor":24.0,"turns":2.0},{"damage":15.0,"enemies":"Centurion and Healer","floor":25.0,"turns":3.0},{"damage":30.0,"enemies":"Slavers","floor":28.0,"turns":4.0},{"damage":6.0,"enemies":"Snake Plant","floor":31.0,"turns":4.0},{"damage":53.0,"enemies":"Collector","floor":33.0,"turns":9.0},{"damage":0.0,"enemies":"3 Shapes","floor":35.0,"turns":3.0},{"damage":5.0,"enemies":"2 Orb Walkers","floor":36.0,"turns":4.0},{"damage":0.0,"enemies":"3 Darklings","floor":38.0,"turns":3.0},{"damage":13.0,"enemies":"Jaw Worm Horde","floor":42.0,"turns":4.0},{"damage":0.0,"enemies":"Mind Bloom Boss Battle","floor":44.0,"turns":7.0},{"damage":105,"enemies":"Giant Head","floor":46,"turns":7}],"seed_played":"8743456568008511890","potions_obtained":[{"floor":7.0,"key":"SkillPotion"},{"floor":12.0,"key":"Weak Potion"},{"floor":24.0,"key":"EssenceOfSteel"},{"floor":30.0,"key":"EssenceOfSteel"},{"floor":30.0,"key":"Energy Potion"},{"floor":30.0,"key":"ColorlessPotion"},{"floor":31.0,"key":"AttackPotion"},{"floor":38.0,"key":"Regen Potion"},{"floor":44.0,"key":"SkillPotion"}],"is_trial":false,"path_per_floor":["M","T","M","$","M","R","E","R","T","R","$","M","?","M","R","B",null,"M","M","?","M","$","R","E","M","T","R","E","R","?","M","R","B",null,"M","?","$","M","?","R","$","M","T","?","?","E"],"character_chosen":"DEFECT","items_purchased":["Dream Catcher","Melter","Ball Lightning","Reinforced Body+1"],"campfire_rested":3,"item_purchase_floors":[11,11,22,22],"current_hp_per_floor":[75,75,75,75,75,75,66,66,66,66,66,72,77,80,80,50,80,80,80,80,70,70,70,50,35,35,59,39,63,63,67,80,37,80,80,80,80,80,80,80,80,67,67,77,67,0,0],"gold":591,"neow_bonus":"THREE_CARDS","is_daily":false,"chose_seed":false,"campfire_upgraded":5,"win_rate":0.0,"timestamp":1612572663,"path_taken":["M","?","M","$","M","R","E","R","T","R","$","M","?","M","R","BOSS","M","M","?","M","$","R","E","M","T","R","E","R","?","?","R","BOSS","M","?","$","M","?","R","$","?","T","?","?","E"],"items_purchased_type":["Relic","Card","Card","Card"],"build_version":"2020-12-22","purchased_purges":2,"victory":false,"max_hp_per_floor":[75,75,75,75,75,75,75,75,75,75,75,75,80,80,80,80,80,80,80,80,80,80,80,80,80,80,80,80,80,80,80,80,80,80,80,80,80,80,80,80,80,80,80,80,80,80,80],"card_choices":[{"not_picked":["Reinforced Body","Rebound"],"picked":"Self Repair","floor":0.0},{"not_picked":["Beam Cell","Turbo"],"picked":"Rebound","floor":1.0},{"not_picked":["Streamline","Cold Snap"],"picked":"Conserve Battery+1","floor":3.0},{"not_picked":["Coolheaded+1","Gash"],"picked":"Ball Lightning","floor":5.0},{"not_picked":["Steam+1","Seek+1"],"picked":"Leap+1","floor":7.0},{"not_picked":["Barrage","Coolheaded+1"],"picked":"Ball Lightning","floor":12.0},{"not_picked":["Darkness+1","Sweeping Beam"],"picked":"Static Discharge","floor":14.0},{"not_picked":["Rainbow+1","Reboot+1"],"picked":"Thunder Strike","floor":16.0},{"not_picked":["Gash","Rip and Tear","Go for the Eyes"],"picked":"SKIP","floor":18.0},{"not_picked":["Storm+1","Chill+1"],"picked":"Lockon+1","floor":19.0},{"not_picked":["Loop","Melter","Rebound"],"picked":"SKIP","floor":21.0},{"not_picked":["FTL","Loop"],"picked":"Double Energy+1","floor":24.0},{"not_picked":["Compile Driver","Sweeping Beam"],"picked":"Tempest+1","floor":25.0},{"not_picked":["Beam Cell+1","Hyperbeam"],"picked":"Redo+1","floor":27.0},{"not_picked":["Ball Lightning","Aggregate+1"],"picked":"Undo+1","floor":28.0},{"not_picked":["Sweeping Beam+1","Redo+1"],"picked":"Skim+1","floor":29.0},{"not_picked":["Chaos+1","Auto Shields+1"],"picked":"White Noise+1","floor":31.0},{"not_picked":["Skim+1","Turbo+1"],"picked":"Auto Shields+1","floor":32.0},{"not_picked":["Thunder Strike","Reboot+1"],"picked":"Electrodynamics","floor":33.0},{"not_picked":["Lockon","Cold Snap+1","Storm"],"picked":"SKIP","floor":35.0},{"not_picked":["Ball Lightning+1","Static Discharge","Reprogram+1"],"picked":"SKIP","floor":38.0},{"not_picked":["Turbo+1","Streamline+1","Hello World+1"],"picked":"SKIP","floor":42.0}],"player_experience":722062,"relics_obtained":[{"floor":2.0,"key":"Toxic Egg 2"},{"floor":7.0,"key":"CaptainsWheel"},{"floor":24.0,"key":"Akabeko"},{"floor":26.0,"key":"Pen Nib"},{"floor":28.0,"key":"Smiling Mask"},{"floor":36.0,"key":"Incense Burner"},{"floor":43.0,"key":"Regal Pillow"},{"floor":44.0,"key":"Old Coin"}],"event_choices":[{"damage_healed":0.0,"max_hp_gain":5.0,"max_hp_loss":0.0,"gold_gain":0.0,"event_name":"Big Fish","player_choice":"Donut","floor":13.0,"gold_loss":0.0,"damage_taken":0.0},{"damage_healed":0.0,"max_hp_gain":0.0,"max_hp_loss":0.0,"gold_gain":0.0,"cards_transformed":["Strike_B","Defend_B"],"event_name":"Drug Dealer","player_choice":"Became Test Subject","floor":20.0,"gold_loss":0.0,"damage_taken":0.0,"cards_obtained":["Cold Snap","Fusion"]},{"damage_healed":0.0,"max_hp_gain":0.0,"max_hp_loss":0.0,"gold_gain":0.0,"event_name":"The Woman in Blue","player_choice":"Bought 3 Potions","floor":30.0,"gold_loss":0.0,"damage_taken":0.0},{"damage_healed":0.0,"max_hp_gain":0.0,"max_hp_loss":0.0,"gold_gain":0.0,"event_name":"Mysterious Sphere","player_choice":"Fight","floor":36.0,"gold_loss":0.0,"damage_taken":0.0},{"damage_healed":0.0,"max_hp_gain":0.0,"max_hp_loss":0.0,"gold_gain":0.0,"event_name":"Tomb of Lord Red Mask","player_choice":"Ignored","floor":39.0,"gold_loss":0.0,"damage_taken":0.0},{"damage_healed":0.0,"max_hp_gain":0.0,"max_hp_loss":0.0,"gold_gain":0.0,"event_name":"MindBloom","player_choice":"Fight","floor":44.0,"gold_loss":0.0,"damage_taken":0.0},{"damage_healed":0.0,"max_hp_gain":0.0,"max_hp_loss":0.0,"gold_gain":0.0,"event_name":"Winding Halls","player_choice":"Embrace Madness","floor":45.0,"gold_loss":0.0,"damage_taken":10.0,"cards_obtained":["Madness","Madness"]}],"is_beta":false,"boss_relics":[{"not_picked":["SacredBark","Ectoplasm"],"picked":"Nuclear Battery"},{"not_picked":["Calling Bell","Tiny House"],"picked":"Empty Cage"}],"items_purged_floors":[22,37],"is_endless":false,"potions_floor_spawned":[7,12,24,31,33,35,38,44],"killed_by":"Giant Head","ascension_level":4}}