{"host":"qksa0nge77ubun9a","time":1612570469,"event":{"mods":["AchievementEnabler","BaseMod","Colored Map","Colored Powertips","Googly Eyes","Highlight Path","Minty Spire (QoL Compilation)","Quick Restart","StSLib"],"gold_per_floor":[119,194,212,6,6,34,47,0,0,16,32,32,95,125,125,221,221,240,256,35,60,60,159,159,159],"floor_reached":24,"language":"ENG","playtime":2064,"items_purged":["Defend_R","Battle Trance"],"score":332,"play_id":"c690d534-68ff-40d0-bd92-3f21c41a2317","local_time":"20210205161429","is_ascension_mode":true,"campfire_choices":[{"data":"Body Slam","floor":12.0,"key":"SMITH"},{"data":"Rage","floor":15.0,"key":"SMITH"}],"circlet_count":0,"master_deck":["Strike_R","Strike_R","Strike_R","Strike_R+1","Strike_R","Defend_R","Defend_R","Bash","Shrug It Off","Rage+1","Body Slam+1","Metallicize","Anger","Headbutt","Body Slam+1","Iron Wave","Metallicize","Berserk","Battle Trance+1","Havoc","Dark Embrace","True Grit","Dual Wield"],"relics":["Black Blood","Happy Flower","Whetstone","Pear","Omamori","Matryoshka","Red Mask","Necronomicon"],"acts_visited":["Exordium","TheCity"],"potions_floor_usage":[],"damage_taken":[{"damage":14.0,"enemies":"Small Slimes","floor":1.0,"turns":4.0},{"damage":13.0,"enemies":"Jaw Worm","floor":3.0,"turns":5.0},{"damage":33.0,"enemies":"Gremlin Nob","floor":6.0,"turns":5.0},{"damage":0.0,"enemies":"2 Louse","floor":7.0,"turns":2.0},{"damage":0.0,"enemies":"Large Slime","floor":10.0,"turns":4.0},{"damage":0.0,"enemies":"2 Fungi Beasts","floor":11.0,"turns":3.0},{"damage":4.0,"enemies":"Gremlin Nob","floor":13.0,"turns":3.0},{"damage":0.0,"enemies":"3 Sentries","floor":14.0,"turns":5.0},{"damage":17.0,"enemies":"Slime Boss","floor":16.0,"turns":12.0},{"damage":10.0,"enemies":"Spheric Guardian","floor":18.0,"turns":4.0},{"damage":23.0,"enemies":"2 Thieves","floor":19.0,"turns":4.0},{"damage":23.0,"enemies":"Masked Bandits","floor":21.0,"turns":5.0},{"damage":45,"enemies":"Book of Stabbing","floor":24,"turns":6}],"seed_played":"-4589124555819505834","potions_obtained":[{"floor":6.0,"key":"Block Potion"},{"floor":7.0,"key":"SkillPotion"},{"floor":11.0,"key":"Weak Potion"},{"floor":19.0,"key":"Fire Potion"}],"is_trial":false,"path_per_floor":["M","?","M","$","?","E","M","$","T","M","M","R","?","E","R","B",null,"M","M","$","?","?","?","E"],"character_chosen":"IRONCLAD","items_purchased":["Body Slam","Metallicize","Headbutt","Dark Embrace","True Grit"],"campfire_rested":0,"item_purchase_floors":[4,4,8,20,20],"current_hp_per_floor":[64,53,46,46,39,12,18,18,28,34,40,40,42,48,48,37,77,79,68,68,57,41,41,0,0],"gold":159,"neow_bonus":"RANDOM_COMMON_RELIC","is_daily":false,"chose_seed":false,"campfire_upgraded":2,"win_rate":0.0,"timestamp":1612570469,"path_taken":["M","?","M","$","?","E","M","?","T","M","M","R","?","E","R","BOSS","M","M","$","?","?","?","E"],"items_purchased_type":["Card","Card","Card","Card","Card"],"build_version":"2020-12-22","purchased_purges":2,"victory":false,"max_hp_per_floor":[80,80,80,80,80,80,80,80,90,90,90,90,90,90,90,90,90,90,90,90,90,90,90,90,90],"card_choices":[{"not_picked":["True Grit","Body Slam"],"picked":"Shrug It Off","floor":1.0},{"not_picked":["Shrug It Off","Seeing Red"],"picked":"Rage","floor":3.0},{"not_picked":["True Grit","Thunderclap"],"picked":"Anger","floor":6.0},{"not_picked":["Bludgeon","Iron Wave"],"picked":"Battle Trance","floor":7.0},{"not_picked":["Wild Strike","Whirlwind"],"picked":"Body Slam","floor":10.0},{"not_picked":["Combust","Uppercut"],"picked":"Iron Wave","floor":11.0},{"not_picked":["Thunderclap","Flex"],"picked":"Metallicize","floor":14.0},{"not_picked":["Brutality","Corruption"],"picked":"Berserk","floor":16.0},{"not_picked":["Thunderclap","Combust+1"],"picked":"Battle Trance+1","floor":18.0},{"not_picked":["Power Through+1","Battle Trance"],"picked":"Havoc","floor":19.0},{"not_picked":["Twin Strike+1","Thunderclap"],"picked":"Dual Wield","floor":21.0}],"player_experience":1332778,"relics_obtained":[{"floor":6.0,"key":"Whetstone"},{"floor":9.0,"key":"Pear"},{"floor":14.0,"key":"Matryoshka"},{"floor":21.0,"key":"Red Mask"},{"floor":22.0,"key":"Necronomicon"}],"event_choices":[{"damage_healed":0.0,"max_hp_gain":0.0,"max_hp_loss":0.0,"gold_gain":75.0,"event_name":"World of Goop","player_choice":"Gather Gold","floor":2.0,"gold_loss":0.0,"damage_taken":11.0},{"cards_removed":["Defend_R"],"damage_healed":0.0,"max_hp_gain":0.0,"max_hp_loss":0.0,"gold_gain":0.0,"event_name":"Golden Wing","player_choice":"Card Removal","floor":5.0,"gold_loss":0.0,"damage_taken":7.0},{"damage_healed":0.0,"max_hp_gain":0.0,"max_hp_loss":0.0,"gold_gain":0.0,"event_name":"Dead Adventurer","player_choice":"Searched \u00272\u0027 times","floor":13.0,"gold_loss":0.0,"damage_taken":0.0,"relics_obtained":["Omamori"]},{"damage_healed":0.0,"max_hp_gain":0.0,"max_hp_loss":0.0,"gold_gain":0.0,"event_name":"Masked Bandits","player_choice":"Fought Bandits","floor":21.0,"gold_loss":0.0,"damage_taken":0.0},{"damage_healed":0.0,"max_hp_gain":0.0,"max_hp_loss":0.0,"gold_gain":0.0,"event_name":"Cursed Tome","player_choice":"Obtained Book","floor":22.0,"gold_loss":0.0,"damage_taken":16.0},{"damage_healed":0.0,"max_hp_gain":0.0,"max_hp_loss":0.0,"gold_gain":99.0,"event_name":"Nest","player_choice":"Stole From Cult","floor":23.0,"gold_loss":0.0,"damage_taken":0.0}],"is_beta":false,"boss_relics":[{"not_picked":["Mark of Pain","Ectoplasm"],"picked":"Black Blood"}],"items_purged_floors":[4,20],"is_endless":false,"potions_floor_spawned":[6,7,11,19],"killed_by":"Book of Stabbing","ascension_level":9}}