{"host":"rolltorest","time":1612599572,"event":{"mods":["BaseMod","Minty Spire (QoL Compilation)","Relic Stats","Slay the Relics Exporter","StSLib"],"gold_per_floor":[111,36,36,48,19,49,62,92,92,121,137,163,26,26,26,99,99,119,34,34,46,9,44,2,29,29,54,66,66,66],"floor_reached":29,"language":"ENG","playtime":1222,"items_purged":[],"score":668,"play_id":"d2ef9426-16e5-42bf-994e-4b276f3c62f0","local_time":"20210206001932","is_ascension_mode":true,"campfire_choices":[{"data":"Meditate","floor":15,"key":"SMITH"}],"circlet_count":0,"master_deck":["AscendersBane","Strike_P","Strike_P","Strike_P","Defend_P+1","Defend_P+1","Defend_P+1","Defend_P","Eruption+1","Vigilance+1","TalkToTheHand","EmptyFist","CutThroughFate","FollowUp","Tantrum","ClearTheMind","Meditate+1","LessonLearned","Wireheading+1","FlurryOfBlows","DevaForm+1","Meditate","Writhe","EmptyMind+1","ConjureBlade+1","Halt+1","Fasting2+1","Meditate+1","WaveOfTheHand+1","TalkToTheHand","FearNoEvil"],"relics":["PureWater","NeowsBlessing","Bronze Scales","HornCleat","Frozen Egg 2","Pen Nib","Pantograph","Yang","SacredBark","Toxic Egg 2","Gambling Chip","Boot","TungstenRod","Omamori"],"acts_visited":["Exordium","TheCity"],"potions_floor_usage":[10,23,25,27],"damage_taken":[{"damage":0,"enemies":"2 Louse","floor":1,"turns":1},{"damage":0,"enemies":"Small Slimes","floor":4,"turns":1},{"damage":0,"enemies":"Lagavulin","floor":6,"turns":1},{"damage":0,"enemies":"Cultist","floor":7,"turns":2},{"damage":28,"enemies":"Gremlin Nob","floor":8,"turns":4},{"damage":10,"enemies":"3 Sentries","floor":10,"turns":5},{"damage":0,"enemies":"3 Louse","floor":11,"turns":3},{"damage":3,"enemies":"Lagavulin","floor":12,"turns":6},{"damage":15,"enemies":"Slime Boss","floor":16,"turns":7},{"damage":0,"enemies":"Spheric Guardian","floor":18,"turns":3},{"damage":0,"enemies":"Chosen","floor":21,"turns":3},{"damage":21,"enemies":"Slavers","floor":23,"turns":4},{"damage":17,"enemies":"Gremlin Leader","floor":25,"turns":5},{"damage":11,"enemies":"Slavers","floor":27,"turns":4},{"damage":4,"enemies":"Snake Plant","floor":28,"turns":4},{"damage":0,"enemies":"Masked Bandits","floor":29,"turns":3}],"seed_played":"5201327172287880939","potions_obtained":[{"floor":1,"key":"StancePotion"},{"floor":8,"key":"LiquidMemories"},{"floor":10,"key":"PowerPotion"},{"floor":23,"key":"BottledMiracle"}],"is_trial":false,"path_per_floor":["M","?","?","M","$","E","M","E","T","E","M","E","$","?","R","B",null,"M","?","?","M","$","E","$","E","T","E","M","?"],"character_chosen":"WATCHER","items_purchased":["CutThroughFate","Wireheading+1","FlurryOfBlows","Fasting2+1","WaveOfTheHand+1"],"campfire_rested":0,"item_purchase_floors":[5,13,13,22,24],"current_hp_per_floor":[61,61,66,66,66,66,66,38,38,28,28,25,25,14,14,24,61,61,61,61,61,61,40,40,23,23,12,8,8,8],"gold":66,"neow_bonus":"THREE_ENEMY_KILL","is_daily":false,"chose_seed":false,"campfire_upgraded":1,"win_rate":0.0,"timestamp":1612599572,"path_taken":["M","?","?","M","$","E","M","E","T","E","M","E","$","?","R","BOSS","M","?","?","M","$","E","$","E","T","E","?","?"],"items_purchased_type":["Card","Card","Card","Card","Card"],"build_version":"2020-12-18","purchased_purges":0,"victory":false,"max_hp_per_floor":[68,68,73,73,73,73,73,73,73,73,73,73,73,73,73,73,73,73,73,73,73,73,73,73,73,73,73,73,73,73],"relic_stats":{"counters":[16,56],"Bronze Scales":[135],"Pantograph":25,"Gambling Chip":[8],"Yang":[93],"Pen Nib":[11],"Boot":[28],"obtain_stats":[{"NeowsBlessing":0,"SacredBark":17,"Yang":14,"Pen Nib":10,"Omamori":27,"Frozen Egg 2":9,"Boot":25,"HornCleat":8,"Bronze Scales":6,"Pantograph":12,"Gambling Chip":23,"PureWater":0,"Toxic Egg 2":19,"TungstenRod":26},{"NeowsBlessing":0,"SacredBark":9,"Yang":8,"Pen Nib":6,"Omamori":14,"Frozen Egg 2":5,"Boot":13,"HornCleat":5,"Bronze Scales":3,"Pantograph":8,"Gambling Chip":12,"PureWater":0,"Toxic Egg 2":10,"TungstenRod":13},{"NeowsBlessing":0,"SacredBark":30,"Yang":23,"Pen Nib":14,"Omamori":49,"Frozen Egg 2":9,"Boot":45,"HornCleat":9,"Bronze Scales":3,"Pantograph":23,"Gambling Chip":40,"PureWater":0,"Toxic Egg 2":33,"TungstenRod":45}],"TungstenRod":3},"card_choices":[{"not_picked":["Crescendo","JustLucky"],"picked":"TalkToTheHand","floor":1},{"not_picked":["Prostrate","ClearTheMind"],"picked":"EmptyFist","floor":4},{"not_picked":["Judgement","Protect"],"picked":"FollowUp","floor":6},{"not_picked":["LikeWater","ForeignInfluence","CrushJoints"],"picked":"SKIP","floor":7},{"not_picked":["SandsOfTime","Nirvana"],"picked":"Tantrum","floor":8},{"not_picked":["JustLucky","CrushJoints"],"picked":"ClearTheMind","floor":10},{"not_picked":["CutThroughFate","Study+1"],"picked":"Meditate","floor":11},{"not_picked":["DeusExMachina","Consecrate"],"picked":"LessonLearned","floor":12},{"not_picked":["ConjureBlade","MasterReality+1"],"picked":"DevaForm+1","floor":16},{"not_picked":["Crescendo","SashWhip"],"picked":"Meditate","floor":18},{"not_picked":["Study+1","FollowUp"],"picked":"Halt+1","floor":21},{"not_picked":["Prostrate+1","Sanctity+1"],"picked":"Meditate+1","floor":23},{"not_picked":["JustLucky","Collect+1"],"picked":"TalkToTheHand","floor":25},{"not_picked":["Perseverance+1","BattleHymn+1","FlyingSleeves"],"picked":"SKIP","floor":27},{"not_picked":["FlyingSleeves","JustLucky"],"picked":"FearNoEvil","floor":28}],"player_experience":1885904,"relics_obtained":[{"floor":6,"key":"Bronze Scales"},{"floor":8,"key":"HornCleat"},{"floor":9,"key":"Frozen Egg 2"},{"floor":10,"key":"Pen Nib"},{"floor":12,"key":"Pantograph"},{"floor":23,"key":"Gambling Chip"},{"floor":25,"key":"Boot"},{"floor":26,"key":"TungstenRod"},{"floor":27,"key":"Omamori"}],"event_choices":[{"cards_removed":["Strike_P"],"damage_healed":0,"gold_gain":0,"player_choice":"Card Removal","damage_taken":0,"max_hp_gain":0,"max_hp_loss":0,"event_name":"The Cleric","floor":2,"gold_loss":75},{"damage_healed":0,"gold_gain":0,"player_choice":"Donut","damage_taken":0,"max_hp_gain":5,"max_hp_loss":0,"event_name":"Big Fish","floor":3,"gold_loss":0},{"damage_healed":0,"gold_gain":0,"player_choice":"Success","damage_taken":11,"relics_obtained":["Yang"],"max_hp_gain":0,"max_hp_loss":0,"event_name":"Scrap Ooze","floor":14,"gold_loss":0},{"damage_healed":0,"gold_gain":0,"player_choice":"Obtained Relic","damage_taken":0,"relics_obtained":["Toxic Egg 2"],"max_hp_gain":0,"max_hp_loss":0,"event_name":"Addict","floor":19,"gold_loss":85},{"damage_healed":0,"gold_gain":0,"player_choice":"3 cards matched","damage_taken":0,"max_hp_gain":0,"max_hp_loss":0,"event_name":"Match and Keep!","floor":20,"gold_loss":0,"cards_obtained":["Writhe","EmptyMind","ConjureBlade"]},{"damage_healed":0,"gold_gain":0,"player_choice":"Fought Bandits","damage_taken":0,"max_hp_gain":0,"max_hp_loss":0,"event_name":"Masked Bandits","floor":29,"gold_loss":0}],"is_beta":true,"boss_relics":[{"not_picked":["Busted Crown","Calling Bell"],"picked":"SacredBark"}],"items_purged_floors":[],"is_endless":false,"potions_floor_spawned":[1,8,10,12,18,23],"killed_by":"Masked Bandits","ascension_level":20}}