{"host":"sad04l3m69qtnhom","time":1612596034,"event":{"mods":["AchievementEnabler","BaseMod","Colored Map","Colored Powertips","DeckTracker","Highlight Path","Minty Spire (QoL Compilation)","Permanent Neow","Quick Restart","SuperFastMode","everything is the same but u backflip on backflip"],"gold_per_floor":[114,289,289,112,129,129,147,147,198,224,96,96,111,125,125,222,222,232,37,52,79,79,79,79],"floor_reached":23,"language":"KOR","playtime":2169,"items_purged":["Doubt","Strike_B","Strike_B"],"score":278,"play_id":"dba5a7cd-579a-4184-bbff-b9dd4888566b","local_time":"20210206162034","is_ascension_mode":true,"campfire_choices":[{"data":"Redo","floor":6,"key":"SMITH"},{"data":"Darkness","floor":8,"key":"SMITH"},{"data":"Loop","floor":12,"key":"SMITH"},{"data":"Lockon","floor":15,"key":"SMITH"}],"circlet_count":0,"master_deck":["Strike_B","Strike_B","Defend_B","Defend_B","Defend_B","Defend_B","Zap","Dualcast","Rainbow+1","Leap","Darkness+1","Redo+1","White Noise","Lockon+1","Loop+1","Rainbow","Fusion","Multi-Cast","Redo","Stack","Darkness+1"],"relics":["Cracked Core","Smiling Mask","Letter Opener","Nuclear Battery","Lantern","Red Mask"],"acts_visited":["Exordium","TheCity"],"potions_floor_usage":[10,16],"damage_taken":[{"damage":6,"enemies":"Small Slimes","floor":1,"turns":4},{"damage":3,"enemies":"Jaw Worm","floor":5,"turns":3},{"damage":0,"enemies":"Cultist","floor":7,"turns":2},{"damage":0,"enemies":"Gremlin Nob","floor":10,"turns":2},{"damage":9,"enemies":"Looter","floor":13,"turns":3},{"damage":0,"enemies":"Exordium Wildlife","floor":14,"turns":3},{"damage":14,"enemies":"The Guardian","floor":16,"turns":7},{"damage":0,"enemies":"Shell Parasite","floor":18,"turns":2},{"damage":3,"enemies":"Chosen","floor":20,"turns":3},{"damage":35,"enemies":"Masked Bandits","floor":21,"turns":3},{"damage":30,"enemies":"Book of Stabbing","floor":23,"turns":4}],"seed_played":"-485810189514523794","potions_obtained":[{"floor":5,"key":"Fire Potion"},{"floor":7,"key":"Weak Potion"}],"is_trial":false,"path_per_floor":["M","?","?","$","M","R","M","R","T","E","$","R","M","M","R","B",null,"M","$","M","?","?","E"],"character_chosen":"DEFECT","items_purchased":["Darkness","Redo","Loop","Lantern"],"campfire_rested":0,"item_purchase_floors":[4,4,11,19],"current_hp_per_floor":[62,62,62,62,59,59,59,59,59,59,59,59,50,50,50,36,65,65,65,62,27,27,0,0],"gold":79,"neow_bonus":"ONE_RANDOM_RARE_CARD","is_daily":false,"chose_seed":false,"campfire_upgraded":4,"win_rate":0.0,"timestamp":1612596034,"path_taken":["M","?","?","$","M","R","M","R","T","E","$","R","M","M","R","BOSS","M","$","M","?","?","E"],"items_purchased_type":["Card","Card","Card","Relic"],"build_version":"2020-12-22","purchased_purges":3,"victory":false,"max_hp_per_floor":[75,75,75,75,75,75,75,75,75,75,75,75,75,75,75,75,75,75,75,75,75,75,75,75],"card_choices":[{"not_picked":["Sweeping Beam","Defragment"],"picked":"Leap","floor":1},{"not_picked":["Streamline","Leap"],"picked":"White Noise","floor":5},{"not_picked":["Force Field","Turbo"],"picked":"Lockon","floor":7},{"not_picked":["Compile Driver","Stack","Streamline"],"picked":"SKIP","floor":10},{"not_picked":["Sweeping Beam","Hologram"],"picked":"Rainbow","floor":13},{"not_picked":["Hello World","Defragment"],"picked":"Fusion","floor":14},{"not_picked":["Core Surge","Buffer"],"picked":"Multi-Cast","floor":16},{"not_picked":["Sweeping Beam+1","Undo"],"picked":"Redo","floor":18},{"not_picked":["Rip and Tear","Beam Cell","Ball Lightning"],"picked":"SKIP","floor":20},{"not_picked":["Redo","Glacier"],"picked":"Stack","floor":21}],"player_experience":237191,"relics_obtained":[{"floor":9,"key":"Smiling Mask"},{"floor":10,"key":"Letter Opener"},{"floor":21,"key":"Red Mask"}],"event_choices":[{"damage_healed":0,"gold_gain":175,"player_choice":"AGREE","damage_taken":0,"max_hp_gain":0,"max_hp_loss":0,"event_name":"Liars Game","floor":2,"gold_loss":0,"cards_obtained":["Doubt"]},{"damage_healed":0,"gold_gain":0,"player_choice":"Grow","damage_taken":0,"max_hp_gain":0,"max_hp_loss":0,"event_name":"Living Wall","floor":3,"gold_loss":0,"cards_upgraded":["Rainbow"]},{"damage_healed":0,"gold_gain":0,"player_choice":"Fought Bandits","damage_taken":0,"max_hp_gain":0,"max_hp_loss":0,"event_name":"Masked Bandits","floor":21,"gold_loss":0},{"damage_healed":0,"gold_gain":0,"player_choice":"Copied","damage_taken":0,"max_hp_gain":0,"max_hp_loss":0,"event_name":"Duplicator","floor":22,"gold_loss":0,"cards_obtained":["Darkness"]}],"is_beta":false,"boss_relics":[{"not_picked":["Tiny House","Inserter"],"picked":"Nuclear Battery"}],"items_purged_floors":[4,11,19],"is_endless":false,"potions_floor_spawned":[5,7],"killed_by":"Book of Stabbing","ascension_level":6}}