{"host":"q2g9o89qua515qte","time":1612645886,"event":{"mods":["Aspiration","BaseMod","Challenge The Spire","Conspire","Custom Start","Hubris","Infinite Spire","Minty Spire (QoL Compilation)","Rare Cards Sparkle","Replay The Spire","StSLib","The Cursed","The Jungle"],"gold_per_floor":[117,42,42,42,69,69,99,99,151,176,191,366,378,428,428,527,527,545,545,572,321,333,333,344,344,344,344,364,393,492,501,513,525,525],"floor_reached":33,"language":"ENG","playtime":1306,"items_purged":["Doubt","Strike_R"],"score":276,"play_id":"02b3513d-ecdf-46c5-b095-f00a9fe84d94","local_time":"20210206221126","is_ascension_mode":true,"campfire_choices":[{"data":"Eclipse","floor":6.0,"key":"SMITH"},{"data":"conspire:Charge","floor":8.0,"key":"SMITH"},{"data":"Immolate","floor":15,"key":"SMITH"},{"data":"Brutality","floor":23,"key":"SMITH"},{"floor":25,"key":"RECALL"}],"circlet_count":0,"master_deck":["Strike_R","Strike_R","Strike_R","Strike_R","Defend_R","Defend_R","Defend_R","Defend_R","Bash","Strike_B","TheCursedMod:Defend_TheCursed","Eclipse+1","Cleave","conspire:Charge+1","Immolate+1","Shrug It Off","Brutality+1","ReplayTheSpireMod:Strike From Hell","Hemokinesis+1","Flame Barrier","Dual Wield","CurseOfTheBell"],"relics":["Black Blood","Replay:Accelerometer","ReplayTheSpireMod:Ring of Sloth","Ring of Misfortune","ReplayTheSpireMod:TigerMarble","infinitespire:WardingShard","ReplayTheSpireMod:Spearhead","conspire:GlowingRock","Potion Belt","Red Mask","infinitespire:BottledMercury","CeramicFish","MawBank","Calling Bell","Juzu Bracelet","aspiration:StickyExplosives","hubris:CuriousFeather"],"acts_visited":["Exordium","TheCity"],"potions_floor_usage":[16,24,33,33,33],"damage_taken":[{"damage":8.0,"enemies":"2 Louse","floor":1.0,"turns":4.0},{"damage":13.0,"enemies":"3 Sentries","floor":7.0,"turns":7.0},{"damage":20,"enemies":"Gremlin Nob","floor":10,"turns":4},{"damage":3,"enemies":"conspire:RoseBush","floor":11,"turns":3},{"damage":2,"enemies":"Jaw Worm","floor":13,"turns":3},{"damage":32,"enemies":"Hexaghost","floor":16,"turns":9},{"damage":1,"enemies":"Spheric Guardian","floor":18,"turns":3},{"damage":1,"enemies":"Masked Bandits","floor":20,"turns":2},{"damage":13,"enemies":"conspire:FuzzyDice","floor":22,"turns":5},{"damage":38,"enemies":"Sentry and Sphere","floor":24,"turns":6},{"damage":23,"enemies":"Snake Plant","floor":28,"turns":4},{"damage":9,"enemies":"3 Cultists","floor":29,"turns":3},{"damage":86,"enemies":"hubris:MusketHawk","floor":33,"turns":9}],"seed_played":"-3083357290346595823","potions_obtained":[{"floor":10,"key":"AttackPotion"},{"floor":16,"key":"Elixir"},{"floor":29,"key":"Explosive Potion"}],"is_trial":false,"path_per_floor":["M","$","?","?","T","R","E","R","T","E","M","?","M","T","R","B",null,"M","?","?","$","M","R","M","R","T","?","M","M","?","AVR","R","B"],"character_chosen":"IRONCLAD","items_purchased":["conspire:Charge","Energy Potion","Explosive Potion","ElixirPotion"],"campfire_rested":0,"item_purchase_floors":[2,21,21,21],"current_hp_per_floor":[78,78,66,66,66,66,59,59,59,48,51,51,55,55,55,32,86,86,86,89,89,88,88,62,62,62,62,51,54,54,54,83,0,0],"gold":525,"neow_bonus":"THREE_RARE_CARDS","is_daily":false,"chose_seed":false,"campfire_upgraded":4,"win_rate":0.0,"timestamp":1612645886,"path_taken":["M","$","?","?","?","R","E","R","T","E","M","?","?","?","R","BOSS","M","?","?","?","M","R","M","R","T","?","?","M","?","AVR","R","BOSS"],"items_purchased_type":["Card","Potion","Potion","Potion"],"build_version":"2020-12-22","purchased_purges":2,"victory":false,"max_hp_per_floor":[80,80,80,80,80,80,80,80,80,83,83,83,83,83,83,86,86,86,86,89,89,89,89,89,89,89,89,89,89,89,89,89,89,89],"card_choices":[{"not_picked":["conspire:Purge","Reaper"],"picked":"Eclipse","floor":0.0},{"not_picked":["Searing Blow","Heavy Blade","Cleave"],"picked":"SKIP","floor":1.0},{"not_picked":["Searing Blow","Heavy Blade"],"picked":"Cleave","floor":1.0},{"not_picked":["Clash","Anger","Reckless Charge"],"picked":"SKIP","floor":7.0},{"not_picked":["Fire Breathing","Headbutt"],"picked":"Immolate","floor":10},{"not_picked":["infinitespire:OneForAll","Iron Wave"],"picked":"Shrug It Off","floor":11},{"not_picked":["Spot Weakness","Whirlwind","ReplayReversal"],"picked":"SKIP","floor":13},{"not_picked":["conspire:HitWhereItHurts","Reaper"],"picked":"Brutality","floor":16},{"not_picked":["Sword Boomerang","Body Slam"],"picked":"ReplayTheSpireMod:Strike From Hell","floor":18},{"not_picked":["Combust+1","Heavy Blade"],"picked":"Hemokinesis+1","floor":20},{"not_picked":["Sword Boomerang","Anger"],"picked":"Flame Barrier","floor":22},{"not_picked":["Flex","Sword Boomerang","Cleave"],"picked":"SKIP","floor":24},{"not_picked":["ReplayTheSpireMod:Strike From Hell","Pommel Strike+1","Heavy Blade+1"],"picked":"SKIP","floor":28},{"not_picked":["Havoc","Headbutt"],"picked":"Dual Wield","floor":29}],"player_experience":985619,"relics_obtained":[{"floor":4.0,"key":"ReplayTheSpireMod:Ring of Sloth"},{"floor":4.0,"key":"Ring of Misfortune"},{"floor":5.0,"key":"ReplayTheSpireMod:TigerMarble"},{"floor":7.0,"key":"infinitespire:WardingShard"},{"floor":9.0,"key":"ReplayTheSpireMod:Spearhead"},{"floor":10,"key":"conspire:GlowingRock"},{"floor":14,"key":"Potion Belt"},{"floor":20,"key":"Red Mask"},{"floor":26,"key":"infinitespire:BottledMercury"},{"floor":31,"key":"Juzu Bracelet"},{"floor":31,"key":"aspiration:StickyExplosives"},{"floor":31,"key":"hubris:CuriousFeather"}],"event_choices":[{"damage_healed":0.0,"max_hp_gain":0.0,"max_hp_loss":0.0,"gold_gain":0.0,"event_name":"Scrap Ooze","player_choice":"Success","floor":3.0,"gold_loss":0.0,"damage_taken":12.0,"relics_obtained":["Replay:Accelerometer"]},{"damage_healed":0,"gold_gain":175,"player_choice":"AGREE","damage_taken":0,"max_hp_gain":0,"max_hp_loss":0,"event_name":"Liars Game","floor":12,"gold_loss":0,"cards_obtained":["Doubt"]},{"damage_healed":0,"gold_gain":0,"player_choice":"Ignored","damage_taken":0,"max_hp_gain":0,"max_hp_loss":0,"event_name":"Vampires","floor":19,"gold_loss":0},{"damage_healed":0,"gold_gain":0,"player_choice":"Fought Bandits","damage_taken":0,"max_hp_gain":0,"max_hp_loss":0,"event_name":"Masked Bandits","floor":20,"gold_loss":0},{"damage_healed":0,"gold_gain":0,"player_choice":"Gave Potion","damage_taken":0,"relics_obtained":["CeramicFish"],"max_hp_gain":0,"max_hp_loss":0,"event_name":"WeMeetAgain","floor":27,"gold_loss":0},{"damage_healed":0,"gold_gain":99,"player_choice":"Stole From Cult","damage_taken":0,"max_hp_gain":0,"max_hp_loss":0,"event_name":"Nest","floor":30,"gold_loss":0},{"damage_healed":29,"gold_gain":0,"player_choice":"Heal","damage_taken":0,"max_hp_gain":0,"max_hp_loss":0,"event_name":"The Library","floor":32,"gold_loss":0}],"is_beta":false,"boss_relics":[{"not_picked":["hubris:Stopwatch","hubris:ScarierMask"],"picked":"Black Blood"}],"items_purged_floors":[21,31],"is_endless":false,"potions_floor_spawned":[10,16,29],"killed_by":"hubris:MusketHawk","ascension_level":2}}