{"host":"5m2js577gj4e7pak","time":1612647827,"event":{"mods":["AchievementEnabler","BaseMod","Better Match","BetterRewards","Colored Map","Colored Powertips","Googly Eyes","Highlight Path","Lobotomy","LobotomyExtend","Minty Spire (QoL Compilation)","Quick Restart","Relic Filter","StSLib"],"gold_per_floor":[118,130,205,219,237,237,237,237,306,320,337,356,387,387,387,387,387],"floor_reached":16,"language":"ENG","playtime":509,"items_purged":[],"score":104,"play_id":"6a13179f-1952-4b56-a8f7-f4f0dd0ae231","local_time":"20210206224347","is_ascension_mode":false,"campfire_choices":[{"data":"Outmaneuver","floor":6,"key":"SMITH"},{"data":"Dagger Throw","floor":8,"key":"SMITH"},{"floor":15,"key":"REST"}],"circlet_count":0,"master_deck":[],"relics":["Astrolabe","LetterFromLob","Sundial","Bottled Lightning"],"acts_visited":["Exordium"],"potions_floor_usage":[13,13,16],"damage_taken":[{"damage":0,"enemies":"Small Slimes","floor":1,"turns":6},{"damage":0,"enemies":"Jaw Worm","floor":2,"turns":4},{"damage":0,"enemies":"2 Louse","floor":4,"turns":2},{"damage":3,"enemies":"2 Fungi Beasts","floor":5,"turns":4},{"damage":0,"enemies":"Large Slime","floor":10,"turns":4},{"damage":14,"enemies":"Lots of Slimes","floor":11,"turns":6},{"damage":5,"enemies":"Blue Slaver","floor":12,"turns":3},{"damage":4,"enemies":"Lagavulin","floor":13,"turns":5},{"damage":70,"enemies":"Slime Boss","floor":16,"turns":6}],"seed_played":"8726971821768779399","potions_obtained":[{"floor":11,"key":"LiquidMemories"},{"floor":12,"key":"EssenceOfSteel"},{"floor":13,"key":"FearPotion"}],"is_trial":false,"path_per_floor":["M","M","?","M","M","R","?","R","T","M","M","M","E","?","R","B"],"character_chosen":"THE_SILENT","items_purchased":[],"campfire_rested":1,"item_purchase_floors":[],"current_hp_per_floor":[70,70,59,59,56,56,42,42,42,42,28,23,19,70,70,0,0],"gold":387,"neow_bonus":"BOSS_RELIC","is_daily":false,"chose_seed":false,"campfire_upgraded":2,"win_rate":0.0,"timestamp":1612647827,"path_taken":["M","M","?","M","M","R","?","R","T","?","M","M","E","?","R","BOSS"],"items_purchased_type":[],"build_version":"2020-12-22","purchased_purges":0,"victory":false,"max_hp_per_floor":[70,70,70,70,70,70,70,70,70,70,70,70,70,70,70,70,70],"card_choices":[{"not_picked":["Dodge and Roll","Backflip"],"picked":"Sucker Punch","floor":1},{"not_picked":["Prepared","Infinite Blades"],"picked":"Dagger Throw","floor":2},{"not_picked":["Dagger Throw","Expertise"],"picked":"Outmaneuver","floor":4},{"not_picked":["Dagger Throw","Expertise"],"picked":"Poisoned Stab","floor":5},{"not_picked":["Flying Knee","Noxious Fumes"],"picked":"Footwork","floor":10},{"not_picked":["Caltrops","Heel Hook"],"picked":"Reflex","floor":11},{"not_picked":["Flying Knee","Well Laid Plans"],"picked":"Slice","floor":12},{"not_picked":["Riddle With Holes","Slice"],"picked":"Adrenaline","floor":13}],"player_experience":53746,"relics_obtained":[{"floor":1,"key":"LetterFromLob"},{"floor":9,"key":"Sundial"},{"floor":13,"key":"Bottled Lightning"}],"event_choices":[{"damage_healed":0,"gold_gain":75,"player_choice":"Gather Gold","damage_taken":11,"max_hp_gain":0,"max_hp_loss":0,"event_name":"World of Goop","floor":3,"gold_loss":0},{"damage_healed":0,"gold_gain":0,"player_choice":"Entered Light","damage_taken":14,"max_hp_gain":0,"max_hp_loss":0,"event_name":"Shining Light","floor":7,"gold_loss":0,"cards_upgraded":["Defend_G","Defend_G"]}],"is_beta":false,"boss_relics":[],"items_purged_floors":[],"is_endless":false,"potions_floor_spawned":[11,12,13],"killed_by":"Slime Boss","ascension_level":0}}