{"host":"sq533724ysd7e9og","time":1612600686,"event":{"mods":["AchievementEnabler","Act Like it!","Aspiration","Astrologer","BaseMod","Better Note","Better Third Choice","CapriCore","Colored Map","Conspire","Custom Start","Dio Mod","Dota2Spire","Friendly Minions","Gensokyo","Halation","Hermit","HololiveMod","Hubris","Infinite Spire","Koishi","KomeijiMod","LagranYue(?????)","Lobotomy","LobotomyExtend","Mad Scientist","Marisa????????","Minty Spire (QoL Compilation)","MostiFishMod","Replay The Spire","SOS???????","Shade Mod","Small Relic Pack","StSLib","The Administrix","The Animator","The Cursed","The Forsaken","The Gatherer","The Kombatant","The Servant 0.9.4","The Wild Card","Waifu the Spire","Yakumo Yukari mod","Yohane!","Yuyuko","??????REMEMod"],"gold_per_floor":[16,16,33,48,67,67,95,95,120,135,135,135,165,165,165,265,265,282,302,10,20,20,120,120,120,120,120,120,120,120,138,138,138,138],"floor_reached":33,"language":"ENG","playtime":2136,"items_purged":[],"score":303,"play_id":"9064aef4-a471-407d-bbe7-830930beb4eb","local_time":"25640206153806","is_ascension_mode":false,"campfire_choices":[{"floor":6,"key":"RECALL"},{"floor":8,"key":"REST"},{"floor":12,"key":"REST"},{"floor":15,"key":"DIG"},{"floor":32,"key":"REST"}],"circlet_count":0,"master_deck":["Yohane:Strike_Grey","Yohane:Strike_Grey","Yohane:Strike_Grey","Yohane:Defend_Grey+1","Yohane:Defend_Grey","Yohane:Defend_Grey","Yohane:Little_Demon_Lily","Yohane:Well_Laid_Ambush+1","Double Tap","Yohane:Little_Demon_Mari","Yohane:Little_Demon_Chika","Yohane:Wrath","Distraction","Bane","Yohane:Curse_The_Heavens","Yohane:Energetic_Performance","Yohane:Energy_Change+1","Yohane:Angel_Tears+1","Yohane:Accelerator","Yohane:Livestream_Donation+1","Heel Hook","ReplayTheSpireMod:The Works","REME_ShadowStrike","Gensokyo:FourOfAKind","Gensokyo:FourOfAKind","Gensokyo:FourOfAKind","Gensokyo:FourOfAKind+1","conspire:Blindness","animator:Curse_GriefSeed","infinitespire:FutureSight","Shame","Yohane:Livestream_Donation+1"],"relics":["Yohane:AngelWings","DaveBox","REME_ComplimentaryCards","LagranYue:RandomDrawCardRelic","MetatronsCube","MostiFishMod:Haymaker","SynthV:TestCard","LetterFromLob","halation:QuantumPhysicsTextbook","Juzu Bracelet","infinitespire:Magic Flask","Ring of Fury","Ring of Searing","halation:LettersToHer","hubris:Backtick","Koishi:ImaginaryFriend","halation:Thesaurus","PreservedInsect","halation:PeacePiece","hubris:Icosahedron","WingedGreaves","LagranYue:WskJewelryRelic","Gensokyo:RedStar"],"acts_visited":["Gensokyo:Gensokyo","Gensokyo:Gensokyoer"],"potions_floor_usage":[5,7,16,33,33,33],"damage_taken":[{"damage":0,"enemies":"Gensokyo:Python","floor":1,"turns":2},{"damage":2,"enemies":"Gensokyo:Gryphon","floor":3,"turns":4},{"damage":8,"enemies":"Gensokyo:3_Fairies","floor":4,"turns":5},{"damage":8,"enemies":"Gensokyo:VengefulSpirit","floor":5,"turns":3},{"damage":32,"enemies":"Gensokyo:Aya","floor":7,"turns":7},{"damage":0,"enemies":"Gensokyo:LivingMonolith","floor":10,"turns":2},{"damage":0,"enemies":"Gensokyo:Mamizou","floor":13,"turns":4},{"damage":24,"enemies":"Gensokyo:Kokoro","floor":16,"turns":4},{"damage":5,"enemies":"Gensokyo:2_Gloops","floor":18,"turns":2},{"damage":5,"enemies":"Gensokyo:CosmicMonolith","floor":19,"turns":2},{"damage":30,"enemies":"Gensokyo:Slime_Group","floor":21,"turns":4},{"damage":0,"enemies":"Gensokyo:Slime_Group","floor":23,"turns":7},{"damage":11,"enemies":"Gensokyo:3_Gloops","floor":31,"turns":4},{"damage":46,"enemies":"Gensokyo:Eiki","floor":33,"turns":11}],"seed_played":"3258365211158717559","potions_obtained":[{"floor":1,"key":"LiquidMemories"},{"floor":5,"key":"Dota2Spire:HealingSalve"},{"floor":13,"key":"Strength Potion"},{"floor":16,"key":"Adrenaline Potion"},{"floor":19,"key":"UndeadPotion"},{"floor":21,"key":"Dota2Spire:Clarity"},{"floor":23,"key":"SkillPotion"}],"is_trial":false,"path_per_floor":["M","?","M","M","M","R","E","R","T","M","?","R","E","?","R_BF","B",null,"M","M","COS","M","?","?","?","?","T","?","?","R","?","M","R","B"],"character_chosen":"FallenAngel","items_purchased":[],"campfire_rested":3,"item_purchase_floors":[],"current_hp_per_floor":[60,48,46,38,30,30,1,19,19,19,19,37,37,37,37,13,60,55,50,50,20,20,20,20,20,20,20,20,20,20,9,21,0,0],"gold":138,"neow_bonus":"ONE_RARE_RELIC","is_daily":false,"chose_seed":false,"campfire_upgraded":0,"win_rate":0.0,"timestamp":1612600686,"path_taken":["M","?","M","M","M","R","E","R","T","M","?","R","E","?","R_BF","BOSS","M","M","COS","M","?","?","?","?","T","?","?","R","?","M","R","BOSS"],"items_purchased_type":[],"build_version":"2020-12-22","purchased_purges":0,"victory":false,"max_hp_per_floor":[60,60,60,60,60,60,60,60,60,60,60,60,60,60,60,60,60,60,60,60,60,60,60,60,42,42,42,42,42,42,42,42,21,21],"card_choices":[{"not_picked":["Yohane:Debut","Yohane:Impressive_Display"],"picked":"Yohane:Cursed_Strike","floor":1},{"not_picked":["Yohane:Soul_Peek","Yohane:Dark_Shield","Yohane:Impressive_Display","Yohane:Angel_Tears"],"picked":"Yohane:Livestream_Donation","floor":3},{"not_picked":["Yohane:Angel_Tears","Yohane:Lust","Yohane:Backfoot","Yohane:Miracle_Wave"],"picked":"Yohane:Little_Demon_Mari","floor":4},{"not_picked":["Yohane:Livestream_Donation","Yohane:Energy_Change","Yohane:Backfoot","Yohane:Awaken_The_Power"],"picked":"Yohane:Miracle_Wave","floor":5},{"not_picked":["Yohane:Hakodate","Yohane:Excitement","Yohane:Backfoot","Yohane:Impressive_Display"],"picked":"Yohane:Little_Demon_Chika","floor":7},{"not_picked":["Yohane:Kowareyasuki","Yohane:Gluttony","Yohane:Schwarz_Sechs","Yohane:Energy_Change"],"picked":"Yohane:Wrath","floor":10},{"not_picked":["Yohane:Angel_Tears","Yohane:Inspiration","Yohane:Cursed_Strike","Yohane:Schwarz_Sechs"],"picked":"Yohane:Curse_The_Heavens","floor":13},{"not_picked":["Yohane:Take_Flight","Yohane:Imagine_Breaker","Yohane:Go_All_Out","Yohane:Strawberry_Trapper"],"picked":"Yohane:Energetic_Performance","floor":16},{"not_picked":["Yohane:Inspiration","Yohane:Hakodate","Yohane:Cursed_Strike","Yohane:Impressive_Display"],"picked":"Yohane:Energy_Change+1","floor":18},{"not_picked":["Yohane:Retaliation","Yohane:Dark_Rest+1","Yohane:Mijuku_Dreamer","Yohane:Miracle_Wave+1"],"picked":"Yohane:Angel_Tears+1","floor":19},{"not_picked":["Yohane:Mijuku_Dreamer+1","Yohane:Ice_Cream_Assault","Yohane:Little_Demon_Support+1","Yohane:Dark_Shield+1"],"picked":"Yohane:Accelerator","floor":21},{"not_picked":["Yohane:Take_Flight","Yohane:Little_Demon_Recruit","Yohane:Wrath","Yohane:Reckless_Greed"],"picked":"Yohane:Livestream_Donation+1","floor":23},{"not_picked":["ReplayTheSpireMod:Echoes of Time","ReplayTheSpireMod:Black Plague"],"picked":"infinitespire:FutureSight","floor":28},{"not_picked":["Yohane:Inspiration","Yohane:Mijuku_Dreamer","Yohane:Gluttony","Yohane:Guilty_Kiss"],"picked":"Yohane:Livestream_Donation+1","floor":31}],"player_experience":163601,"relics_obtained":[{"floor":1,"key":"SynthV:TestCard"},{"floor":1,"key":"LetterFromLob"},{"floor":7,"key":"hubris:ToyBattleship"},{"floor":9,"key":"Juzu Bracelet"},{"floor":13,"key":"infinitespire:Magic Flask"},{"floor":14,"key":"Ring of Fury"},{"floor":14,"key":"Ring of Searing"},{"floor":15,"key":"halation:LettersToHer"},{"floor":23,"key":"WingedGreaves"},{"floor":23,"key":"LagranYue:WskJewelryRelic"},{"floor":26,"key":"halation:LettersToHer"}],"event_choices":[],"is_beta":false,"boss_relics":[{"not_picked":["Hololive_Finger","halation:Risk"],"picked":"hubris:Backtick"}],"items_purged_floors":[],"is_endless":false,"potions_floor_spawned":[1,5,13,16,19,21,23],"killed_by":"Gensokyo:Eiki","ascension_level":0}}