{"host":"0ma1l65sntb3rtgl","time":1612589373,"event":{"mods":["AchievementEnabler","BaseMod","Better Note","Better Third Choice","Colored Map","Colored Powertips","Curses Come First","Downfall","Hermit","Highlight Path","Hubris","Infinite Spire","Marisa????????","Minty Spire (QoL Compilation)","Rare Cards Sparkle","Relic Stats","Replay The Spire","StSLib"],"gold_per_floor":[115,125,145,145,161,192,192,192,192,192,192,117,136,1,1,31,31],"floor_reached":16,"language":"ENG","playtime":877,"items_purged":["Strike_MRS","Strike_MRS"],"score":105,"play_id":"94a637b5-a4aa-4048-b013-b232996b9764","local_time":"20210205232933","is_ascension_mode":true,"campfire_choices":[{"data":"GalacticHalo","floor":8,"key":"SMITH"},{"data":"ShootTheMoon","floor":10,"key":"SMITH"},{"floor":15,"key":"DIG"}],"circlet_count":0,"master_deck":["Strike_MRS","Strike_MRS","Defend_MRS","Defend_MRS","Defend_MRS","MasterSpark","UpSweep+1","GrandCross","MagicChant+1","GalacticHalo+1","PulseMagic","ShootTheMoon+1","WitchOfGreed","Robbery"],"relics":["MiniHakkero","Strawberry","Akabeko","HandmadeGrimoire","hubris:DeckOfHolding"],"acts_visited":["Exordium"],"potions_floor_usage":[],"damage_taken":[{"damage":1,"enemies":"Jaw Worm","floor":1,"turns":3},{"damage":0,"enemies":"2 Louse","floor":2,"turns":2},{"damage":0,"enemies":"Cultist","floor":3,"turns":2},{"damage":13,"enemies":"Exordium Wildlife","floor":5,"turns":6},{"damage":26,"enemies":"Replay:BlueRogue","floor":6,"turns":5},{"damage":5,"enemies":"Looter","floor":13,"turns":2},{"damage":38,"enemies":"The Guardian","floor":16,"turns":10}],"seed_played":"-8492229282962581010","potions_obtained":[{"floor":1,"key":"SpeedPotion"},{"floor":6,"key":"Strength Potion"}],"is_trial":false,"path_per_floor":["M","M","M","?","M","E","?","R","T","R","T","$","M","$","R_BF","B"],"character_chosen":"MARISA","items_purchased":["Robbery"],"campfire_rested":0,"item_purchase_floors":[14],"current_hp_per_floor":[74,74,74,74,61,42,42,42,42,42,42,42,37,37,37,0,0],"gold":31,"neow_bonus":"UPGRADE_CARD","is_daily":false,"chose_seed":false,"campfire_upgraded":2,"win_rate":0.0,"timestamp":1612589373,"path_taken":["M","M","M","?","M","E","?","R","T","R","?","$","?","$","R_BF","BOSS"],"items_purchased_type":["Card"],"build_version":"2020-12-22","purchased_purges":2,"victory":false,"max_hp_per_floor":[75,75,75,75,75,82,82,82,82,82,82,82,82,82,82,82,82],"relic_stats":{"counters":[7,30],"obtain_stats":[{"Strawberry":6,"hubris:DeckOfHolding":15,"HandmadeGrimoire":11,"MiniHakkero":0,"Akabeko":9},{"Strawberry":5,"hubris:DeckOfHolding":6,"HandmadeGrimoire":5,"MiniHakkero":0,"Akabeko":5},{"Strawberry":18,"hubris:DeckOfHolding":20,"HandmadeGrimoire":18,"MiniHakkero":0,"Akabeko":18}]},"card_choices":[{"not_picked":["Occultation","IllusionStar"],"picked":"GrandCross","floor":1},{"not_picked":["ManaConvection","DoubleSpark"],"picked":"MagicChant","floor":2},{"not_picked":["GravityBeat","IllusionStar"],"picked":"GalacticHalo","floor":3},{"not_picked":["NonDirectionalLaser","DoubleSpark"],"picked":"PulseMagic","floor":5},{"not_picked":["DarkMatter","6A"],"picked":"ShootTheMoon","floor":6},{"not_picked":["DC","OpenUniverse"],"picked":"WitchOfGreed","floor":13}],"player_experience":386109,"relics_obtained":[{"floor":6,"key":"Strawberry"},{"floor":9,"key":"Akabeko"},{"floor":11,"key":"HandmadeGrimoire"},{"floor":15,"key":"hubris:DeckOfHolding"}],"event_choices":[],"is_beta":false,"boss_relics":[],"items_purged_floors":[12,14],"is_endless":false,"potions_floor_spawned":[1,6],"killed_by":"The Guardian","ascension_level":1}}