{"host":"w8xisjf5mgmfjvmt","time":1612582534,"event":{"mods":["BaseMod","BetterRewards","Challenge The Spire","Conspire","Energized Spire","Filter the Spire","Minty Spire (QoL Compilation)","Quarter Circle Forward PUNCH!","Quick Restart","Relic Filter Mod","Relic Stats","Reliquary","Replay The Spire","Shop Mod","Spicy Shops","StSLib","Thieving Mod","¡¾ÒÅÎï¿¨ÅÆ¡¿REMEMod","óô»ðÖ¸ÄÏ"],"gold_per_floor":[112,112,127,137,137,170,170,197,197,197,197,197,228,228,228,285,33,112,112,131,141,10,60,74,102,117,143,197,225,235,262,278,378,14,89,89,107,119,119,130,141,176,188,217,217,251,268,295,321,221,221,221,221,221,221,16,45,150],"floor_reached":59,"language":"ZHS","playtime":2783,"items_purged":["Strike_B","Strike_B"],"score":3055,"play_id":"777b897f-2ac9-4db2-9756-2d567a8842c3","local_time":"20210206113534","is_ascension_mode":true,"campfire_choices":[{"floor":11.0,"key":"REST"},{"floor":51.0,"key":"RECALL"},{"data":"Hologram","floor":55.0,"key":"SMITH"}],"circlet_count":0,"master_deck":["AscendersBane","Strike_B","Defend_B","Defend_B","Defend_B","Defend_B","Zap","Dualcast","REME_Flogging","Streamline","Gash","Go for the Eyes","Madness","Ball Lightning","ReplayTheSpireMod:GoodbyeWorld","Tempest","Cold Snap","Reboot+1","Sweeping Beam","Panic Button","Barrage","Skim+1","Recycle","BasicCrystalCard","Double Energy","Seek+1","Glacier+1","Turbo","White Noise","BootSequence","Hologram+1","Cold Snap+1","Rainbow+1","Coolheaded","Seek+1","conspire:SharedLibrary","Compile Driver+1","Creative AI+1","ReplayTheSpireMod:System Scan","Biased Cognition+1","ReplayUltimateDefense+1"],"relics":["REME_ComplimentaryCards","Black Star","ReplayTheSpireMod:Ring of Collecting","Ring of Misfortune","Sundial","Ancient Tea Set","Ring of Shattering","Regal Pillow","REME_LimitBreaker","Ring of Fury","StoneCalendar","reliquary:LoveEmittingDiode","Replay:Accelerometer","PreservedInsect","reliquary:BoilingFlask","Runic Capacitor","Bag of Preparation","reliquary:KinkedSpring","Pear","Replay:Bottled Snecko","Iron Hammer","ReplayTheSpireMod:TigerMarble","Bag of Marbles","Mercury Hourglass","reliquary:PorcupineQuills","MealTicket","Golden Egg","reliquary:OuijaBoard","conspire:DeflatedDodgeball","Kunai","Orrery","reliquary:RedCape","Replay:Antivirus Software","reliquary:Boomerang","qcfpunch:Fighting_Gloves","REME_HourglassOfDeath","Blue Candle","Onion Ring","qcfpunch:Handcuffs","Emotion Chip","Quantum Egg","ReplayTheSpireMod:Ninjato","Replay:Bandana","Bronze Scales"],"acts_visited":["Exordium","TheCity","TheBeyond","TheEnding"],"potions_floor_usage":[58,58],"damage_taken":[{"damage":0.0,"enemies":"Small Slimes","floor":1.0,"turns":4.0},{"damage":11.0,"enemies":"2 Louse","floor":3.0,"turns":2.0},{"damage":7.0,"enemies":"Jaw Worm","floor":4.0,"turns":3.0},{"damage":19.0,"enemies":"3 Sentries","floor":6.0,"turns":7.0},{"damage":22.0,"enemies":"Gremlin Nob","floor":8.0,"turns":4.0},{"damage":13.0,"enemies":"Lagavulin","floor":13.0,"turns":6.0},{"damage":8.0,"enemies":"Gremlin Nob","floor":16.0,"turns":3.0},{"damage":0.0,"enemies":"The Guardian","floor":18.0,"turns":7.0},{"damage":0.0,"enemies":"3 Byrds","floor":20.0,"turns":3.0},{"damage":0.0,"enemies":"Spheric Guardian","floor":21.0,"turns":3.0},{"damage":1.0,"enemies":"Cultist and Chosen","floor":24.0,"turns":3.0},{"damage":10.0,"enemies":"conspire:Head Lice","floor":25.0,"turns":5.0},{"damage":0.0,"enemies":"Chosen and Byrds","floor":26.0,"turns":3.0},{"damage":5.0,"enemies":"Gremlin Leader","floor":27.0,"turns":4.0},{"damage":0.0,"enemies":"Book of Stabbing","floor":29.0,"turns":3.0},{"damage":0.0,"enemies":"conspire:HollyBat","floor":30.0,"turns":6.0},{"damage":0.0,"enemies":"REME_1_Revenger","floor":31.0,"turns":1.0},{"damage":0.0,"enemies":"Centurion and Healer","floor":32.0,"turns":1.0},{"damage":0.0,"enemies":"Colosseum Slavers","floor":33.0,"turns":1.0},{"damage":0.0,"enemies":"Colosseum Nobs","floor":33.0,"turns":2.0},{"damage":0.0,"enemies":"Champ","floor":35.0,"turns":3.0},{"damage":0.0,"enemies":"3 Shapes","floor":37.0,"turns":2.0},{"damage":0.0,"enemies":"3 Darklings","floor":38.0,"turns":3.0},{"damage":0.0,"enemies":"Spire Growth","floor":40.0,"turns":2.0},{"damage":0.0,"enemies":"Maw","floor":41.0,"turns":2.0},{"damage":0.0,"enemies":"Giant Head","floor":42.0,"turns":7.0},{"damage":0.0,"enemies":"3 Darklings","floor":43.0,"turns":3.0},{"damage":1.0,"enemies":"R_Hoarder","floor":44.0,"turns":6.0},{"damage":0.0,"enemies":"Giant Head","floor":46.0,"turns":4.0},{"damage":0.0,"enemies":"Jaw Worm Horde","floor":47.0,"turns":2.0},{"damage":0.0,"enemies":"conspire:MimicChest","floor":48.0,"turns":4.0},{"damage":0.0,"enemies":"Reptomancer","floor":49.0,"turns":3.0},{"damage":10.0,"enemies":"Donu and Deca","floor":52.0,"turns":6.0},{"damage":0.0,"enemies":"Replay:Hell Engine","floor":53.0,"turns":8.0},{"damage":0,"enemies":"Shield and Spear","floor":57,"turns":3},{"damage":8,"enemies":"The Heart","floor":58,"turns":7}],"seed_played":"-8634381544705086821","potions_obtained":[{"floor":3.0,"key":"Strength Potion"},{"floor":6.0,"key":"EssenceOfSteel"},{"floor":13.0,"key":"REME_GoldPotion"},{"floor":25.0,"key":"Swift Potion"},{"floor":27.0,"key":"ColorlessPotion"},{"floor":31.0,"key":"DistilledChaos"},{"floor":40.0,"key":"PotionOfCapacity"}],"is_trial":false,"path_per_floor":["M","?","M","M","?","E","T","E","T","?","R","?","E","PTL","PTL","E","R","B",null,"M","M","$","?","M","E","M","E","T","E","M","E","M","?","R","B",null,"M","M","?","M","M","E","M","E","T","E","M","?","E","$","R","B","B",null,"R","$","E","B",null],"character_chosen":"DEFECT","items_purchased":["Runic Capacitor","Bag of Preparation","Barrage","Kunai","Orrery","ReplayUltimateDefense"],"campfire_rested":1,"item_purchase_floors":[17,17,22,34,34,56],"current_hp_per_floor":[64,64,53,46,46,27,27,5,5,1,37,37,24,24,24,16,16,16,57,57,57,57,57,56,56,56,51,51,51,51,51,51,51,51,51,74,74,74,74,74,74,74,74,81,81,81,81,81,81,82,82,72,72,80,80,82,82,74],"gold":150,"neow_bonus":"BOSS_RELIC","is_daily":false,"chose_seed":false,"campfire_upgraded":1,"win_rate":0.0,"timestamp":1612582534,"path_taken":["M","?","M","M","?","E","?","E","T","?","R","?","E","PTL","PTL","E","R","BOSS","M","M","$","?","M","E","M","E","T","E","M","E","M","?","R","BOSS","M","M","?","M","?","E","M","E","T","E","M","?","E","?","R","BOSS","BOSS","R","$","E","BOSS"],"items_purchased_type":["Relic","Relic","Card","Relic","Relic","Card"],"build_version":"2020-12-22","purchased_purges":2,"victory":true,"max_hp_per_floor":[71,71,71,71,71,71,71,71,71,71,71,71,71,71,71,71,71,71,71,71,71,71,71,71,81,81,81,81,81,81,81,81,81,81,81,81,81,81,81,81,81,81,81,82,82,82,82,82,82,82,82,82,82,82,82,82,82,82],"relic_stats":{"Regal Pillow":15,"counters":[36,136],"Blue Candle":[2],"StoneCalendar":[78],"PreservedInsect":696,"Bag of Preparation":[58],"Mercury Hourglass":[239],"Emotion Chip":[10,6,4,0,0],"Sundial":[20],"Bronze Scales":[93],"MealTicket":3,"Black Star":13,"Kunai":[21],"obtain_stats":[{"reliquary:OuijaBoard":33,"Replay:Accelerometer":13,"Golden Egg":31,"Regal Pillow":7,"reliquary:Boomerang":42,"reliquary:BoilingFlask":16,"StoneCalendar":13,"Runic Capacitor":17,"Bag of Preparation":17,"reliquary:RedCape":36,"Ancient Tea Set":6,"reliquary:FerryPass":8,"Emotion Chip":48,"Replay:Bandana":57,"Sundial":6,"MealTicket":31,"Ring of Shattering":7,"Iron Hammer":27,"qcfpunch:Handcuffs":46,"Replay:Bottled Snecko":25,"Kunai":34,"Replay:Antivirus Software":42,"Cracked Core":0,"reliquary:LoveEmittingDiode":13,"Pear":25,"ReplayTheSpireMod:Ninjato":49,"Blue Candle":45,"Quantum Egg":49,"PreservedInsect":16,"REME_LimitBreaker":8,"Mercury Hourglass":29,"reliquary:KinkedSpring":19,"reliquary:PorcupineQuills":29,"REME_HourglassOfDeath":44,"ReplayTheSpireMod:Ring of Collecting":5,"Ring of Misfortune":5,"Bronze Scales":57,"Orrery":34,"qcfpunch:Fighting_Gloves":44,"Ring of Fury":9,"Onion Ring":46,"Black Star":0,"ReplayTheSpireMod:TigerMarble":27,"Bag of Marbles":28,"conspire:DeflatedDodgeball":33,"REME_ComplimentaryCards":0},{"reliquary:OuijaBoard":20,"Replay:Accelerometer":6,"Golden Egg":17,"Regal Pillow":4,"reliquary:Boomerang":26,"reliquary:BoilingFlask":7,"StoneCalendar":6,"Runic Capacitor":7,"Bag of Preparation":7,"reliquary:RedCape":21,"Ancient Tea Set":4,"reliquary:FerryPass":5,"Emotion Chip":31,"Replay:Bandana":35,"Sundial":4,"MealTicket":17,"Ring of Shattering":4,"Iron Hammer":14,"qcfpunch:Handcuffs":29,"Replay:Bottled Snecko":12,"Kunai":20,"Replay:Antivirus Software":26,"Cracked Core":0,"reliquary:LoveEmittingDiode":6,"Pear":12,"ReplayTheSpireMod:Ninjato":32,"Blue Candle":28,"Quantum Egg":32,"PreservedInsect":7,"REME_LimitBreaker":5,"Mercury Hourglass":15,"reliquary:KinkedSpring":8,"reliquary:PorcupineQuills":15,"REME_HourglassOfDeath":28,"ReplayTheSpireMod:Ring of Collecting":3,"Ring of Misfortune":3,"Bronze Scales":35,"Orrery":20,"qcfpunch:Fighting_Gloves":28,"Ring of Fury":5,"Onion Ring":29,"Black Star":0,"ReplayTheSpireMod:TigerMarble":14,"Bag of Marbles":14,"conspire:DeflatedDodgeball":20,"REME_ComplimentaryCards":0},{"reliquary:OuijaBoard":71,"Replay:Accelerometer":26,"Golden Egg":67,"Regal Pillow":16,"reliquary:Boomerang":90,"reliquary:BoilingFlask":29,"StoneCalendar":26,"Runic Capacitor":29,"Bag of Preparation":29,"reliquary:RedCape":74,"Ancient Tea Set":16,"reliquary:FerryPass":20,"Emotion Chip":109,"Replay:Bandana":129,"Sundial":16,"MealTicket":67,"Ring of Shattering":16,"Iron Hammer":57,"qcfpunch:Handcuffs":103,"Replay:Bottled Snecko":50,"Kunai":71,"Replay:Antivirus Software":90,"Cracked Core":0,"reliquary:LoveEmittingDiode":26,"Pear":50,"ReplayTheSpireMod:Ninjato":112,"Blue Candle":99,"Quantum Egg":112,"PreservedInsect":29,"REME_LimitBreaker":20,"Mercury Hourglass":60,"reliquary:KinkedSpring":36,"reliquary:PorcupineQuills":60,"REME_HourglassOfDeath":99,"ReplayTheSpireMod:Ring of Collecting":9,"Ring of Misfortune":9,"Bronze Scales":129,"Orrery":71,"qcfpunch:Fighting_Gloves":99,"Ring of Fury":20,"Onion Ring":103,"Black Star":0,"ReplayTheSpireMod:TigerMarble":57,"Bag of Marbles":57,"conspire:DeflatedDodgeball":71,"REME_ComplimentaryCards":0}]},"card_choices":[{"not_picked":["Panic Button","Go for the Eyes"],"picked":"Streamline","floor":1.0},{"not_picked":["ReplayGash","Redo"],"picked":"Gash","floor":3.0},{"not_picked":["Gash","Steam"],"picked":"Go for the Eyes","floor":4.0},{"not_picked":["Coolheaded","Steam Power"],"picked":"Ball Lightning","floor":6.0},{"not_picked":["Hyperbeam","Steam"],"picked":"ReplayTheSpireMod:GoodbyeWorld","floor":8.0},{"not_picked":["Fusion","Barrage"],"picked":"Tempest","floor":13.0},{"not_picked":["BasicCrystalCard","Sweeping Beam"],"picked":"Cold Snap","floor":16.0},{"not_picked":["Mirror Shield","ReplayTheSpireMod:Omega Cannon"],"picked":"Reboot","floor":18.0},{"not_picked":["Ball Lightning+1","ReplayTheSpireMod:Reroute Power"],"picked":"Sweeping Beam","floor":20.0},{"not_picked":["Steam","Double Energy"],"picked":"Panic Button","floor":21.0},{"not_picked":["Conserve Battery","Streamline"],"picked":"Skim","floor":24.0},{"not_picked":["ReplaySort","BasicCrystalCard"],"picked":"Recycle","floor":25.0},{"not_picked":["Panic Button","Barrage"],"picked":"BasicCrystalCard","floor":26.0},{"not_picked":["Rebound","Streamline"],"picked":"Double Energy","floor":27.0},{"not_picked":["Compile Driver","Steam"],"picked":"Seek","floor":29.0},{"not_picked":["Redo","Sunder"],"picked":"Glacier+1","floor":30.0},{"not_picked":["Rebound","Beam Cell","Panic Button"],"picked":"SKIP","floor":31.0},{"not_picked":["ReplayTheSpireMod:GoodbyeWorld","Double Energy","Sweeping Beam+1"],"picked":"SKIP","floor":32.0},{"not_picked":["Leap","Go for the Eyes"],"picked":"Turbo","floor":33.0},{"not_picked":["Compile Driver","Fusion"],"picked":"White Noise","floor":34.0},{"not_picked":["Turbo","Genetic Algorithm"],"picked":"BootSequence","floor":34.0},{"not_picked":["Leap","Conserve Battery+1"],"picked":"Hologram","floor":34.0},{"not_picked":["Seek","Turbo+1"],"picked":"Cold Snap+1","floor":34.0},{"not_picked":["REME_ForAll","All For One"],"picked":"Rainbow","floor":35.0},{"not_picked":["Cold Snap","BasicCrystalCard","BootSequence"],"picked":"SKIP","floor":37.0},{"not_picked":["ReplayTheSpireMod:System Scan","BasicCrystalCard"],"picked":"Coolheaded","floor":38.0},{"not_picked":["Panic Button","Ball Lightning"],"picked":"conspire:SharedLibrary","floor":40.0},{"not_picked":["Sweeping Beam","Genetic Algorithm"],"picked":"Compile Driver+1","floor":41.0},{"not_picked":["REME_ForAll","Sweeping Beam"],"picked":"Creative AI","floor":42.0},{"not_picked":["Stack","REME_Whirling","BasicCrystalCard","Leap+1"],"picked":"SKIP","floor":43.0},{"not_picked":["Undo","Stack","Leap+1","Panic Button"],"picked":"SKIP","floor":44.0},{"not_picked":["Reinforced Body","Redo"],"picked":"ReplayTheSpireMod:System Scan","floor":46.0},{"not_picked":["Conserve Battery","Cold Snap"],"picked":"Biased Cognition","floor":47.0},{"not_picked":["REME_DataAnalysis+1","Panic Button","Reprogram"],"picked":"SKIP","floor":49.0},{"not_picked":["ReplaySort","Streamline","Redo"],"picked":"SKIP","floor":57}],"player_experience":1278826,"relics_obtained":[{"floor":5.0,"key":"ReplayTheSpireMod:Ring of Collecting"},{"floor":5.0,"key":"Ring of Misfortune"},{"floor":6.0,"key":"Sundial"},{"floor":6.0,"key":"Ancient Tea Set"},{"floor":7.0,"key":"Ring of Shattering"},{"floor":7.0,"key":"Regal Pillow"},{"floor":8.0,"key":"REME_LimitBreaker"},{"floor":8.0,"key":"reliquary:FerryPass"},{"floor":9.0,"key":"Ring of Fury"},{"floor":13.0,"key":"StoneCalendar"},{"floor":13.0,"key":"reliquary:LoveEmittingDiode"},{"floor":13.0,"key":"Replay:Accelerometer"},{"floor":16.0,"key":"PreservedInsect"},{"floor":16.0,"key":"reliquary:BoilingFlask"},{"floor":25.0,"key":"Pear"},{"floor":25.0,"key":"Replay:Bottled Snecko"},{"floor":27.0,"key":"Iron Hammer"},{"floor":27.0,"key":"ReplayTheSpireMod:TigerMarble"},{"floor":28.0,"key":"Bag of Marbles"},{"floor":29.0,"key":"Mercury Hourglass"},{"floor":29.0,"key":"reliquary:PorcupineQuills"},{"floor":31.0,"key":"MealTicket"},{"floor":31.0,"key":"Golden Egg"},{"floor":33.0,"key":"reliquary:OuijaBoard"},{"floor":33.0,"key":"conspire:DeflatedDodgeball"},{"floor":42.0,"key":"Replay:Antivirus Software"},{"floor":42.0,"key":"reliquary:Boomerang"},{"floor":44.0,"key":"qcfpunch:Fighting_Gloves"},{"floor":44.0,"key":"REME_HourglassOfDeath"},{"floor":45.0,"key":"Blue Candle"},{"floor":46.0,"key":"Onion Ring"},{"floor":46.0,"key":"qcfpunch:Handcuffs"},{"floor":48.0,"key":"Emotion Chip"},{"floor":49.0,"key":"Quantum Egg"},{"floor":49.0,"key":"ReplayTheSpireMod:Ninjato"},{"floor":57,"key":"Replay:Bandana"},{"floor":57,"key":"Bronze Scales"}],"event_choices":[{"damage_healed":0.0,"max_hp_gain":0.0,"max_hp_loss":0.0,"gold_gain":0.0,"event_name":"conspire:Investor","player_choice":"Leave","floor":10.0,"gold_loss":0.0,"damage_taken":0.0},{"damage_healed":0.0,"max_hp_gain":0.0,"max_hp_loss":0.0,"gold_gain":0.0,"event_name":"Shining Light","player_choice":"Ignored","floor":12.0,"gold_loss":0.0,"damage_taken":0.0},{"damage_healed":0.0,"max_hp_gain":0.0,"max_hp_loss":0.0,"gold_gain":50.0,"event_name":"Nest","player_choice":"Stole From Cult","floor":23.0,"gold_loss":0.0,"damage_taken":0.0},{"damage_healed":0.0,"max_hp_gain":0.0,"max_hp_loss":0.0,"gold_gain":0.0,"event_name":"Colosseum","player_choice":"Fight","floor":33.0,"gold_loss":0.0,"damage_taken":0.0},{"damage_healed":0.0,"max_hp_gain":0.0,"max_hp_loss":0.0,"gold_gain":0.0,"event_name":"Colosseum","player_choice":"Fought Nobs","floor":33.0,"gold_loss":0.0,"damage_taken":0.0},{"damage_healed":0.0,"max_hp_gain":0.0,"max_hp_loss":0.0,"gold_gain":0.0,"event_name":"Duplicator","player_choice":"Copied","floor":39.0,"gold_loss":0.0,"damage_taken":0.0,"cards_obtained":["Seek"]}],"is_beta":false,"boss_relics":[{"not_picked":["Empty Cage","Replay:Wanted Poster"],"picked":"reliquary:KinkedSpring"},{"not_picked":["ReplayTheSpireMod:DimensionalGlitch","conspire:RoyalGoblet"],"picked":"reliquary:RedCape"}],"items_purged_floors":[22,50],"is_endless":false,"potions_floor_spawned":[3,6,13,25,27,29,31,33,33,37,40,43,49],"ascension_level":20}}