{"host":"nptej036rrbiurf5","time":1612615656,"event":{"mods":["BaseMod","Colored Map","Colored Powertips","DeckTracker","Minty Spire (QoL Compilation)","StSLib","SuperFastMode"],"gold_per_floor":[113,113,38,38,38,79,79,115,115,35,35,35,70,85,85,184,184,184,6,6,6,6,6,6,6,6],"floor_reached":25,"language":"KOR","playtime":455,"items_purged":["Strike_P","Strike_P","Strike_P"],"score":566,"play_id":"972fae18-20ab-488e-8e26-c88e5b13eb34","local_time":"20210206214736","is_ascension_mode":true,"campfire_choices":[{"data":"Eruption","floor":7.0,"key":"SMITH"},{"data":"SignatureMove","floor":11.0,"key":"SMITH"},{"floor":15.0,"key":"REST"},{"floor":24,"key":"REST"}],"circlet_count":0,"master_deck":["AscendersBane","Defend_P","Defend_P","Defend_P+1","Eruption+1","Vigilance","PathToVictory+1","ThirdEye","SignatureMove+1","Swivel","Purity","FearNoEvil+1","FearNoEvil+1","Ragnarok+1"],"relics":["PureWater","NeowsBlessing","Golden Idol","StrikeDummy","Sundial","The Courier","Molten Egg 2","Ectoplasm","Pen Nib"],"acts_visited":["Exordium","TheCity"],"potions_floor_usage":[23,23],"damage_taken":[{"damage":0.0,"enemies":"2 Louse","floor":1.0,"turns":1.0},{"damage":0.0,"enemies":"Gremlin Nob","floor":6.0,"turns":1.0},{"damage":0.0,"enemies":"Lagavulin","floor":8.0,"turns":1.0},{"damage":18.0,"enemies":"3 Sentries","floor":13.0,"turns":3.0},{"damage":4.0,"enemies":"Small Slimes","floor":14.0,"turns":3.0},{"damage":1.0,"enemies":"The Guardian","floor":16.0,"turns":7.0},{"damage":0.0,"enemies":"Shell Parasite","floor":18.0,"turns":1.0},{"damage":29.0,"enemies":"Spheric Guardian","floor":20.0,"turns":6.0},{"damage":23,"enemies":"Slavers","floor":23,"turns":2},{"damage":0,"enemies":"Book of Stabbing","floor":25,"turns":2}],"seed_played":"-3819072067625860241","potions_obtained":[{"floor":6.0,"key":"ColorlessPotion"},{"floor":14.0,"key":"GamblersBrew"},{"floor":16.0,"key":"StancePotion"},{"floor":20.0,"key":"Fire Potion"},{"floor":23,"key":"SteroidPotion"}],"is_trial":false,"path_per_floor":["M","?","$","?","?","E","R","E","T","$","R","$","E","M","R","B",null,"M","$","M","$","?","E","R","E"],"character_chosen":"WATCHER","items_purchased":["Purity"],"campfire_rested":2,"item_purchase_floors":[19],"current_hp_per_floor":[61,61,61,61,42,42,42,42,42,42,42,42,24,20,38,37,56,56,56,27,27,27,4,22,22,22],"gold":6,"neow_bonus":"THREE_ENEMY_KILL","is_daily":false,"chose_seed":false,"campfire_upgraded":2,"win_rate":0.0,"timestamp":1612615656,"path_taken":["M","?","$","?","?","E","R","E","T","$","R","$","E","M","R","BOSS","M","$","M","$","?","E","R","E"],"items_purchased_type":["Card"],"build_version":"2020-12-22","purchased_purges":3,"victory":false,"max_hp_per_floor":[68,68,68,62,62,62,62,62,62,62,62,62,62,62,62,62,62,62,62,62,62,62,62,62,62,62],"card_choices":[{"not_picked":["SashWhip","FlyingSleeves"],"picked":"PathToVictory","floor":1.0},{"not_picked":["Brilliance","FlurryOfBlows"],"picked":"ThirdEye","floor":6.0},{"not_picked":["WreathOfFlame","Collect"],"picked":"SignatureMove","floor":8.0},{"not_picked":["CarveReality+1","FlurryOfBlows+1"],"picked":"Swivel","floor":13.0},{"not_picked":["FollowUp+1","ThirdEye","ClearTheMind"],"picked":"SKIP","floor":14.0},{"not_picked":["Protect","CutThroughFate+1","Halt"],"picked":"SKIP","floor":18.0},{"not_picked":["JustLucky+1","Swivel"],"picked":"FearNoEvil+1","floor":20.0},{"not_picked":["Halt","Protect","Crescendo"],"picked":"SKIP","floor":23}],"player_experience":904524,"relics_obtained":[{"floor":6.0,"key":"StrikeDummy"},{"floor":8.0,"key":"Sundial"},{"floor":9.0,"key":"The Courier"},{"floor":13.0,"key":"Molten Egg 2"},{"floor":23,"key":"Pen Nib"}],"event_choices":[{"damage_healed":0.0,"max_hp_gain":0.0,"max_hp_loss":0.0,"gold_gain":0.0,"event_name":"Living Wall","player_choice":"Grow","floor":2.0,"gold_loss":0.0,"damage_taken":0.0,"cards_upgraded":["PathToVictory"]},{"damage_healed":0.0,"max_hp_gain":0.0,"max_hp_loss":6.0,"gold_gain":0.0,"event_name":"Golden Idol","player_choice":"Lose Max HP","floor":4.0,"gold_loss":0.0,"damage_taken":0.0,"relics_obtained":["Golden Idol"]},{"damage_healed":0.0,"max_hp_gain":0.0,"max_hp_loss":0.0,"gold_gain":0.0,"event_name":"Shining Light","player_choice":"Entered Light","floor":5.0,"gold_loss":0.0,"damage_taken":19.0,"cards_upgraded":["Strike_P","Defend_P"]},{"damage_healed":0.0,"max_hp_gain":0.0,"max_hp_loss":0.0,"gold_gain":0.0,"cards_transformed":["Defend_P","Strike_P"],"event_name":"Drug Dealer","player_choice":"Became Test Subject","floor":22.0,"gold_loss":0.0,"damage_taken":0.0,"cards_obtained":["FearNoEvil","Ragnarok"]}],"is_beta":false,"boss_relics":[{"not_picked":["Fusion Hammer","Calling Bell"],"picked":"Ectoplasm"}],"items_purged_floors":[3,10,19],"is_endless":false,"potions_floor_spawned":[6,14,16,20,23],"killed_by":"Book of Stabbing","ascension_level":20}}