{"host":"hf83sijwe64ts2lm","time":1612577283,"event":{"mods":["2.2 Compatiblity","BaseMod","Better Altar","Better Match","Better Note","Better Sensory Stone","Better Skull","Better Third Choice","Colored Map","Colored Powertips","Highlight Path","Hubris","Infinite Spire","Minty Spire (QoL Compilation)","Quick Restart","Rare Cards Sparkle","Relic Stats","Replay The Spire","Shop Mod","Spicy Shops","StSLib","Thieving Mod"],"gold_per_floor":[110,34,134,149,159,159,186,186,186,186,205,51,66,26,26,127,127,139,89,109,119,23,23,48,48,48,66,66,15,41,2,2,2,2],"floor_reached":33,"language":"ENG","playtime":803,"items_purged":[],"score":325,"play_id":"9b1fac71-7fe7-4cbc-887b-4d4f338eeedc","local_time":"20210205210803","is_ascension_mode":true,"campfire_choices":[{"floor":6.0,"key":"RECALL"},{"floor":10.0,"key":"REST"},{"floor":15.0,"key":"REST"},{"floor":23.0,"key":"REST"},{"data":"infinitespire:Gouge","floor":25.0,"key":"SMITH"},{"floor":28.0,"key":"REST"},{"floor":32,"key":"REST"}],"circlet_count":0,"master_deck":["Strike_G","Strike_G","Strike_G","Strike_G","Strike_G","Defend_G","Defend_G","Defend_G","Defend_G","Defend_G","Survivor","Neutralize+1","Finisher","Slice","Fluid Movement","Slice","Noxious Fumes","Night Terror","Replay:Poison Smokescreen","Bullet Time","Terror","Cloak And Dagger","Dagger Spray","Masterful Stab","infinitespire:Gouge+1","ReplayTheSpireMod:From All Sides","Dagger Spray+1","Accuracy","Masterful Stab","Poisoned Stab"],"relics":["Ring of the Snake","Bag of Marbles","Replay:WaspNest","Snake Skull","WristBlade","Replay:Baseball","Bag of Preparation","Oddly Smooth Stone"],"acts_visited":["Exordium","TheCity"],"potions_floor_usage":[33],"damage_taken":[{"damage":4.0,"enemies":"Small Slimes","floor":1.0,"turns":3.0},{"damage":4.0,"enemies":"Cultist","floor":4.0,"turns":3.0},{"damage":4.0,"enemies":"2 Louse","floor":5.0,"turns":2.0},{"damage":27.0,"enemies":"Gremlin Nob","floor":7.0,"turns":5.0},{"damage":5.0,"enemies":"Exordium Thugs","floor":11.0,"turns":5.0},{"damage":6.0,"enemies":"3 Louse","floor":13.0,"turns":2.0},{"damage":61.0,"enemies":"Fading Forest","floor":16.0,"turns":11.0},{"damage":14.0,"enemies":"Chosen","floor":18.0,"turns":4.0},{"damage":0.0,"enemies":"Shell Parasite","floor":20.0,"turns":1.0},{"damage":20.0,"enemies":"Snake Plant","floor":21.0,"turns":3.0},{"damage":7.0,"enemies":"Nightmare","floor":24.0,"turns":9.0},{"damage":0.0,"enemies":"Snecko","floor":27.0,"turns":3.0},{"damage":44,"enemies":"Slavers","floor":30,"turns":5},{"damage":70,"enemies":"hubris:MusketHawk","floor":33,"turns":6}],"seed_played":"-8825087616528362793","potions_obtained":[{"floor":4.0,"key":"Reflective Coating"},{"floor":7.0,"key":"Swift Potion"},{"floor":14.0,"key":"Energy Potion"},{"floor":14.0,"key":"EntropicBrew"},{"floor":16.0,"key":"Swift Potion"},{"floor":20.0,"key":"FearPotion"},{"floor":30,"key":"Adrenaline Potion"}],"is_trial":false,"path_per_floor":["M","$","?","M","M","R","E","?","T","R","M","$","M","?","R","B",null,"M","?","M","M","$","R","NM","R","T","M","R","$","E","$","R","B"],"character_chosen":"THE_SILENT","items_purchased":["Slice","Snake Skull","Masterful Stab","Accuracy","Poisoned Stab"],"campfire_rested":5,"item_purchase_floors":[2,12,22,29,31],"current_hp_per_floor":[66,66,66,62,58,58,31,31,31,52,47,47,41,41,62,9,70,56,56,56,36,36,57,50,50,50,50,70,70,26,26,47,0,0],"gold":2,"neow_bonus":"UPGRADE_CARD","is_daily":false,"chose_seed":false,"campfire_upgraded":1,"win_rate":0.0,"timestamp":1612577283,"path_taken":["M","$","?","?","M","R","E","?","T","R","M","?","M","?","R","BOSS","M","?","?","M","$","R","NM","R","T","M","R","$","E","?","R","BOSS"],"items_purchased_type":["Card","Relic","Card","Card","Card"],"build_version":"2020-12-22","purchased_purges":0,"victory":false,"max_hp_per_floor":[70,70,70,70,70,70,70,70,70,70,70,70,70,70,70,70,70,70,70,70,70,70,70,70,70,70,70,70,70,70,70,70,70,70],"relic_stats":{"counters":[14,62],"Snake Skull":[36],"Bag of Preparation":[6],"obtain_stats":[{"Replay:Baseball":24,"WristBlade":17,"Oddly Smooth Stone":30,"Replay:WaspNest":8,"Snake Skull":12,"Bag of Marbles":7,"Bag of Preparation":26,"Ring of the Snake":0},{"Replay:Baseball":11,"WristBlade":7,"Oddly Smooth Stone":13,"Replay:WaspNest":4,"Snake Skull":5,"Bag of Marbles":4,"Bag of Preparation":11,"Ring of the Snake":0},{"Replay:Baseball":48,"WristBlade":31,"Oddly Smooth Stone":56,"Replay:WaspNest":13,"Snake Skull":18,"Bag of Marbles":13,"Bag of Preparation":48,"Ring of the Snake":0}],"Ring of the Snake":[28]},"card_choices":[{"not_picked":["hubris:SlightOfHand","Quick Slash"],"picked":"Finisher","floor":1.0},{"not_picked":["Blur","Outmaneuver"],"picked":"Fluid Movement","floor":4.0},{"not_picked":["Dagger Throw","Acrobatics"],"picked":"Slice","floor":5.0},{"not_picked":["Blur","Toxin Wave"],"picked":"Noxious Fumes","floor":7.0},{"not_picked":["Deadly Poison","Dagger Spray"],"picked":"Night Terror","floor":11.0},{"not_picked":["Acrobatics","Poisoned Stab"],"picked":"Replay:Poison Smokescreen","floor":13.0},{"not_picked":["After Image","Atom Bomb"],"picked":"Bullet Time","floor":16.0},{"not_picked":["Blade Dance","Dagger Throw+1"],"picked":"Terror","floor":18.0},{"not_picked":["Underhanded Strike+1","Backflip+1"],"picked":"Cloak And Dagger","floor":20.0},{"not_picked":["Dagger Throw","Setup"],"picked":"Dagger Spray","floor":21.0},{"not_picked":["infinitespire:DeathsTouch","ReplayTheSpireMod:Black Plague"],"picked":"infinitespire:Gouge","floor":24.0},{"not_picked":["Cloak And Dagger","Distraction"],"picked":"ReplayTheSpireMod:From All Sides","floor":24.0},{"not_picked":["Outmaneuver","hubris:SlightOfHand"],"picked":"Dagger Spray+1","floor":27.0},{"not_picked":["Riddle With Holes","Underhanded Strike+1"],"picked":"Masterful Stab","floor":30}],"player_experience":141287,"relics_obtained":[{"floor":7.0,"key":"Bag of Marbles"},{"floor":24.0,"key":"Replay:Baseball"},{"floor":26.0,"key":"Bag of Preparation"},{"floor":30,"key":"Oddly Smooth Stone"}],"event_choices":[{"damage_healed":0.0,"max_hp_gain":0.0,"max_hp_loss":0.0,"gold_gain":100.0,"event_name":"Golden Shrine","player_choice":"Pray","floor":3.0,"gold_loss":0.0,"damage_taken":0.0},{"damage_healed":0.0,"max_hp_gain":0.0,"max_hp_loss":0.0,"gold_gain":0.0,"event_name":"WeMeetAgain","player_choice":"Gave Potion","floor":8.0,"gold_loss":0.0,"damage_taken":0.0,"relics_obtained":["Replay:WaspNest"]},{"damage_healed":0.0,"max_hp_gain":0.0,"max_hp_loss":0.0,"gold_gain":0.0,"event_name":"The Woman in Blue","player_choice":"Bought 3 Potions","floor":14.0,"gold_loss":0.0,"damage_taken":0.0},{"damage_healed":0.0,"max_hp_gain":0.0,"max_hp_loss":0.0,"gold_gain":0.0,"event_name":"The Joust","player_choice":"Bet on Murderer","floor":19.0,"gold_loss":50.0,"damage_taken":0.0}],"is_beta":false,"boss_relics":[{"not_picked":["hubris:TerracottaHorce","Runic Dome"],"picked":"WristBlade"}],"items_purged_floors":[],"is_endless":false,"potions_floor_spawned":[4,7,16,20,30],"killed_by":"hubris:MusketHawk","ascension_level":3}}