{"host":"vyjryxuuuxkt43k4","time":1612577511,"event":{"mods":["AchievementEnabler","BaseMod","Colored Map","DeckTracker","Highlight Path","Keyboard Shortcuts","Minty Spire (QoL Compilation)","Permanent Neow","Quick Restart","Relic Stats","StSLib","SuperFastMode","everything is the same but u backflip on backflip"],"gold_per_floor":[117,117,117,130,149,149,163,191,191,191,191,191,207,228,228,302,302,320,320,320,82,97,97,123,123,149,166,202,102,136,136,136],"floor_reached":31,"language":"KOR","playtime":6472,"items_purged":["Pain","Defend_P"],"score":585,"play_id":"c555c4ba-dd31-4f88-9865-7d381b6217a1","local_time":"20210206111151","is_ascension_mode":true,"campfire_choices":[{"data":"Eruption","floor":6.0,"key":"SMITH"},{"floor":10.0,"key":"REST"},{"data":"CrushJoints","floor":12.0,"key":"SMITH"},{"data":"TalkToTheHand","floor":15.0,"key":"SMITH"},{"floor":23.0,"key":"REST"},{"data":"Swivel","floor":25.0,"key":"SMITH"}],"circlet_count":0,"master_deck":["AscendersBane","Strike_P","Strike_P","Strike_P","Strike_P","Defend_P","Defend_P","Defend_P+1","Eruption+1","Vigilance","CrushJoints+1","TalkToTheHand+1","Wallop","Swivel+1","DevaForm+1","Sanctity+1","Scrawl","Ragnarok","MentalFortress"],"relics":["Sozu","WingedGreaves","Darkstone Periapt","Singing Bowl","WarpedTongs","Odd Mushroom","Snecko Eye","Medical Kit","CeramicFish","Omamori","MealTicket","War Paint"],"acts_visited":["Exordium","TheCity"],"potions_floor_usage":[],"damage_taken":[{"damage":2.0,"enemies":"Small Slimes","floor":1.0,"turns":4.0},{"damage":0.0,"enemies":"Cultist","floor":4.0,"turns":4.0},{"damage":0.0,"enemies":"2 Louse","floor":5.0,"turns":3.0},{"damage":1.0,"enemies":"Looter","floor":7.0,"turns":3.0},{"damage":25.0,"enemies":"Lagavulin","floor":8.0,"turns":6.0},{"damage":3.0,"enemies":"Large Slime","floor":13.0,"turns":2.0},{"damage":11.0,"enemies":"The Mushroom Lair","floor":14.0,"turns":4.0},{"damage":29.0,"enemies":"Hexaghost","floor":16.0,"turns":14.0},{"damage":31.0,"enemies":"2 Thieves","floor":18.0,"turns":3.0},{"damage":5.0,"enemies":"Spheric Guardian","floor":22.0,"turns":4.0},{"damage":0.0,"enemies":"Gremlin Leader","floor":24.0,"turns":4.0},{"damage":0.0,"enemies":"Centurion and Healer","floor":27.0,"turns":5.0},{"damage":24.0,"enemies":"Book of Stabbing","floor":28.0,"turns":6.0},{"damage":39.0,"enemies":"Slavers","floor":30.0,"turns":5.0},{"damage":52,"enemies":"Shelled Parasite and Fungi","floor":31,"turns":1}],"seed_played":"7399751574294592200","potions_obtained":[],"is_trial":false,"path_per_floor":["M","?","?","M","M","R","M","E","T","R","?","R","M","?","R","B",null,"M","?","?","$","M","R","E","R","T","M","E","$","E","M"],"character_chosen":"WATCHER","items_purchased":["Medical Kit"],"campfire_rested":2,"item_purchase_floors":[21],"current_hp_per_floor":[59,48,48,48,48,48,47,22,22,42,48,48,47,36,36,7,59,30,30,30,30,27,51,53,53,53,55,31,46,7,0,0],"gold":136,"neow_bonus":"BOSS_RELIC","is_daily":false,"chose_seed":false,"campfire_upgraded":4,"win_rate":0.0,"timestamp":1612577511,"path_taken":["M","?","?","M","M","R","M","E","T","R","?","R","?","?","R","BOSS","M","?","?","$","?","R","E","R","T","M","E","$","E","M"],"items_purchased_type":["Relic"],"build_version":"2020-12-22","purchased_purges":2,"victory":false,"max_hp_per_floor":[68,68,68,68,68,68,68,68,68,68,74,74,76,76,76,76,76,78,78,78,78,80,80,82,82,82,84,84,84,84,84,84],"relic_stats":{"Sozu":7,"Darkstone Periapt":6,"Singing Bowl":10,"counters":[15,68],"CeramicFish":18,"Snecko Eye":[59,46,60,63],"MealTicket":15,"War Paint":["Defend_P","Sanctity"],"Medical Kit":[6],"obtain_stats":[{"Darkstone Periapt":8,"Singing Bowl":9,"CeramicFish":24,"Omamori":26,"Odd Mushroom":14,"War Paint":30,"Medical Kit":21,"WarpedTongs":11,"Sozu":0,"Snecko Eye":17,"MealTicket":28,"WingedGreaves":2,"PureWater":0},{"Darkstone Periapt":5,"Singing Bowl":5,"CeramicFish":11,"Omamori":11,"Odd Mushroom":7,"War Paint":14,"Medical Kit":9,"WarpedTongs":5,"Sozu":0,"Snecko Eye":8,"MealTicket":13,"WingedGreaves":1,"PureWater":0},{"Darkstone Periapt":20,"Singing Bowl":20,"CeramicFish":51,"Omamori":51,"Odd Mushroom":26,"War Paint":67,"Medical Kit":43,"WarpedTongs":20,"Sozu":0,"Snecko Eye":40,"MealTicket":62,"WingedGreaves":4,"PureWater":0}],"WarpedTongs":[46]},"card_choices":[{"not_picked":["Halt","WaveOfTheHand"],"picked":"CrushJoints","floor":1.0},{"not_picked":["Swivel","Pray"],"picked":"TalkToTheHand","floor":4.0},{"not_picked":["Swivel","Fasting2"],"picked":"Wallop","floor":5.0},{"not_picked":["Fasting2","Wallop"],"picked":"Swivel","floor":7.0},{"not_picked":["Halt","EmptyBody"],"picked":"DevaForm","floor":8.0},{"not_picked":["ClearTheMind","Wallop","EmptyBody"],"picked":"Singing Bowl","floor":13.0},{"not_picked":["Prostrate","CutThroughFate"],"picked":"Sanctity","floor":14.0},{"not_picked":["Omniscience","DevaForm"],"picked":"Scrawl","floor":16.0},{"not_picked":["Evaluate","EmptyBody","Nirvana"],"picked":"Singing Bowl","floor":18.0},{"not_picked":["Consecrate","Collect+1","ReachHeaven+1"],"picked":"Singing Bowl","floor":22.0},{"not_picked":["FollowUp+1","Prostrate","DeceiveReality"],"picked":"Singing Bowl","floor":24.0},{"not_picked":["EmptyBody","Pray","Crescendo"],"picked":"Singing Bowl","floor":27.0},{"not_picked":["SignatureMove+1","Worship"],"picked":"Ragnarok","floor":28.0},{"not_picked":["Adaptation","Halt"],"picked":"MentalFortress","floor":30.0}],"player_experience":771592,"relics_obtained":[{"floor":8.0,"key":"Darkstone Periapt"},{"floor":9.0,"key":"Singing Bowl"},{"floor":14.0,"key":"Odd Mushroom"},{"floor":24.0,"key":"CeramicFish"},{"floor":26.0,"key":"Omamori"},{"floor":28.0,"key":"MealTicket"},{"floor":30.0,"key":"War Paint"}],"event_choices":[{"damage_healed":0.0,"max_hp_gain":0.0,"max_hp_loss":0.0,"gold_gain":0.0,"event_name":"Scrap Ooze","player_choice":"Success","floor":2.0,"gold_loss":0.0,"damage_taken":11.0,"relics_obtained":["WingedGreaves"]},{"damage_healed":0.0,"max_hp_gain":0.0,"max_hp_loss":0.0,"gold_gain":0.0,"event_name":"Liars Game","player_choice":"Ignored","floor":3.0,"gold_loss":0.0,"damage_taken":0.0},{"damage_healed":0.0,"max_hp_gain":0.0,"max_hp_loss":0.0,"gold_gain":0.0,"event_name":"Accursed Blacksmith","player_choice":"Rummage","floor":11.0,"gold_loss":0.0,"damage_taken":0.0,"relics_obtained":["WarpedTongs"],"cards_obtained":["Pain"]},{"damage_healed":0.0,"max_hp_gain":0.0,"max_hp_loss":0.0,"gold_gain":0.0,"event_name":"Mushrooms","player_choice":"Fought Mushrooms","floor":14.0,"gold_loss":0.0,"damage_taken":0.0},{"damage_healed":0.0,"max_hp_gain":0.0,"max_hp_loss":0.0,"gold_gain":0.0,"event_name":"The Mausoleum","player_choice":"Ignored","floor":19.0,"gold_loss":0.0,"damage_taken":0.0},{"damage_healed":0.0,"max_hp_gain":0.0,"max_hp_loss":0.0,"gold_gain":0.0,"event_name":"Upgrade Shrine","player_choice":"Upgraded","floor":20.0,"gold_loss":0.0,"damage_taken":0.0,"cards_upgraded":["DevaForm"]}],"is_beta":false,"boss_relics":[{"not_picked":["Runic Dome","Philosopher\u0027s Stone"],"picked":"Snecko Eye"}],"items_purged_floors":[21,29],"is_endless":false,"potions_floor_spawned":[5,7,8,16,22,24,28],"killed_by":"Shelled Parasite and Fungi","ascension_level":17}}