{"host":"n605f8gctjc87d7h","time":1612573628,"event":{"mods":["Aspiration","Bard","BaseMod","Better Match","Better Note","Better Skull","Better Third Choice","Conspire","Downfall","Halation","Hermit","Infinite Spire","Minty Spire (QoL Compilation)","Replay The Spire","Retaliation","Shade Mod","Spicy Shops","StSLib","The IronCluck","The Jungle"],"gold_per_floor":[216,216,232,72,72,105,105,125,151,170,170,170,197,265,265,336,336,353,368,368,387,138,165,165,165,235,255,265,265,285,161,161,161,161],"floor_reached":33,"language":"ENG","playtime":2425,"items_purged":["Strike_B","Defend_B"],"score":495,"play_id":"e647f0ac-010c-440f-a2b2-c9948839aedc","local_time":"20210205170708","is_ascension_mode":true,"campfire_choices":[{"floor":7,"key":"REST"},{"data":"Streamline","floor":12,"key":"SMITH"},{"floor":15,"key":"REST"},{"floor":24,"key":"REST"},{"data":"Creative AI","floor":32,"key":"SMITH"}],"circlet_count":0,"master_deck":["AscendersBane","Strike_B","Strike_B","Defend_B","Defend_B","Defend_B","Zap","Dualcast","Cold Snap","Loop+1","Steam","Conserve Battery","Streamline+1","Creative AI+1","Cold Snap+1","ReplayTheSpireMod:System Scan","Ball Lightning"],"relics":["Cracked Core","Omamori","aspiration:HummingbirdHeart","Centennial Puzzle","halation:EternalFortune","Ancient Tea Set","Carrot","Membership Card","halation:SwordOfLegend","White Beast Statue","Pet Ghost","Lee\u0027s Waffle","halation:AfternoonTea"],"acts_visited":["Exordium","TheCity"],"potions_floor_usage":[6,16,19,28,30,33,33],"damage_taken":[{"damage":4,"enemies":"Small Slimes","floor":1,"turns":3},{"damage":10,"enemies":"infinitespire:Voidling","floor":3,"turns":4},{"damage":18,"enemies":"Replay:BlueRogue","floor":6,"turns":9},{"damage":0,"enemies":"conspire:RoseBush","floor":8,"turns":3},{"damage":0,"enemies":"Red Slaver","floor":10,"turns":3},{"damage":8,"enemies":"Gremlin Nob","floor":13,"turns":4},{"damage":15,"enemies":"The Guardian","floor":16,"turns":12},{"damage":14,"enemies":"Shell Parasite","floor":18,"turns":9},{"damage":15,"enemies":"Spheric Guardian","floor":19,"turns":5},{"damage":7,"enemies":"Snake Plant","floor":21,"turns":4},{"damage":19,"enemies":"conspire:Head Lice","floor":23,"turns":11},{"damage":2,"enemies":"Cultist and Chosen","floor":27,"turns":8},{"damage":13,"enemies":"Snecko","floor":28,"turns":6},{"damage":20,"enemies":"conspire:HollyBat","floor":30,"turns":8},{"damage":90,"enemies":"Champ","floor":33,"turns":14}],"seed_played":"858927925538941715","potions_obtained":[{"floor":3,"key":"conspire:TimeTravelPotion"},{"floor":6,"key":"hexamod:SoulburnPotion"},{"floor":8,"key":"Strength Potion"},{"floor":13,"key":"Regen Potion"},{"floor":19,"key":"SpeedPotion"},{"floor":23,"key":"Reflective Coating"},{"floor":27,"key":"LiquidBronze"},{"floor":28,"key":"SkillPotion"},{"floor":30,"key":"DDmod:CleansePotion"}],"is_trial":false,"path_per_floor":["M","?","M","$","?","E","R","M","T","M","?","R","E","T","R","B",null,"M","M","?","M","$","E","R","?","T","M","M","?","M","$","R","B"],"character_chosen":"DEFECT","items_purchased":["Omamori","Membership Card","Lee\u0027s Waffle","halation:AfternoonTea"],"campfire_rested":3,"item_purchase_floors":[4,22,31,31],"current_hp_per_floor":[60,60,50,50,50,32,53,53,53,53,56,56,48,48,70,55,69,55,49,49,42,42,23,44,48,48,46,33,33,13,81,81,0,0],"gold":161,"neow_bonus":"HUNDRED_GOLD","is_daily":false,"chose_seed":false,"campfire_upgraded":2,"win_rate":0.0,"timestamp":1612573628,"path_taken":["M","?","?","$","?","E","R","M","T","?","?","R","E","?","R","BOSS","M","M","?","M","$","E","R","?","T","?","M","?","M","$","R","BOSS"],"items_purchased_type":["Relic","Relic","Relic","Relic"],"build_version":"2020-12-22","purchased_purges":2,"victory":false,"max_hp_per_floor":[71,71,71,71,71,71,71,71,71,71,74,74,74,74,74,74,74,74,74,74,74,74,74,74,74,74,74,74,74,74,81,81,81,81],"card_choices":[{"not_picked":["Rebound","Sunder"],"picked":"Cold Snap","floor":1},{"not_picked":["Beam Cell","Coolheaded"],"picked":"Steam","floor":3},{"not_picked":["Time Bomb","Hologram"],"picked":"Conserve Battery","floor":6},{"not_picked":["Hologram","Conserve Battery","Cold Snap"],"picked":"SKIP","floor":8},{"not_picked":["Turbo","Rebound"],"picked":"Streamline","floor":10},{"not_picked":["Double Energy","Panic Button","Redo"],"picked":"SKIP","floor":13},{"not_picked":["Amplify","All For One"],"picked":"Creative AI","floor":16},{"not_picked":["Hologram","Steam+1"],"picked":"Cold Snap+1","floor":18},{"not_picked":["Go for the Eyes","Hologram"],"picked":"ReplayTheSpireMod:System Scan","floor":19},{"not_picked":["ReplayTheSpireMod:GoodbyeWorld","Steam"],"picked":"Ball Lightning","floor":21},{"not_picked":["Recycle","All For One","Compile Driver"],"picked":"SKIP","floor":23},{"not_picked":["Scrape","Redo","Beam Cell"],"picked":"SKIP","floor":27},{"not_picked":["Capacitor","Gash","BasicCrystalCard"],"picked":"SKIP","floor":28},{"not_picked":["Stack","Redo","Defragment"],"picked":"SKIP","floor":30}],"player_experience":822433,"relics_obtained":[{"floor":6,"key":"aspiration:HummingbirdHeart"},{"floor":9,"key":"Centennial Puzzle"},{"floor":13,"key":"Ancient Tea Set"},{"floor":14,"key":"Carrot"},{"floor":23,"key":"halation:SwordOfLegend"},{"floor":26,"key":"White Beast Statue"}],"event_choices":[{"damage_healed":0,"gold_gain":0,"cards_transformed":["Strike_B"],"player_choice":"Transformed","damage_taken":0,"max_hp_gain":0,"max_hp_loss":0,"event_name":"Transmorgrifier","floor":2,"gold_loss":0,"cards_obtained":["Loop"]},{"damage_healed":0,"gold_gain":0,"player_choice":"Upgraded","damage_taken":0,"max_hp_gain":0,"max_hp_loss":0,"event_name":"Upgrade Shrine","floor":5,"gold_loss":0,"cards_upgraded":["Loop"]},{"damage_healed":0,"gold_gain":0,"player_choice":"Ignored","damage_taken":0,"max_hp_gain":0,"max_hp_loss":0,"event_name":"Vampires","floor":20,"gold_loss":0},{"damage_healed":0,"gold_gain":0,"player_choice":"Opened","damage_taken":0,"relics_obtained":["Pet Ghost"],"max_hp_gain":0,"max_hp_loss":0,"event_name":"The Mausoleum","floor":29,"gold_loss":0,"cards_obtained":["Writhe"]}],"is_beta":false,"boss_relics":[{"not_picked":["Philosopher\u0027s Stone","conspire:SlowCooker","infinitespire:Cupcake"]}],"items_purged_floors":[22,22],"is_endless":false,"potions_floor_spawned":[3,6,8,13,19,23,27,28,30],"killed_by":"Champ","ascension_level":16}}