{"host":"sc0o2qwpf9j16a4i","time":1612614948,"event":{"mods":["AchievementEnabler","BaseMod","BetterRewards","Block Reminder","Colored Map","Colored Powertips","Custom Start","Highlight Path","Minty Spire (QoL Compilation)","Relic Stats"],"gold_per_floor":[117,392,409,426,437,470,480,480,480,508,520,4,14,34,34,132,132,148,36,117,117,133,133,159,258,258,292,292,311,311,327,327,427,427,439,439,454,76,87,113,167,167,167,200,200,229,39,339,339,339],"floor_reached":51,"language":"ENG","playtime":1760,"items_purged":["Strike_B"],"score":1185,"play_id":"6d1455ca-e03f-427f-ae57-959c286eb543","local_time":"20210206143548","daily_mods":["Specialized","Colorless Cards","Lethality"],"is_ascension_mode":false,"campfire_choices":[{"floor":8,"key":"REST"},{"data":"Beam Cell","floor":15,"key":"SMITH"},{"data":"Buffer","floor":23,"key":"SMITH"},{"data":"Secret Weapon","floor":28,"key":"SMITH"},{"data":"Deep Breath","floor":32,"key":"SMITH"},{"data":"1","floor":42,"key":"LIFT"},{"data":"2","floor":49,"key":"LIFT"}],"circlet_count":0,"master_deck":["Strike_B","Strike_B","Defend_B","Defend_B","Defend_B","Defend_B","Zap","Dualcast","Scrape","Scrape","Scrape","Scrape","Scrape","Gash","Secret Weapon+1","Streamline","Beam Cell+1","Deep Breath+1","Steam","Buffer+1","Finesse","Beam Cell","Steam+1","Swift Strike","Gash","Apotheosis+1","Turbo+1","Panacea+1","Gash","Ghostly+1","Ghostly+1","Ghostly+1","Ghostly+1","Ghostly+1","Hologram+1","Madness+1","Reprogram+1","Go for the Eyes","Reboot+1","Steam+1","Apotheosis+1","Good Instincts+1","Secret Technique+1","Hologram+1","Trip+1","Chill+1","Steam+1"],"relics":["Cracked Core","Blue Candle","Letter Opener","Shuriken","OrangePellets","Toxic Egg 2","Black Star","InkBottle","Mercury Hourglass","Bottled Flame","Mummified Hand","Question Card","Lantern","Empty Cage","Strawberry","Oddly Smooth Stone","WingedGreaves","Singing Bowl","Girya","Cables","Mango","Bag of Marbles","Darkstone Periapt","Akabeko","Pen Nib"],"acts_visited":["Exordium","TheCity","TheBeyond"],"potions_floor_usage":[6,16,16,24,33,40,44,46,50,50,50],"damage_taken":[{"damage":0,"enemies":"Cultist","floor":1,"turns":2},{"damage":9,"enemies":"Jaw Worm","floor":3,"turns":2},{"damage":10,"enemies":"2 Louse","floor":4,"turns":2},{"damage":11,"enemies":"Red Slaver","floor":5,"turns":2},{"damage":23,"enemies":"Lagavulin","floor":6,"turns":4},{"damage":4,"enemies":"Exordium Thugs","floor":7,"turns":3},{"damage":0,"enemies":"Gremlin Nob","floor":10,"turns":2},{"damage":0,"enemies":"Blue Slaver","floor":11,"turns":1},{"damage":0,"enemies":"Looter","floor":13,"turns":2},{"damage":1,"enemies":"Exordium Thugs","floor":14,"turns":2},{"damage":0,"enemies":"Slime Boss","floor":16,"turns":2},{"damage":1,"enemies":"Spheric Guardian","floor":18,"turns":2},{"damage":3,"enemies":"2 Thieves","floor":22,"turns":2},{"damage":0,"enemies":"Gremlin Leader","floor":24,"turns":5},{"damage":1,"enemies":"Book of Stabbing","floor":27,"turns":3},{"damage":0,"enemies":"Snecko","floor":29,"turns":1},{"damage":0,"enemies":"Centurion and Healer","floor":31,"turns":2},{"damage":1,"enemies":"Automaton","floor":33,"turns":6},{"damage":0,"enemies":"Orb Walker","floor":35,"turns":2},{"damage":0,"enemies":"3 Darklings","floor":37,"turns":5},{"damage":0,"enemies":"Maw","floor":39,"turns":4},{"damage":0,"enemies":"Reptomancer","floor":40,"turns":4},{"damage":3,"enemies":"2 Orb Walkers","floor":41,"turns":2},{"damage":0,"enemies":"Nemesis","floor":44,"turns":3},{"damage":9,"enemies":"Reptomancer","floor":46,"turns":4},{"damage":0,"enemies":"Awakened One","floor":50,"turns":10}],"seed_played":"535543656745071149","potions_obtained":[{"floor":1,"key":"GamblersBrew"},{"floor":6,"key":"ColorlessPotion"},{"floor":7,"key":"SkillPotion"},{"floor":14,"key":"BlessingOfTheForge"},{"floor":18,"key":"ColorlessPotion"},{"floor":27,"key":"FocusPotion"},{"floor":29,"key":"Ancient Potion"},{"floor":37,"key":"Block Potion"},{"floor":41,"key":"AttackPotion"},{"floor":44,"key":"Weak Potion"}],"is_trial":true,"path_per_floor":["M","?","M","M","M","E","M","R","T","E","M","$","M","M","R","B",null,"M","$","T","?","M","R","E","?","T","E","R","M","?","M","R","B",null,"M","?","M","$","M","E","?","R","T","E","T","E","$","?","R","B",null],"character_chosen":"DEFECT","items_purchased":["OrangePellets","Toxic Egg 2","Beam Cell","Steam+1","Panacea+1","Gash","Strawberry","Oddly Smooth Stone","Chill+1","Steam+1","DuplicationPotion"],"campfire_rested":1,"item_purchase_floors":[12,12,12,12,19,19,38,38,47,47,47],"current_hp_per_floor":[75,75,66,56,45,22,18,40,40,40,40,40,40,39,39,39,75,74,74,74,37,34,34,34,34,34,33,33,33,33,33,33,32,37,37,37,37,44,44,46,45,45,45,61,61,52,52,52,52,52],"gold":339,"neow_bonus":"","is_daily":false,"chose_seed":false,"campfire_upgraded":4,"win_rate":0.0,"timestamp":1612614948,"path_taken":["M","?","M","?","M","E","M","R","T","E","M","$","M","M","R","BOSS","M","$","?","?","M","R","E","?","T","E","R","M","?","?","R","BOSS","M","?","M","$","?","E","?","R","T","E","?","E","$","?","R","BOSS"],"items_purchased_type":["Relic","Relic","Card","Card","Card","Card","Relic","Relic","Card","Card","Potion"],"build_version":"2020-12-22","purchased_purges":1,"victory":true,"max_hp_per_floor":[75,75,75,75,75,75,75,75,75,75,75,75,75,75,75,75,75,75,75,75,37,37,37,37,37,37,37,37,37,37,37,37,37,37,37,37,37,44,44,46,48,48,48,64,64,64,64,64,64,64],"relic_stats":{"Darkstone Periapt":0,"Singing Bowl":6,"counters":[26,79],"Blue Candle":[6],"Pen Nib":[2],"Letter Opener":[283],"Question Card":10,"Mercury Hourglass":[196],"Cables":[14,5,9,0,0],"OrangePellets":[0],"Shuriken":[52],"Mummified Hand":[5],"Black Star":5,"obtain_stats":[{"Darkstone Periapt":45,"Lantern":27,"Singing Bowl":40,"Mango":44,"Empty Cage":34,"Mummified Hand":26,"Strawberry":38,"WingedGreaves":40,"Toxic Egg 2":12,"Cracked Core":0,"InkBottle":20,"Girya":41,"Blue Candle":6,"Oddly Smooth Stone":38,"Pen Nib":46,"Letter Opener":9,"Question Card":27,"Akabeko":46,"Mercury Hourglass":24,"Cables":43,"OrangePellets":12,"Bottled Flame":24,"Shuriken":10,"Black Star":17,"Bag of Marbles":44},{"Darkstone Periapt":24,"Lantern":15,"Singing Bowl":22,"Mango":24,"Empty Cage":18,"Mummified Hand":14,"Strawberry":20,"WingedGreaves":22,"Toxic Egg 2":8,"Cracked Core":0,"InkBottle":12,"Girya":23,"Blue Candle":5,"Oddly Smooth Stone":20,"Pen Nib":25,"Letter Opener":6,"Question Card":15,"Akabeko":25,"Mercury Hourglass":14,"Cables":23,"OrangePellets":8,"Bottled Flame":14,"Shuriken":7,"Black Star":11,"Bag of Marbles":24},{"Darkstone Periapt":65,"Lantern":36,"Singing Bowl":60,"Mango":65,"Empty Cage":45,"Mummified Hand":33,"Strawberry":52,"WingedGreaves":60,"Toxic Egg 2":18,"Cracked Core":0,"InkBottle":26,"Girya":62,"Blue Candle":12,"Oddly Smooth Stone":52,"Pen Nib":69,"Letter Opener":15,"Question Card":36,"Akabeko":69,"Mercury Hourglass":33,"Cables":62,"OrangePellets":18,"Bottled Flame":33,"Shuriken":17,"Black Star":24,"Bag of Marbles":65}],"InkBottle":[34]},"card_choices":[{"not_picked":["Cold Snap","Leap"],"picked":"Gash","floor":1},{"not_picked":["Mind Blast","Redo"],"picked":"Secret Weapon","floor":3},{"not_picked":["Compile Driver","Conserve Battery"],"picked":"Streamline","floor":4},{"not_picked":["Hologram","Coolheaded"],"picked":"Beam Cell","floor":5},{"not_picked":["Coolheaded","Compile Driver"],"picked":"Deep Breath","floor":6},{"not_picked":["Sweeping Beam","Stack"],"picked":"Steam","floor":7},{"not_picked":["Steam","Leap"],"picked":"Buffer","floor":10},{"not_picked":["Redo","Panacea"],"picked":"Finesse","floor":11},{"not_picked":["Gash","Stack+1"],"picked":"Swift Strike","floor":13},{"not_picked":["Steam+1","Go for the Eyes"],"picked":"Gash","floor":14},{"not_picked":["Master of Strategy+1","Panache"],"picked":"Apotheosis+1","floor":16},{"not_picked":["Steam+1","Static Discharge+1"],"picked":"Turbo+1","floor":18},{"not_picked":["Gash","White Noise+1"],"picked":"Hologram+1","floor":22},{"not_picked":["Gash","Beam Cell"],"picked":"Madness+1","floor":24},{"not_picked":["Rainbow+1","Skim+1","The Bomb+1"],"picked":"SKIP","floor":27},{"not_picked":["Loop","Static Discharge","Turbo+1"],"picked":"Reprogram+1","floor":29},{"not_picked":["Go for the Eyes","Streamline","Rebound+1","Ball Lightning"],"picked":"SKIP","floor":31},{"not_picked":["Mayhem","Machine Learning","Chrysalis+1"],"picked":"Reboot+1","floor":33},{"not_picked":["Cold Snap","Lockon","Barrage+1"],"picked":"Steam+1","floor":35},{"not_picked":["White Noise+1","Steam Power+1","Streamline"],"picked":"Secret Technique+1","floor":37},{"not_picked":["Reinforced Body+1","Redo+1","Rebound+1"],"picked":"Hologram+1","floor":39},{"not_picked":["Conserve Battery+1","Defragment+1","Compile Driver+1","Go for the Eyes"],"picked":"Singing Bowl","floor":40},{"not_picked":["Ball Lightning+1","Go for the Eyes+1","Hologram+1","Rip and Tear"],"picked":"Singing Bowl","floor":41},{"not_picked":["Melter+1","Fusion+1","Gash+1","Redo+1"],"picked":"Singing Bowl","floor":44},{"not_picked":["PanicButton+1","Flash of Steel","Good Instincts+1"],"picked":"Trip+1","floor":46}],"player_experience":1220088,"relics_obtained":[{"floor":6,"key":"Blue Candle"},{"floor":9,"key":"Letter Opener"},{"floor":10,"key":"Shuriken"},{"floor":20,"key":"InkBottle"},{"floor":24,"key":"Mercury Hourglass"},{"floor":24,"key":"Bottled Flame"},{"floor":26,"key":"Mummified Hand"},{"floor":27,"key":"Question Card"},{"floor":27,"key":"Lantern"},{"floor":40,"key":"WingedGreaves"},{"floor":40,"key":"Singing Bowl"},{"floor":41,"key":"Girya"},{"floor":43,"key":"Cables"},{"floor":44,"key":"Mango"},{"floor":44,"key":"Bag of Marbles"},{"floor":45,"key":"Darkstone Periapt"},{"floor":46,"key":"Akabeko"},{"floor":46,"key":"Pen Nib"}],"event_choices":[{"damage_healed":0,"gold_gain":275,"player_choice":"Desecrate","damage_taken":0,"max_hp_gain":0,"max_hp_loss":0,"event_name":"Golden Shrine","floor":2,"gold_loss":0,"cards_obtained":["Regret"]},{"damage_healed":0,"gold_gain":0,"player_choice":"Became a Ghost","damage_taken":0,"max_hp_gain":0,"max_hp_loss":38,"event_name":"Ghosts","floor":21,"gold_loss":0,"cards_obtained":["Ghostly","Ghostly","Ghostly","Ghostly","Ghostly"]},{"damage_healed":0,"gold_gain":99,"player_choice":"Stole From Cult","damage_taken":0,"max_hp_gain":0,"max_hp_loss":0,"event_name":"Nest","floor":25,"gold_loss":0},{"damage_healed":0,"gold_gain":0,"player_choice":"Read","damage_taken":0,"max_hp_gain":0,"max_hp_loss":0,"event_name":"The Library","floor":30,"gold_loss":0,"cards_obtained":["Go for the Eyes"]},{"damage_healed":0,"gold_gain":0,"player_choice":"2 cards matched","damage_taken":0,"max_hp_gain":0,"max_hp_loss":0,"event_name":"Match and Keep!","floor":36,"gold_loss":0,"cards_obtained":["Apotheosis","Good Instincts"]},{"damage_healed":0,"gold_gain":0,"player_choice":"Fight","damage_taken":0,"max_hp_gain":0,"max_hp_loss":0,"event_name":"Mysterious Sphere","floor":41,"gold_loss":0},{"damage_healed":0,"gold_gain":300,"player_choice":"Gold","damage_taken":0,"max_hp_gain":0,"max_hp_loss":0,"event_name":"Wheel of Change","floor":48,"gold_loss":0}],"is_beta":false,"boss_relics":[{"not_picked":["FrozenCore","Runic Dome"],"picked":"Black Star"},{"not_picked":["Tiny House","SlaversCollar"],"picked":"Empty Cage"}],"items_purged_floors":[38],"is_endless":false,"potions_floor_spawned":[1,6,7,14,18,27,29,37,41,44],"ascension_level":0}}