{"host":"d61fcf2p3sjwe6yo","time":1612631093,"event":{"mods":["BaseMod","Colored Map","Hermit","Minty Spire (QoL Compilation)","StSLib","SuperFastMode","The Hierophant"],"gold_per_floor":[109,120,133,146,161,189,189,205,205,217,217,243,261,261,261,387,387,406,80,96,96,195,195,214,214,214,247,270,309,309,333,333,463,463,482,482,543,487,511,586,586,611,634,216,216,248,248,266,266,271,271],"floor_reached":50,"language":"ENG","playtime":2880,"items_purged":["Shame"],"score":551,"play_id":"cf926c07-45bb-4026-9286-3b87d6891cbb","local_time":"20210206200453","is_ascension_mode":false,"campfire_choices":[{"data":"hermit:Showdown","floor":7,"key":"SMITH"},{"data":"hermit:CalledShot","floor":11,"key":"SMITH"},{"floor":15,"key":"REST"},{"data":"hermit:Dive","floor":23,"key":"SMITH"},{"data":"hermit:GhostlyPresence","floor":25,"key":"SMITH"},{"floor":32,"key":"REST"},{"floor":41,"key":"REST"},{"floor":47,"key":"RECALL"},{"floor":49,"key":"DIG"}],"circlet_count":0,"master_deck":["hermit:Strike_Hermit","hermit:Strike_Hermit","hermit:Strike_Hermit","hermit:Strike_Hermit","hermit:Defend_Hermit+1","hermit:Defend_Hermit","hermit:Defend_Hermit","hermit:Defend_Hermit","hermit:Snapshot","hermit:Covet+1","hermit:Grudge","hermit:Roulette","hermit:Grudge","hermit:Quickdraw","hermit:Showdown+1","hermit:CalledShot+1","hermit:Headshot","hermit:PistolWhip","hermit:Feint","hermit:Magnum","hermit:Dive+1","hermit:GhostlyPresence+1","hermit:Deadeye+1","hermit:FullyLoaded+1","hermit:Scavenge","hermit:Ricochet+1","hermit:Manifest","hermit:ItchyTrigger+1","hermit:Roughhouse+1","hermit:CalledShot+1","hermit:CalledShot+1","hermit:BodyArmor+1","hermit:CalledShot+1","Regret"],"relics":["hermit:Momento","Bag of Preparation","hermit:Spyglass","Omamori","Juzu Bracelet","Golden Idol","Cursed Key","Molten Egg 2","Oddly Smooth Stone","Art of War","Eternal Feather","Nilry\u0027s Codex","Runic Pyramid","WarpedTongs","Shovel","Matryoshka","Strawberry","Orichalcum","Anchor","Akabeko","Nunchaku","Pear","War Paint"],"acts_visited":["Exordium","TheCity","TheBeyond"],"potions_floor_usage":[16,27,29,29,29,29,29,33,50],"damage_taken":[{"damage":0,"enemies":"Cultist","floor":1,"turns":3},{"damage":0,"enemies":"2 Louse","floor":2,"turns":2},{"damage":2,"enemies":"Small Slimes","floor":3,"turns":2},{"damage":0,"enemies":"Gremlin Gang","floor":4,"turns":3},{"damage":2,"enemies":"Looter","floor":5,"turns":2},{"damage":26,"enemies":"Lagavulin","floor":6,"turns":6},{"damage":8,"enemies":"2 Fungi Beasts","floor":8,"turns":4},{"damage":0,"enemies":"Red Slaver","floor":10,"turns":2},{"damage":17,"enemies":"3 Sentries","floor":12,"turns":5},{"damage":11,"enemies":"Exordium Wildlife","floor":13,"turns":2},{"damage":11,"enemies":"Slime Boss","floor":16,"turns":6},{"damage":5,"enemies":"Shell Parasite","floor":18,"turns":4},{"damage":0,"enemies":"Spheric Guardian","floor":20,"turns":3},{"damage":6,"enemies":"Centurion and Healer","floor":24,"turns":6},{"damage":16,"enemies":"Gremlin Leader","floor":27,"turns":10},{"damage":13,"enemies":"Snake Plant","floor":28,"turns":3},{"damage":20,"enemies":"Book of Stabbing","floor":29,"turns":4},{"damage":0,"enemies":"Snecko","floor":31,"turns":3},{"damage":41,"enemies":"Champ","floor":33,"turns":15},{"damage":13,"enemies":"3 Shapes","floor":35,"turns":6},{"damage":23,"enemies":"2 Orb Walkers","floor":37,"turns":6},{"damage":0,"enemies":"Orb Walker","floor":39,"turns":3},{"damage":18,"enemies":"Reptomancer","floor":40,"turns":7},{"damage":1,"enemies":"Transient","floor":42,"turns":5},{"damage":0,"enemies":"Writhing Mass","floor":46,"turns":5},{"damage":0,"enemies":"Spire Growth","floor":48,"turns":3},{"damage":91,"enemies":"Time Eater","floor":50,"turns":11}],"seed_played":"7184107083776934893","potions_obtained":[{"floor":1,"key":"Explosive Potion"},{"floor":3,"key":"Energy Potion"},{"floor":6,"key":"ColorlessPotion"},{"floor":18,"key":"Explosive Potion"},{"floor":20,"key":"Regen Potion"},{"floor":21,"key":"EntropicBrew"},{"floor":29,"key":"AttackPotion"},{"floor":37,"key":"PowerPotion"},{"floor":42,"key":"EssenceOfSteel"}],"is_trial":false,"path_per_floor":["M","M","M","M","M","E","R","M","T","M","R","E","M","?","R","B",null,"M","$","M","?","?","R","M","R","T","E","M","E","?","M","R","B",null,"M","?","?","?","M","E","R","M","T","$","T","M","R","M","R","B"],"character_chosen":"HERMIT","items_purchased":["Molten Egg 2","hermit:GhostlyPresence","Anchor","Akabeko","Strength Potion"],"campfire_rested":3,"item_purchase_floors":[19,19,44,44,44],"current_hp_per_floor":[75,75,73,73,71,45,45,37,37,37,37,20,9,9,29,18,69,64,64,64,64,64,64,58,58,58,57,44,24,8,8,43,2,69,56,56,33,33,33,22,62,61,61,61,71,71,86,86,86,0,0],"gold":271,"neow_bonus":"RANDOM_COMMON_RELIC","is_daily":false,"chose_seed":false,"campfire_upgraded":4,"win_rate":0.0,"timestamp":1612631093,"path_taken":["M","M","M","M","M","E","R","M","T","?","R","E","M","?","R","BOSS","M","$","M","?","?","R","M","R","T","E","M","E","?","M","R","BOSS","M","?","?","?","M","E","R","M","T","$","?","M","R","M","R","BOSS"],"items_purchased_type":["Relic","Card","Relic","Relic","Potion"],"build_version":"2020-12-22","purchased_purges":1,"victory":false,"max_hp_per_floor":[75,75,75,75,75,75,75,75,75,75,75,75,75,69,69,69,69,69,69,69,69,69,69,69,69,69,69,69,69,69,69,69,69,69,69,69,69,69,69,76,76,76,76,76,86,86,86,86,86,86,86],"card_choices":[{"not_picked":["hermit:FlashPowder","hermit:NoHoldsBarred"],"picked":"hermit:Grudge","floor":1},{"not_picked":["hermit:BodyArmor","hermit:Desperado"],"picked":"hermit:Roulette","floor":2},{"not_picked":["hermit:Desperado","hermit:HoleUp"],"picked":"hermit:Grudge","floor":3},{"not_picked":["hermit:Coalescence","hermit:Adapt"],"picked":"hermit:Quickdraw","floor":4},{"not_picked":["hermit:BodyArmor","hermit:Headshot"],"picked":"hermit:Showdown","floor":5},{"not_picked":["hermit:BodyArmor","hermit:Manifest"],"picked":"hermit:CalledShot","floor":6},{"not_picked":["hermit:Maintenance","hermit:CursedWeapon"],"picked":"hermit:Headshot","floor":8},{"not_picked":["hermit:Spite","hermit:HighCaliber"],"picked":"hermit:PistolWhip","floor":10},{"not_picked":["hermit:FlashPowder","hermit:Glare","hermit:Midnight"],"picked":"SKIP","floor":12},{"not_picked":["hermit:TakeAim","hermit:Snipe"],"picked":"hermit:Feint","floor":13},{"not_picked":["hermit:BlackWind","hermit:OverwhelmingPower"],"picked":"hermit:Magnum","floor":16},{"not_picked":["hermit:TakeAim","hermit:HoleUp"],"picked":"hermit:Dive","floor":18},{"not_picked":["hermit:NoHoldsBarred+1","hermit:TakeCover"],"picked":"hermit:Deadeye+1","floor":20},{"not_picked":["hermit:Maintenance","hermit:Showdown+1"],"picked":"hermit:FullyLoaded+1","floor":24},{"not_picked":["hermit:LowProfile","hermit:Maintenance"],"picked":"hermit:Scavenge","floor":27},{"not_picked":["hermit:ShadowCloak","hermit:HighCaliber+1"],"picked":"hermit:Ricochet+1","floor":28},{"not_picked":["hermit:HighCaliber+1","hermit:Glare+1"],"picked":"hermit:Manifest","floor":29},{"not_picked":["hermit:BodyArmor","hermit:Adapt"],"picked":"hermit:ItchyTrigger+1","floor":31},{"not_picked":["hermit:FromBeyond","hermit:Magnum+1"],"picked":"hermit:Roughhouse+1","floor":33},{"not_picked":["hermit:Coalescence","hermit:Misfire+1"],"picked":"hermit:CalledShot+1","floor":35},{"not_picked":["hermit:Roulette+1","hermit:Feint"],"picked":"hermit:CalledShot+1","floor":37},{"not_picked":["hermit:Desperado+1","hermit:PistolWhip+1"],"picked":"hermit:BodyArmor+1","floor":39},{"not_picked":["hermit:SprayPray+1","hermit:Adapt","hermit:TrackingShot+1"],"picked":"SKIP","floor":40},{"not_picked":["hermit:Dive","hermit:Desperado+1"],"picked":"hermit:CalledShot+1","floor":42},{"not_picked":["hermit:HoleUp+1","hermit:Desperado+1","hermit:Quickdraw+1"],"picked":"SKIP","floor":46},{"not_picked":["hermit:Headshot+1","hermit:HoleUp+1","hermit:Desperado+1"],"picked":"SKIP","floor":48}],"player_experience":237094,"relics_obtained":[{"floor":6,"key":"hermit:Spyglass"},{"floor":9,"key":"Omamori"},{"floor":12,"key":"Juzu Bracelet"},{"floor":26,"key":"Oddly Smooth Stone"},{"floor":27,"key":"Art of War"},{"floor":29,"key":"Eternal Feather"},{"floor":30,"key":"Nilry\u0027s Codex"},{"floor":37,"key":"Shovel"},{"floor":40,"key":"Strawberry"},{"floor":43,"key":"Orichalcum"},{"floor":45,"key":"Nunchaku"},{"floor":45,"key":"Pear"},{"floor":49,"key":"War Paint"}],"event_choices":[{"damage_healed":0,"gold_gain":0,"player_choice":"Lose Max HP","damage_taken":0,"relics_obtained":["Golden Idol"],"max_hp_gain":0,"max_hp_loss":6,"event_name":"Golden Idol","floor":14,"gold_loss":0},{"damage_healed":0,"gold_gain":0,"player_choice":"Got Potions","damage_taken":0,"max_hp_gain":0,"max_hp_loss":0,"event_name":"Lab","floor":21,"gold_loss":0},{"damage_healed":0,"gold_gain":99,"player_choice":"Stole From Cult","damage_taken":0,"max_hp_gain":0,"max_hp_loss":0,"event_name":"Nest","floor":22,"gold_loss":0},{"damage_healed":0,"gold_gain":0,"player_choice":"Obtained Book","damage_taken":16,"max_hp_gain":0,"max_hp_loss":0,"event_name":"Cursed Tome","floor":30,"gold_loss":0},{"damage_healed":0,"gold_gain":0,"player_choice":"Rummage","damage_taken":0,"relics_obtained":["WarpedTongs"],"max_hp_gain":0,"max_hp_loss":0,"event_name":"Accursed Blacksmith","floor":36,"gold_loss":0,"cards_obtained":["Pain"]},{"damage_healed":0,"gold_gain":0,"player_choice":"Fight","damage_taken":0,"max_hp_gain":0,"max_hp_loss":0,"event_name":"Mysterious Sphere","floor":37,"gold_loss":0},{"damage_healed":0,"gold_gain":0,"player_choice":"Paid Gold","damage_taken":0,"relics_obtained":["Matryoshka"],"max_hp_gain":0,"max_hp_loss":0,"event_name":"WeMeetAgain","floor":38,"gold_loss":56}],"is_beta":false,"boss_relics":[{"not_picked":["Empty Cage","Black Star"],"picked":"Cursed Key"},{"not_picked":["Runic Dome","Astrolabe"],"picked":"Runic Pyramid"}],"items_purged_floors":[44],"is_endless":false,"potions_floor_spawned":[1,3,6,8,12,13,18,20,29,37,42,46],"killed_by":"Time Eater","ascension_level":0}}