{"host":"xx5zt3jtdyh8iun7","time":1612647966,"event":{"mods":["AchievementEnabler","Act Like it!","BaseMod","Downfall","Hallownest","Minty Spire (QoL Compilation)","StSLib","The Bug Knight"],"gold_per_floor":[115,115,129,129,164,164,184,219,268,268,268,268,33,52,52,147,147,163,181,181,563,563,594,594,294,294,204,221,221,40,92,92,196,196,211,211,118,136,148,173,173,205,229,229,83,163,176,0,0,0],"floor_reached":51,"language":"ENG","playtime":6342,"items_purged":["HollowMod:NailStrikeStart","Shame"],"score":955,"play_id":"724f1357-7882-4c1d-8c18-546e96851133","local_time":"20210206224606","is_ascension_mode":true,"campfire_choices":[{"data":"HollowMod:GoodIntentions","floor":6,"key":"SMITH"},{"data":"HollowMod:theNailsmith","floor":10,"key":"SMITH"},{"data":"Transmutation","floor":15,"key":"SMITH"},{"data":"HollowMod:RecoilStrike","floor":24,"key":"SMITH"},{"data":"HollowMod:AwokenDreamNail","floor":32,"key":"SMITH"},{"data":"HollowMod:SoulShaman","floor":41,"key":"SMITH"},{"data":"Enlightenment","floor":44,"key":"SMITH"},{"data":"HollowMod:MawleksShell","floor":49,"key":"SMITH"}],"circlet_count":0,"master_deck":["HollowMod:NailStrikeStart","HollowMod:NailStrikeStart","HollowMod:QuickDashStart","HollowMod:QuickDashStart","HollowMod:QuickDashStart+1","HollowMod:QuickDashStart","HollowMod:FocusHealStart","HollowMod:PogoStrike","Transmutation+1","HollowMod:SharpenedNail","HollowMod:MawleksShell+1","HollowMod:GoodIntentions+1","HollowMod:ShapeofUnn","HollowMod:CloakDash","HollowMod:theNailsmith+1","HollowMod:RecoilStrike+1","HollowMod:BaldurShell","HollowMod:SoulSplash","HollowMod:Weaversong","HollowMod:PureNailStrike","HollowMod:GrimmsGift+1","HollowMod:NewLastStag","HollowMod:AwokenDreamNail+1","HollowMod:SoulShaman+1","HollowMod:DungDefenderAura+1","HollowMod:SlysStrikes+1","Enlightenment+1","HollowMod:VengefulSpirit+1","HollowMod:CrystalDash+1"],"relics":["HollowMod:KingsSoulRelic","Toy Ornithopter","HollowMod:PaleOreRelic","Hallownest:DreamNailRelic","Philosopher\u0027s Stone","StrikeDummy","Eternal Feather","CaptainsWheel","WarpedTongs","Frozen Egg 2","Bag of Preparation","Unceasing Top","Ancient Tea Set","Guardian:PocketSentry","Hallownest:StagBellStandRelic"],"acts_visited":["Hallownest:Greenpath","Hallownest:CityofTears","Hallownest:KingdomsEdge"],"potions_floor_usage":[16,18,19,23,33,40,47,50],"damage_taken":[{"damage":0,"enemies":"Hallownest:monsterHuskGuard","floor":1,"turns":4},{"damage":8,"enemies":"Hallownest:2_Tiktiks_and_1_Crawlid","floor":3,"turns":6},{"damage":25,"enemies":"Hallownest:eliteMossKnight","floor":5,"turns":15},{"damage":1,"enemies":"Hallownest:2_MossCreeps","floor":7,"turns":8},{"damage":15,"enemies":"Hallownest:eliteMossKnight","floor":8,"turns":18},{"damage":6,"enemies":"Hallownest:Guard_and_Warrior","floor":14,"turns":10},{"damage":36,"enemies":"Hallownest:BossHornet","floor":16,"turns":27},{"damage":20,"enemies":"Hallownest:Guard_and_Sentry","floor":18,"turns":6},{"damage":21,"enemies":"Hallownest:3_Youths","floor":19,"turns":6},{"damage":20,"enemies":"Hallownest:eliteWatcherKnight","floor":23,"turns":12},{"damage":9,"enemies":"Hallownest:monsterMisterMushroom","floor":28,"turns":6},{"damage":19,"enemies":"Hallownest:eliteSoulWarrior","floor":31,"turns":4},{"damage":37,"enemies":"Hallownest:BossGrimm","floor":33,"turns":9},{"damage":5,"enemies":"Hallownest:Shield_Heavy","floor":35,"turns":6},{"damage":0,"enemies":"Hallownest:3_Siblings","floor":38,"turns":6},{"damage":9,"enemies":"Hallownest:2_Wing_and_1_Kings","floor":39,"turns":8},{"damage":14,"enemies":"Hallownest:eliteCollector","floor":40,"turns":8},{"damage":30,"enemies":"Hallownest:StalkingDevout","floor":42,"turns":5},{"damage":0,"enemies":"Hallownest:StalkingDevout","floor":46,"turns":4},{"damage":0,"enemies":"Hallownest:StalkingDevout","floor":46,"turns":2},{"damage":4,"enemies":"Hallownest:monsterPrimalAspid","floor":47,"turns":4},{"damage":0,"enemies":"Hallownest:Radiance","floor":50,"turns":8}],"seed_played":"5755130854381377517","potions_obtained":[{"floor":7,"key":"sneckomod:MuddlingPotion"},{"floor":8,"key":"Energy Potion"},{"floor":16,"key":"DuplicationPotion"},{"floor":31,"key":"Fire Potion"},{"floor":39,"key":"SkillPotion"},{"floor":42,"key":"Block Potion"},{"floor":47,"key":"Slimebound:ThreeZeroPotion"}],"is_trial":false,"path_per_floor":["M","?","M","?","?","R","M","E","T","R","?","?","$","M","R","B",null,"M","M","?","?","T","E","R","?","T","?","M","?","$","E","R","B",null,"M","?","$","M","M","E","R","E","T","R","$","?","M","?","R","B",null],"character_chosen":"THE_BUGKNIGHT","items_purchased":["HollowMod:RecoilStrike","HollowMod:BaldurShell","HollowMod:SoulShaman","Enlightenment","Guardian:PocketSentry"],"campfire_rested":0,"item_purchase_floors":[13,13,30,37,45],"current_hp_per_floor":[60,60,64,64,51,51,60,57,57,57,57,57,57,63,63,44,75,61,45,75,75,75,74,75,75,75,75,66,66,66,47,62,40,75,73,73,73,73,66,63,75,51,51,66,66,72,71,71,75,75],"gold":0,"neow_bonus":"RANDOM_COLORLESS_2","is_daily":false,"chose_seed":false,"campfire_upgraded":8,"win_rate":0.0,"timestamp":1612647966,"path_taken":["M","?","M","?","?","R","M","E","T","R","?","?","$","M","R","BOSS","M","M","?","?","?","E","R","?","T","?","?","?","$","E","R","BOSS","M","?","$","M","M","E","R","E","T","R","$","?","?","?","R","BOSS"],"items_purchased_type":["Card","Card","Card","Card","Relic"],"build_version":"2020-12-22","purchased_purges":2,"victory":true,"max_hp_per_floor":[75,75,75,75,75,75,75,75,75,75,75,75,75,75,75,75,75,75,75,75,75,75,75,75,75,75,75,75,75,75,75,75,75,75,75,75,75,75,75,75,75,75,75,75,75,75,75,75,75,75],"card_choices":[{"not_picked":["Thinking Ahead","Violence"],"picked":"Transmutation","floor":0},{"not_picked":["HollowMod:DoubleDash","HollowMod:Grubsong"],"picked":"HollowMod:SharpenedNail","floor":1},{"not_picked":["HollowMod:CloakDash","HollowMod:DoubleDash"],"picked":"HollowMod:GoodIntentions","floor":3},{"not_picked":["HollowMod:MidwifesHunger","HollowMod:TaintedHusks"],"picked":"HollowMod:ShapeofUnn","floor":5},{"not_picked":["HollowMod:CoiledNail","HollowMod:MawleksShell","HollowMod:InfectedCysts"],"picked":"HollowMod:CloakDash","floor":7},{"not_picked":["HollowMod:DungDefenderAura","HollowMod:VengefulVoid","HollowMod:SiblingsSouls"],"picked":"HollowMod:theNailsmith","floor":8},{"not_picked":["HollowMod:SiblingsShadow","HollowMod:DungDefenderAura","HollowMod:ShadowDash"],"picked":"HollowMod:SoulSplash","floor":14},{"not_picked":["HollowMod:PureVessel","HollowMod:ZotesMagnificence","HollowMod:LifebloodCore"],"picked":"HollowMod:Weaversong","floor":16},{"not_picked":["HollowMod:CloakDash","HollowMod:NewLittleFool","HollowMod:SharpenedNail"],"picked":"HollowMod:PureNailStrike","floor":18},{"not_picked":["HollowMod:ShadowDash","HollowMod:CornifersMapStart","HollowMod:GreatSlash"],"picked":"HollowMod:CloakDash","floor":19},{"not_picked":["HollowMod:SiblingsSouls","HollowMod:DoubleDash"],"picked":"HollowMod:GrimmsGift+1","floor":23},{"not_picked":["HollowMod:CornifersMapStart","HollowMod:FastStrike"],"picked":"HollowMod:AwokenDreamNail","floor":28},{"not_picked":["HollowMod:NewLittleFool","HollowMod:ShapeofUnn+1"],"picked":"HollowMod:DungDefenderAura+1","floor":31},{"not_picked":["HollowMod:Hiveblood","HollowMod:HornetsHelp"],"picked":"HollowMod:SlysStrikes+1","floor":33},{"not_picked":["HollowMod:SoulSplash","HollowMod:NewJinnsSoul+1","HollowMod:InfectedAttack"],"picked":"SKIP","floor":35},{"not_picked":["HollowMod:InfectedAttack+1","HollowMod:HowlingWraiths","HollowMod:DungDefenderAura+1"],"picked":"SKIP","floor":38},{"not_picked":["HollowMod:InfectedAttack+1","HollowMod:HowlingWraiths+1","HollowMod:CornifersMapStart"],"picked":"SKIP","floor":39},{"not_picked":["HollowMod:SiblingsShadow","HollowMod:MonomonsArchive"],"picked":"HollowMod:VengefulSpirit+1","floor":40},{"not_picked":["HollowMod:DungDefenderAura","HollowMod:LuriensSpire+1","HollowMod:SoulStrike"],"picked":"SKIP","floor":42},{"not_picked":["HollowMod:GreatSlash","HollowMod:QuirrelsAssistance+1"],"picked":"HollowMod:CrystalDash+1","floor":47}],"player_experience":891194,"relics_obtained":[{"floor":5,"key":"Question Card"},{"floor":8,"key":"Toy Ornithopter"},{"floor":9,"key":"HollowMod:PaleOreRelic"},{"floor":22,"key":"StrikeDummy"},{"floor":23,"key":"Eternal Feather"},{"floor":26,"key":"CaptainsWheel"},{"floor":31,"key":"Frozen Egg 2"},{"floor":40,"key":"Bag of Preparation"},{"floor":42,"key":"Unceasing Top"},{"floor":43,"key":"Ancient Tea Set"}],"event_choices":[],"is_beta":false,"boss_relics":[{"not_picked":["Pandora\u0027s Box","Tiny House"],"picked":"Philosopher\u0027s Stone"},{"not_picked":["Sozu","Empty Cage"],"picked":"HollowMod:KingsSoulRelic"}],"items_purged_floors":[13,30],"is_endless":false,"potions_floor_spawned":[7,8,16,31,39,42,46,47],"ascension_level":1}}