{"host":"jgyoyy5iuhtvyvtg","time":1612602972,"event":{"mods":["2.2 Compatiblity","BaseMod","Challenge The Spire","Colored Map","Conspire","Dark Map","Downfall","Hermit","Highlight Path","Infinite Spire","Lobotomy","LobotomyExtend","Minty Spire (QoL Compilation)","Quick Restart","Replay The Spire","Spikes Relics","StSLib","The Construct","The Disciple","The Jungle","Yuri Mod"],"gold_per_floor":[99,109,109,24,34,34,34,96,112,139,166,185,185,203,213,316,316,216,235,73,73,73,73,73,73,84,97,97,122,34,56,88,202,214,126,158,155,177,202,228,240,270,314,326,349,116,136,153,170,170,170,170,170,170,170],"floor_reached":53,"language":"ENG","playtime":3933,"items_purged":["Pot Of Greed","Parasite"],"score":815,"play_id":"8f29e566-c606-49a7-a9da-3d1789ed9c6e","local_time":"20210206011612","is_ascension_mode":false,"campfire_choices":[{"data":"bronze:Replicate","floor":1.0,"key":"SMITH"},{"data":"bronze:Invalidate","floor":6.0,"key":"SMITH"},{"data":"bronze:Library","floor":18.0,"key":"SMITH"},{"data":"bronze:Repair","floor":23.0,"key":"SMITH"},{"floor":28.0,"key":"REST"},{"floor":30.0,"key":"RECALL"},{"data":"bronze:AlphaBuild","floor":35.0,"key":"SMITH"}],"circlet_count":0,"master_deck":["bronze:Strike","bronze:Strike","bronze:Strike","bronze:Strike","bronze:Defend","bronze:Defend","bronze:Defend","bronze:Defend","bronze:Replicate+1","bronze:Goto","Pot Of Greed","bronze:Invalidate+1","bronze:Deprecate","Pot Of Greed","bronze:Repair+1","bronze:Separator","bronze:Safeguard+1","bronze:Terminator+1","bronze:MaxOutput","bronze:Optimize","bronze:BuggyMess","bronze:Fortify","bronze:Library+1","bronze:ThunderWave","bronze:Philosophize+1","bronze:OilSpill","bronze:ClassDefault","ReplayTheSpireMod:Black Plague","bronze:Philosophize","bronze:OilSpill","bronze:Iterate","bronze:Repair","bronze:Repulsor+1","bronze:Verify","bronze:ForceShield","bronze:AlphaBuild+1","CurseOfTheBell","bronze:DelayedGuard","Pot Of Greed","bronze:Verify","bronze:Repulsor+1","bronze:BuggyMess","bronze:Shell+1","bronze:Allocate","bronze:Library+1","bronze:Shell+1","expansioncontent:DashGenerateEvil","expansioncontent:InvincibleStrength","bronze:GetLatest+1","bronze:Branch+1","Pot Of Greed","bronze:FineTuning+1"],"relics":["bronze:BronzeCore","Grinning Jar","LetterFromLob","downfall:ShatteredFragment","infinitespire:Beetle Shell","Replay:Rubber Ducky","War Paint","Odd Mushroom","bronze:ElectromagneticCoil","downfall:HeartBlessingGreen","MawBank","downfall:HeartBlessingBlue","Calling Bell","infinitespire:Satchel","ReplayTheSpireMod:Shallot","Lizard Tail","downfall:HeartBlessingRed","ShockBauble","Pen Nib","Toolbox"],"acts_visited":["Exordium","Exordium","TheBeyond","TheEnding"],"potions_floor_usage":[53,53,53,53,53,53,53,53,53],"damage_taken":[{"damage":1.0,"enemies":"Jaw Worm","floor":2.0,"turns":4.0},{"damage":0.0,"enemies":"downfall:FleeingMerchant","floor":4.0,"turns":4.0},{"damage":0.0,"enemies":"2 Louse","floor":5.0,"turns":1.0},{"damage":20.0,"enemies":"Lagavulin Event","floor":8.0,"turns":5.0},{"damage":4.0,"enemies":"Small Slimes","floor":9.0,"turns":3.0},{"damage":4.0,"enemies":"Replay:BlueRogue","floor":10.0,"turns":6.0},{"damage":0.0,"enemies":"The Mushroom Lair","floor":11.0,"turns":4.0},{"damage":0.0,"enemies":"2 Fungi Beasts","floor":12.0,"turns":2.0},{"damage":1.0,"enemies":"Blue Slaver","floor":14.0,"turns":4.0},{"damage":3.0,"enemies":"3 Louse","floor":15.0,"turns":4.0},{"damage":0.0,"enemies":"DF_ARCHETYPE_STREAMLINE","floor":16.0,"turns":6.0},{"damage":9.0,"enemies":"theJungle:GiantWrat","floor":19.0,"turns":5.0},{"damage":0.0,"enemies":"downfall:FleeingMerchant","floor":20.0,"turns":4.0},{"damage":31.0,"enemies":"Shell Parasite","floor":26.0,"turns":6.0},{"damage":2.0,"enemies":"theJungle:2_Snecko_Cultists","floor":27.0,"turns":4.0},{"damage":14.0,"enemies":"theJungle:MamaSnecko","floor":29.0,"turns":6.0},{"damage":18.0,"enemies":"theJungle:2_Flameangoes","floor":31.0,"turns":5.0},{"damage":8.0,"enemies":"theJungle:SlimyTreeVines","floor":32.0,"turns":7.0},{"damage":22.0,"enemies":"WA_ARCHETYPE_CALM","floor":33.0,"turns":8.0},{"damage":0.0,"enemies":"3 Shapes","floor":36.0,"turns":5.0},{"damage":0.0,"enemies":"downfall:FleeingMerchant","floor":37.0,"turns":4.0},{"damage":11.0,"enemies":"Orb Walker","floor":38.0,"turns":3.0},{"damage":80.0,"enemies":"Sphere and 2 Shapes","floor":39.0,"turns":9.0},{"damage":18.0,"enemies":"3 Darklings","floor":40.0,"turns":8.0},{"damage":0.0,"enemies":"Jaw Worm Horde","floor":42.0,"turns":6.0},{"damage":93.0,"enemies":"Nightmare","floor":43.0,"turns":10.0},{"damage":5.0,"enemies":"Writhing Mass","floor":45.0,"turns":8.0},{"damage":0.0,"enemies":"downfall:FleeingMerchant","floor":46.0,"turns":2.0},{"damage":1.0,"enemies":"Transient","floor":47.0,"turns":5.0},{"damage":0.0,"enemies":"Jaw Worm Horde","floor":48.0,"turns":4.0},{"damage":0.0,"enemies":"Sphere and 2 Shapes","floor":49.0,"turns":5.0},{"damage":4.0,"enemies":"IC_BLOCK_ARCHETYPE","floor":50.0,"turns":8.0},{"damage":86,"enemies":"downfall:CharBossMerchant","floor":53,"turns":8}],"seed_played":"4025433243106551778","potions_obtained":[{"floor":8.0,"key":"Swift Potion"},{"floor":9.0,"key":"ColorlessPotion"},{"floor":12.0,"key":"LifebloodPotion"},{"floor":14.0,"key":"hexamod:SoulburnPotion"},{"floor":16.0,"key":"Regen Potion"},{"floor":26.0,"key":"LiquidMemories"},{"floor":27.0,"key":"PowerPotion"},{"floor":29.0,"key":"Strength Potion"},{"floor":40.0,"key":"DistilledChaos"},{"floor":47.0,"key":"Slimebound:ThreeZeroPotion"},{"floor":48.0,"key":"ColorlessPotion"}],"is_trial":false,"path_per_floor":["R","M","?","$","M","R","T","?","M","E","?","M","?","M","M","B",null,"R","M","$","?","?","R","T","?","M","M","R","E","R","M","M","B",null,"R","M","$","M","M","M","T","M","NM","?","M","$","M","M","M","B",null,null,"E"],"character_chosen":"THE_AUTOMATON","items_purchased":["bronze:Repair","bronze:ClassDefault","expansioncontent:DashGenerateEvil","expansioncontent:InvincibleStrength","Energy Potion","Toolbox"],"campfire_rested":1,"item_purchase_floors":[4,20,46,46,46,46],"current_hp_per_floor":[70,69,48,48,48,48,48,35,38,41,48,48,48,54,58,68,70,70,61,68,51,51,51,51,51,30,38,59,45,55,47,80,58,80,80,80,80,69,6,67,67,80,4,4,16,16,32,49,56,70,70,77,0,0,0],"gold":170,"neow_bonus":"RANDOM_COMMON_RELIC","is_daily":false,"chose_seed":false,"campfire_upgraded":5,"win_rate":0.0,"timestamp":1612602972,"path_taken":["R","M","?","$","M","R","T","?","?","E","?","M","?","M","M","BOSS","R","M","$","?","?","R","T","?","M","M","R","E","R","?","M","BOSS","R","M","$","M","M","M","T","M","NM","?","M","$","?","M","M","BOSS","E"],"items_purchased_type":["Card","Card","Card","Card","Potion","Relic"],"build_version":"2020-12-22","purchased_purges":2,"victory":false,"max_hp_per_floor":[70,70,70,70,70,70,70,70,70,70,70,70,70,70,70,70,70,70,70,70,70,70,70,70,70,70,70,70,70,80,80,80,80,80,80,80,80,80,80,80,80,80,80,80,80,77,77,77,77,77,77,77,77,77,77],"card_choices":[{"not_picked":["bronze:DelayedGuard","bronze:Branch"],"picked":"bronze:Invalidate","floor":2.0},{"not_picked":["bronze:DelayedSlice","bronze:Iterate"],"picked":"bronze:Deprecate","floor":4.0},{"not_picked":["bronze:WhirlingStrike","bronze:Invalidate"],"picked":"bronze:Separator","floor":5.0},{"not_picked":["bronze:Invalidate","bronze:Backtrace"],"picked":"bronze:Safeguard","floor":8.0},{"not_picked":["bronze:OilSpill","bronze:Invalidate"],"picked":"bronze:Terminator","floor":9.0},{"not_picked":["bronze:CutThrough","bronze:Repair"],"picked":"bronze:MaxOutput","floor":10.0},{"not_picked":["bronze:Safeguard","bronze:ForceShield"],"picked":"bronze:Optimize","floor":11.0},{"not_picked":["bronze:Shield","bronze:BugBarrage"],"picked":"bronze:BuggyMess","floor":12.0},{"not_picked":["bronze:CutThrough","bronze:DelayedSlice"],"picked":"bronze:Fortify","floor":14.0},{"not_picked":["bronze:Frontload","bronze:Deprecate"],"picked":"bronze:Library","floor":15.0},{"not_picked":["bronze:Mutator","bronze:AlphaBuild"],"picked":"bronze:ThunderWave","floor":16.0},{"not_picked":["bronze:Frontload","bronze:WildBeam"],"picked":"bronze:Philosophize+1","floor":19.0},{"not_picked":["bronze:Turbo+1","bronze:Separator"],"picked":"bronze:OilSpill","floor":20.0},{"not_picked":["ReplayTheSpireMod:Echoes of Time","ReplayTheSpireMod:Book of Names"],"picked":"ReplayTheSpireMod:Black Plague","floor":21.0},{"not_picked":["bronze:Virus","bronze:Safeguard"],"picked":"bronze:Iterate","floor":26.0},{"not_picked":["bronze:MaxOutput+1","bronze:DigitalCarnage"],"picked":"bronze:Repair","floor":27.0},{"not_picked":["bronze:Frontload","bronze:Terminator"],"picked":"bronze:Repulsor+1","floor":29.0},{"not_picked":["bronze:CutThrough","bronze:FollowUp+1"],"picked":"bronze:Verify","floor":31.0},{"not_picked":["bronze:Refactor","bronze:Branch"],"picked":"bronze:ForceShield","floor":32.0},{"not_picked":["bronze:Format","bronze:Break"],"picked":"bronze:AlphaBuild","floor":33.0},{"not_picked":["bronze:BugBarrage+1","bronze:BitShift"],"picked":"bronze:DelayedGuard","floor":36.0},{"not_picked":["bronze:CutThrough+1","bronze:DelayedGuard","bronze:Overload"],"picked":"SKIP","floor":37.0},{"not_picked":["bronze:Turbo+1","bronze:Iterate+1"],"picked":"bronze:Verify","floor":38.0},{"not_picked":["bronze:Iterate","bronze:ChosenStrike+1"],"picked":"bronze:Repulsor+1","floor":39.0},{"not_picked":["bronze:DelayedGuard","bronze:FineTuning"],"picked":"bronze:BuggyMess","floor":40.0},{"not_picked":["bronze:Overheat+1","bronze:Deprecate+1"],"picked":"bronze:Shell+1","floor":42.0},{"not_picked":["bronze:BitShift+1","bronze:Branch"],"picked":"bronze:Allocate","floor":43.0},{"not_picked":["bronze:Turbo","bronze:Overload","bronze:WhirlingStrike"],"picked":"SKIP","floor":45.0},{"not_picked":["bronze:Branch","bronze:FollowUp"],"picked":"bronze:Shell+1","floor":46.0},{"not_picked":["bronze:ClassDefault","bronze:DelayedGuard+1"],"picked":"bronze:GetLatest+1","floor":47.0},{"not_picked":["bronze:Overheat+1","bronze:GetLatest"],"picked":"bronze:Branch+1","floor":48.0},{"not_picked":["bronze:BugBarrage+1","bronze:DigitalCarnage"],"picked":"bronze:FineTuning+1","floor":49.0}],"player_experience":3246568,"relics_obtained":[{"floor":2.0,"key":"LetterFromLob"},{"floor":7.0,"key":"infinitespire:Beetle Shell"},{"floor":8.0,"key":"Replay:Rubber Ducky"},{"floor":10.0,"key":"War Paint"},{"floor":11.0,"key":"Odd Mushroom"},{"floor":29.0,"key":"MawBank"},{"floor":34.0,"key":"infinitespire:Satchel"},{"floor":34.0,"key":"ReplayTheSpireMod:Shallot"},{"floor":34.0,"key":"Lizard Tail"},{"floor":41.0,"key":"ShockBauble"},{"floor":43.0,"key":"Pen Nib"}],"event_choices":[{"damage_healed":0.0,"max_hp_gain":0.0,"max_hp_loss":0.0,"gold_gain":0.0,"event_name":"Mushrooms","player_choice":"Fought Mushrooms","floor":11.0,"gold_loss":0.0,"damage_taken":0.0}],"is_beta":false,"boss_relics":[{"not_picked":["infinitespire:Cupcake","Honey Jar"],"picked":"bronze:ElectromagneticCoil"},{"not_picked":["Empty Cage","Pandora\u0027s Box"],"picked":"Calling Bell"}],"items_purged_floors":[20,46],"is_endless":false,"potions_floor_spawned":[8,9,12,14,16,26,27,29,38,40,42,47,48,49],"killed_by":"downfall:CharBossMerchant","ascension_level":0}}