{"host":"0kk91h4bq4kgfj0u","time":1612577399,"event":{"mods":["BaseMod","Minty Spire (QoL Compilation)","StSLib"],"gold_per_floor":[111,121,131,131,131,131,159,159,159,174,192,219,42,61,61,165,165,176,189,189,189,202,202,202,221,221,25,44,44,55,74,74,74,74],"floor_reached":33,"language":"ENG","playtime":1170,"items_purged":[],"score":339,"play_id":"5cc31990-e66f-40be-9a10-74e8f7c487c1","local_time":"20210205210959","is_ascension_mode":true,"campfire_choices":[{"floor":6.0,"key":"REST"},{"floor":8.0,"key":"REST"},{"floor":15,"key":"REST"},{"floor":23,"key":"REST"},{"floor":29,"key":"REST"},{"floor":32,"key":"REST"}],"circlet_count":0,"master_deck":["Strike_G","Strike_G","Strike_G","Strike_G+1","Strike_G","Defend_G","Defend_G","Defend_G","Defend_G","Defend_G","Survivor","Neutralize","Slice","Cloak And Dagger+1","Infinite Blades","Choke+1","Die Die Die","Quick Slash","Dodge and Roll","Dodge and Roll","Dash","Corpse Explosion","Sucker Punch","Prepared","Caltrops","Dagger Throw","Apotheosis","Dash","Flying Knee","Accuracy"],"relics":["Ring of the Snake","Darkstone Periapt","Whetstone","FossilizedHelix","Pen Nib","WristBlade","Torii"],"acts_visited":["Exordium","TheCity"],"potions_floor_usage":[22,22,22,31,33],"damage_taken":[{"damage":7.0,"enemies":"Jaw Worm","floor":1.0,"turns":4.0},{"damage":9.0,"enemies":"Small Slimes","floor":2.0,"turns":4.0},{"damage":0.0,"enemies":"Cultist","floor":3.0,"turns":3.0},{"damage":22.0,"enemies":"Lagavulin","floor":7.0,"turns":8.0},{"damage":3.0,"enemies":"Blue Slaver","floor":10.0,"turns":3.0},{"damage":4.0,"enemies":"2 Fungi Beasts","floor":11.0,"turns":3.0},{"damage":28.0,"enemies":"Gremlin Nob","floor":12.0,"turns":4.0},{"damage":0,"enemies":"Looter","floor":14,"turns":3},{"damage":32,"enemies":"Slime Boss","floor":16,"turns":12},{"damage":12,"enemies":"3 Byrds","floor":18,"turns":3},{"damage":20,"enemies":"2 Thieves","floor":19,"turns":3},{"damage":18,"enemies":"Sentry and Sphere","floor":22,"turns":7},{"damage":17,"enemies":"Snake Plant","floor":25,"turns":4},{"damage":31,"enemies":"Cultist and Chosen","floor":28,"turns":6},{"damage":0,"enemies":"Snecko","floor":30,"turns":5},{"damage":20,"enemies":"Snake Plant","floor":31,"turns":5},{"damage":53,"enemies":"Collector","floor":33,"turns":6}],"seed_played":"-9164483009939822532","potions_obtained":[{"floor":0.0,"key":"GhostInAJar"},{"floor":0.0,"key":"GamblersBrew"},{"floor":0.0,"key":"GamblersBrew"},{"floor":2.0,"key":"SkillPotion"},{"floor":10.0,"key":"DuplicationPotion"},{"floor":11.0,"key":"Swift Potion"},{"floor":14,"key":"Regen Potion"},{"floor":19,"key":"Poison Potion"},{"floor":22,"key":"LiquidBronze"},{"floor":30,"key":"Weak Potion"}],"is_trial":false,"path_per_floor":["M","M","M","?","?","R","E","R","T","M","M","E","$","M","R","B",null,"M","M","?","?","M","R","?","M","T","$","M","R","M","M","R","B"],"character_chosen":"THE_SILENT","items_purchased":["Pen Nib","Dodge and Roll","Apotheosis"],"campfire_rested":6,"item_purchase_floors":[13,13,27],"current_hp_per_floor":[56,47,47,47,47,68,46,67,67,64,60,32,32,32,53,21,58,46,26,49,36,30,52,52,35,35,35,4,26,26,6,28,0,0],"gold":74,"neow_bonus":"THREE_SMALL_POTIONS","is_daily":false,"chose_seed":false,"campfire_upgraded":0,"win_rate":0.0,"timestamp":1612577399,"path_taken":["M","M","M","?","?","R","E","R","T","M","?","E","$","M","R","BOSS","M","M","?","?","M","R","?","M","T","$","M","R","M","M","R","BOSS"],"items_purchased_type":["Relic","Card","Card"],"build_version":"2020-12-22","purchased_purges":0,"victory":false,"max_hp_per_floor":[70,70,70,70,70,70,70,70,70,70,70,70,70,70,70,70,70,70,70,70,75,75,75,75,75,75,75,75,75,75,75,75,75,75],"card_choices":[{"not_picked":["Quick Slash","Concentrate"],"picked":"Slice","floor":1.0},{"not_picked":["Deadly Poison","Accuracy"],"picked":"Cloak And Dagger","floor":2.0},{"not_picked":["Poisoned Stab","Flying Knee"],"picked":"Infinite Blades","floor":3.0},{"not_picked":["Crippling Poison","Eviscerate"],"picked":"Choke","floor":7.0},{"not_picked":["Backflip","Flechettes"],"picked":"Die Die Die","floor":10.0},{"not_picked":["Dodge and Roll","Riddle With Holes"],"picked":"Quick Slash","floor":11.0},{"not_picked":["Glass Knife","Reflex"],"picked":"Dodge and Roll","floor":12.0},{"not_picked":["Slice","Terror"],"picked":"Dash","floor":14},{"not_picked":["Burst","Glass Knife"],"picked":"Corpse Explosion","floor":16},{"not_picked":["PiercingWail","Setup+1"],"picked":"Sucker Punch","floor":18},{"not_picked":["Sucker Punch","Quick Slash"],"picked":"Prepared","floor":19},{"not_picked":["Flying Knee","Cloak And Dagger+1"],"picked":"Caltrops","floor":22},{"not_picked":["Predator","Prepared+1"],"picked":"Dagger Throw","floor":25},{"not_picked":["Eviscerate","Finisher"],"picked":"Dash","floor":28},{"not_picked":["Dodge and Roll+1","Heel Hook+1"],"picked":"Flying Knee","floor":30},{"not_picked":["Dagger Spray+1","Riddle With Holes+1"],"picked":"Accuracy","floor":31}],"player_experience":851310,"relics_obtained":[{"floor":7.0,"key":"Darkstone Periapt"},{"floor":9.0,"key":"Whetstone"},{"floor":12.0,"key":"FossilizedHelix"},{"floor":26,"key":"Torii"}],"event_choices":[{"damage_healed":0.0,"max_hp_gain":0.0,"max_hp_loss":0.0,"gold_gain":0.0,"event_name":"The Cleric","player_choice":"Leave","floor":4.0,"gold_loss":0.0,"damage_taken":0.0},{"damage_healed":0.0,"max_hp_gain":0.0,"max_hp_loss":0.0,"gold_gain":0.0,"event_name":"Upgrade Shrine","player_choice":"Upgraded","floor":5.0,"gold_loss":0.0,"damage_taken":0.0,"cards_upgraded":["Cloak And Dagger"]},{"damage_healed":23,"gold_gain":0,"player_choice":"Heal","damage_taken":0,"max_hp_gain":0,"max_hp_loss":0,"event_name":"The Library","floor":20,"gold_loss":0},{"damage_healed":0,"gold_gain":0,"player_choice":"Shed Blood","damage_taken":18,"max_hp_gain":5,"max_hp_loss":0,"event_name":"Forgotten Altar","floor":21,"gold_loss":0},{"damage_healed":0,"gold_gain":0,"player_choice":"Ignored","damage_taken":0,"max_hp_gain":0,"max_hp_loss":0,"event_name":"Beggar","floor":24,"gold_loss":0}],"is_beta":false,"boss_relics":[{"not_picked":["Tiny House","Pandora\u0027s Box"],"picked":"WristBlade"}],"items_purged_floors":[],"is_endless":false,"potions_floor_spawned":[2,10,11,14,19,22,30],"killed_by":"Collector","ascension_level":6}}