{"host":"tetk82fuf8thwxol","time":1612629630,"event":{"mods":["AchievementEnabler","BaseMod","BetterRewards","GifTheSpireLib","Hermit","Minty Spire (QoL Compilation)","Permanent Neow","Quick Restart","Shop Mod","Spicy Shops","StSLib","The Bug Knight","The Cursed","The Runesmith"],"gold_per_floor":[117,40,40,54,54,54,79,94,94,121,69,84,104,127,127,228,228,239,256,266,48,62,62,94,94,117,129,129,155,174,187,187,282,282,302,322,42,57,71,101,113,153,165,188,50,50,50,50,50,50,50,50,50,79,79,79],"floor_reached":55,"language":"ENG","playtime":1618,"items_purged":["Strike_R","Defend_R","Strike_R","Strike_R"],"score":974,"play_id":"ed8649d5-408a-4c95-8dd2-dd478144c515","local_time":"20210206104030","is_ascension_mode":true,"campfire_choices":[{"data":"Apotheosis","floor":6,"key":"SMITH"},{"floor":15,"key":"RECALL"},{"floor":23,"key":"REST"},{"floor":25,"key":"REST"},{"data":"Searing Blow","floor":32,"key":"SMITH"},{"data":"Searing Blow+1","floor":41,"key":"SMITH"},{"floor":47,"key":"REST"},{"floor":49,"key":"REST"},{"data":"Searing Blow+2","floor":52,"key":"SMITH"}],"circlet_count":0,"master_deck":["Strike_R","Strike_R","Defend_R+1","Defend_R","Bash","Heavy Blade+1","Flex","Apotheosis+1","Searing Blow+3","Rampage","Anger","Heavy Blade","Anger","Flex","Demon Form","Flex+1","Cleave","Feed","Bludgeon","Cleave+1"],"relics":["Burning Blood","Mercury Hourglass","Kunai","Brimstone","Akabeko","Bottled Lightning","Ice Cream","Calipers","Pocketwatch","Gambling Chip","Odd Mushroom","Sozu","HandDrill","Chemical X","Blood Vial","Juzu Bracelet","Philosopher\u0027s Stone","Bag of Preparation","MawBank","Pen Nib","Eternal Feather","StrikeDummy"],"acts_visited":["Exordium","TheCity","TheBeyond","TheEnding"],"potions_floor_usage":[19,29],"damage_taken":[{"damage":4,"enemies":"2 Louse","floor":1,"turns":2},{"damage":0,"enemies":"Cultist","floor":4,"turns":2},{"damage":16,"enemies":"3 Sentries","floor":7,"turns":4},{"damage":0,"enemies":"Small Slimes","floor":8,"turns":2},{"damage":0,"enemies":"Gremlin Nob","floor":10,"turns":2},{"damage":0,"enemies":"Blue Slaver","floor":12,"turns":1},{"damage":0,"enemies":"2 Fungi Beasts","floor":13,"turns":2},{"damage":10,"enemies":"The Mushroom Lair","floor":14,"turns":2},{"damage":54,"enemies":"Hexaghost","floor":16,"turns":3},{"damage":5,"enemies":"Shell Parasite","floor":18,"turns":2},{"damage":24,"enemies":"3 Byrds","floor":19,"turns":3},{"damage":8,"enemies":"3 Cultists","floor":20,"turns":3},{"damage":19,"enemies":"Snake Plant","floor":22,"turns":2},{"damage":8,"enemies":"Book of Stabbing","floor":24,"turns":2},{"damage":0,"enemies":"Snecko","floor":27,"turns":2},{"damage":21,"enemies":"Gremlin Leader","floor":29,"turns":3},{"damage":6,"enemies":"Chosen and Byrds","floor":30,"turns":3},{"damage":0,"enemies":"Centurion and Healer","floor":31,"turns":2},{"damage":27,"enemies":"Champ","floor":33,"turns":4},{"damage":42,"enemies":"3 Darklings","floor":35,"turns":3},{"damage":0,"enemies":"3 Shapes","floor":36,"turns":2},{"damage":0,"enemies":"Transient","floor":38,"turns":5},{"damage":5,"enemies":"Jaw Worm Horde","floor":39,"turns":3},{"damage":19,"enemies":"Nemesis","floor":40,"turns":3},{"damage":15,"enemies":"Giant Head","floor":42,"turns":4},{"damage":42,"enemies":"3 Darklings","floor":44,"turns":3},{"damage":94,"enemies":"Awakened One","floor":50,"turns":5},{"damage":56,"enemies":"Shield and Spear","floor":54,"turns":4},{"damage":46,"enemies":"The Heart","floor":55,"turns":2}],"seed_played":"755389868576066923","potions_obtained":[{"floor":1,"key":"HeartOfIron"},{"floor":7,"key":"FairyPotion"},{"floor":10,"key":"Strength Potion"},{"floor":12,"key":"SkillPotion"},{"floor":16,"key":"PowerPotion"}],"is_trial":false,"path_per_floor":["M","$","?","M","?","R","E","M","T","E","$","M","M","?","R","B",null,"M","M","M","$","M","R","E","R","T","M","?","E","M","M","R","B",null,"M","M","$","M","M","E","R","E","T","M","$","?","R","?","R","B",null,"R","$","E","B"],"character_chosen":"IRONCLAD","items_purchased":["Heavy Blade","Mercury Hourglass","Flex","Apotheosis","Kunai","Brimstone","Akabeko","Bottled Lightning","Searing Blow","Rampage","Flex","HandDrill","Chemical X","Bag of Preparation","Bludgeon"],"campfire_rested":4,"item_purchase_floors":[0,0,0,0,0,0,0,0,0,2,11,21,21,37,37],"current_hp_per_floor":[80,80,64,70,70,70,60,66,66,72,72,78,80,76,76,28,67,68,50,48,48,35,59,57,80,80,80,80,65,67,75,75,56,74,44,52,52,60,67,56,56,49,49,15,15,15,53,53,88,32,74,86,86,42,0,0],"gold":79,"neow_bonus":"","is_daily":false,"chose_seed":false,"campfire_upgraded":4,"win_rate":0.0,"timestamp":1612629630,"path_taken":["M","$","?","M","?","R","E","M","T","E","$","M","?","?","R","BOSS","M","M","M","$","M","R","E","R","T","M","?","E","M","M","R","BOSS","M","M","$","M","M","E","R","E","T","M","$","?","R","?","R","BOSS","R","$","E","BOSS"],"items_purchased_type":["Card","Relic","Card","Card","Relic","Relic","Relic","Relic","Card","Card","Card","Relic","Relic","Relic","Card"],"build_version":"2020-12-22","purchased_purges":4,"victory":false,"max_hp_per_floor":[80,80,80,80,80,80,80,80,80,80,80,80,80,80,80,80,80,80,80,80,80,80,80,80,80,80,80,80,80,80,80,80,80,80,84,84,84,84,88,88,88,88,88,88,88,88,88,88,88,88,88,88,88,92,92,92],"card_choices":[{"not_picked":["Wild Strike","Twin Strike","Bloodletting"],"picked":"SKIP","floor":1},{"not_picked":["Headbutt","Searing Blow","Clothesline"],"picked":"SKIP","floor":4},{"not_picked":["Corruption","Reckless Charge"],"picked":"Anger","floor":7},{"not_picked":["Battle Trance","Twin Strike"],"picked":"Heavy Blade","floor":8},{"not_picked":["True Grit","Metallicize"],"picked":"Anger","floor":10},{"not_picked":["Anger","Flex","Rage"],"picked":"SKIP","floor":12},{"not_picked":["True Grit","Iron Wave","Rampage"],"picked":"SKIP","floor":13},{"not_picked":["Reaper","Offering"],"picked":"Demon Form","floor":16},{"not_picked":["Body Slam","Wild Strike"],"picked":"Flex+1","floor":18},{"not_picked":["Perfected Strike","Headbutt","Havoc"],"picked":"SKIP","floor":19},{"not_picked":["Clothesline","Dropkick","Reckless Charge+1"],"picked":"SKIP","floor":20},{"not_picked":["Disarm","Entrench","Infernal Blade"],"picked":"SKIP","floor":22},{"not_picked":["Pommel Strike","Warcry"],"picked":"Cleave","floor":24},{"not_picked":["Shrug It Off","Metallicize","Dark Embrace"],"picked":"SKIP","floor":27},{"not_picked":["Perfected Strike","Barricade","Entrench"],"picked":"SKIP","floor":29},{"not_picked":["Searing Blow","Pommel Strike","True Grit"],"picked":"SKIP","floor":30},{"not_picked":["Twin Strike+1","Dual Wield+1","Warcry"],"picked":"SKIP","floor":31},{"not_picked":["Shrug It Off+1","True Grit","Rupture+1"],"picked":"SKIP","floor":35},{"not_picked":["Flex+1","Intimidate","Armaments+1"],"picked":"SKIP","floor":36},{"not_picked":["Armaments","Havoc+1","Carnage"],"picked":"SKIP","floor":38},{"not_picked":["Searing Blow","Perfected Strike"],"picked":"Cleave+1","floor":39},{"not_picked":["Cleave","Shrug It Off","Perfected Strike"],"picked":"SKIP","floor":40},{"not_picked":["Feed","Pommel Strike","Rampage+1"],"picked":"SKIP","floor":42},{"not_picked":["Whirlwind","Burning Pact","Ghostly Armor"],"picked":"SKIP","floor":44},{"not_picked":["Hemokinesis+1","Thunderclap+1","Burning Pact+1"],"picked":"SKIP","floor":54}],"player_experience":288515,"relics_obtained":[{"floor":7,"key":"Calipers"},{"floor":9,"key":"Pocketwatch"},{"floor":10,"key":"Gambling Chip"},{"floor":14,"key":"Odd Mushroom"},{"floor":24,"key":"Blood Vial"},{"floor":29,"key":"Juzu Bracelet"},{"floor":40,"key":"MawBank"},{"floor":42,"key":"Pen Nib"},{"floor":43,"key":"Eternal Feather"},{"floor":54,"key":"StrikeDummy"}],"event_choices":[{"damage_healed":0,"gold_gain":0,"player_choice":"Entered Light","damage_taken":16,"max_hp_gain":0,"max_hp_loss":0,"event_name":"Shining Light","floor":3,"gold_loss":0,"cards_upgraded":["Heavy Blade","Defend_R"]},{"damage_healed":0,"gold_gain":0,"player_choice":"Gave Potion","damage_taken":0,"relics_obtained":["Ice Cream"],"max_hp_gain":0,"max_hp_loss":0,"event_name":"WeMeetAgain","floor":5,"gold_loss":0},{"damage_healed":0,"gold_gain":0,"player_choice":"Fought Mushrooms","damage_taken":0,"max_hp_gain":0,"max_hp_loss":0,"event_name":"Mushrooms","floor":14,"gold_loss":0},{"damage_healed":0,"gold_gain":0,"player_choice":"Read","damage_taken":0,"max_hp_gain":0,"max_hp_loss":0,"event_name":"The Library","floor":28,"gold_loss":0,"cards_obtained":["Feed"]},{"damage_healed":0,"gold_gain":0,"player_choice":"Memory 1","damage_taken":0,"max_hp_gain":0,"max_hp_loss":0,"event_name":"SensoryStone","floor":46,"gold_loss":0},{"cards_removed":["Defend_R"],"damage_healed":0,"gold_gain":0,"player_choice":"Removed Skill","damage_taken":0,"max_hp_gain":0,"max_hp_loss":0,"event_name":"Falling","floor":48,"gold_loss":0}],"is_beta":false,"boss_relics":[{"not_picked":["Pandora\u0027s Box","Cursed Key"],"picked":"Sozu"},{"not_picked":["SacredBark","Runic Pyramid"],"picked":"Philosopher\u0027s Stone"}],"items_purged_floors":[0,0,0,45],"is_endless":false,"potions_floor_spawned":[1,7,10,12,13,16,24,27,30,38,42],"killed_by":"The Heart","ascension_level":5}}