{"host":"8d3fefv2347kqkpz","time":1612578391,"event":{"mods":["AchievementEnabler","Act Like it!","Aspiration","BaseMod","Better Vampires","Colored Map","Colored Powertips","Conspire","GifTheSpireLib","Highlight Path","Hubris","Mimic Mod","Minty Spire (QoL Compilation)","Quick Restart","Rare Cards Sparkle","Relic Stats","Replay The Spire","Spicy Shops","StSLib","The Jungle","Waifu the Spire"],"gold_per_floor":[114,134,149,163,88,113,123,123,149,149,168,168,168,168],"floor_reached":13,"language":"ZHS","playtime":220,"items_purged":["Strike_B"],"score":91,"play_id":"8ebe957c-7c5d-41b9-ae29-71240debf410","local_time":"20210206102631","is_ascension_mode":true,"campfire_choices":[{"floor":12,"key":"REST"}],"circlet_count":0,"master_deck":["Strike_B","Strike_B","Strike_B","Defend_B","Defend_B","Defend_B","Defend_B","Zap","Dualcast","ReplayGash","conspire:Rain","Injury"],"relics":["Cracked Core","NeowsBlessing","Sundial","Letter Opener","aspiration:Lifesprig","Molten Egg 2"],"acts_visited":["Exordium"],"potions_floor_usage":[],"damage_taken":[{"damage":0,"enemies":"Cultist","floor":1,"turns":1},{"damage":0,"enemies":"2 Louse","floor":2,"turns":1},{"damage":0,"enemies":"Jaw Worm","floor":3,"turns":1},{"damage":14,"enemies":"Red Slaver","floor":4,"turns":5},{"damage":46,"enemies":"Gremlin Nob","floor":6,"turns":5},{"damage":2,"enemies":"Large Slime","floor":7,"turns":5},{"damage":10,"enemies":"Looter","floor":11,"turns":3},{"damage":0,"enemies":"3 Sentries","floor":13,"turns":1}],"seed_played":"-920418983071100452","potions_obtained":[{"floor":3,"key":"FearPotion"},{"floor":11,"key":"Weak Potion"}],"is_trial":false,"path_per_floor":["M","M","M","M","$","E","M","T","T","?","M","R","E"],"character_chosen":"DEFECT","items_purchased":[],"campfire_rested":1,"item_purchase_floors":[],"current_hp_per_floor":[75,75,75,61,61,15,13,13,13,13,3,25,25,25],"gold":168,"neow_bonus":"THREE_ENEMY_KILL","is_daily":false,"chose_seed":false,"campfire_upgraded":0,"win_rate":0.0,"timestamp":1612578391,"path_taken":["M","M","M","M","$","E","?","?","T","?","M","R","E"],"items_purchased_type":[],"build_version":"2020-12-22","purchased_purges":1,"victory":false,"max_hp_per_floor":[75,75,75,75,75,75,75,75,75,75,75,75,75,75],"relic_stats":{"counters":[8,22],"Sundial":[2],"Letter Opener":[0],"obtain_stats":[{"aspiration:Lifesprig":9,"NeowsBlessing":0,"Sundial":6,"Molten Egg 2":10,"Letter Opener":8,"Cracked Core":0},{"aspiration:Lifesprig":6,"NeowsBlessing":0,"Sundial":5,"Molten Egg 2":6,"Letter Opener":6,"Cracked Core":0},{"aspiration:Lifesprig":18,"NeowsBlessing":0,"Sundial":13,"Molten Egg 2":18,"Letter Opener":18,"Cracked Core":0}]},"card_choices":[{"not_picked":["Steam","Capacitor"],"picked":"ReplayGash","floor":1},{"not_picked":["Heatsinks","Hologram","Go for the Eyes"],"picked":"SKIP","floor":2},{"not_picked":["Conserve Battery","ReplayTheSpireMod:Repulse","Ball Lightning"],"picked":"SKIP","floor":3},{"not_picked":["hubris:PowerSurge","Beam Cell","Genetic Algorithm"],"picked":"SKIP","floor":4},{"not_picked":["BasicCrystalCard","Hello World"],"picked":"conspire:Rain","floor":6},{"not_picked":["Fission","Hologram","ReplayTheSpireMod:System Scan"],"picked":"SKIP","floor":7},{"not_picked":["Cold Snap+1","hubris:PowerSurge","BasicCrystalCard"],"picked":"SKIP","floor":11}],"player_experience":262085,"relics_obtained":[{"floor":6,"key":"Sundial"},{"floor":8,"key":"Letter Opener"},{"floor":9,"key":"aspiration:Lifesprig"}],"event_choices":[],"is_beta":false,"boss_relics":[],"items_purged_floors":[5],"is_endless":false,"potions_floor_spawned":[3,11],"killed_by":"3 Sentries","ascension_level":1}}