{"host":"oewe6473mh2zp5ss","time":1612640951,"event":{"mods":["AchievementEnabler","Ascension Reborn","Aspiration","Bard","BaseMod","Challenge The Spire","Conspire","Curses Come First","Custom Start","Downfall","Emptier Cage","Gremlin Mod","Halation","Hubris","Infinite Spire","Minty Spire (QoL Compilation)","Permanent Neow","Reliquary","Replay The Spire","Robot Space Explorer","Somnambulant","Spikes Relics","StSLib","The Cursed","The Disciple","The Forsaken","The Jungle","The Senshi","thorton"],"gold_per_floor":[121,71,83,83,97,137,149,149,204,220,220,232,9,31,31,161,165,198,202,236,241,280,286,317,324,359,367,375,425,465,476,660,676,771,561,574,661,677,693,811,928,950,973,1103,1257,1426,1609,1647,1720],"floor_reached":51,"language":"ENG","playtime":4948,"items_purged":[],"score":1062,"play_id":"53ae59eb-984a-44cf-a469-9a4dcc4d16a5","local_time":"20210206114911","is_ascension_mode":true,"campfire_choices":[{"data":"ReplaySolidLightProjector","floor":11.0,"key":"SMITH"},{"floor":15.0,"key":"DIG"},{"data":"conspire:Banana","floor":23.0,"key":"SMITH"},{"data":"conspire:Banana+1","floor":29.0,"key":"SMITH"},{"data":"conspire:Banana+2","floor":32.0,"key":"SMITH"},{"data":"conspire:Banana+3","floor":40,"key":"SMITH"},{"data":"1","floor":44,"key":"LIFT"},{"data":"2","floor":49,"key":"LIFT"}],"circlet_count":0,"master_deck":["Strike_B+1","Strike_B+1","Strike_B+1","Defend_B+1","Defend_B+1","Defend_B+1","Defend_B+1","Zap+1","Dualcast+1","Fusion+1","Cold Snap+1","Beam Cell+1","Leap+1","ReplaySolidLightProjector+1","Beam Cell","Redo+1","conspire:Rain","Double Energy","Ball Lightning","ReplayGash","hubris:DoWhile","Ball Lightning+1","Blizzard+1","conspire:Banana+4","Self Repair+1","hubris:PowerSurge+1","ReplayGash+1","Self Repair","BasicCrystalCard+1","Meteor Strike","Aggregate+1","ReplayTheSpireMod:Uncanny Aura","Loop+1","theForsaken:PlagueCurse","Redo+1","ReplayGash+1","Conserve Battery+1","Seek","Conserve Battery+1"],"relics":["Cracked Core","hubris:SlimyHat","hubris:TenFootPole","hubris:Teleporter","Replay:Antivirus Software","Replay:Bandana","thethorton:BankDeed","Bag of Marbles","conspire:InfiniteJournal","Girya","hubris:Backtick","infinitespire:BottledMercury","NlothsMask","Letter Opener","theForsaken:HumbleEgg","infinitespire:EvilPickle","Replay:PocketPolymizer","thethorton:BottledFunds","conspire:TreasureMap","halation:PromiseList","theForsaken:PlagueMask","halation:IllGainedPizza","Vajra","Iron Hammer"],"acts_visited":["Exordium","TheCity","TheBeyond"],"potions_floor_usage":[50],"damage_taken":[{"damage":0.0,"enemies":"conspire:RoseBush","floor":1.0,"turns":1.0},{"damage":0.0,"enemies":"Small Slimes","floor":3.0,"turns":2.0},{"damage":0.0,"enemies":"infinitespire:Voidling","floor":5.0,"turns":2.0},{"damage":0.0,"enemies":"Gremlin Nob","floor":6.0,"turns":3.0},{"damage":0.0,"enemies":"Blue Slaver","floor":7.0,"turns":3.0},{"damage":0.0,"enemies":"Lots of Slimes","floor":10.0,"turns":4.0},{"damage":0.0,"enemies":"3 Louse","floor":12.0,"turns":2.0},{"damage":0.0,"enemies":"Blue Slaver","floor":14.0,"turns":2.0},{"damage":0.0,"enemies":"Fading Forest","floor":16.0,"turns":11.0},{"damage":0.0,"enemies":"Spheric Guardian","floor":18.0,"turns":3.0},{"damage":6.0,"enemies":"3 Byrds","floor":20.0,"turns":3.0},{"damage":29.0,"enemies":"Snake Plant","floor":22.0,"turns":4.0},{"damage":26.0,"enemies":"Snecko","floor":25.0,"turns":6.0},{"damage":2.0,"enemies":"Shelled Parasite and Fungi","floor":27.0,"turns":3.0},{"damage":0.0,"enemies":"3 Cultists","floor":30.0,"turns":3.0},{"damage":8.0,"enemies":"Cultist and Chosen","floor":31.0,"turns":3.0},{"damage":9.0,"enemies":"Pondfish","floor":33.0,"turns":7.0},{"damage":7,"enemies":"3 Shapes","floor":35,"turns":2},{"damage":3,"enemies":"Orb Walker","floor":38,"turns":2},{"damage":12,"enemies":"Nemesis","floor":41,"turns":6},{"damage":20,"enemies":"3 Darklings","floor":42,"turns":3},{"damage":21,"enemies":"Spire Growth","floor":45,"turns":4},{"damage":31,"enemies":"Jaw Worm Horde","floor":46,"turns":3},{"damage":3,"enemies":"Sphere and 2 Shapes","floor":47,"turns":4},{"damage":0,"enemies":"Spire Growth","floor":48,"turns":3},{"damage":27,"enemies":"hubris:GrandSnecko","floor":50,"turns":11}],"seed_played":"5442879462322658386","potions_obtained":[{"floor":1.0,"key":"Explosive Potion"},{"floor":3.0,"key":"Energy Potion"},{"floor":3.0,"key":"ColorlessPotion"},{"floor":5.0,"key":"SkillPotion"},{"floor":31.0,"key":"PowerPotion"},{"floor":33.0,"key":"LiquidBronze"},{"floor":35,"key":"Block Potion"},{"floor":35,"key":"ColorlessPotion"},{"floor":38,"key":"PowerPotion"}],"is_trial":false,"path_per_floor":["M","?","M","?","M","E","M","?","T","M","R","M","$","M","R","B",null,"M","?","M","?","M","R","M","T","M","?","R","M","M","R","B",null,"M","$","?","M","?","R","E","M","T","R","M","M","M","M","R","B",null],"character_chosen":"DEFECT","items_purchased":["thethorton:BankDeed","Ball Lightning","conspire:TreasureMap","halation:PromiseList"],"campfire_rested":0,"item_purchase_floors":[13,13,36,36],"current_hp_per_floor":[79,79,79,63,63,63,63,63,63,63,63,63,63,63,63,83,83,83,83,77,68,40,40,45,45,46,88,88,91,91,91,99,99,96,96,96,111,111,111,121,131,131,131,170,174,196,206,206,220],"gold":1761,"neow_bonus":"THREE_CARDS","is_daily":false,"chose_seed":false,"campfire_upgraded":5,"win_rate":0.0,"timestamp":1612640951,"path_taken":["M","?","M","?","M","E","M","?","T","M","R","M","$","?","R","BOSS","M","?","?","?","?","R","M","T","M","?","R","M","M","R","BOSS","M","?","?","?","?","R","E","M","T","R","M","M","M","M","R","BOSS"],"items_purchased_type":["Relic","Card","Relic","Relic"],"build_version":"2020-12-22","purchased_purges":0,"victory":true,"max_hp_per_floor":[79,79,79,79,79,79,79,79,79,79,79,79,79,79,79,83,83,83,83,83,83,84,84,86,86,88,88,88,91,91,91,99,99,103,103,103,111,111,111,121,131,131,131,181,186,196,206,206,220],"card_choices":[{"not_picked":["Chill","Auto Shields"],"picked":"Fusion","floor":0.0},{"not_picked":["Recycle+1","Leap"],"picked":"Cold Snap+1","floor":1.0},{"not_picked":["Panic Button","Machine Learning"],"picked":"Beam Cell+1","floor":3.0},{"not_picked":["Coolheaded","Force Field+1"],"picked":"Leap+1","floor":5.0},{"not_picked":["Cold Snap","conspire:SharedLibrary+1"],"picked":"ReplaySolidLightProjector","floor":6.0},{"not_picked":["ReplaySort","Compile Driver"],"picked":"Beam Cell","floor":6.0},{"not_picked":["Sweeping Beam+1","Hologram"],"picked":"Redo+1","floor":7.0},{"not_picked":["Rebound+1","Heatsinks"],"picked":"conspire:Rain","floor":10.0},{"not_picked":["Compile Driver","Steam Power"],"picked":"Double Energy","floor":12.0},{"not_picked":["Go for the Eyes+1","Recycle"],"picked":"ReplayGash","floor":14.0},{"not_picked":["Thunder Strike","Biased Cognition"],"picked":"hubris:DoWhile","floor":16.0},{"not_picked":["Beam Cell+1","Hologram"],"picked":"Ball Lightning+1","floor":18.0},{"not_picked":["RefreshScreen","Go for the Eyes+1"],"picked":"Blizzard+1","floor":20.0},{"not_picked":["Compile Driver","Cold Snap+1"],"picked":"Self Repair+1","floor":22.0},{"not_picked":["ReplayTheSpireMod:System Scan+1","Streamline"],"picked":"hubris:PowerSurge+1","floor":25.0},{"not_picked":["Streamline+1","Hologram+1"],"picked":"ReplayGash+1","floor":27.0},{"not_picked":["Turbo+1","Hologram+1"],"picked":"Self Repair","floor":30.0},{"not_picked":["Gash+1","ReplayTheSpireMod:Omega Cannon"],"picked":"BasicCrystalCard+1","floor":31.0},{"not_picked":["hubris:Prefetch","Seek"],"picked":"Meteor Strike","floor":33.0},{"not_picked":["Redo+1","Go for the Eyes+1"],"picked":"Aggregate+1","floor":35},{"not_picked":["Heatsinks","Mirror Shield"],"picked":"Loop+1","floor":38},{"not_picked":["Go for the Eyes+1","Panic Button+1","Turbo+1"],"picked":"SKIP","floor":41},{"not_picked":["Doom and Gloom+1","Consume+1"],"picked":"Redo+1","floor":42},{"not_picked":["Go for the Eyes+1","Ball Lightning+1"],"picked":"ReplayGash+1","floor":45},{"not_picked":["Streamline+1","Reinforced Body+1"],"picked":"Conserve Battery+1","floor":46},{"not_picked":["Cold Snap+1","Glacier"],"picked":"Seek","floor":47},{"not_picked":["hubris:Ukulele+1","Sweeping Beam+1"],"picked":"Conserve Battery+1","floor":48}],"player_experience":93752,"relics_obtained":[{"floor":3.0,"key":"hubris:SlimyHat"},{"floor":6.0,"key":"hubris:TenFootPole"},{"floor":9.0,"key":"hubris:Teleporter"},{"floor":9.0,"key":"Replay:Antivirus Software"},{"floor":12.0,"key":"Replay:Bandana"},{"floor":14.0,"key":"Bag of Marbles"},{"floor":15.0,"key":"conspire:InfiniteJournal"},{"floor":16.0,"key":"Girya"},{"floor":26.0,"key":"Letter Opener"},{"floor":27.0,"key":"theForsaken:HumbleEgg"},{"floor":33.0,"key":"Replay:PocketPolymizer"},{"floor":41,"key":"halation:IllGainedPizza"},{"floor":43,"key":"Vajra"},{"floor":43,"key":"Iron Hammer"}],"event_choices":[{"cards_removed":["Strike_B"],"damage_healed":0.0,"max_hp_gain":0.0,"max_hp_loss":0.0,"gold_gain":0.0,"event_name":"The Cleric","player_choice":"Card Removal","floor":2.0,"gold_loss":50.0,"damage_taken":0.0},{"damage_healed":0.0,"max_hp_gain":0.0,"max_hp_loss":0.0,"gold_gain":0.0,"event_name":"Shining Light","player_choice":"Entered Light","floor":4.0,"gold_loss":0.0,"damage_taken":16.0,"cards_upgraded":["Fusion"]},{"damage_healed":0.0,"max_hp_gain":0.0,"max_hp_loss":0.0,"gold_gain":0.0,"event_name":"Lab","player_choice":"Got Potions","floor":8.0,"gold_loss":0.0,"damage_taken":0.0},{"damage_healed":0.0,"max_hp_gain":0.0,"max_hp_loss":0.0,"gold_gain":0.0,"event_name":"FaceTrader","player_choice":"Trade","floor":19.0,"gold_loss":0.0,"damage_taken":0.0,"relics_obtained":["NlothsMask"]},{"damage_healed":0.0,"max_hp_gain":0.0,"max_hp_loss":0.0,"gold_gain":0.0,"event_name":"Knowing Skull","player_choice":"CARD CARD ","floor":21.0,"potions_obtained":[],"gold_loss":0.0,"damage_taken":19.0,"cards_obtained":["Specialist","conspire:Banana"]},{"cards_removed":["Specialist"],"damage_healed":42.0,"max_hp_gain":0.0,"max_hp_loss":0.0,"gold_gain":0.0,"event_name":"Bonfire Elementals","player_choice":"Offered Uncommon","floor":28.0,"gold_loss":0.0,"damage_taken":0.0},{"damage_healed":0,"gold_gain":0,"player_choice":"1 cards matched","damage_taken":0,"max_hp_gain":0,"max_hp_loss":0,"event_name":"Match and Keep!","floor":37,"gold_loss":0,"cards_obtained":["ReplayTheSpireMod:Uncanny Aura"]},{"damage_healed":0,"gold_gain":0,"player_choice":"Obtain Plague Curse","damage_taken":0,"max_hp_gain":0,"max_hp_loss":0,"event_name":"Plague Doctor","floor":39,"gold_loss":0,"cards_obtained":["theForsaken:PlagueCurse"]}],"is_beta":false,"boss_relics":[{"not_picked":["halation:PlatinumPhoenix","SacredBark"],"picked":"hubris:Backtick"},{"not_picked":["Empty Cage","Velvet Choker"],"picked":"thethorton:BottledFunds"}],"items_purged_floors":[],"is_endless":false,"potions_floor_spawned":[3,7,16,27,30,31,35,38,46,47,48],"ascension_level":0}}