{"host":"h51tltv0izczgxti","time":1612645385,"event":{"mods":["2.2 Compatiblity","AchievementEnabler","Act Like it!","Aspiration","BaseMod","Beaked The Cultist","Better Altar","Better Match","Better Note","Better Sensory Stone","Better Skull","Better Third Choice","Better Vampires","BetterRewards","Clockwork Mod","Gensokyo","Halation","Hallownest","Hermit","HololiveMod","Hubris","Infinite Spire","Koishi","Mad Scientist","Magitek Elite","Marisa????????","Melee Mod","Minty Spire (QoL Compilation)","Pale of the Ancients","Poor People Problems","Prisma Mod","Random Character Button","Relic Filter Mod","Reliquary","Remilia??????","Replay The Spire","Retaliation","Robot Space Explorer","Shade Mod","Spicy Shops","Spire Arcade","StS++","StSLib","Strawberry Spire","The Animator","The Bug Knight","The Gatherer","The Kombatant","The Poker Player","The Servant 0.9.4","The Wild Card","TheBandit","WarShipGirlsR/????R mod","Yuyuko"],"gold_per_floor":[111,211,11,30,30,30,14,44,44,69,69,93,121,6,6,106,106,116,116,116],"floor_reached":19,"language":"ENG","playtime":1287,"items_purged":["Strike_B"],"score":228,"play_id":"3c203f3c-81e3-4b83-996f-62ef418cff71","local_time":"20210206150305","is_ascension_mode":true,"campfire_choices":[{"data":"Zap","floor":6,"key":"SMITH"},{"floor":11,"key":"REST"},{"data":"hubris:EnhanceAbility","floor":15,"key":"SMITH"}],"circlet_count":0,"master_deck":["Strike_B","Strike_B","Strike_B","Defend_B","Defend_B","Defend_B","Defend_B","Zap+1","Dualcast","Leap","Streamline","Hologram","hubris:EnhanceAbility+1","Ball Lightning","Go for the Eyes","Loop","Conserve Battery","Redo+1","ReplayTheSpireMod:Omega Cannon","StSpp:Igniter"],"relics":["Cracked Core","aspiration:Nostalgia","animator:PurgingStone","strawberrySpire:MawJerky","aspiration:EnhancedActuators","halation:BottledLove","StSpp:PetrifiedCaterpillar","Runic Pyramid"],"acts_visited":["Exordium","TheCity"],"potions_floor_usage":[8,10,16,18],"damage_taken":[{"damage":9,"enemies":"2 Louse","floor":1,"turns":2},{"damage":0,"enemies":"Cultist","floor":4,"turns":3},{"damage":24,"enemies":"3 Sentries","floor":8,"turns":7},{"damage":35,"enemies":"Gremlin Nob","floor":10,"turns":5},{"damage":0,"enemies":"Small Slimes","floor":12,"turns":2},{"damage":0,"enemies":"Exordium Wildlife","floor":13,"turns":3},{"damage":42,"enemies":"The Guardian","floor":16,"turns":11},{"damage":35,"enemies":"2 Thieves","floor":18,"turns":4},{"damage":15,"enemies":"Shell Parasite","floor":19,"turns":3}],"seed_played":"-1639239013921010798","potions_obtained":[{"floor":4,"key":"AttackPotion"},{"floor":8,"key":"Block Potion"},{"floor":12,"key":"FairyPotion"},{"floor":13,"key":"Fire Potion"},{"floor":16,"key":"Weak Potion"}],"is_trial":false,"path_per_floor":["M","?","$","M","?","R","$","E","T","E","R","M","M","$","R","B",null,"M","M"],"character_chosen":"DEFECT","items_purchased":["strawberrySpire:MawJerky","Streamline","hubris:EnhanceAbility","Redo+1"],"campfire_rested":1,"item_purchase_floors":[3,3,7,14],"current_hp_per_floor":[59,59,59,59,59,59,59,39,39,8,32,32,32,32,32,38,72,37,22,22],"gold":116,"neow_bonus":"NOSTALGIA","is_daily":false,"chose_seed":false,"campfire_upgraded":2,"win_rate":0.0,"timestamp":1612645385,"path_taken":["M","?","$","?","?","R","?","E","T","E","R","M","M","$","R","BOSS","M","M"],"items_purchased_type":["Relic","Card","Card","Card"],"build_version":"2020-12-22","purchased_purges":1,"victory":false,"max_hp_per_floor":[75,75,75,75,75,75,75,79,79,83,83,83,83,83,83,83,83,83,83,83],"card_choices":[{"not_picked":["Compile Driver","Hello World"],"picked":"Leap","floor":1},{"not_picked":["Undo","Conserve Battery"],"picked":"Hologram","floor":4},{"not_picked":["Sweeping Beam","Redo"],"picked":"Ball Lightning","floor":8},{"not_picked":["Beam Cell","Blizzard"],"picked":"Go for the Eyes","floor":10},{"not_picked":["Gash","Coolheaded"],"picked":"Loop","floor":12},{"not_picked":["StSpp:Igniter","Coolheaded"],"picked":"Conserve Battery","floor":13},{"not_picked":["Echo Form","hubris:Prefetch"],"picked":"ReplayTheSpireMod:Omega Cannon","floor":16},{"not_picked":["Glacier+1","Rebound+1"],"picked":"StSpp:Igniter","floor":18}],"player_experience":935916,"relics_obtained":[{"floor":8,"key":"aspiration:EnhancedActuators"},{"floor":9,"key":"halation:BottledLove"},{"floor":10,"key":"StSpp:PetrifiedCaterpillar"}],"event_choices":[{"damage_healed":0,"gold_gain":100,"player_choice":"Gold","damage_taken":0,"max_hp_gain":0,"max_hp_loss":0,"event_name":"Wheel of Change","floor":2,"gold_loss":0}],"is_beta":false,"boss_relics":[{"not_picked":["Busted Crown","hubris:RunicObelisk"],"picked":"Runic Pyramid"}],"items_purged_floors":[14],"is_endless":false,"potions_floor_spawned":[4,8,12,13,16],"killed_by":"Shell Parasite","ascension_level":6}}