{"host":"v4uyxn0vi5l8udd0","time":1612593848,"event":{"mods":["AchievementEnabler","BaseMod","BetterRewards","Downfall","Minty Spire (QoL Compilation)","Replay The Spire","StSLib","The Cursed","The Servant 0.9.4"],"gold_per_floor":[99,113,132,152,182,174,174,174,74,6,56,87,120,139,169,169,169,169],"floor_reached":16,"language":"ENG","playtime":1036,"items_purged":[],"score":104,"play_id":"c2e4a9ad-4f13-4f3b-a920-6c36564c2f35","local_time":"20210206074408","is_ascension_mode":false,"campfire_choices":[{"floor":1,"key":"RECALL"},{"data":"hexamod:Float","floor":9,"key":"SMITH"}],"circlet_count":0,"master_deck":["hexamod:Strike","hexamod:Strike","hexamod:Strike","hexamod:Strike","hexamod:Defend","hexamod:Defend","hexamod:Defend","hexamod:Defend","hexamod:Sear+1","hexamod:Float+1","hexamod:SecondSeal","hexamod:SecondSeal","hexamod:ThirdSeal","hexamod:FourthSeal","hexamod:TimeOfNeed","hexamod:ShieldOfDarkness","hexamod:ForkedFlame","hexamod:EmpoweredFlame","hexamod:GhostflameBarrier","hexamod:SixthSeal","hexamod:HeatMetal","hexamod:EmpoweredFlame","hexamod:AdvancingGuard"],"relics":["hexamod:SpiritBrand","Turnip","downfall:HeartBlessingRed","Sundial"],"acts_visited":["Exordium"],"potions_floor_usage":[12,14,14,14,16],"damage_taken":[{"damage":1,"enemies":"Jaw Worm","floor":2,"turns":4},{"damage":0,"enemies":"2 Louse","floor":3,"turns":2},{"damage":8,"enemies":"Cultist","floor":4,"turns":5},{"damage":0,"enemies":"downfall:FleeingMerchant","floor":10,"turns":4},{"damage":1,"enemies":"Lagavulin","floor":11,"turns":7},{"damage":10,"enemies":"Red Slaver","floor":12,"turns":5},{"damage":12,"enemies":"Blue Slaver","floor":13,"turns":5},{"damage":19,"enemies":"Exordium Thugs","floor":14,"turns":5},{"damage":7,"enemies":"2 Fungi Beasts","floor":15,"turns":6},{"damage":19,"enemies":"DF_ARCHETYPE_STREAMLINE","floor":16,"turns":4}],"seed_played":"-5498682008396806826","potions_obtained":[{"floor":4,"key":"PowerPotion"},{"floor":10,"key":"Energy Potion"},{"floor":11,"key":"champ:CounterPotion"},{"floor":11,"key":"Energy Potion"},{"floor":12,"key":"hexamod:SoulburnPotion"},{"floor":12,"key":"BlessingOfTheForge"},{"floor":14,"key":"SteroidPotion"},{"floor":15,"key":"Flashbang"}],"is_trial":false,"path_per_floor":["R","M","M","M","?","?","T","?","R","$","E","M","M","M","M","B"],"character_chosen":"THE_SPIRIT","items_purchased":["hexamod:ForkedFlame"],"campfire_rested":0,"item_purchase_floors":[10],"current_hp_per_floor":[77,76,76,68,68,68,68,68,68,68,67,57,45,26,19,0,0,0],"gold":169,"neow_bonus":"TEN_PERCENT_HP_BONUS","is_daily":false,"chose_seed":false,"campfire_upgraded":1,"win_rate":0.0,"timestamp":1612593848,"path_taken":["R","M","M","M","?","?","T","?","R","$","E","?","?","M","M","BOSS"],"items_purchased_type":["Card"],"build_version":"2020-12-22","purchased_purges":0,"victory":false,"max_hp_per_floor":[77,77,77,77,77,77,77,77,77,77,77,77,77,77,77,77,77,77],"card_choices":[{"not_picked":["hexamod:AdvancingGuard","hexamod:HeatCrush"],"picked":"hexamod:FastForward","floor":2},{"not_picked":["hexamod:HauntingEcho","hexamod:HeatMetal"],"picked":"hexamod:SecondSeal","floor":3},{"not_picked":["hexamod:GhostShield","hexamod:GhostflameInferno","hexamod:NightmareStrike"],"picked":"SKIP","floor":4},{"not_picked":["hexamod:SecondSeal","hexamod:NightmareStrike"],"picked":"hexamod:TimeOfNeed","floor":10},{"not_picked":["hexamod:GhostShield","hexamod:ExtraCrispy"],"picked":"hexamod:ShieldOfDarkness","floor":10},{"not_picked":["hexamod:SpectersWail","hexamod:ShieldOfDarkness"],"picked":"hexamod:EmpoweredFlame","floor":11},{"not_picked":["hexamod:StepThrough","hexamod:CatchUp","hexamod:NecessarySacrifice"],"picked":"SKIP","floor":11},{"not_picked":["hexamod:HeatMetal","hexamod:EtherealExpedition"],"picked":"hexamod:GhostflameBarrier","floor":12},{"not_picked":["hexamod:SwordOfDarkness","hexamod:RainOfEmbers"],"picked":"hexamod:SixthSeal","floor":12},{"not_picked":["hexamod:InspiringFlames","hexamod:HauntingEcho"],"picked":"hexamod:HeatMetal","floor":13},{"not_picked":["hexamod:SwordOfDarkness","hexamod:ThermalTransfer","hexamod:InspiringFlames"],"picked":"SKIP","floor":13},{"not_picked":["hexamod:Rewind","hexamod:InspiringFlames"],"picked":"hexamod:EmpoweredFlame","floor":14},{"not_picked":["hexamod:NightmareStrike","hexamod:GhostShield","hexamod:RetreatToShadows"],"picked":"SKIP","floor":14},{"not_picked":["hexamod:Hexaguard","hexamod:GhostflameInferno"],"picked":"hexamod:AdvancingGuard","floor":15},{"not_picked":["hexamod:HauntingEcho","hexamod:NightmareGuise","hexamod:BacktrackSmack"],"picked":"SKIP","floor":15}],"player_experience":685306,"relics_obtained":[{"floor":7,"key":"Turnip"},{"floor":11,"key":"Sundial"}],"event_choices":[],"is_beta":false,"boss_relics":[],"items_purged_floors":[],"is_endless":false,"potions_floor_spawned":[4,11,12,13],"killed_by":"DF_ARCHETYPE_STREAMLINE","ascension_level":0}}