{"host":"x730sfaw5rd1mxd8","time":1612580892,"event":{"mods":["BaseMod","BetterRewards","Colored Powertips","Highlight Path","Minty Spire (QoL Compilation)","Relic Sorter","Relic Stats","Replay The Spire","StSLib"],"gold_per_floor":[110,128,139,64,64,89,100,100,126,153,153,170,200,200,200,299,299,324,324,341,341,361,392,392,420,447,460,488,488,550,550,550,625,625,639,664,674,694,711,711,743,763,814,832,857,857,857,892,892,892,892,892,892,330,355,355],"floor_reached":57,"language":"ENG","playtime":4628,"items_purged":["Strike_G","Strike_G","Strike_G","Flying Knee"],"score":3790,"play_id":"108b57ec-0d1d-4a9b-b1a3-b8630d8c6ee3","local_time":"20210205220812","is_ascension_mode":true,"campfire_choices":[{"data":"Prepared","floor":8,"key":"SMITH"},{"data":"Dash","floor":11,"key":"SMITH"},{"data":"Neutralize","floor":15,"key":"SMITH"},{"data":"Envenom","floor":24,"key":"SMITH"},{"data":"A Thousand Cuts","floor":29,"key":"SMITH"},{"data":"Burst","floor":29,"key":"SMITH"},{"data":"Replay:Bag of Tricks","floor":32,"key":"SMITH"},{"data":"ReplayTheSpireMod:Scrap Shanks","floor":32,"key":"SMITH"},{"floor":40,"key":"RECALL"},{"data":"ReplayTheSpireMod:Speed Training","floor":49,"key":"SMITH"},{"data":"Bullet Time","floor":49,"key":"SMITH"},{"data":"Crippling Poison","floor":53,"key":"SMITH"},{"data":"Leg Sweep","floor":53,"key":"SMITH"}],"circlet_count":0,"master_deck":["AscendersBane","Defend_G","Defend_G","Defend_G","Defend_G","Defend_G","Survivor","Neutralize+1","Noxious Fumes","Calculated Gamble+1","Replay:Bag of Tricks+1","Noxious Fumes","Skewer+1","Backstab","ReplayTheSpireMod:Scrap Shanks+1","Dagger Throw","Dagger Throw","ReplayTheSpireMod:Speed Training+1","Prepared+1","Well Laid Plans","Dash+1","Accuracy","Envenom+1","Backflip+1","Choke","PiercingWail+1","Burst+1","Leg Sweep+1","A Thousand Cuts+1","Bullet Time+1","Predator","Outmaneuver+1","Crippling Poison+1","Parasite","Terror","Backflip+1","Backflip+1","Blur+1","ReplayTheSpireMod:Speed Training+1","ReplayTheSpireMod:Tripwire+1"],"relics":["Ring of the Snake","Pen Nib","ReplayFunnel","Vampiric Spirits","Thread and Needle","Replay:Wax Seal","Du-Vu Doll","OrangePellets","Dream Catcher","Vajra","Bronze Scales","Prayer Wheel","Bloody Idol","Painkiller Herb","ReplayTheSpireMod:Lightbulb","Replay:Arrowhead","Strawberry","Lantern","Snecko Eye","Mango","Akabeko","Juzu Bracelet","Blue Candle","Replay:Towering Pillar of Hats","Anchor","Replay:Rubber Ducky"],"acts_visited":["Exordium","TheCity","TheBeyond","TheEnding"],"potions_floor_usage":[10,50,55,56],"damage_taken":[{"damage":0,"enemies":"Small Slimes","floor":1,"turns":1},{"damage":0,"enemies":"2 Louse","floor":2,"turns":1},{"damage":2,"enemies":"Jaw Worm","floor":3,"turns":2},{"damage":4,"enemies":"Lagavulin","floor":6,"turns":7},{"damage":0,"enemies":"2 Fungi Beasts","floor":7,"turns":4},{"damage":0,"enemies":"Gremlin Nob","floor":10,"turns":2},{"damage":0,"enemies":"3 Louse","floor":12,"turns":2},{"damage":0,"enemies":"3 Sentries","floor":13,"turns":6},{"damage":7,"enemies":"Hexaghost","floor":16,"turns":5},{"damage":7,"enemies":"Shell Parasite","floor":18,"turns":3},{"damage":14,"enemies":"2 Thieves","floor":20,"turns":4},{"damage":9,"enemies":"Snake Plant","floor":22,"turns":3},{"damage":0,"enemies":"Gremlin Leader","floor":23,"turns":4},{"damage":5,"enemies":"Replay:Snechameleon","floor":25,"turns":5},{"damage":3,"enemies":"Snecko","floor":27,"turns":5},{"damage":0,"enemies":"Gremlin Leader","floor":28,"turns":5},{"damage":0,"enemies":"Champ","floor":33,"turns":7},{"damage":0,"enemies":"Orb Walker","floor":35,"turns":3},{"damage":0,"enemies":"Mind Bloom Boss Battle","floor":36,"turns":6},{"damage":0,"enemies":"3 Shapes","floor":37,"turns":4},{"damage":0,"enemies":"Maw","floor":38,"turns":4},{"damage":0,"enemies":"Writhing Mass","floor":39,"turns":5},{"damage":21,"enemies":"R_Hoarder","floor":41,"turns":5},{"damage":0,"enemies":"Transient","floor":42,"turns":6},{"damage":0,"enemies":"4 Shapes","floor":44,"turns":3},{"damage":1,"enemies":"Reptomancer","floor":45,"turns":5},{"damage":1,"enemies":"Giant Head","floor":48,"turns":5},{"damage":69,"enemies":"Donu and Deca","floor":50,"turns":13},{"damage":4,"enemies":"Awakened One","floor":51,"turns":10},{"damage":2,"enemies":"Shield and Spear","floor":55,"turns":4},{"damage":42,"enemies":"The Heart","floor":56,"turns":10}],"seed_played":"-7100290147243601990","potions_obtained":[{"floor":1,"key":"SteroidPotion"},{"floor":7,"key":"FearPotion"},{"floor":13,"key":"Fire Potion"},{"floor":30,"key":"Swift Potion"},{"floor":37,"key":"Dexterity Potion"}],"is_trial":false,"path_per_floor":["M","M","M","?","?","E","M","R","T","E","R","M","E","?","R","B",null,"?","?","?","?","?","E","T","E","T","?","E","T","?","?","T","B",null,"?","?","?","?","?","T","E","?","T","?","E","?","?","E","T","B","B",null,"T","T","E","B",null],"character_chosen":"THE_SILENT","items_purchased":["ReplayFunnel","Vampiric Spirits","Noxious Fumes","Calculated Gamble","Replay:Bag of Tricks","Noxious Fumes","Skewer+1","Replay:Wax Seal","Backstab","ReplayTheSpireMod:Scrap Shanks","OrangePellets","Dagger Throw","ReplayTheSpireMod:Speed Training","Flying Knee","Anchor","Replay:Rubber Ducky","DistilledChaos"],"campfire_rested":0,"item_purchase_floors":[0,0,0,0,0,0,0,0,0,0,0,0,0,0,54,54,54],"current_hp_per_floor":[66,66,64,64,64,60,64,64,64,66,66,66,66,43,43,40,60,55,55,56,56,59,66,66,66,66,66,73,73,73,73,73,73,73,73,87,87,87,87,87,71,87,87,87,87,87,87,87,87,18,22,71,71,71,87,45],"gold":355,"neow_bonus":"","is_daily":false,"chose_seed":false,"campfire_upgraded":12,"win_rate":0.0,"timestamp":1612580892,"path_taken":["M","M","M","?","?","E","M","R","T","E","R","M","E","?","R","BOSS","?","?","?","?","?","E","T","E","T","?","E","T","?","?","T","BOSS","?","?","?","?","?","T","E","?","T","?","E","?","?","E","T","BOSS","BOSS","T","T","E","BOSS"],"items_purchased_type":["Relic","Relic","Card","Card","Card","Card","Card","Relic","Card","Card","Relic","Card","Card","Card","Relic","Relic","Potion"],"build_version":"2020-12-22","purchased_purges":4,"victory":true,"max_hp_per_floor":[66,66,66,66,66,66,66,66,66,66,66,66,66,66,66,66,66,66,66,66,66,66,66,66,66,66,66,73,73,73,73,73,73,73,73,87,87,87,87,87,87,87,87,87,87,87,87,87,87,87,87,87,87,87,87,87],"relic_stats":{"OrangePellets":[43],"Dream Catcher":1,"counters":[340,1461],"Bronze Scales":[427],"Bloody Idol":32,"Blue Candle":[4],"Snecko Eye":[43,37,41,34],"Prayer Wheel":10,"Pen Nib":[2],"Juzu Bracelet":0,"obtain_stats":[{"TwistedFunnel":0,"Replay:Accelerometer":26,"Vampiric Spirits":0,"Whetstone":55,"Bottled Tornado":54,"Boot":55,"Sling":55,"Blood Vial":20,"Replay:Wanted Poster":34,"Replay:Ringing Soul":48,"Sundial":10,"MealTicket":27,"Fusion Hammer":36,"Necronomicon":22,"Replay:Bottled Flurry":30,"Kunai":26,"Replay:Wax Seal":10,"Electric Blood":17,"Replay:Bottled Steam":43,"Pear":46,"Blue Candle":30,"Counterbalance":0,"Tingsha":0,"Eternal Feather":21,"Pen Nib":48,"Paper Crane":8,"Akabeko":43,"SlaversCollar":17,"Snecko Scales":34,"Bird Faced Urn":12,"Snecko Eye":34,"Mark of Pain":0,"StrikeDummy":6,"Unceasing Top":27,"Abe\u0027s Treasure":17,"Ring of the Serpent":34,"Regal Pillow":0,"Lantern":25,"Singing Bowl":10,"Torii":0,"Magic Flower":11,"Painkiller Herb":19,"StoneCalendar":30,"Bag of Preparation":55,"Replay:Multitool":44,"Cursed Key":34,"Smiling Mask":41,"Burning Blood":0,"Pet Ghost":23,"Replay:Rubber Ducky":55,"Matryoshka":0,"Shovel":0,"Chemical X":21,"Replay:Bottled Eggs":48,"InkBottle":0,"Ring of the Snake":0,"Potion Belt":0,"Lee\u0027s Waffle":54,"The Specimen":25,"Golden Idol":11,"Basket Of Snakes":39,"Thread and Needle":0,"The Courier":14,"PreservedInsect":22,"Omamori":23,"Frozen Egg 2":0,"MawBank":31,"Replay:Arrowhead":9,"Busted Crown":17,"Ornamental Fan":55,"Bloody Idol":19,"Orrery":0,"Turnip":46,"Art of War":40,"Durian":0,"ReplayTheSpireMod:Ring of Challenge":38,"ReplayTheSpireMod:Onyx Gauntlets":34,"ReplayTheSpireMod:Lightbulb":30,"Toy Ornithopter":26,"Ice Cream":14,"Divine Protection":45,"Calipers":32,"Gremlin Horn":9,"Nilry\u0027s Codex":23,"Vajra":28,"Sozu":17,"Centennial Puzzle":9,"HornCleat":14,"DollysMirror":30,"Strawberry":28,"Honey Jar":34,"Prayer Wheel":0,"Iron Hammer":0,"Toxic Egg 2":0,"Byrd Skull":11,"Happy Flower":55,"Replay:Grab Bag":34,"Oddly Smooth Stone":26,"Ring of Chaos":47,"Replay:Kaleidoscope":25,"War Paint":54,"Question Card":0,"Du-Vu Doll":0,"OrangePellets":0,"Bottled Flame":15,"Replay:Baseball":0,"Shuriken":12,"Bronze Scales":12,"Simple Rune":55,"Onion Ring":54,"Molten Egg 2":43,"ReplayTheSpireMod:TigerMarble":17,"Grinning Jar":23,"Pocketwatch":0,"Meat on the Bone":38,"Darkstone Periapt":5,"ReplayFunnel":55,"Mango":6,"Snake Skull":29,"Incense Burner":45,"Juzu Bracelet":43,"ClockworkSouvenir":45,"Dream Catcher":43,"Nunchaku":24,"Replay:Bandana":10,"Mummified Hand":48,"Pantograph":23,"Gambling Chip":24,"Tiny Chest":29,"Red Mask":22,"Replay:Bottled Snecko":8,"Red Skull":6,"Gremlin Food":44,"BargainBundle":7,"ReplayTheSpireMod:Ninjato":40,"Replay:Towering Pillar of Hats":10,"Quantum Egg":46,"Guide Book":0,"Replay:WaspNest":0,"Orichalcum":56,"Medical Kit":42,"Mercury Hourglass":0,"Calling Bell":17,"Anchor":11,"CaptainsWheel":43,"Pondfish Scales":55,"ChewingGum":34,"Snack Pack":8,"Coffee Dripper":17,"Bag of Marbles":11,"Membership Card":0},{"TwistedFunnel":186,"Replay:Accelerometer":294,"Vampiric Spirits":61,"Whetstone":91,"Bottled Tornado":218,"Boot":91,"Sling":91,"Blood Vial":26,"Replay:Wanted Poster":297,"Replay:Ringing Soul":275,"Sundial":256,"MealTicket":58,"Fusion Hammer":80,"Necronomicon":168,"Replay:Bottled Flurry":236,"Kunai":142,"Replay:Wax Seal":224,"Electric Blood":51,"Replay:Bottled Steam":119,"Pear":122,"Blue Candle":30,"Counterbalance":279,"Tingsha":93,"Eternal Feather":200,"Pen Nib":153,"Paper Crane":66,"Akabeko":212,"SlaversCollar":24,"Snecko Scales":115,"Bird Faced Urn":22,"Snecko Eye":326,"Mark of Pain":0,"StrikeDummy":98,"Unceasing Top":143,"Abe\u0027s Treasure":229,"Ring of the Serpent":268,"Regal Pillow":93,"Lantern":294,"Singing Bowl":21,"Torii":186,"Magic Flower":49,"Painkiller Herb":72,"StoneCalendar":174,"Bag of Preparation":91,"Replay:Multitool":120,"Cursed Key":31,"Smiling Mask":211,"Burning Blood":0,"Pet Ghost":56,"Replay:Rubber Ducky":91,"Matryoshka":61,"Shovel":279,"Chemical X":200,"Replay:Bottled Eggs":245,"InkBottle":219,"Ring of the Snake":0,"Potion Belt":126,"Lee\u0027s Waffle":277,"The Specimen":76,"Golden Idol":5,"Basket Of Snakes":82,"Thread and Needle":309,"The Courier":7,"PreservedInsect":11,"Omamori":293,"Frozen Egg 2":14,"MawBank":79,"Replay:Arrowhead":131,"Busted Crown":8,"Ornamental Fan":91,"Bloody Idol":319,"Orrery":126,"Turnip":38,"Art of War":36,"Durian":186,"ReplayTheSpireMod:Ring of Challenge":81,"ReplayTheSpireMod:Onyx Gauntlets":268,"ReplayTheSpireMod:Lightbulb":205,"Toy Ornithopter":171,"Ice Cream":23,"Divine Protection":182,"Calipers":296,"Gremlin Horn":20,"Nilry\u0027s Codex":75,"Vajra":77,"Sozu":258,"Centennial Puzzle":5,"HornCleat":257,"DollysMirror":144,"Strawberry":13,"Honey Jar":237,"Prayer Wheel":93,"Iron Hammer":248,"Toxic Egg 2":156,"Byrd Skull":66,"Happy Flower":91,"Replay:Grab Bag":268,"Oddly Smooth Stone":57,"Ring of Chaos":122,"Replay:Kaleidoscope":204,"War Paint":185,"Question Card":186,"Du-Vu Doll":309,"OrangePellets":93,"Bottled Flame":70,"Replay:Baseball":93,"Shuriken":226,"Bronze Scales":6,"Simple Rune":91,"Onion Ring":247,"Molten Egg 2":304,"ReplayTheSpireMod:TigerMarble":164,"Grinning Jar":169,"Pocketwatch":41,"Meat on the Bone":117,"Darkstone Periapt":18,"ReplayFunnel":91,"Mango":19,"Snake Skull":78,"Incense Burner":87,"Juzu Bracelet":333,"ClockworkSouvenir":151,"Dream Catcher":37,"Nunchaku":75,"Replay:Bandana":100,"Mummified Hand":183,"Pantograph":12,"Gambling Chip":27,"Tiny Chest":266,"Red Mask":140,"Replay:Bottled Snecko":161,"Red Skull":47,"Gremlin Food":87,"BargainBundle":223,"ReplayTheSpireMod:Ninjato":149,"Replay:Towering Pillar of Hats":66,"Quantum Egg":87,"Guide Book":93,"Replay:WaspNest":61,"Orichalcum":92,"Medical Kit":119,"Mercury Hourglass":61,"Calling Bell":164,"Anchor":66,"CaptainsWheel":86,"Pondfish Scales":91,"ChewingGum":176,"Snack Pack":48,"Coffee Dripper":137,"Bag of Marbles":161,"Membership Card":61},{"TwistedFunnel":766,"Replay:Accelerometer":1268,"Vampiric Spirits":244,"Whetstone":364,"Bottled Tornado":916,"Boot":364,"Sling":364,"Blood Vial":107,"Replay:Wanted Poster":1276,"Replay:Ringing Soul":1193,"Sundial":1097,"MealTicket":230,"Fusion Hammer":315,"Necronomicon":684,"Replay:Bottled Flurry":1006,"Kunai":570,"Replay:Wax Seal":943,"Electric Blood":208,"Replay:Bottled Steam":471,"Pear":484,"Blue Candle":123,"Counterbalance":1218,"Tingsha":376,"Eternal Feather":815,"Pen Nib":627,"Paper Crane":257,"Akabeko":879,"SlaversCollar":100,"Snecko Scales":459,"Bird Faced Urn":86,"Snecko Eye":1378,"Mark of Pain":0,"StrikeDummy":392,"Unceasing Top":574,"Abe\u0027s Treasure":971,"Ring of the Serpent":1158,"Regal Pillow":376,"Lantern":1268,"Singing Bowl":82,"Torii":766,"Magic Flower":200,"Painkiller Herb":279,"StoneCalendar":706,"Bag of Preparation":364,"Replay:Multitool":475,"Cursed Key":130,"Smiling Mask":874,"Burning Blood":0,"Pet Ghost":224,"Replay:Rubber Ducky":364,"Matryoshka":244,"Shovel":1218,"Chemical X":815,"Replay:Bottled Eggs":1055,"InkBottle":925,"Ring of the Snake":0,"Potion Belt":505,"Lee\u0027s Waffle":1204,"The Specimen":292,"Golden Idol":17,"Basket Of Snakes":325,"Thread and Needle":1312,"The Courier":25,"PreservedInsect":40,"Omamori":1267,"Frozen Egg 2":51,"MawBank":304,"Replay:Arrowhead":520,"Busted Crown":30,"Ornamental Fan":364,"Bloody Idol":1345,"Orrery":505,"Turnip":156,"Art of War":146,"Durian":766,"ReplayTheSpireMod:Ring of Challenge":318,"ReplayTheSpireMod:Onyx Gauntlets":1158,"ReplayTheSpireMod:Lightbulb":842,"Toy Ornithopter":696,"Ice Cream":93,"Divine Protection":740,"Calipers":1273,"Gremlin Horn":78,"Nilry\u0027s Codex":288,"Vajra":296,"Sozu":1110,"Centennial Puzzle":17,"HornCleat":1103,"DollysMirror":580,"Strawberry":48,"Honey Jar":1014,"Prayer Wheel":376,"Iron Hammer":1074,"Toxic Egg 2":649,"Byrd Skull":257,"Happy Flower":364,"Replay:Grab Bag":1158,"Oddly Smooth Stone":226,"Ring of Chaos":484,"Replay:Kaleidoscope":837,"War Paint":758,"Question Card":766,"Du-Vu Doll":1312,"OrangePellets":376,"Bottled Flame":268,"Replay:Baseball":376,"Shuriken":952,"Bronze Scales":20,"Simple Rune":364,"Onion Ring":1066,"Molten Egg 2":1291,"ReplayTheSpireMod:TigerMarble":674,"Grinning Jar":689,"Pocketwatch":170,"Meat on the Bone":463,"Darkstone Periapt":65,"ReplayFunnel":364,"Mango":73,"Snake Skull":300,"Incense Burner":344,"Juzu Bracelet":1411,"ClockworkSouvenir":618,"Dream Catcher":151,"Nunchaku":288,"Replay:Bandana":399,"Mummified Hand":745,"Pantograph":44,"Gambling Chip":111,"Tiny Chest":1149,"Red Mask":561,"Replay:Bottled Snecko":663,"Red Skull":189,"Gremlin Food":344,"BargainBundle":937,"ReplayTheSpireMod:Ninjato":609,"Replay:Towering Pillar of Hats":257,"Quantum Egg":344,"Guide Book":376,"Replay:WaspNest":244,"Orichalcum":369,"Medical Kit":471,"Mercury Hourglass":244,"Calling Bell":674,"Anchor":257,"CaptainsWheel":341,"Pondfish Scales":364,"ChewingGum":717,"Snack Pack":196,"Coffee Dripper":549,"Bag of Marbles":663,"Membership Card":244}],"Ring of the Snake":[122]},"card_choices":[{"not_picked":["Bane","Sucker Punch","Slice"],"picked":"SKIP","floor":1},{"not_picked":["Dagger Throw","Backstab"],"picked":"Prepared","floor":2},{"not_picked":["ReplayTheSpireMod:Scrap Shanks","Prepared","Quick Slash"],"picked":"SKIP","floor":3},{"not_picked":["Flechettes","Underhanded Strike"],"picked":"Well Laid Plans","floor":6},{"not_picked":["Prepared","Sucker Punch","Deadly Poison"],"picked":"SKIP","floor":7},{"not_picked":["ReplayTheSpireMod:The Works","Flechettes"],"picked":"Dash","floor":10},{"not_picked":["Heel Hook","Setup","Flying Knee"],"picked":"SKIP","floor":12},{"not_picked":["Caltrops","Deflect"],"picked":"Accuracy","floor":13},{"not_picked":["Wraith Form v2","Doppelganger"],"picked":"Envenom","floor":16},{"not_picked":["Sucker Punch","Expertise"],"picked":"Backflip+1","floor":18},{"not_picked":["Backstab","Sucker Punch","Deadly Poison"],"picked":"SKIP","floor":18},{"not_picked":["Noxious Fumes","Riddle With Holes"],"picked":"Choke","floor":20},{"not_picked":["Skewer","ReplayTheSpireMod:Shiv Toss","Accuracy"],"picked":"SKIP","floor":20},{"not_picked":["Underhanded Strike","Backflip"],"picked":"PiercingWail+1","floor":22},{"not_picked":["Dagger Spray","Finisher","Masterful Stab"],"picked":"SKIP","floor":22},{"not_picked":["Caltrops","Underhanded Strike","Dodge and Roll"],"picked":"SKIP","floor":23},{"not_picked":["Dagger Spray","Toxin Wave","Flying Knee"],"picked":"SKIP","floor":25},{"not_picked":["Prepared","Dagger Spray"],"picked":"Burst","floor":27},{"not_picked":["Dagger Spray","All Out Attack"],"picked":"Leg Sweep","floor":27},{"not_picked":["Deflect","Bane"],"picked":"A Thousand Cuts","floor":28},{"not_picked":["Night Terror","Storm of Steel"],"picked":"Bullet Time","floor":33},{"not_picked":["Escape Plan","Quick Slash"],"picked":"Predator","floor":35},{"not_picked":["Underhanded Strike","Well Laid Plans+1","Slice+1"],"picked":"SKIP","floor":35},{"not_picked":["Skewer","Deadly Poison"],"picked":"Outmaneuver+1","floor":37},{"not_picked":["Escape Plan","Well Laid Plans"],"picked":"Crippling Poison","floor":37},{"not_picked":["Noxious Fumes+1","Quick Slash","Finisher"],"picked":"SKIP","floor":38},{"not_picked":["Hidden Blade","Prepared","Sucker Punch"],"picked":"SKIP","floor":38},{"not_picked":["Underhanded Strike+1","Sucker Punch"],"picked":"Terror","floor":39},{"not_picked":["Well Laid Plans","Cloak And Dagger","Underhanded Strike+1"],"picked":"SKIP","floor":39},{"not_picked":["Finisher","Choke","Sucker Punch"],"picked":"SKIP","floor":41},{"not_picked":["Dodge and Roll+1","Acrobatics+1"],"picked":"Backflip+1","floor":42},{"not_picked":["Escape Plan+1","Deadly Poison"],"picked":"Backflip+1","floor":42},{"not_picked":["Slice","Dodge and Roll"],"picked":"Blur+1","floor":44},{"not_picked":["Night Terror","Bane+1","Blade Dance"],"picked":"SKIP","floor":44},{"not_picked":["Acrobatics","Deflect","Hidden Blade"],"picked":"SKIP","floor":45},{"not_picked":["Underhanded Strike+1","Crippling Poison"],"picked":"ReplayTheSpireMod:Speed Training+1","floor":48},{"not_picked":["Choke","Cloak And Dagger"],"picked":"ReplayTheSpireMod:Tripwire+1","floor":55}],"player_experience":4092308,"relics_obtained":[{"floor":6,"key":"Dream Catcher"},{"floor":9,"key":"Vajra"},{"floor":10,"key":"Bronze Scales"},{"floor":13,"key":"Prayer Wheel"},{"floor":23,"key":"ReplayTheSpireMod:Lightbulb"},{"floor":25,"key":"Replay:Arrowhead"},{"floor":28,"key":"Strawberry"},{"floor":30,"key":"Lantern"},{"floor":36,"key":"Mango"},{"floor":41,"key":"Akabeko"},{"floor":43,"key":"Juzu Bracelet"},{"floor":45,"key":"Blue Candle"},{"floor":48,"key":"Replay:Towering Pillar of Hats"},{"floor":55,"key":"Pen Nib"}],"event_choices":[{"cards_removed":["Strike_G"],"damage_healed":0,"gold_gain":0,"player_choice":"Card Removal","damage_taken":0,"max_hp_gain":0,"max_hp_loss":0,"event_name":"The Cleric","floor":4,"gold_loss":75},{"damage_healed":0,"gold_gain":0,"player_choice":"Grow","damage_taken":0,"max_hp_gain":0,"max_hp_loss":0,"event_name":"Living Wall","floor":5,"gold_loss":0,"cards_upgraded":["Calculated Gamble"]},{"damage_healed":0,"gold_gain":0,"player_choice":"Take Damage","damage_taken":23,"relics_obtained":["Golden Idol"],"max_hp_gain":0,"max_hp_loss":0,"event_name":"Golden Idol","floor":14,"gold_loss":0},{"damage_healed":0,"gold_gain":0,"player_choice":"Gave Idol","damage_taken":0,"relics_obtained":["Bloody Idol"],"max_hp_gain":0,"max_hp_loss":0,"event_name":"Forgotten Altar","floor":19,"relics_lost":["Golden Idol"],"gold_loss":0},{"damage_healed":0,"gold_gain":0,"player_choice":"Ignored","damage_taken":0,"max_hp_gain":0,"max_hp_loss":0,"event_name":"Vampires","floor":21,"gold_loss":0},{"damage_healed":0,"gold_gain":0,"player_choice":"Fight","damage_taken":0,"max_hp_gain":0,"max_hp_loss":0,"event_name":"MindBloom","floor":36,"gold_loss":0},{"damage_healed":0,"gold_gain":0,"player_choice":"Ignored","damage_taken":0,"max_hp_gain":0,"max_hp_loss":0,"event_name":"Tomb of Lord Red Mask","floor":46,"gold_loss":0},{"cards_removed":["Strike_G"],"damage_healed":0,"gold_gain":0,"player_choice":"Removed Attack","damage_taken":0,"max_hp_gain":0,"max_hp_loss":0,"event_name":"Falling","floor":47,"gold_loss":0}],"is_beta":false,"boss_relics":[{"not_picked":["Astrolabe","ChewingGum"],"picked":"Painkiller Herb"},{"not_picked":["Empty Cage","Tiny House"],"picked":"Snecko Eye"}],"items_purged_floors":[0,0,0,54],"is_endless":false,"potions_floor_spawned":[1,7,13,22,25,27,28,33,37,39,42,44],"ascension_level":20}}