{"host":"r0e4s450fexxrjel","time":1612620516,"event":{"mods":["AchievementEnabler","Act Like it!","Aspiration","BaseMod","BetterRewards","Clawfect","Colored Map","Conspire","Dota2Spire","Downfall","Energized Spire","Friendly Minions","Gensokyo","GifTheSpireLib","Gold Saver","Halation","Hubris","Minty Spire (QoL Compilation)","Pale of the Ancients","Reliquary","Replay The Spire","Shop Mod","StS++","StSLib","Stuff the Spire","Waifu the Spire"],"gold_per_floor":[99,116,116,136,146,50,102,119,119,119,146,146,157,307,320,422,422,422,436,386,386,416,432,510,528,543,543,563,612,612,630,649,746,746,746,746,746,746,746,764,816,830,858,870,770,782,796,464,482,482,500,500,550,550,550,570,570,570,570,570],"floor_reached":61,"language":"DEU","playtime":3648,"items_purged":[],"score":1384,"play_id":"2faecb04-af9c-4bd1-ab6c-0c74c2077eed","local_time":"20210206150836","is_ascension_mode":false,"campfire_choices":[{"data":"Guardian:TwinSlam","floor":1,"key":"SMITH"},{"data":"Guardian:Orbwalk","floor":12,"key":"SMITH"},{"data":"Guardian:DonusPower","floor":18,"key":"SMITH"},{"floor":27,"key":"REST"},{"data":"Guardian:DecasProtection","floor":30,"key":"SMITH"},{"data":"Guardian:ConstructionForm","floor":35,"key":"SMITH"},{"floor":45,"key":"REST"},{"data":"ReplayUltimateDefense","floor":55,"key":"SMITH"},{"data":"Guardian:SphericShield","floor":57,"key":"SMITH"}],"circlet_count":0,"master_deck":["Guardian:Strike_Guardian","Guardian:Strike_Guardian","Guardian:Strike_Guardian","Guardian:Strike_Guardian+1","Guardian:Defend_Guardian","Guardian:Defend_Guardian","Guardian:Defend_Guardian","Guardian:Defend_Guardian","Guardian:TwinSlam+1","Guardian:RollAttack","Guardian:CurlUp+1","Guardian:EvasiveProtocol+1","Guardian:ArmoredProtocol","Guardian:PiercingHide","Guardian:Orbwalk+1","Guardian:SpikerProtocol","Guardian:DonusPower+1","Guardian:PrimingBeam","downfall:Icky","Guardian:RevengeProtocol","Guardian:AncientConstruct","Guardian:SpikerProtocol+1","Guardian:DecasProtection+1","Guardian:VentSteam","Guardian:ConstructionForm+1","Guardian:CurlUp","Guardian:DonusPower+1","Guardian:PrimingBeam+1","Guardian:TemporalShield+1","Guardian:TemporalStrike+1","Guardian:SpikerProtocol","Guardian:Orbwalk","Guardian:BodySlam","Guardian:ArmoredProtocol","Guardian:PolyBeam","Guardian:DecasProtection","Guardian:TemporalStrike+1","Guardian:EvasiveProtocol+1","Guardian:ChargeCore","Guardian:DecasProtection+1","Guardian:SphericShield+1","Guardian:VentSteam+1","ReplayUltimateDefense+1","Guardian:Planning+1","Guardian:ChargeCore+1","Guardian:Suspension","Guardian:TemporalStrike+1","Guardian:DecasProtection+1","Guardian:Suspension+1","Guardian:BronzeArmor","Guardian:PrismaticBeam"],"relics":["Guardian:ModeShifter","Gremlin Food","StuffTheSpire:CocoNut","Dota2Spire:Bloodstone","StuffTheSpire:OldFever","reliquary:PrincelyHelmet","ReplayTheSpireMod:Lightbulb","energizedSpire:StickyHand","Incense Burner","StuffTheSpire:Mouthbags","halation:AfternoonTea","downfall:HeartBlessingGreen","Happy Flower","paleoftheancients:Timepiece","paleoftheancients:KeyRelic","Gremlin Horn","CultistMask","paleoftheancients:SoulOfTheThorton","Durian","paleoftheancients:SoulOfTheVixen","Dota2Spire:Mjollnir"],"acts_visited":["Exordium","Gensokyo:Gensokyoer","Gensokyo:Gensokyoest","paleoftheancients:PaleOfTheAncients"],"potions_floor_usage":[22,33,33,33,43,50,50,50,50,60,60],"damage_taken":[{"damage":1,"enemies":"conspire:RoseBush","floor":2,"turns":5},{"damage":1,"enemies":"Jaw Worm","floor":4,"turns":4},{"damage":0,"enemies":"Small Slimes","floor":5,"turns":4},{"damage":0,"enemies":"downfall:FleeingMerchant","floor":6,"turns":4},{"damage":0,"enemies":"Large Slime","floor":8,"turns":7},{"damage":4,"enemies":"Gremlin Nob","floor":11,"turns":6},{"damage":1,"enemies":"Exordium Wildlife","floor":13,"turns":5},{"damage":0,"enemies":"Blue Slaver","floor":15,"turns":3},{"damage":41,"enemies":"WA_ARCHETYPE_RETAIN","floor":16,"turns":10},{"damage":0,"enemies":"Gensokyo:2_Gloops","floor":19,"turns":5},{"damage":8,"enemies":"conspire:MimicChest","floor":22,"turns":7},{"damage":9,"enemies":"Gensokyo:AngelMirror","floor":23,"turns":4},{"damage":4,"enemies":"Gensokyo:Slime_Group","floor":25,"turns":6},{"damage":10,"enemies":"Gensokyo:Wraith","floor":26,"turns":6},{"damage":0,"enemies":"Gensokyo:Swordslinger","floor":28,"turns":5},{"damage":21,"enemies":"Gensokyo:Slime_Group","floor":31,"turns":6},{"damage":0,"enemies":"Gensokyo:Wraith","floor":32,"turns":3},{"damage":39,"enemies":"IC_MUSHROOM_ARCHETYPE","floor":33,"turns":7},{"damage":0,"enemies":"Gensokyo:AncientGuardian","floor":40,"turns":7},{"damage":0,"enemies":"Gensokyo:3_Bats","floor":42,"turns":5},{"damage":31,"enemies":"Gensokyo:Kasen","floor":43,"turns":8},{"damage":0,"enemies":"Gensokyo:Rafflesia","floor":44,"turns":8},{"damage":0,"enemies":"Gensokyo:Dusk_and_Dawn","floor":46,"turns":5},{"damage":1,"enemies":"Gensokyo:AtlasGolem","floor":47,"turns":6},{"damage":0,"enemies":"downfall:FleeingMerchant","floor":48,"turns":4},{"damage":0,"enemies":"Gensokyo:4_Bats","floor":49,"turns":5},{"damage":52,"enemies":"DF_ARCHETYPE_ORBS","floor":50,"turns":11},{"damage":47,"enemies":"DF_ARCHETYPE_ORBS","floor":51,"turns":13},{"damage":84,"enemies":"DF_ARCHETYPE_ORBS","floor":52,"turns":4},{"damage":0,"enemies":"paleoftheancients:Thorton2","floor":53,"turns":5},{"damage":29,"enemies":"paleoftheancients:Thorton2","floor":56,"turns":13},{"damage":88,"enemies":"paleoftheancients:N","floor":60,"turns":14}],"seed_played":"-2026615008174227917","potions_obtained":[{"floor":4,"key":"bronze:BurnAndBuffPotion"},{"floor":5,"key":"Dota2Spire:HealingSalve"},{"floor":13,"key":"Explosive Potion"},{"floor":15,"key":"EntropicBrew"},{"floor":19,"key":"Strength Potion"},{"floor":23,"key":"Cursed Concoction"},{"floor":32,"key":"Regen Potion"},{"floor":33,"key":"Guardian:StasisDiscoveryPotion"},{"floor":43,"key":"champ:CounterPotion"},{"floor":46,"key":"SmokeBomb"},{"floor":47,"key":"EntropicBrew"},{"floor":49,"key":"Guardian:AcceleratePotion"}],"is_trial":false,"path_per_floor":["R","M","?","M","M","$","T","M","?","?","E","R","M","?","M","B",null,"R","M","?","?","?","M","T","M","M","R","M","T","R","M","M","B",null,"R","?","?","?","?","M","T","M","E","M","R","M","M","$","M","B","M","M","M","T","R","M","R","T","?","B",null],"character_chosen":"GUARDIAN","items_purchased":["Guardian:Orbwalk","Happy Flower","ReplayUltimateDefense"],"campfire_rested":2,"item_purchase_floors":[6,48,48],"current_hp_per_floor":[88,87,87,86,86,86,86,86,86,86,89,89,88,88,88,47,95,95,95,102,102,94,85,85,81,71,101,101,101,101,80,80,56,102,102,62,62,62,62,62,62,62,31,55,85,99,98,98,98,102,79,102,102,107,107,93,93,93,93,56],"gold":570,"neow_bonus":"TEN_PERCENT_HP_BONUS","is_daily":false,"chose_seed":false,"campfire_upgraded":7,"win_rate":0.0,"timestamp":1612620516,"path_taken":["R","M","?","M","M","?","T","M","?","?","E","R","M","?","M","BOSS","R","M","?","?","?","M","T","?","M","R","M","?","R","M","M","BOSS","R","?","?","?","?","M","T","M","E","?","R","M","M","$","M","BOSS","M","M","?","T","R","M","R","T","?","BOSS"],"items_purchased_type":["Card","Relic","Card"],"build_version":"2020-12-22","purchased_purges":0,"victory":true,"max_hp_per_floor":[88,88,88,88,88,88,88,88,88,88,95,95,95,95,95,95,95,95,95,102,102,102,102,102,102,102,102,102,102,102,102,102,102,102,102,102,102,102,102,102,102,102,102,102,102,102,102,102,102,102,102,102,102,107,107,107,107,107,107,107],"card_choices":[{"not_picked":["Guardian:Suspension","Guardian:BodySlam"],"picked":"Guardian:RollAttack","floor":2},{"not_picked":["Guardian:Emergency","Guardian:Preprogram"],"picked":"Guardian:EvasiveProtocol","floor":4},{"not_picked":["Guardian:Recover","Guardian:RollAttack"],"picked":"Guardian:ArmoredProtocol","floor":5},{"not_picked":["Guardian:ChargeCore","Guardian:VentSteam"],"picked":"Guardian:PiercingHide","floor":6},{"not_picked":["Guardian:GuardianWhirl","Guardian:Preprogram"],"picked":"Guardian:SpikerProtocol","floor":8},{"not_picked":["Guardian:PiercingHide","Guardian:VentSteam"],"picked":"Guardian:DonusPower","floor":11},{"not_picked":["Guardian:BodySlam","Guardian:PiercingHide"],"picked":"Guardian:PrimingBeam","floor":13},{"not_picked":["Guardian:Preprogram","Guardian:Gem_Cyan"],"picked":"Guardian:RevengeProtocol","floor":15},{"not_picked":["Guardian:StasisStrike","Guardian:HyperBeam_Guardian"],"picked":"Guardian:AncientConstruct","floor":16},{"not_picked":["Guardian:Reroute","Guardian:TemporalStrike+1"],"picked":"Guardian:Gem_Fragmented","floor":19},{"not_picked":["Guardian:Gem_Purple","Guardian:MultiBeam"],"picked":"Guardian:Gem_Fragmented","floor":22},{"not_picked":["Guardian:EvasiveProtocol","Guardian:WalkerClaw"],"picked":"Guardian:SpikerProtocol+1","floor":23},{"not_picked":["Guardian:Preprogram","Guardian:VentSteam"],"picked":"Guardian:Gem_Purple","floor":25},{"not_picked":["Guardian:PiercingHide+1","Guardian:ShieldCharger+1"],"picked":"Guardian:DecasProtection","floor":26},{"not_picked":["Guardian:VentSteam","Guardian:Gem_Yellow"],"picked":"Guardian:Gem_Lightblue","floor":28},{"not_picked":["Guardian:Repulse","Guardian:Gem_Lightblue"],"picked":"Guardian:Gem_Blue","floor":31},{"not_picked":["Guardian:TimeBomb+1","Guardian:DecasProtection"],"picked":"Guardian:VentSteam","floor":32},{"not_picked":["Guardian:RevengeProtocol","Guardian:GatlingBeam"],"picked":"Guardian:ConstructionForm","floor":33},{"not_picked":["Guardian:TimeBomb","Guardian:Reroute","Guardian:Gem_Lightblue"],"picked":"SKIP","floor":40},{"not_picked":["Guardian:DonusPower+1","Guardian:TemporalShield+1"],"picked":"Guardian:PrimingBeam+1","floor":42},{"not_picked":["Guardian:SpikerProtocol","Guardian:Orbwalk"],"picked":"Guardian:TemporalStrike+1","floor":43},{"not_picked":["Guardian:BodySlam","Guardian:PolyBeam"],"picked":"Guardian:ArmoredProtocol","floor":44},{"not_picked":["Guardian:DecasProtection","Guardian:TemporalStrike+1"],"picked":"Guardian:Gem_Green","floor":46},{"not_picked":["Guardian:EvasiveProtocol+1","Guardian:ChargeCore"],"picked":"Guardian:DecasProtection+1","floor":47},{"not_picked":["Guardian:Gem_Green","Guardian:SphericShield"],"picked":"Guardian:VentSteam+1","floor":48},{"not_picked":["Guardian:ChargeCore+1","Guardian:Suspension"],"picked":"Guardian:Planning+1","floor":49},{"not_picked":["Guardian:Reroute","Guardian:WalkerClaw","Guardian:Gem_Lightblue"],"picked":"SKIP","floor":51},{"not_picked":["Guardian:TemporalStrike+1","Guardian:DecasProtection+1"],"picked":"Guardian:Gem_Orange","floor":53},{"not_picked":["Guardian:Suspension+1","Guardian:PrismaticBeam"],"picked":"Guardian:BronzeArmor","floor":56}],"player_experience":84935,"relics_obtained":[{"floor":7,"key":"Gremlin Food"},{"floor":11,"key":"StuffTheSpire:CocoNut"},{"floor":22,"key":"StuffTheSpire:OldFever"},{"floor":24,"key":"reliquary:PrincelyHelmet"},{"floor":29,"key":"ReplayTheSpireMod:Lightbulb"},{"floor":41,"key":"StuffTheSpire:Mouthbags"},{"floor":43,"key":"halation:AfternoonTea"},{"floor":53,"key":"paleoftheancients:SoulOfTheThorton"},{"floor":54,"key":"Durian"},{"floor":56,"key":"paleoftheancients:SoulOfTheVixen"},{"floor":58,"key":"Dota2Spire:Mjollnir"}],"event_choices":[],"is_beta":false,"boss_relics":[{"not_picked":["bronze:MakeshiftBattery","Abe\u0027s Treasure"],"picked":"Dota2Spire:Bloodstone"},{"not_picked":["StSpp:CrystalBall","Honey Jar"],"picked":"energizedSpire:StickyHand"}],"items_purged_floors":[],"is_endless":false,"potions_floor_spawned":[4,5,13,15,19,23,32,33,43,46,47,49],"ascension_level":0}}