{"host":"pfy6u49v5s5r680p","time":1612581364,"event":{"mods":["BaseMod","Colored Map","DeckTracker","Highlight Path","Keyboard Shortcuts","Minty Spire (QoL Compilation)","Permanent Neow","Quick Restart","StSLib","SuperFastMode","everything is the same but u backflip on backflip"],"gold_per_floor":[117,117,127,141,110,135,135,147,221,9,27,27,41,61,61,162,162,178,2,16,28,48,79,79,79,79,79,79],"floor_reached":27,"language":"KOR","playtime":1668,"items_purged":["Strike_B"],"score":364,"play_id":"f1ecd4db-41f9-4eca-a5d4-da377db641cb","local_time":"20210206121604","is_ascension_mode":false,"campfire_choices":[{"data":"Static Discharge","floor":7.0,"key":"SMITH"},{"floor":12.0,"key":"REST"},{"data":"Hologram","floor":15.0,"key":"SMITH"},{"data":"Hologram","floor":24,"key":"SMITH"}],"circlet_count":0,"master_deck":["Defend_B","Defend_B","Defend_B","Defend_B","Zap+1","Dualcast","Recycle","Hologram+1","Cold Snap","FTL","Static Discharge+1","Hologram+1","Thunder Strike","Leap+1","Seek+1","Coolheaded+1","Turbo+1","Gash","Defragment","Glacier+1","Ghostly+1","Ghostly+1","Ghostly+1","Ghostly+1","Ghostly+1"],"relics":["Astrolabe","Toy Ornithopter","Toxic Egg 2","Runic Pyramid","Du-Vu Doll","InkBottle"],"acts_visited":["Exordium","TheCity"],"potions_floor_usage":[21,21,23],"damage_taken":[{"damage":0.0,"enemies":"Small Slimes","floor":1.0,"turns":6.0},{"damage":0.0,"enemies":"Cultist","floor":3.0,"turns":4.0},{"damage":2.0,"enemies":"2 Louse","floor":4.0,"turns":3.0},{"damage":15.0,"enemies":"Exordium Thugs","floor":5.0,"turns":6.0},{"damage":31.0,"enemies":"3 Sentries","floor":6.0,"turns":10.0},{"damage":14.0,"enemies":"Lots of Slimes","floor":8.0,"turns":3.0},{"damage":1.0,"enemies":"Large Slime","floor":11.0,"turns":5.0},{"damage":7.0,"enemies":"2 Fungi Beasts","floor":13.0,"turns":3.0},{"damage":0.0,"enemies":"Red Slaver","floor":14.0,"turns":4.0},{"damage":30.0,"enemies":"Hexaghost","floor":16.0,"turns":13.0},{"damage":10.0,"enemies":"Spheric Guardian","floor":18.0,"turns":4.0},{"damage":0.0,"enemies":"Chosen","floor":20.0,"turns":6.0},{"damage":4,"enemies":"Snecko","floor":21,"turns":5},{"damage":0,"enemies":"Centurion and Healer","floor":22,"turns":9},{"damage":32,"enemies":"Slavers","floor":23,"turns":4},{"damage":39,"enemies":"3 Cultists","floor":27,"turns":7}],"seed_played":"533811153480059167","potions_obtained":[{"floor":4.0,"key":"SkillPotion"},{"floor":6.0,"key":"Weak Potion"},{"floor":11.0,"key":"EssenceOfDarkness"},{"floor":13.0,"key":"Swift Potion"},{"floor":18.0,"key":"EssenceOfSteel"},{"floor":20.0,"key":"Ancient Potion"},{"floor":21,"key":"ColorlessPotion"}],"is_trial":false,"path_per_floor":["M","?","M","M","M","E","R","M","T","$","M","R","M","M","R","B",null,"M","$","M","M","M","E","R","?","T","M"],"character_chosen":"DEFECT","items_purchased":["Thunder Strike","Leap+1","Coolheaded+1","Turbo+1"],"campfire_rested":1,"item_purchase_floors":[10,10,19,19],"current_hp_per_floor":[75,75,75,73,58,27,27,13,13,13,12,34,27,27,27,12,75,65,65,65,71,71,43,43,37,37,0,0],"gold":79,"neow_bonus":"BOSS_RELIC","is_daily":false,"chose_seed":false,"campfire_upgraded":3,"win_rate":0.0,"timestamp":1612581364,"path_taken":["M","?","M","M","M","E","R","M","T","$","M","R","M","M","R","BOSS","M","$","M","M","M","E","R","?","T","M"],"items_purchased_type":["Card","Card","Card","Card"],"build_version":"2020-12-22","purchased_purges":1,"victory":false,"max_hp_per_floor":[75,75,75,75,75,75,75,75,75,75,75,75,75,75,75,75,75,75,75,75,75,75,75,75,37,37,37,37],"card_choices":[{"not_picked":["Streamline","Undo"],"picked":"Recycle","floor":1.0},{"not_picked":["Auto Shields","Reinforced Body"],"picked":"Hologram","floor":3.0},{"not_picked":["White Noise","Reinforced Body"],"picked":"Cold Snap","floor":4.0},{"not_picked":["Go for the Eyes","Turbo"],"picked":"FTL","floor":5.0},{"not_picked":["Core Surge","Barrage"],"picked":"Static Discharge","floor":6.0},{"not_picked":["Melter","Conserve Battery"],"picked":"Hologram","floor":8.0},{"not_picked":["Cold Snap","Recycle+1","Gash"],"picked":"SKIP","floor":11.0},{"not_picked":["Steam Power+1","Go for the Eyes","Steam+1"],"picked":"SKIP","floor":13.0},{"not_picked":["Leap+1","Blizzard","Melter"],"picked":"SKIP","floor":14.0},{"not_picked":["Amplify+1","Rainbow+1"],"picked":"Seek+1","floor":16.0},{"not_picked":["Beam Cell","Hello World","Sweeping Beam"],"picked":"SKIP","floor":18.0},{"not_picked":["Darkness+1","Doom and Gloom+1"],"picked":"Gash","floor":20.0},{"not_picked":["Static Discharge","Cold Snap","Go for the Eyes+1"],"picked":"SKIP","floor":21},{"not_picked":["Barrage","Streamline"],"picked":"Defragment","floor":22},{"not_picked":["Storm","Tempest+1"],"picked":"Glacier+1","floor":23}],"player_experience":169024,"relics_obtained":[{"floor":6.0,"key":"Toy Ornithopter"},{"floor":9.0,"key":"Toxic Egg 2"},{"floor":23,"key":"Du-Vu Doll"},{"floor":26,"key":"InkBottle"}],"event_choices":[{"damage_healed":0.0,"max_hp_gain":0.0,"max_hp_loss":0.0,"gold_gain":0.0,"event_name":"Upgrade Shrine","player_choice":"Upgraded","floor":2.0,"gold_loss":0.0,"damage_taken":0.0,"cards_upgraded":["Zap"]},{"damage_healed":0,"gold_gain":0,"player_choice":"Became a Ghost","damage_taken":0,"max_hp_gain":0,"max_hp_loss":38,"event_name":"Ghosts","floor":25,"gold_loss":0,"cards_obtained":["Ghostly","Ghostly","Ghostly","Ghostly","Ghostly"]}],"is_beta":false,"boss_relics":[{"not_picked":["SacredBark","Velvet Choker"],"picked":"Runic Pyramid"}],"items_purged_floors":[19],"is_endless":false,"potions_floor_spawned":[4,6,11,13,14,18,20,21],"killed_by":"3 Cultists","ascension_level":0}}