{"host":"epc8efk9vrywpcsw","time":1612616440,"event":{"mods":["BaseMod","Minty Spire (QoL Compilation)","Relic Stats","StSLib"],"gold_per_floor":[112,122,131,290,316,279,42,42,66,66,66],"floor_reached":10,"language":"ENG","playtime":184,"items_purged":["Regret"],"score":116,"play_id":"b4facc88-bbfc-46ba-829f-94cd8f0dfd68","local_time":"20210206140040","is_ascension_mode":true,"campfire_choices":[{"data":"Neutralize","floor":8,"key":"SMITH"}],"circlet_count":0,"master_deck":["AscendersBane","Strike_G","Strike_G","Strike_G","Strike_G","Strike_G","Defend_G","Defend_G","Defend_G+1","Defend_G","Defend_G","Survivor+1","Neutralize+1","Eviscerate","Dagger Throw","Doubt","Dagger Spray","Underhanded Strike"],"relics":["Ring of the Snake","NeowsBlessing","CeramicFish","War Paint","Pen Nib"],"acts_visited":["Exordium"],"potions_floor_usage":[],"damage_taken":[{"damage":0,"enemies":"Jaw Worm","floor":1,"turns":1},{"damage":0,"enemies":"Small Slimes","floor":2,"turns":1},{"damage":0,"enemies":"2 Louse","floor":5,"turns":2},{"damage":13,"enemies":"Exordium Thugs","floor":6,"turns":5},{"damage":7,"enemies":"Lagavulin","floor":10,"turns":4}],"seed_played":"4371004126467356708","potions_obtained":[{"floor":5,"key":"Strength Potion"},{"floor":6,"key":"SteroidPotion"}],"is_trial":false,"path_per_floor":["M","M","?","?","M","M","$","R","T","E"],"character_chosen":"THE_SILENT","items_purchased":["War Paint"],"campfire_rested":0,"item_purchase_floors":[7],"current_hp_per_floor":[59,59,59,59,59,46,46,46,46,39,39],"gold":66,"neow_bonus":"THREE_ENEMY_KILL","is_daily":false,"chose_seed":false,"campfire_upgraded":1,"win_rate":0.0,"timestamp":1612616440,"path_taken":["M","M","?","?","M","M","$","R","T","E"],"items_purchased_type":["Relic"],"build_version":"2020-12-22","purchased_purges":1,"victory":false,"max_hp_per_floor":[66,66,66,66,66,66,66,66,66,66,66],"relic_stats":{"counters":[5,13],"CeramicFish":36,"Pen Nib":[0],"War Paint":["Survivor","Defend_G"],"obtain_stats":[{"NeowsBlessing":0,"CeramicFish":3,"Pen Nib":9,"War Paint":7,"Ring of the Snake":0},{"NeowsBlessing":0,"CeramicFish":2,"Pen Nib":4,"War Paint":4,"Ring of the Snake":0},{"NeowsBlessing":0,"CeramicFish":2,"Pen Nib":9,"War Paint":9,"Ring of the Snake":0}],"Ring of the Snake":[10]},"card_choices":[{"not_picked":["Flying Knee","Flechettes"],"picked":"Eviscerate","floor":1},{"not_picked":["Bane","Quick Slash"],"picked":"Dagger Throw","floor":2},{"not_picked":["Quick Slash","Flying Knee"],"picked":"Dagger Spray","floor":5},{"not_picked":["Tactician","Caltrops"],"picked":"Underhanded Strike","floor":6}],"player_experience":492037,"relics_obtained":[{"floor":9,"key":"Pen Nib"}],"event_choices":[{"damage_healed":0,"gold_gain":0,"player_choice":"Box","damage_taken":0,"relics_obtained":["CeramicFish"],"max_hp_gain":0,"max_hp_loss":0,"event_name":"Big Fish","floor":3,"gold_loss":0,"cards_obtained":["Regret"]},{"damage_healed":0,"gold_gain":150,"player_choice":"AGREE","damage_taken":0,"max_hp_gain":0,"max_hp_loss":0,"event_name":"Liars Game","floor":4,"gold_loss":0,"cards_obtained":["Doubt"]}],"is_beta":false,"boss_relics":[],"items_purged_floors":[7],"is_endless":false,"potions_floor_spawned":[5,6],"killed_by":"Lagavulin","ascension_level":20}}