{"host":"oopoa2qluour3scl","time":1612597619,"event":{"mods":["2.2 Compatiblity","AchievementEnabler","AlwaysNeverKeys","BaseMod","Better Match","Better Note","Better Sensory Stone","Better Third Choice","Better Vampires","BetterRewards","Colored Powertips","Communication Mod","Minty Spire (QoL Compilation)","Practice Mode","Random Character Button","Relic Stats","StSLib","SuperFastMode","Swap Starting Deck Mod"],"gold_per_floor":[115,215,234,246,256,281,281,308,331,346,346,346,106,131,131,262,262,202,202,202,202,202,202,202,127,127,127,127,127,2,2,2,2,2,2,2,2,2,2,2,2,2,2,2,2,2,2,2,2,2,2,2,2,2,2],"floor_reached":56,"language":"ENG","playtime":4008,"items_purged":["Strike_B","Injury","Strike_B"],"score":1458,"play_id":"f8f7ebaf-7662-41f5-b4d7-8072676adc3b","local_time":"20210206084659","is_ascension_mode":false,"campfire_choices":[{"data":"Zap","floor":7,"key":"SMITH"},{"floor":11,"key":"REST"},{"floor":15,"key":"REST"},{"data":"Sunder","floor":23,"key":"SMITH"},{"floor":29,"key":"REST"},{"floor":32,"key":"REST"},{"floor":41,"key":"REST"},{"floor":47,"key":"REST"},{"floor":49,"key":"REST"},{"floor":52,"key":"REST"}],"circlet_count":0,"master_deck":["Strike_B","Defend_B","Defend_B","Defend_B","Defend_B","Zap+1","Dualcast","Thunder Strike","Storm","Machine Learning","Sunder+1","Hello World","Conserve Battery","Genetic Algorithm","Fusion","Ball Lightning","Heatsinks","Hyperbeam","Amplify","Electrodynamics","Self Repair+1","A Thousand Cuts","Reinforced Body+1","Capacitor","Thunder Strike","Thunder Strike","Conserve Battery+1","Self Repair+1","Hologram+1","Ball Lightning+1","White Noise","Creative AI","Defragment+1","Meteor Strike"],"relics":["Cracked Core","Du-Vu Doll","Cables","Happy Flower","Art of War","Golden Idol","Ectoplasm","Blood Vial","Juzu Bracelet","WingedGreaves","Fusion Hammer","Gremlin Horn","TungstenRod","Pen Nib","Singing Bowl","Bird Faced Urn","CaptainsWheel","Boot","Ginger"],"acts_visited":["Exordium","TheCity","TheBeyond","TheEnding"],"potions_floor_usage":[6,16,50,55],"damage_taken":[{"damage":5,"enemies":"Jaw Worm","floor":1,"turns":5},{"damage":6,"enemies":"Cultist","floor":3,"turns":3},{"damage":1,"enemies":"2 Louse","floor":4,"turns":2},{"damage":1,"enemies":"2 Fungi Beasts","floor":5,"turns":4},{"damage":34,"enemies":"3 Sentries","floor":6,"turns":7},{"damage":25,"enemies":"Gremlin Nob","floor":8,"turns":4},{"damage":0,"enemies":"Large Slime","floor":10,"turns":4},{"damage":0,"enemies":"Gremlin Gang","floor":14,"turns":1},{"damage":33,"enemies":"Hexaghost","floor":16,"turns":6},{"damage":23,"enemies":"2 Thieves","floor":18,"turns":4},{"damage":10,"enemies":"Spheric Guardian","floor":21,"turns":3},{"damage":5,"enemies":"Cultist and Chosen","floor":22,"turns":5},{"damage":31,"enemies":"Gremlin Leader","floor":24,"turns":6},{"damage":22,"enemies":"Slavers","floor":27,"turns":2},{"damage":39,"enemies":"Snake Plant","floor":28,"turns":4},{"damage":12,"enemies":"Sentry and Sphere","floor":31,"turns":3},{"damage":46,"enemies":"Champ","floor":33,"turns":11},{"damage":27,"enemies":"Orb Walker","floor":35,"turns":4},{"damage":20,"enemies":"3 Shapes","floor":39,"turns":5},{"damage":29,"enemies":"Nemesis","floor":40,"turns":5},{"damage":22,"enemies":"Reptomancer","floor":42,"turns":5},{"damage":47,"enemies":"Nemesis","floor":44,"turns":5},{"damage":36,"enemies":"Jaw Worm Horde","floor":45,"turns":4},{"damage":0,"enemies":"Mind Bloom Boss Battle","floor":46,"turns":4},{"damage":62,"enemies":"Donu and Deca","floor":50,"turns":7},{"damage":32,"enemies":"Shield and Spear","floor":54,"turns":4},{"damage":93,"enemies":"The Heart","floor":55,"turns":8}],"seed_played":"6579975220523699001","potions_obtained":[{"floor":3,"key":"Fruit Juice"},{"floor":4,"key":"SpeedPotion"},{"floor":8,"key":"FearPotion"},{"floor":14,"key":"ColorlessPotion"},{"floor":16,"key":"Swift Potion"},{"floor":19,"key":"Fire Potion"},{"floor":19,"key":"SkillPotion"},{"floor":19,"key":"DistilledChaos"},{"floor":24,"key":"Explosive Potion"},{"floor":27,"key":"Ancient Potion"},{"floor":44,"key":"LiquidBronze"}],"is_trial":false,"path_per_floor":["M","?","M","M","M","E","R","E","T","M","R","?","$","M","R","B",null,"M","?","?","M","M","R","E","?","T","E","M","R","$","M","R","B",null,"M","?","?","$","M","E","R","E","T","E","M","?","R","T","R","B",null,"R","$","E","B",null],"character_chosen":"DEFECT","items_purchased":["Thunder Strike","Storm","Machine Learning","Sunder","Hyperbeam"],"campfire_rested":8,"item_purchase_floors":[0,0,0,0,13],"current_hp_per_floor":[70,70,64,63,62,33,33,8,8,8,32,32,32,32,56,23,80,57,57,57,57,62,62,51,51,51,41,14,38,38,38,62,28,80,63,63,63,63,65,58,80,78,78,53,45,75,82,82,82,52,82,82,82,74,29],"gold":2,"neow_bonus":"","is_daily":false,"chose_seed":false,"campfire_upgraded":2,"win_rate":0.0,"timestamp":1612597619,"path_taken":["M","?","M","M","?","E","R","E","T","M","R","?","?","M","R","BOSS","M","?","?","M","?","R","E","?","T","E","M","R","?","M","R","BOSS","M","?","?","?","M","E","R","E","T","E","M","?","R","?","R","BOSS","R","$","E","BOSS"],"items_purchased_type":["Card","Card","Card","Card","Card"],"build_version":"2020-12-22","purchased_purges":3,"victory":true,"max_hp_per_floor":[75,75,75,75,75,80,80,80,80,80,80,80,80,80,80,80,80,80,80,80,80,80,80,80,80,80,80,80,80,80,80,80,80,80,80,80,80,80,80,80,80,80,80,80,80,82,82,82,82,82,82,82,82,82,82],"relic_stats":{"Happy Flower":[33],"Gremlin Horn":[10,10],"Singing Bowl":16,"counters":[60,227],"Golden Idol":414,"Pen Nib":[3],"Juzu Bracelet":1,"Ginger":[2],"Boot":[0],"Cables":[86,77,0,0,9],"Blood Vial":20,"Bird Faced Urn":[152],"Ectoplasm":739,"Art of War":[24],"obtain_stats":[{"Singing Bowl":25,"Gremlin Horn":37,"CeramicFish":48,"Vajra":28,"Juzu Bracelet":26,"Whetstone":26,"Ginger":54,"Bottled Tornado":43,"Boot":48,"Sozu":0,"Blood Vial":24,"Nunchaku":53,"HornCleat":30,"Mummified Hand":0,"Pantograph":0,"WingedGreaves":27,"Fusion Hammer":34,"Cracked Core":0,"Girya":37,"Happy Flower":8,"Golden Idol":0,"Pen Nib":42,"Frozen Egg 2":23,"Question Card":38,"Cables":0,"Du-Vu Doll":0,"DataDisk":40,"CaptainsWheel":46,"Shuriken":38,"Bronze Scales":0,"Bird Faced Urn":9,"Molten Egg 2":26,"Ectoplasm":17,"Coffee Dripper":34,"Art of War":9,"Bottled Lightning":54,"Toy Ornithopter":23,"TungstenRod":40,"Pocketwatch":6},{"Singing Bowl":19,"Gremlin Horn":51,"CeramicFish":30,"Vajra":20,"Juzu Bracelet":46,"Whetstone":4,"Ginger":59,"Bottled Tornado":28,"Boot":57,"Sozu":0,"Blood Vial":46,"Nunchaku":31,"HornCleat":21,"Mummified Hand":0,"Pantograph":0,"WingedGreaves":47,"Fusion Hammer":50,"Cracked Core":0,"Girya":25,"Happy Flower":39,"Golden Idol":0,"Pen Nib":54,"Frozen Egg 2":17,"Question Card":25,"Cables":0,"Du-Vu Doll":33,"DataDisk":27,"CaptainsWheel":57,"Shuriken":25,"Bronze Scales":0,"Bird Faced Urn":9,"Molten Egg 2":19,"Ectoplasm":42,"Coffee Dripper":23,"Art of War":39,"Bottled Lightning":32,"Toy Ornithopter":3,"TungstenRod":53,"Pocketwatch":9},{"Singing Bowl":61,"Gremlin Horn":180,"CeramicFish":94,"Vajra":64,"Juzu Bracelet":156,"Whetstone":18,"Ginger":219,"Bottled Tornado":90,"Boot":208,"Sozu":0,"Blood Vial":156,"Nunchaku":96,"HornCleat":66,"Mummified Hand":0,"Pantograph":0,"WingedGreaves":158,"Fusion Hammer":176,"Cracked Core":0,"Girya":81,"Happy Flower":127,"Golden Idol":0,"Pen Nib":195,"Frozen Egg 2":54,"Question Card":81,"Cables":0,"Du-Vu Doll":102,"DataDisk":86,"CaptainsWheel":208,"Shuriken":81,"Bronze Scales":0,"Bird Faced Urn":31,"Molten Egg 2":61,"Ectoplasm":138,"Coffee Dripper":73,"Art of War":127,"Bottled Lightning":99,"Toy Ornithopter":14,"TungstenRod":190,"Pocketwatch":31}],"TungstenRod":66},"card_choices":[{"not_picked":["Barrage","Beam Cell"],"picked":"Hello World","floor":1},{"not_picked":["Hologram","Turbo"],"picked":"Conserve Battery","floor":3},{"not_picked":["Compile Driver","Conserve Battery","Scrape"],"picked":"SKIP","floor":4},{"not_picked":["Rebound","Go for the Eyes"],"picked":"Genetic Algorithm","floor":5},{"not_picked":["Sweeping Beam","FTL"],"picked":"Fusion","floor":6},{"not_picked":["Sunder","Hello World"],"picked":"Ball Lightning","floor":8},{"not_picked":["Leap","Force Field"],"picked":"Heatsinks","floor":10},{"not_picked":["Reprogram","Sweeping Beam"],"picked":"Amplify","floor":14},{"not_picked":["Reboot","Amplify"],"picked":"Electrodynamics","floor":16},{"not_picked":["Go for the Eyes","Double Energy"],"picked":"Self Repair+1","floor":18},{"not_picked":["Lockon","Sweeping Beam","Turbo"],"picked":"SKIP","floor":21},{"not_picked":["Steam Power","Storm"],"picked":"Reinforced Body+1","floor":22},{"not_picked":["Leap+1","Storm+1"],"picked":"Capacitor","floor":24},{"not_picked":["Amplify","Reinforced Body"],"picked":"Thunder Strike","floor":27},{"not_picked":["Conserve Battery","Darkness","Steam"],"picked":"SKIP","floor":28},{"not_picked":["Ball Lightning","Beam Cell","Chaos"],"picked":"SKIP","floor":31},{"not_picked":["Fission","Multi-Cast"],"picked":"Thunder Strike","floor":33},{"not_picked":["Auto Shields","Glacier"],"picked":"Conserve Battery+1","floor":35},{"not_picked":["Steam","Turbo+1"],"picked":"Hologram+1","floor":39},{"not_picked":["Scrape","Biased Cognition"],"picked":"Ball Lightning+1","floor":40},{"not_picked":["Rebound+1","Leap+1"],"picked":"White Noise","floor":42},{"not_picked":["Tempest","Heatsinks+1"],"picked":"Creative AI","floor":44},{"not_picked":["Reinforced Body","Self Repair+1"],"picked":"Defragment+1","floor":45},{"not_picked":["Turbo","Compile Driver","Reinforced Body+1"],"picked":"Singing Bowl","floor":46},{"not_picked":["Cold Snap","Sweeping Beam"],"picked":"Meteor Strike","floor":54}],"player_experience":450232,"relics_obtained":[{"floor":6,"key":"Cables"},{"floor":8,"key":"Happy Flower"},{"floor":9,"key":"Art of War"},{"floor":24,"key":"Blood Vial"},{"floor":26,"key":"Juzu Bracelet"},{"floor":27,"key":"WingedGreaves"},{"floor":40,"key":"TungstenRod"},{"floor":42,"key":"Pen Nib"},{"floor":43,"key":"Singing Bowl"},{"floor":44,"key":"Bird Faced Urn"},{"floor":46,"key":"CaptainsWheel"},{"floor":48,"key":"Boot"},{"floor":54,"key":"Ginger"}],"event_choices":[{"damage_healed":0,"gold_gain":100,"player_choice":"Pray","damage_taken":0,"max_hp_gain":0,"max_hp_loss":0,"event_name":"Golden Shrine","floor":2,"gold_loss":0},{"damage_healed":0,"gold_gain":0,"player_choice":"Take Wound","damage_taken":0,"relics_obtained":["Golden Idol"],"max_hp_gain":0,"max_hp_loss":0,"event_name":"Golden Idol","floor":12,"gold_loss":0,"cards_obtained":["Injury"]},{"damage_healed":0,"gold_gain":0,"player_choice":"Got Potions","damage_taken":0,"max_hp_gain":0,"max_hp_loss":0,"event_name":"Lab","floor":19,"gold_loss":0},{"cards_removed":["Hyperbeam"],"damage_healed":0,"gold_gain":0,"player_choice":"Take \u0026 Give","damage_taken":0,"max_hp_gain":0,"max_hp_loss":0,"event_name":"betterNote:BetterNote","floor":20,"gold_loss":0,"cards_obtained":["A Thousand Cuts"]},{"cards_removed":["Strike_B"],"damage_healed":0,"gold_gain":0,"player_choice":"Gave Gold","damage_taken":0,"max_hp_gain":0,"max_hp_loss":0,"event_name":"Beggar","floor":25,"gold_loss":75},{"damage_healed":0,"gold_gain":0,"player_choice":"Copied","damage_taken":0,"max_hp_gain":0,"max_hp_loss":0,"event_name":"Duplicator","floor":36,"gold_loss":0,"cards_obtained":["Self Repair"]},{"damage_healed":0,"gold_gain":0,"player_choice":"Gave Potion","damage_taken":0,"relics_obtained":["Gremlin Horn"],"max_hp_gain":0,"max_hp_loss":0,"event_name":"WeMeetAgain","floor":37,"gold_loss":0},{"damage_healed":0,"gold_gain":0,"player_choice":"Fight","damage_taken":0,"max_hp_gain":0,"max_hp_loss":0,"event_name":"MindBloom","floor":46,"gold_loss":0}],"is_beta":false,"boss_relics":[{"not_picked":["Busted Crown","Black Star"],"picked":"Ectoplasm"},{"not_picked":["Calling Bell","Philosopher\u0027s Stone"],"picked":"Fusion Hammer"}],"items_purged_floors":[0,13,30],"is_endless":false,"potions_floor_spawned":[3,4,8,14,16,22,24,27,28,35,44,46],"ascension_level":0}}