{"host":"mal0jdk4f6ubgyb8","time":1612606998,"event":{"mods":["100% Spire Juice","Act Like it!","Aspiration","BaseMod","CapriCore","Gensokyo","KinomotoSakuraMod(ƒæ÷Æ±æ”£)","Koishi","Luminous","Marisa£®ÏF”Í°°ƒß¿Ì…≥£©","Minty Spire (QoL Compilation)","Pale of the Ancients","Quick Restart","Reimu£®≤©¿ˆ¡È√Œ£©","Relic Stats","Reliquary","Remilia£®¿Ÿ√◊¿Ú—«£©","Replay The Spire","Spicy Shops","StSLib","The Immortal","WarShipGirlsR/’ΩΩ¢…Ÿ≈ÆR mod","Yakumo Yukari mod","Youmu£®ªÍ∆«—˝√Œ£©","Yuri Mod","Yuyuko"],"gold_per_floor":[110,126,138,313,326,360,360,360,386,428,61,73,114,114,114,224,251,279,312,358,63,107,164,191,268,268,350,382,403,446,446,446,577,586,632,632,641,641,641,701,701,742,742,305,305,320,320,359,359,399,462,497,561,54,54,99,99,99,99,119],"floor_reached":61,"language":"ZHS","playtime":5084,"items_purged":["Doubt","Conquer:ReiMu"],"score":1581,"play_id":"248b4475-f0e1-41dc-b527-162daf74a8d0","local_time":"20210206182318","is_ascension_mode":true,"campfire_choices":[{"data":"Conquer:ReiMu","floor":7.0,"key":"SMITH"},{"data":"Gathering:ReiMu","floor":15.0,"key":"SMITH"},{"floor":32.0,"key":"REST"},{"floor":41,"key":"REST"},{"floor":47,"key":"RECALL"},{"data":"Ghost Spot","floor":49,"key":"SMITH"},{"data":"Apotheosis","floor":55,"key":"SMITH"},{"data":"SubcavityFantasy:ReiMu","floor":57,"key":"SMITH"}],"circlet_count":0,"master_deck":["Defend_Lin:ReiMu","Defend_Lin:ReiMu","Defend_Lin:ReiMu","Defend_Lin:ReiMu","Stagnation:ReiMu","Gathering:ReiMu+1","AirStrike:ReiMu","Conquer:ReiMu+1","RainPray2:ReiMu","RainPray2:ReiMu","Hidden Blade","BinaryStars","Crusade:ReiMu+1","CleanRite:ReiMu+1","ManaGlint:ReiMu+1","yuri:StealPen+1","yuri:BookGreen","Luminous:Abyss_Heart_Luminous","ButterflyHabitatTemple_purple+1","SubcavityFantasy:ReiMu+1","rmod:luckystar+1","Luminous:Lunar_Tide_Luminous","Koishi:StingingMind+1","Ghost Spot+1","AbeCurse","yuri:SturdyUniform+1","Gensokyo:MorningMist","MokouMod:FujiyamaVolcano+1","SuperPerseids+1","Gensokyo:GapWoman","Specialist+1","ClowCardTheLittle+1","SharpContractionReality_purple+1","Apotheosis+1","Quick Slash+1"],"relics":["FlyPower:ReiMu","NeowsBlessing","CeramicFish","RuthlessExorcism:ReiMu","aspiration:Lifesprig","reliquary:Bookmark","PrismaticShard","Thread and Needle","Astrolabe","Chemical X","ReplayTheSpireMod:Lightbulb","reliquary:RosewoodLute","Regal Pillow","Pocketwatch","Molten Egg 2","Replay:WaspNest","Lizard Tail","Abe\u0027s Treasure","Happy Flower","Bronze Scales","Sling","ReplayTheSpireMod:Shallot","reliquary:TuningFork","paleoftheancients:Timepiece","paleoftheancients:KeyRelic","paleoftheancients:SoulOfTheWokeBloke","SkyOrb:ReiMu","Chameleon Ring","Frozen Eye","Strawberry","reliquary:RoseTintedGlasses"],"acts_visited":["Exordium","Exordium","Gensokyo:Gensokyoer","Gensokyo:Gensokyoest"],"potions_floor_usage":[35,40,60,60,60,60,60],"damage_taken":[{"damage":0.0,"enemies":"Small Slimes","floor":1.0,"turns":2.0},{"damage":0.0,"enemies":"Jaw Worm","floor":2.0,"turns":1.0},{"damage":0.0,"enemies":"Cultist","floor":3.0,"turns":1.0},{"damage":0.0,"enemies":"Large Slime","floor":5.0,"turns":5.0},{"damage":16.0,"enemies":"3 Sentries","floor":6.0,"turns":3.0},{"damage":8.0,"enemies":"Replay:BlueRogue","floor":10.0,"turns":7.0},{"damage":2.0,"enemies":"Red Slaver","floor":12.0,"turns":3.0},{"damage":1.0,"enemies":"Gremlin Nob","floor":13.0,"turns":4.0},{"damage":32.0,"enemies":"The Guardian","floor":16.0,"turns":11.0},{"damage":0.0,"enemies":"Gensokyo:AngelMirror","floor":18.0,"turns":2.0},{"damage":5.0,"enemies":"Gensokyo:CosmicMonolith","floor":19.0,"turns":4.0},{"damage":4.0,"enemies":"Gensokyo:Mirror_and_Dog","floor":20.0,"turns":4.0},{"damage":29.0,"enemies":"Gensokyo:Monolith_and_Dog","floor":22.0,"turns":6.0},{"damage":8.0,"enemies":"Gensokyo:Koishi","floor":23.0,"turns":6.0},{"damage":1.0,"enemies":"Gensokyo:Reisen","floor":25.0,"turns":7.0},{"damage":26.0,"enemies":"Gensokyo:Tenshi","floor":27.0,"turns":6.0},{"damage":0.0,"enemies":"Gensokyo:Wraith","floor":28.0,"turns":4.0},{"damage":0.0,"enemies":"Gensokyo:Mirror_and_Dog","floor":29.0,"turns":1.0},{"damage":5.0,"enemies":"Gensokyo:Chomper_and_Gloop","floor":30.0,"turns":4.0},{"damage":39.0,"enemies":"Gensokyo:Eternal_Rivals","floor":33.0,"turns":7.0},{"damage":1,"enemies":"Gensokyo:3_Boulders","floor":35,"turns":3},{"damage":56,"enemies":"Gensokyo:Marisa","floor":40,"turns":5},{"damage":0,"enemies":"Gensokyo:3_Bats","floor":42,"turns":4},{"damage":0,"enemies":"Gensokyo:Sharpion","floor":46,"turns":4},{"damage":0,"enemies":"Gensokyo:Doremy","floor":48,"turns":4},{"damage":4,"enemies":"Gensokyo:Yuyuko","floor":50,"turns":6},{"damage":4,"enemies":"Gensokyo:Yuyuko","floor":51,"turns":4},{"damage":30,"enemies":"Gensokyo:Yuyuko","floor":52,"turns":4},{"damage":24,"enemies":"Gensokyo:Yuyuko","floor":56,"turns":4},{"damage":33,"enemies":"paleoftheancients:N","floor":60,"turns":7}],"seed_played":"-145463571875663376","potions_obtained":[{"floor":1.0,"key":"LiquidMemories"},{"floor":5.0,"key":"SpeedPotion"},{"floor":10.0,"key":"FearPotion"},{"floor":12.0,"key":"Flashbang"},{"floor":18.0,"key":"Regen Potion"},{"floor":25.0,"key":"SteroidPotion"},{"floor":27.0,"key":"BlessingOfTheForge"},{"floor":28.0,"key":"Toxic Potion"},{"floor":30.0,"key":"BlessingOfTheForge"},{"floor":33.0,"key":"Block Potion"},{"floor":35,"key":"Venom Potion"},{"floor":48,"key":"Adrenaline Potion"},{"floor":51,"key":"Energy Potion"},{"floor":53,"key":"EntropicBrew"}],"is_trial":false,"path_per_floor":["M","M","M","?","M","E","R","?","T","E","$","M","E","?","R","B",null,"M","M","M","COS","M","E","T","E","T","E","M","M","M","?","R","B",null,"M","?","?","?","?","E","R","M","T","COS","T","M","R","E","R","B","M","M","?","$","R","M","R","T","?","B",null],"character_chosen":"REIMU","items_purchased":["reliquary:Bookmark","PrismaticShard","Apotheosis","Frozen Eye","Strawberry"],"campfire_rested":2,"item_purchase_floors":[11,11,54,54,54],"current_hp_per_floor":[65,65,65,65,65,49,49,49,49,41,41,39,38,38,38,6,65,65,60,56,56,27,34,34,33,33,7,7,7,2,2,36,32,65,64,64,64,64,64,12,46,46,46,46,46,50,50,54,54,65,63,50,34,41,41,46,46,46,46,48],"gold":119,"neow_bonus":"THREE_ENEMY_KILL","is_daily":false,"chose_seed":false,"campfire_upgraded":5,"win_rate":0.0,"timestamp":1612606998,"path_taken":["M","M","M","?","M","E","R","?","T","E","$","?","E","?","R","BOSS","M","M","M","COS","M","E","?","E","T","E","M","?","M","?","R","BOSS","M","?","?","?","?","E","R","?","T","COS","?","M","R","E","R","BOSS","M","M","?","$","R","M","R","T","?","BOSS"],"items_purchased_type":["Relic","Relic","Card","Relic","Relic"],"build_version":"2020-12-22","purchased_purges":2,"victory":true,"max_hp_per_floor":[65,65,65,65,65,65,65,65,65,65,65,65,65,65,65,65,65,65,65,65,65,65,65,65,65,65,65,65,65,65,65,65,65,65,65,65,65,65,65,65,65,65,65,65,65,65,65,65,65,65,65,65,65,72,72,72,72,72,72,72],"relic_stats":{"Regal Pillow":30,"Lizard Tail":32,"Happy Flower":[12],"counters":[30,132],"CeramicFish":288,"Astrolabe":["Crusade:ReiMu","CleanRite:ReiMu","ManaGlint:ReiMu"],"Bronze Scales":[75],"Chemical X":[8],"obtain_stats":[{"aspiration:Lifesprig":10,"Regal Pillow":25,"CeramicFish":6,"PrismaticShard":11,"Sling":44,"Frozen Eye":23,"Lizard Tail":30,"Chameleon Ring":53,"Strawberry":54,"reliquary:RoseTintedGlasses":58,"Chemical X":21,"paleoftheancients:KeyRelic":50,"NeowsBlessing":0,"Happy Flower":40,"Astrolabe":17,"Thread and Needle":13,"Replay:WaspNest":27,"reliquary:RosewoodLute":24,"reliquary:Bookmark":11,"paleoftheancients:Timepiece":50,"ReplayTheSpireMod:Shallot":45,"paleoftheancients:SoulOfTheWokeBloke":51,"Bronze Scales":43,"Molten Egg 2":27,"reliquary:TuningFork":48,"SkyOrb:ReiMu":52,"FlyPower:ReiMu":0,"ReplayTheSpireMod:Lightbulb":23,"Abe\u0027s Treasure":34,"RuthlessExorcism:ReiMu":8,"Pocketwatch":26},{"aspiration:Lifesprig":6,"Regal Pillow":15,"CeramicFish":5,"PrismaticShard":6,"Sling":23,"Frozen Eye":13,"Lizard Tail":19,"Chameleon Ring":28,"Strawberry":28,"reliquary:RoseTintedGlasses":29,"Chemical X":12,"paleoftheancients:KeyRelic":26,"NeowsBlessing":0,"Happy Flower":22,"Astrolabe":9,"Thread and Needle":8,"Replay:WaspNest":16,"reliquary:RosewoodLute":14,"reliquary:Bookmark":6,"paleoftheancients:Timepiece":26,"ReplayTheSpireMod:Shallot":23,"paleoftheancients:SoulOfTheWokeBloke":27,"Bronze Scales":23,"Molten Egg 2":16,"reliquary:TuningFork":25,"SkyOrb:ReiMu":28,"FlyPower:ReiMu":0,"ReplayTheSpireMod:Lightbulb":14,"Abe\u0027s Treasure":20,"RuthlessExorcism:ReiMu":5,"Pocketwatch":15},{"aspiration:Lifesprig":18,"Regal Pillow":65,"CeramicFish":12,"PrismaticShard":18,"Sling":99,"Frozen Eye":52,"Lizard Tail":77,"Chameleon Ring":121,"Strawberry":121,"reliquary:RoseTintedGlasses":125,"Chemical X":46,"paleoftheancients:KeyRelic":113,"NeowsBlessing":0,"Happy Flower":95,"Astrolabe":36,"Thread and Needle":25,"Replay:WaspNest":71,"reliquary:RosewoodLute":58,"reliquary:Bookmark":18,"paleoftheancients:Timepiece":113,"ReplayTheSpireMod:Shallot":99,"paleoftheancients:SoulOfTheWokeBloke":117,"Bronze Scales":99,"Molten Egg 2":67,"reliquary:TuningFork":107,"SkyOrb:ReiMu":118,"FlyPower:ReiMu":0,"ReplayTheSpireMod:Lightbulb":58,"Abe\u0027s Treasure":87,"RuthlessExorcism:ReiMu":12,"Pocketwatch":65}],"Pocketwatch":[30]},"card_choices":[{"not_picked":["TightArray:ReiMu","DoubleButterfly:ReiMu"],"picked":"Conquer:ReiMu","floor":1.0},{"not_picked":["WonderfulDomain:ReiMu","RainPray2:ReiMu"],"picked":"Gathering:ReiMu","floor":2.0},{"not_picked":["SealNeedle:ReiMu","OctopathBindingBorder2:ReiMu"],"picked":"AirStrike:ReiMu","floor":3.0},{"not_picked":["SubcavityInstant:ReiMu","SubAcupoint:ReiMu"],"picked":"Conquer:ReiMu","floor":5.0},{"not_picked":["Determination:ReiMu","PassingAway:ReiMu"],"picked":"RainPray2:ReiMu","floor":6.0},{"not_picked":["SafetyPray:ReiMu","SubAcupoint:ReiMu"],"picked":"RainPray2:ReiMu","floor":10.0},{"not_picked":["ClowCardTheWood","Ghostdom Sakura","ConstancyOfTheConventionalTruth"],"picked":"SKIP","floor":12.0},{"not_picked":["Replay:Sssssssssstrike","Sunder"],"picked":"Hidden Blade","floor":13.0},{"not_picked":["MokouMod:Rekindle","Storm of Steel"],"picked":"BinaryStars","floor":16.0},{"not_picked":["SpreadBorder2:ReiMu","Unpaved Way"],"picked":"yuri:StealPen+1","floor":18.0},{"not_picked":["MokouMod:ResonanceReactor","SpringWay:ReiMu","yuri:ReactiveMadness"],"picked":"SKIP","floor":19.0},{"not_picked":["The Nether","Luminous:Blinding_Pillar_Luminous"],"picked":"yuri:BookGreen","floor":20.0},{"not_picked":["Meditation:ReiMu","BlasphemousPunishment"],"picked":"Luminous:Abyss_Heart_Luminous","floor":22.0},{"not_picked":["Panic Button","Nihility"],"picked":"ButterflyHabitatTemple_purple+1","floor":23.0},{"not_picked":["OctopathSalyBorderN:ReiMu","PrayRite:ReiMu"],"picked":"SubcavityFantasy:ReiMu","floor":25.0},{"not_picked":["rmod:victimresponsibility+1","Dagger Throw+1","Moonworks:RagingMadness+1"],"picked":"SKIP","floor":25.0},{"not_picked":["Redo","Koishi:ParalyzingFear+1"],"picked":"rmod:luckystar+1","floor":27.0},{"not_picked":["yuri:GrowingInsanity","Warcry","Defragment"],"picked":"SKIP","floor":28.0},{"not_picked":["Moonworks:CastOff","MokouMod:EternalBurstReactor+1"],"picked":"Luminous:Lunar_Tide_Luminous","floor":29.0},{"not_picked":["yuri:ChibiInvasion+1","Luminous:Dark_Extract+1"],"picked":"Koishi:StingingMind+1","floor":30.0},{"not_picked":["Atom Bomb+1","MokouMod:RadiantBlade+1"],"picked":"Ghost Spot","floor":33.0},{"not_picked":["ScarletDevil+1","Barrage+1"],"picked":"yuri:SturdyUniform+1","floor":35},{"not_picked":["Gensokyo:BrilliantDragonBullet","Gensokyo:SalamanderShield"],"picked":"Gensokyo:MorningMist","floor":37},{"not_picked":["DeadlyForm","Replay:Poison Smokescreen+1"],"picked":"MokouMod:FujiyamaVolcano+1","floor":40},{"not_picked":["End of Faramita+1","ClowCardTheChange+1"],"picked":"SuperPerseids+1","floor":42},{"not_picked":["EmptyFist+1","MokouMod:RoaringFlare+1","ClowCardTheShot+1"],"picked":"SKIP","floor":46},{"not_picked":["Koishi:FadingMemory","Mountainwind:ReiMu+1"],"picked":"Specialist+1","floor":48},{"not_picked":["Koishi:BramblyRoseGarden","Prepared"],"picked":"ClowCardTheLittle+1","floor":51},{"not_picked":["MokouMod:ScorchedEarth+1","Perfected Strike+1","Luminous:Dark_Extract+1"],"picked":"SKIP","floor":52},{"not_picked":["ClowCardTheLittle+1","PayForSelf:ReiMu+1"],"picked":"SharpContractionReality_purple+1","floor":53},{"not_picked":["Chill+1","Bane+1"],"picked":"Quick Slash+1","floor":56}],"player_experience":388001,"relics_obtained":[{"floor":6.0,"key":"CeramicFish"},{"floor":10.0,"key":"aspiration:Lifesprig"},{"floor":13.0,"key":"Thread and Needle"},{"floor":23.0,"key":"ReplayTheSpireMod:Lightbulb"},{"floor":24.0,"key":"reliquary:RosewoodLute"},{"floor":25.0,"key":"Regal Pillow"},{"floor":26.0,"key":"Pocketwatch"},{"floor":27.0,"key":"Replay:WaspNest"},{"floor":40,"key":"Happy Flower"},{"floor":43,"key":"Bronze Scales"},{"floor":45,"key":"ReplayTheSpireMod:Shallot"},{"floor":48,"key":"reliquary:TuningFork"},{"floor":51,"key":"paleoftheancients:SoulOfTheWokeBloke"},{"floor":53,"key":"Chameleon Ring"},{"floor":58,"key":"reliquary:RoseTintedGlasses"}],"event_choices":[{"damage_healed":0.0,"max_hp_gain":0.0,"max_hp_loss":0.0,"gold_gain":175.0,"event_name":"Liars Game","player_choice":"AGREE","floor":4.0,"gold_loss":0.0,"damage_taken":0.0,"cards_obtained":["Doubt"]},{"damage_healed":0.0,"max_hp_gain":0.0,"max_hp_loss":0.0,"gold_gain":0.0,"event_name":"WeMeetAgain","player_choice":"Gave Potion","floor":8.0,"gold_loss":0.0,"damage_taken":0.0,"relics_obtained":["RuthlessExorcism:ReiMu"]},{"cards_removed":["Strike_Lin:ReiMu"],"damage_healed":0.0,"max_hp_gain":0.0,"max_hp_loss":0.0,"gold_gain":0.0,"event_name":"Wheel of Change","player_choice":"Card Removal","floor":14.0,"gold_loss":0.0,"damage_taken":0.0}],"is_beta":false,"boss_relics":[{"not_picked":["Painkiller Herb","Kintsugi"],"picked":"Astrolabe"},{"not_picked":["aspiration:SilentSkillbook","Fusion Hammer"],"picked":"Abe\u0027s Treasure"}],"items_purged_floors":[11,54],"is_endless":false,"potions_floor_spawned":[1,5,10,12,18,25,27,28,30,33,35,48,51,52],"ascension_level":2}}