{"host":"bp73yv6vym73vckj","time":1612601240,"event":{"mods":["BaseMod","Colored Powertips","Conspire","Downfall","Hermit","Highlight Path","Hubris","Infinite Spire","Ironclad Rager","Minty Spire (QoL Compilation)","Quick Restart","Replay The Spire","StSLib","The Construct","The Cursed","The Hierophant","The IronCluck","The Runesmith"],"gold_per_floor":[99,112,122,122,142,142,166,182,182,209,209,235,253,268,286,382,382,382,12,12,23,36,21,45,59,79,79,105,105,105,105,124,124,124,124],"floor_reached":33,"language":"ENG","playtime":3198,"items_purged":[],"score":279,"play_id":"e34b327b-77e0-4522-9fdb-ae80f707dcc4","local_time":"20210206034720","is_ascension_mode":false,"campfire_choices":[{"floor":18,"key":"DIG"},{"data":"Discovery","floor":27,"key":"SMITH"},{"floor":30,"key":"RECALL"}],"circlet_count":0,"master_deck":["sneckomod:Strike","sneckomod:Strike","sneckomod:Strike","sneckomod:Defend","sneckomod:Defend","sneckomod:Defend","sneckomod:TailWhip","sneckomod:SnekBite","champ:SkillfulDodge","sneckomod:DiceCrush","sneckomod:Nope+1","infinitespire:Starlight","hermit:Dive","sneckomod:SerpentMind","sneckomod:UnknownVulnerable","hermit:BlackWind","sneckomod:UnknownUncommonPower","sneckomod:SoulDraw","sneckomod:UnknownCommonSkill","sneckomod:ImprovisedGuard","sneckomod:UnknownBoss","CurseOfTheBell","sneckomod:SerpentIdol","expansioncontent:StudyTheSpire","sneckomod:CheapStock","Discovery+1","sneckomod:UnendingSupply","sneckomod:UnknownRarePower","sneckomod:SoulDraw","sneckomod:Nope","sneckomod:UnknownExhaust","ReplayTheSpireMod:Book of Names","sneckomod:SoulRoll","sneckomod:UnknownBlock"],"relics":["sneckomod:SneckoSoul","conspire:TopHat","Counterbalance","Calling Bell","conspire:DeflatedDodgeball","Lizard Tail","hubris:GlazedTorus","downfall:RedIOU","hubris:ToyBattleship","White Beast Statue","hubris:MysteriousPyramids","hubris:Towel"],"acts_visited":["Exordium","TheCity"],"potions_floor_usage":[16,16,25,33,33,33],"damage_taken":[{"damage":0,"enemies":"conspire:RoseBush","floor":2,"turns":3},{"damage":0,"enemies":"Cultist","floor":3,"turns":3},{"damage":0,"enemies":"2 Louse","floor":5,"turns":2},{"damage":3,"enemies":"conspire:2 RoseBushes","floor":8,"turns":6},{"damage":48,"enemies":"Lagavulin","floor":10,"turns":8},{"damage":21,"enemies":"3 Sentries","floor":12,"turns":8},{"damage":8,"enemies":"Red Slaver","floor":13,"turns":3},{"damage":0,"enemies":"Exordium Thugs","floor":14,"turns":3},{"damage":19,"enemies":"3 Louse","floor":15,"turns":5},{"damage":55,"enemies":"DF_ARCHETYPE_STREAMLINE","floor":16,"turns":13},{"damage":1,"enemies":"downfall:FleeingMerchant","floor":19,"turns":4},{"damage":28,"enemies":"Shell Parasite","floor":21,"turns":6},{"damage":17,"enemies":"Spheric Guardian","floor":22,"turns":7},{"damage":4,"enemies":"downfall:FleeingMerchant","floor":23,"turns":4},{"damage":48,"enemies":"Cultist and Chosen","floor":25,"turns":10},{"damage":34,"enemies":"Shelled Parasite and Fungi","floor":26,"turns":9},{"damage":37,"enemies":"Nightmare","floor":28,"turns":8},{"damage":22,"enemies":"Centurion and Healer","floor":32,"turns":5},{"damage":17,"enemies":"SI_MIRROR_ARCHETYPE","floor":33,"turns":4}],"seed_played":"2801687468897038258","potions_obtained":[{"floor":3,"key":"LifebloodPotion"},{"floor":13,"key":"Reflective Coating"},{"floor":15,"key":"BlessingOfTheForge"},{"floor":16,"key":"DuplicationPotion"},{"floor":26,"key":"AttackPotion"},{"floor":28,"key":"Swift Potion"},{"floor":32,"key":"DuplicationPotion"}],"is_trial":false,"path_per_floor":["R","M","M","?","M","R","T","M","?","E","R","E","M","M","M","B",null,"R","$","?","M","M","$","T","M","M","R","NM","T","R","?","M","B"],"character_chosen":"THE_SNECKO","items_purchased":["expansioncontent:StudyTheSpire","sneckomod:CheapStock","Discovery"],"campfire_rested":0,"item_purchase_floors":[19,19,19],"current_hp_per_floor":[99,99,99,75,85,85,85,92,92,54,54,43,45,55,46,1,99,99,98,98,70,63,59,59,21,50,50,28,28,28,28,16,0,0,0],"gold":124,"neow_bonus":"TEN_PERCENT_HP_BONUS","is_daily":false,"chose_seed":false,"campfire_upgraded":1,"win_rate":0.0,"timestamp":1612601240,"path_taken":["R","M","M","?","M","R","T","M","?","E","R","E","M","M","M","BOSS","R","?","?","M","M","?","T","M","?","R","NM","?","R","?","M","BOSS"],"items_purchased_type":["Card","Card","Card"],"build_version":"2020-12-22","purchased_purges":0,"victory":false,"max_hp_per_floor":[99,99,99,99,99,99,99,99,99,99,99,99,99,99,99,99,99,99,99,99,99,99,99,99,99,99,99,99,99,99,99,99,99,99,99],"card_choices":[{"not_picked":["sneckomod:QuickMove","sneckomod:QuickBite"],"picked":"sneckomod:DiceCrush","floor":2},{"not_picked":["sneckomod:SoulRoll","sneckomod:SnakeSap"],"picked":"sneckomod:Nope","floor":3},{"not_picked":["infinitespire:Oblivion","infinitespire:Fortify"],"picked":"infinitespire:Starlight","floor":4},{"not_picked":["sneckomod:QuickBite","sneckomod:UnknownWeak"],"picked":"sneckomod:Unknown1Cost","floor":5},{"not_picked":["sneckomod:SlitherStrike","sneckomod:WideSting"],"picked":"sneckomod:SerpentMind","floor":8},{"not_picked":["sneckomod:TrashToTreasure","sneckomod:UnknownWeak"],"picked":"sneckomod:UnknownVulnerable","floor":10},{"not_picked":["sneckomod:UnknownVulnerable","sneckomod:UnknownUncommonSkill"],"picked":"sneckomod:UnknownUncommonPower","floor":12},{"not_picked":["sneckomod:Unknown1Cost","sneckomod:SlitherStrike"],"picked":"sneckomod:SoulDraw","floor":13},{"not_picked":["sneckomod:IronFang","sneckomod:DefensiveFlair"],"picked":"sneckomod:UnknownCommonSkill","floor":14},{"not_picked":["sneckomod:UnknownStrike","sneckomod:DiceCrush"],"picked":"sneckomod:ImprovisedGuard","floor":15},{"not_picked":["sneckomod:SoulExchange","sneckomod:Mudshield"],"picked":"sneckomod:UnknownBoss","floor":16},{"not_picked":["sneckomod:UnknownCommonSkill","sneckomod:DangerNoodle"],"picked":"sneckomod:SerpentIdol","floor":19},{"not_picked":["sneckomod:Unknown2Cost","sneckomod:CheapStock"],"picked":"sneckomod:UnendingSupply","floor":21},{"not_picked":["sneckomod:UnknownCommonSkill","sneckomod:ImprovisedGuard"],"picked":"sneckomod:UnknownRarePower","floor":22},{"not_picked":["sneckomod:UnknownWeak+1","sneckomod:UnknownClassTHE_CHAMP_GRAY"],"picked":"sneckomod:SoulDraw","floor":23},{"not_picked":["sneckomod:UnknownClassTHE_CHAMP_GRAY","sneckomod:DiceCrush"],"picked":"sneckomod:Nope","floor":25},{"not_picked":["sneckomod:UnknownClassDEFAULT_GRAY_COLOR","sneckomod:DiceBoulder+1"],"picked":"sneckomod:UnknownExhaust","floor":26},{"not_picked":["ReplayTheSpireMod:Black Plague","infinitespire:Gouge"],"picked":"ReplayTheSpireMod:Book of Names","floor":28},{"not_picked":["sneckomod:UnknownX+1","sneckomod:QuickBite+1"],"picked":"sneckomod:SoulRoll","floor":28},{"not_picked":["sneckomod:Unknown1Cost","sneckomod:ImprovisedAttack+1"],"picked":"sneckomod:UnknownBlock","floor":32}],"player_experience":1007633,"relics_obtained":[{"floor":10,"key":"conspire:TopHat"},{"floor":12,"key":"Counterbalance"},{"floor":17,"key":"conspire:DeflatedDodgeball"},{"floor":17,"key":"Dream Catcher"},{"floor":17,"key":"Lizard Tail"},{"floor":18,"key":"hubris:GlazedTorus"},{"floor":24,"key":"hubris:ToyBattleship"},{"floor":28,"key":"White Beast Statue"},{"floor":29,"key":"hubris:MysteriousPyramids"}],"event_choices":[],"is_beta":false,"boss_relics":[{"not_picked":["Honey Jar","hubris:Backtick"],"picked":"Calling Bell"}],"items_purged_floors":[],"is_endless":false,"potions_floor_spawned":[3,13,15,16,26,28,32],"killed_by":"SI_MIRROR_ARCHETYPE","ascension_level":0}}