{"host":"vyjryxuuuxkt43k4","time":1612627636,"event":{"mods":["AchievementEnabler","BaseMod","Colored Map","DeckTracker","Highlight Path","Keyboard Shortcuts","Minty Spire (QoL Compilation)","Permanent Neow","Quick Restart","StSLib","SuperFastMode","everything is the same but u backflip on backflip"],"gold_per_floor":[117,117,132,147,171,171,214,214,292,336,357,5,5,23,23,121,121,142,67,67,90,108,108,8,29,29,42,114,114,114,114],"floor_reached":30,"language":"KOR","playtime":1050,"items_purged":["Strike_P","Strike_P"],"score":460,"play_id":"013d4ee8-2b4d-4f61-8af9-4b796a85485f","local_time":"20210207010716","is_ascension_mode":true,"campfire_choices":[{"data":"Eruption","floor":6.0,"key":"SMITH"},{"floor":8.0,"key":"REST"},{"floor":13.0,"key":"REST"},{"floor":15.0,"key":"REST"},{"floor":23,"key":"REST"},{"floor":29,"key":"REST"}],"circlet_count":0,"master_deck":["AscendersBane","Strike_P+1","Strike_P","Defend_P","Defend_P+1","Defend_P+1","Defend_P","Eruption+1","Vigilance","Study","Adaptation","SignatureMove","TalkToTheHand","Adaptation","FearNoEvil","LessonLearned","Protect+1","EmptyBody"],"relics":["PureWater","CaptainsWheel","Golden Idol","Lizard Tail","Letter Opener","Tiny Chest","VioletLotus","Incense Burner","The Courier"],"acts_visited":["Exordium","TheCity"],"potions_floor_usage":[],"damage_taken":[{"damage":0.0,"enemies":"2 Louse","floor":1.0,"turns":4.0},{"damage":7.0,"enemies":"Small Slimes","floor":3.0,"turns":4.0},{"damage":2.0,"enemies":"Cultist","floor":4.0,"turns":3.0},{"damage":24.0,"enemies":"Blue Slaver","floor":5.0,"turns":5.0},{"damage":7.0,"enemies":"3 Sentries","floor":7.0,"turns":4.0},{"damage":16.0,"enemies":"Gremlin Nob","floor":10.0,"turns":3.0},{"damage":16.0,"enemies":"Exordium Wildlife","floor":11.0,"turns":4.0},{"damage":16.0,"enemies":"Large Slime","floor":14.0,"turns":2.0},{"damage":21.0,"enemies":"Hexaghost","floor":16.0,"turns":9.0},{"damage":4,"enemies":"Chosen","floor":18,"turns":5},{"damage":15,"enemies":"3 Byrds","floor":21,"turns":5},{"damage":45,"enemies":"Shelled Parasite and Fungi","floor":22,"turns":8},{"damage":22,"enemies":"Sentry and Sphere","floor":25,"turns":6},{"damage":15,"enemies":"Snake Plant","floor":27,"turns":7},{"damage":29,"enemies":"Cultist and Chosen","floor":30,"turns":3}],"seed_played":"8634843641480909593","potions_obtained":[{"floor":1.0,"key":"Fire Potion"},{"floor":3.0,"key":"Regen Potion"},{"floor":10.0,"key":"FearPotion"},{"floor":18,"key":"SteroidPotion"},{"floor":21,"key":"Ancient Potion"},{"floor":22,"key":"SpeedPotion"}],"is_trial":false,"path_per_floor":["M","?","M","M","M","R","E","R","T","E","M","$","R","M","R","B",null,"M","?","?","M","M","R","$","M","T","M","T","R","M"],"character_chosen":"WATCHER","items_purchased":["Fruit Juice","Adaptation","FearNoEvil"],"campfire_rested":5,"item_purchase_floors":[12,12,12],"current_hp_per_floor":[43,43,36,34,24,24,17,35,35,19,3,8,28,12,32,11,53,49,49,49,34,22,42,42,20,20,5,5,25,0,0],"gold":114,"neow_bonus":"ONE_RARE_RELIC","is_daily":false,"chose_seed":false,"campfire_upgraded":1,"win_rate":0.0,"timestamp":1612627636,"path_taken":["M","?","M","M","M","R","E","R","T","E","M","$","R","M","R","BOSS","M","?","?","M","?","R","$","M","T","M","?","R","M"],"items_purchased_type":["Potion","Card","Card"],"build_version":"2020-12-22","purchased_purges":2,"victory":false,"max_hp_per_floor":[68,62,62,62,62,62,62,62,62,62,62,67,67,67,67,67,67,67,67,67,67,67,67,67,67,67,67,67,67,67,67],"card_choices":[{"not_picked":["Vengeance","Prostrate"],"picked":"Study","floor":1.0},{"not_picked":["Wireheading","Sanctity"],"picked":"Adaptation","floor":3.0},{"not_picked":["WindmillStrike","CrushJoints"],"picked":"SignatureMove","floor":4.0},{"not_picked":["BattleHymn","SandsOfTime","BowlingBash"],"picked":"SKIP","floor":5.0},{"not_picked":["Indignation","Consecrate","Conclude"],"picked":"SKIP","floor":7.0},{"not_picked":["JustLucky","MasterReality"],"picked":"Judgement","floor":10.0},{"not_picked":["JustLucky","BowlingBash"],"picked":"TalkToTheHand","floor":11.0},{"not_picked":["FlyingSleeves","Evaluate","CrushJoints"],"picked":"SKIP","floor":14.0},{"not_picked":["Establishment","Devotion"],"picked":"LessonLearned","floor":16.0},{"not_picked":["ReachHeaven","FlurryOfBlows+1","Pray"],"picked":"SKIP","floor":18},{"not_picked":["FlyingSleeves","WreathOfFlame","BattleHymn"],"picked":"SKIP","floor":21},{"not_picked":["FlyingSleeves","LikeWater"],"picked":"Protect+1","floor":22},{"not_picked":["EmptyBody","DeceiveReality","ThirdEye"],"picked":"SKIP","floor":25},{"not_picked":["DeceiveReality","ThirdEye"],"picked":"EmptyBody","floor":25},{"not_picked":["Worship","PathToVictory","BattleHymn"],"picked":"SKIP","floor":27}],"player_experience":808653,"relics_obtained":[{"floor":7.0,"key":"Lizard Tail"},{"floor":9.0,"key":"Letter Opener"},{"floor":10.0,"key":"Tiny Chest"},{"floor":26,"key":"Incense Burner"},{"floor":28,"key":"The Courier"}],"event_choices":[{"damage_healed":0.0,"max_hp_gain":0.0,"max_hp_loss":6.0,"gold_gain":0.0,"event_name":"Golden Idol","player_choice":"Lose Max HP","floor":2.0,"gold_loss":0.0,"damage_taken":0.0,"relics_obtained":["Golden Idol"]},{"cards_removed":["Judgement"],"damage_healed":0,"gold_gain":0,"player_choice":"Gave Gold","damage_taken":0,"max_hp_gain":0,"max_hp_loss":0,"event_name":"Beggar","floor":19,"gold_loss":75},{"damage_healed":0,"gold_gain":0,"player_choice":"Ignored","damage_taken":0,"max_hp_gain":0,"max_hp_loss":0,"event_name":"N\u0027loth","floor":20,"gold_loss":0}],"is_beta":false,"boss_relics":[{"not_picked":["Astrolabe","Sozu"],"picked":"VioletLotus"}],"items_purged_floors":[12,24],"is_endless":false,"potions_floor_spawned":[1,3,4,10,18,21,22],"killed_by":"Cultist and Chosen","ascension_level":18}}