{"host":"l5zfpd2l2htson6l","time":1612592423,"event":{"mods":["AchievementEnabler","BaseMod","Colored Map","Colored Powertips","Minty Spire (QoL Compilation)","Permanent Neow","Quick Restart","Rare Cards Sparkle","Relic Stats","SuperFastMode"],"gold_per_floor":[116,129,145,155,155,155,175,205,205,205,205,215,230,256,256,332,332,344,344,68,84,84,112,112,124,124,124,157,176,189,204,204,278,278,296,296,122,122,132,132,169,188,215,215,255,269,303,320,320,320,320],"floor_reached":50,"language":"ENG","playtime":2723,"items_purged":["Searing Blow"],"score":1187,"play_id":"58b4bce4-415d-4a00-9969-91dfab4c2dfe","local_time":"20210205222023","is_ascension_mode":true,"campfire_choices":[{"data":"Perfected Strike","floor":6.0,"key":"SMITH"},{"data":"Perfected Strike","floor":10.0,"key":"SMITH"},{"data":"Evolve","floor":15.0,"key":"SMITH"},{"floor":27.0,"key":"REST"},{"floor":32.0,"key":"REST"},{"data":"Inflame","floor":40.0,"key":"SMITH"},{"data":"Power Through","floor":49.0,"key":"SMITH"}],"circlet_count":0,"master_deck":["AscendersBane","Bash","Evolve+1","Perfected Strike+1","Ghostly Armor","Twin Strike","Perfected Strike+1","Inflame","Fiend Fire","Limit Break","Second Wind","Bloodletting","Offering","Uppercut","Carnage","Thunderclap","Immolate","Blood for Blood","Twin Strike","Whirlwind","Wild Strike","Perfected Strike","Inflame+1","Flex+1","Shrug It Off","Brutality","Reaper","Shockwave","Exhume","Flame Barrier","Power Through+1","Battle Trance","Shrug It Off","Disarm"],"relics":["Runic Dome","Vajra","Lizard Tail","Magic Flower","Pandora\u0027s Box","Lee\u0027s Waffle","Ginger","Ice Cream","Pocketwatch","Velvet Choker","CeramicFish","Potion Belt","Mango"],"acts_visited":["Exordium","TheCity","TheBeyond"],"potions_floor_usage":[50],"damage_taken":[{"damage":7.0,"enemies":"Small Slimes","floor":1.0,"turns":3.0},{"damage":7.0,"enemies":"2 Louse","floor":2.0,"turns":3.0},{"damage":2.0,"enemies":"Jaw Worm","floor":3.0,"turns":3.0},{"damage":1.0,"enemies":"2 Fungi Beasts","floor":4.0,"turns":4.0},{"damage":3.0,"enemies":"Blue Slaver","floor":7.0,"turns":3.0},{"damage":20.0,"enemies":"Lagavulin","floor":8.0,"turns":6.0},{"damage":0.0,"enemies":"Red Slaver","floor":12.0,"turns":2.0},{"damage":0.0,"enemies":"3 Louse","floor":13.0,"turns":3.0},{"damage":10.0,"enemies":"3 Sentries","floor":14.0,"turns":5.0},{"damage":9.0,"enemies":"Hexaghost","floor":16.0,"turns":6.0},{"damage":16.0,"enemies":"2 Thieves","floor":18.0,"turns":3.0},{"damage":9.0,"enemies":"Chosen","floor":21.0,"turns":3.0},{"damage":6.0,"enemies":"Gremlin Leader","floor":23.0,"turns":3.0},{"damage":27.0,"enemies":"Snake Plant","floor":25.0,"turns":2.0},{"damage":23.0,"enemies":"Slavers","floor":28.0,"turns":3.0},{"damage":18.0,"enemies":"Cultist and Chosen","floor":29.0,"turns":3.0},{"damage":0.0,"enemies":"Snecko","floor":30.0,"turns":2.0},{"damage":1.0,"enemies":"Sentry and Sphere","floor":31.0,"turns":3.0},{"damage":34.0,"enemies":"Collector","floor":33.0,"turns":5.0},{"damage":20.0,"enemies":"3 Shapes","floor":35.0,"turns":4.0},{"damage":45.0,"enemies":"3 Darklings","floor":39.0,"turns":8.0},{"damage":73.0,"enemies":"Nemesis","floor":41.0,"turns":7.0},{"damage":45.0,"enemies":"Jaw Worm Horde","floor":42.0,"turns":4.0},{"damage":15.0,"enemies":"Giant Head","floor":45.0,"turns":4.0},{"damage":25.0,"enemies":"Spire Growth","floor":46.0,"turns":5.0},{"damage":0.0,"enemies":"Mind Bloom Boss Battle","floor":47.0,"turns":3.0},{"damage":21.0,"enemies":"Transient","floor":48.0,"turns":6.0},{"damage":90,"enemies":"Donu and Deca","floor":50,"turns":6}],"seed_played":"6673572234718808331","potions_obtained":[{"floor":2.0,"key":"FearPotion"},{"floor":3.0,"key":"SteroidPotion"},{"floor":14.0,"key":"DistilledChaos"},{"floor":28.0,"key":"ElixirPotion"},{"floor":33.0,"key":"SpeedPotion"},{"floor":42.0,"key":"AttackPotion"},{"floor":46.0,"key":"SpeedPotion"},{"floor":47.0,"key":"Weak Potion"}],"is_trial":false,"path_per_floor":["M","M","M","M","?","R","M","E","T","R","?","M","M","E","R","B",null,"M","?","$","M","?","E","?","M","T","R","E","M","M","M","R","B",null,"M","?","$","?","M","R","E","M","T","?","E","M","?","M","R","B"],"character_chosen":"IRONCLAD","items_purchased":["Lee\u0027s Waffle","Wild Strike","Reaper","Shockwave"],"campfire_rested":2,"item_purchase_floors":[20,20,37,37],"current_hp_per_floor":[61,54,52,51,56,56,53,33,33,33,33,33,33,23,23,14,64,48,48,87,78,53,47,47,20,20,47,24,6,6,5,32,69,86,66,66,66,66,69,69,55,92,92,87,72,79,93,90,90,0,0],"gold":320,"neow_bonus":"BOSS_RELIC","is_daily":false,"chose_seed":false,"campfire_upgraded":5,"win_rate":0.0,"timestamp":1612592423,"path_taken":["M","M","M","M","?","R","M","E","T","R","?","M","M","E","R","BOSS","M","?","$","M","?","E","?","M","T","R","E","?","M","M","R","BOSS","M","?","$","?","M","R","E","?","T","?","E","M","?","M","R","BOSS"],"items_purchased_type":["Relic","Card","Card","Card"],"build_version":"2020-12-22","purchased_purges":1,"victory":false,"max_hp_per_floor":[75,75,75,75,80,80,80,80,80,80,80,80,80,80,80,80,80,80,80,87,87,92,92,92,92,92,92,92,92,92,92,92,92,92,92,92,92,92,92,92,92,92,92,87,87,87,101,101,101,101,101],"relic_stats":{"Lizard Tail":69,"Lee\u0027s Waffle":39,"counters":[28,111],"CeramicFish":36,"Magic Flower":[88],"Pandora\u0027s Box":["Second Wind","Bloodletting","Offering","Uppercut","Searing Blow","Carnage","Thunderclap","Immolate","Blood for Blood"],"Ginger":[9],"obtain_stats":[{"Ice Cream":26,"Potion Belt":45,"Lee\u0027s Waffle":20,"CeramicFish":41,"Vajra":8,"Magic Flower":14,"Velvet Choker":34,"Mango":47,"Ginger":23,"Burning Blood":0,"Runic Dome":0,"Lizard Tail":9,"Pandora\u0027s Box":17,"Pocketwatch":28},{"Ice Cream":14,"Potion Belt":24,"Lee\u0027s Waffle":11,"CeramicFish":22,"Vajra":6,"Magic Flower":9,"Velvet Choker":19,"Mango":26,"Ginger":13,"Burning Blood":0,"Runic Dome":0,"Lizard Tail":6,"Pandora\u0027s Box":10,"Pocketwatch":15},{"Ice Cream":49,"Potion Belt":92,"Lee\u0027s Waffle":41,"CeramicFish":84,"Vajra":22,"Magic Flower":32,"Velvet Choker":65,"Mango":100,"Ginger":47,"Burning Blood":0,"Runic Dome":0,"Lizard Tail":22,"Pandora\u0027s Box":38,"Pocketwatch":52}],"Pocketwatch":[81]},"card_choices":[{"not_picked":["Body Slam","Heavy Blade"],"picked":"Evolve","floor":1.0},{"not_picked":["Rupture","Sever Soul"],"picked":"Perfected Strike","floor":2.0},{"not_picked":["Headbutt","Body Slam"],"picked":"Ghostly Armor","floor":3.0},{"not_picked":["Iron Wave","Clash"],"picked":"Twin Strike","floor":4.0},{"not_picked":["Entrench","Heavy Blade"],"picked":"Perfected Strike","floor":7.0},{"not_picked":["Thunderclap","Sword Boomerang","Seeing Red"],"picked":"SKIP","floor":8.0},{"not_picked":["Pommel Strike","Havoc"],"picked":"Inflame","floor":12.0},{"not_picked":["Feel No Pain","Combust","Body Slam"],"picked":"SKIP","floor":13.0},{"not_picked":["Armaments","Bludgeon"],"picked":"Fiend Fire","floor":14.0},{"not_picked":["Berserk","Fiend Fire"],"picked":"Limit Break","floor":16.0},{"not_picked":["Sword Boomerang","Heavy Blade"],"picked":"Twin Strike","floor":18.0},{"not_picked":["Anger","Whirlwind"],"picked":"Perfected Strike","floor":21.0},{"not_picked":["Hemokinesis","Pommel Strike"],"picked":"Inflame","floor":23.0},{"not_picked":["Havoc","Second Wind"],"picked":"Flex+1","floor":25.0},{"not_picked":["Immolate","Body Slam"],"picked":"Shrug It Off","floor":28.0},{"not_picked":["Wild Strike","Bloodletting","Body Slam"],"picked":"SKIP","floor":29.0},{"not_picked":["Wild Strike","Bloodletting","Body Slam"],"picked":"SKIP","floor":29.0},{"not_picked":["Wild Strike","Bloodletting","Body Slam"],"picked":"SKIP","floor":29.0},{"not_picked":["Anger","Twin Strike","Cleave"],"picked":"SKIP","floor":30.0},{"not_picked":["Perfected Strike","Headbutt","Havoc"],"picked":"SKIP","floor":31.0},{"not_picked":["Demon Form","Impervious"],"picked":"Brutality","floor":33.0},{"not_picked":["Perfected Strike+1","Flex","Anger"],"picked":"SKIP","floor":35.0},{"not_picked":["Twin Strike","Anger","Pommel Strike"],"picked":"SKIP","floor":39.0},{"not_picked":["Cleave","Heavy Blade+1"],"picked":"Power Through","floor":41.0},{"not_picked":["Second Wind","Infernal Blade"],"picked":"Battle Trance","floor":42.0},{"not_picked":["True Grit","Flame Barrier"],"picked":"Shrug It Off","floor":45.0},{"not_picked":["Twin Strike","Hemokinesis+1","Anger+1"],"picked":"SKIP","floor":46.0},{"not_picked":["Pommel Strike","Fire Breathing"],"picked":"Disarm","floor":47.0},{"not_picked":["Havoc","Juggernaut","Perfected Strike"],"picked":"SKIP","floor":48.0}],"player_experience":910370,"relics_obtained":[{"floor":8.0,"key":"Vajra"},{"floor":9.0,"key":"Lizard Tail"},{"floor":14.0,"key":"Magic Flower"},{"floor":23.0,"key":"Ginger"},{"floor":26.0,"key":"Ice Cream"},{"floor":28.0,"key":"Pocketwatch"},{"floor":41.0,"key":"CeramicFish"},{"floor":45.0,"key":"Potion Belt"},{"floor":47.0,"key":"Mango"}],"event_choices":[{"damage_healed":0.0,"max_hp_gain":5.0,"max_hp_loss":0.0,"gold_gain":0.0,"event_name":"Big Fish","player_choice":"Donut","floor":5.0,"gold_loss":0.0,"damage_taken":0.0},{"damage_healed":0.0,"max_hp_gain":0.0,"max_hp_loss":0.0,"gold_gain":0.0,"event_name":"Liars Game","player_choice":"Ignored","floor":11.0,"gold_loss":0.0,"damage_taken":0.0},{"damage_healed":0.0,"max_hp_gain":0.0,"max_hp_loss":0.0,"gold_gain":0.0,"event_name":"The Library","player_choice":"Read","floor":19.0,"gold_loss":0.0,"damage_taken":0.0,"cards_obtained":["Whirlwind"]},{"damage_healed":0.0,"max_hp_gain":5.0,"max_hp_loss":0.0,"gold_gain":0.0,"event_name":"Forgotten Altar","player_choice":"Shed Blood","floor":22.0,"gold_loss":0.0,"damage_taken":30.0},{"damage_healed":0.0,"max_hp_gain":0.0,"max_hp_loss":0.0,"gold_gain":0.0,"event_name":"Match and Keep!","player_choice":"0 cards matched","floor":24.0,"gold_loss":0.0,"damage_taken":0.0,"cards_obtained":[]},{"damage_healed":0.0,"max_hp_gain":0.0,"max_hp_loss":0.0,"gold_gain":0.0,"event_name":"Tomb of Lord Red Mask","player_choice":"Ignored","floor":36.0,"gold_loss":0.0,"damage_taken":0.0},{"damage_healed":0.0,"max_hp_gain":0.0,"max_hp_loss":0.0,"gold_gain":0.0,"event_name":"Match and Keep!","player_choice":"2 cards matched","floor":38.0,"gold_loss":0.0,"damage_taken":0.0,"cards_obtained":["Exhume","Flame Barrier"]},{"damage_healed":0.0,"max_hp_gain":0.0,"max_hp_loss":5.0,"gold_gain":0.0,"event_name":"Winding Halls","player_choice":"Max HP","floor":44.0,"gold_loss":0.0,"damage_taken":0.0},{"damage_healed":0.0,"max_hp_gain":0.0,"max_hp_loss":0.0,"gold_gain":0.0,"event_name":"MindBloom","player_choice":"Fight","floor":47.0,"gold_loss":0.0,"damage_taken":0.0}],"is_beta":false,"boss_relics":[{"not_picked":["Fusion Hammer","Ectoplasm"],"picked":"Pandora\u0027s Box"},{"not_picked":["Calling Bell","Sozu"],"picked":"Velvet Choker"}],"items_purged_floors":[20],"is_endless":false,"potions_floor_spawned":[2,3,7,8,14,18,23,28,33,42,46,47],"killed_by":"Donu and Deca","ascension_level":20}}