{"host":"19r1ww88x2tc73i0","time":1612623832,"event":{"mods":["BaseMod","BetterRewards","Colored Map","Minty Spire (QoL Compilation)","Relic Stats","StSLib","SuperFastMode","slay the spire mod where everything is the same but ironclad has a cowboy hat"],"gold_per_floor":[114,39,39,58,73,73,15,50,50,50,50,50,84,107,107,107,107],"floor_reached":16,"language":"ENG","playtime":388,"items_purged":[],"score":216,"play_id":"f250c1c5-3d4f-4e7a-813b-0a09c401dc7e","local_time":"25640206220352","is_ascension_mode":true,"campfire_choices":[{"data":"Bash","floor":6,"key":"SMITH"},{"data":"Flex","floor":11,"key":"SMITH"},{"data":"Armaments","floor":15,"key":"SMITH"}],"circlet_count":0,"master_deck":["AscendersBane","Strike_R","Strike_R","Strike_R","Strike_R","Defend_R+1","Defend_R","Defend_R","Defend_R+1","Bash+1","Iron Wave","Limit Break","Flex+1","Entrench","Shrug It Off","Armaments+1"],"relics":["Burning Blood","Bag of Marbles","HandDrill","Calipers","Strange Spoon","Singing Bowl","Sundial","StrikeDummy","Golden Idol","War Paint"],"acts_visited":["Exordium"],"potions_floor_usage":[8,8,13],"damage_taken":[{"damage":4,"enemies":"2 Louse","floor":1,"turns":3},{"damage":10,"enemies":"Small Slimes","floor":4,"turns":5},{"damage":1,"enemies":"Cultist","floor":5,"turns":3},{"damage":35,"enemies":"Lagavulin","floor":8,"turns":7},{"damage":32,"enemies":"Gremlin Nob","floor":13,"turns":4},{"damage":0,"enemies":"3 Louse","floor":14,"turns":4},{"damage":24,"enemies":"The Guardian","floor":16,"turns":6}],"seed_played":"7812075751861108440","potions_obtained":[{"floor":4,"key":"EssenceOfSteel"},{"floor":5,"key":"LiquidMemories"},{"floor":8,"key":"EssenceOfSteel"}],"is_trial":false,"path_per_floor":["M","?","?","M","M","R","$","E","T","$","R","?","E","M","R","B"],"character_chosen":"IRONCLAD","items_purchased":["Bag of Marbles","HandDrill","Calipers","Strange Spoon","Explosive Potion","Flex"],"campfire_rested":0,"item_purchase_floors":[0,0,0,0,0,7],"current_hp_per_floor":[70,70,70,66,73,73,73,44,44,44,44,44,18,24,24,0,0],"gold":107,"neow_bonus":"","is_daily":false,"chose_seed":false,"campfire_upgraded":3,"win_rate":0.0,"timestamp":1612623832,"path_taken":["M","?","?","M","?","R","$","E","T","$","R","?","E","M","R","BOSS"],"items_purchased_type":["Relic","Relic","Relic","Relic","Potion","Card"],"build_version":"2020-12-22","purchased_purges":0,"victory":false,"max_hp_per_floor":[75,75,75,75,77,77,77,77,77,77,77,70,70,70,70,70,70],"relic_stats":{"Strange Spoon":[0],"Singing Bowl":2,"counters":[7,32],"Sundial":[2],"Golden Idol":12,"HandDrill":[2],"War Paint":["Defend_R","Defend_R"],"obtain_stats":[{"Strange Spoon":0,"Calipers":0,"Singing Bowl":3,"Sundial":8,"Golden Idol":12,"Bag of Marbles":0,"HandDrill":0,"War Paint":13,"StrikeDummy":9,"Burning Blood":0},{"Strange Spoon":0,"Calipers":0,"Singing Bowl":1,"Sundial":4,"Golden Idol":4,"Bag of Marbles":0,"HandDrill":0,"War Paint":5,"StrikeDummy":4,"Burning Blood":0},{"Strange Spoon":0,"Calipers":0,"Singing Bowl":3,"Sundial":18,"Golden Idol":18,"Bag of Marbles":0,"HandDrill":0,"War Paint":22,"StrikeDummy":18,"Burning Blood":0}],"Burning Blood":36},"card_choices":[{"not_picked":["Clothesline","Shrug It Off"],"picked":"Iron Wave","floor":1},{"not_picked":["Thunderclap","Iron Wave"],"picked":"Limit Break","floor":4},{"not_picked":["Power Through","Searing Blow","Infernal Blade"],"picked":"Singing Bowl","floor":5},{"not_picked":["Thunderclap","Reckless Charge"],"picked":"Entrench","floor":8},{"not_picked":["Anger","Reckless Charge"],"picked":"Shrug It Off","floor":13},{"not_picked":["Thunderclap","Iron Wave"],"picked":"Armaments","floor":14}],"player_experience":1018614,"relics_obtained":[{"floor":8,"key":"Sundial"},{"floor":9,"key":"StrikeDummy"},{"floor":13,"key":"War Paint"}],"event_choices":[{"cards_removed":["Strike_R"],"damage_healed":0,"gold_gain":0,"player_choice":"Card Removal","damage_taken":0,"max_hp_gain":0,"max_hp_loss":0,"event_name":"The Cleric","floor":2,"gold_loss":75},{"damage_healed":0,"gold_gain":0,"player_choice":"Gave Potion","damage_taken":0,"relics_obtained":["Singing Bowl"],"max_hp_gain":0,"max_hp_loss":0,"event_name":"WeMeetAgain","floor":3,"gold_loss":0},{"damage_healed":0,"gold_gain":0,"player_choice":"Lose Max HP","damage_taken":0,"relics_obtained":["Golden Idol"],"max_hp_gain":0,"max_hp_loss":7,"event_name":"Golden Idol","floor":12,"gold_loss":0}],"is_beta":false,"boss_relics":[],"items_purged_floors":[],"is_endless":false,"potions_floor_spawned":[4,5,8],"killed_by":"The Guardian","ascension_level":20}}