{"host":"m3qxensetu6036ua","time":1612620462,"event":{"mods":["2.2 Compatiblity","AchievementEnabler","BaseMod","Better Altar","Better Match","Better Sensory Stone","Better Skull","Better Third Choice","Better Vampires","Block Reminder","Colored Powertips","Displayed Cursed Tome","Evolution","Good Game Mod","GungeonMod","Hubris","Jedi Mod","Minty Spire (QoL Compilation)","Rare Cards Sparkle","Remove Card Discount Mod","Replay The Spire","Spicy Shops","StSLib","The Cursed"],"gold_per_floor":[367,387,387,84,84,119,119,131,131,165,182,112,126,138,138,239,239,258,258,277,277,192,192,219,237,237,4,4,29,47,65,65,165,165,165,165],"floor_reached":35,"language":"ENG","playtime":2270,"items_purged":[],"score":454,"play_id":"2fb3a1e9-7229-41a7-927c-e56515f3c03f","local_time":"20210206150742","is_ascension_mode":true,"campfire_choices":[{"data":"Defragment","floor":7,"key":"SMITH"},{"floor":15,"key":"REST"},{"floor":23,"key":"REST"},{"floor":28,"key":"REST"},{"floor":32,"key":"REST"}],"circlet_count":0,"master_deck":["Strike_B","Strike_B","Strike_B","Strike_B","Defend_B","Defend_B","Defend_B","Defend_B","Zap","Dualcast","Cold Snap","Ball Lightning","Defragment+1","Sweeping Beam","Consume","Recycle","White Noise","Conserve Battery","Coolheaded","jedi:blockon+1","Echo Form","Cold Snap+1","ReplayTheSpireMod:Private Reserves","Go for the Eyes+1"],"relics":["Cracked Core","EVO:Axolotl","REME:ComplimentaryCards","ClockworkSouvenir","Unceasing Top","Mercury Hourglass","Blue Candle","Fusion Hammer","DemoMod:WhiteGuonStone","hubris:ToyBattleship","Replay:Baseball","Runic Capacitor","jedi:matchstick","Empty Cage"],"acts_visited":["Exordium","TheCity","TheBeyond"],"potions_floor_usage":[6,13,29,30,33,35],"damage_taken":[{"damage":10,"enemies":"Small Slimes","floor":1,"turns":4},{"damage":0,"enemies":"Jaw Worm","floor":2,"turns":3},{"damage":17,"enemies":"3 Sentries","floor":6,"turns":7},{"damage":0,"enemies":"Cultist","floor":8,"turns":3},{"damage":35,"enemies":"Lagavulin","floor":10,"turns":6},{"damage":1,"enemies":"Exordium Thugs","floor":11,"turns":4},{"damage":0,"enemies":"Looter","floor":13,"turns":2},{"damage":0,"enemies":"2 Fungi Beasts","floor":14,"turns":2},{"damage":2,"enemies":"Slime Boss","floor":16,"turns":7},{"damage":11,"enemies":"Shell Parasite","floor":18,"turns":5},{"damage":6,"enemies":"Chosen","floor":20,"turns":5},{"damage":36,"enemies":"Slavers","floor":24,"turns":5},{"damage":12,"enemies":"Shelled Parasite and Fungi","floor":25,"turns":5},{"damage":0,"enemies":"Book of Stabbing","floor":29,"turns":6},{"damage":9,"enemies":"Centurion and Healer","floor":30,"turns":5},{"damage":13,"enemies":"Snake Plant","floor":31,"turns":5},{"damage":1,"enemies":"Automaton","floor":33,"turns":10},{"damage":4,"enemies":"3 Darklings","floor":35,"turns":4}],"seed_played":"6625502082867309510","potions_obtained":[{"floor":1,"key":"Regen Potion"},{"floor":10,"key":"Elixir"},{"floor":11,"key":"Fire Potion"},{"floor":16,"key":"DistilledChaos"},{"floor":31,"key":"Block Potion"}],"is_trial":false,"path_per_floor":["M","M","?","$","T","E","R","M","T","E","M","$","M","M","R","B",null,"M","?","M","?","?","R","E","M","T","$","R","E","M","M","R","B",null,"M"],"character_chosen":"DEFECT","items_purchased":["ClockworkSouvenir","Sweeping Beam","Consume","Conserve Battery","Runic Capacitor","ReplayTheSpireMod:Private Reserves"],"campfire_rested":4,"item_purchase_floors":[4,4,4,12,27,27],"current_hp_per_floor":[44,44,44,44,44,42,42,42,42,7,6,6,6,6,28,26,75,64,64,58,43,43,65,29,17,17,17,39,39,30,17,39,38,75,71,71],"gold":165,"neow_bonus":"TWO_FIFTY_GOLD","is_daily":false,"chose_seed":false,"campfire_upgraded":1,"win_rate":0.0,"timestamp":1612620462,"path_taken":["M","M","?","$","?","E","R","M","T","E","?","$","M","M","R","BOSS","M","?","M","?","?","R","E","?","T","$","R","E","M","M","R","BOSS","M"],"items_purchased_type":["Relic","Card","Card","Card","Relic","Card"],"build_version":"2020-12-22","purchased_purges":0,"victory":false,"max_hp_per_floor":[75,75,75,75,75,75,75,75,75,75,75,75,75,75,75,75,75,75,75,75,75,75,75,75,75,75,75,75,75,75,75,75,75,75,75,75],"card_choices":[{"not_picked":["Conserve Battery","Turbo"],"picked":"Cold Snap","floor":1},{"not_picked":["Leap","Rebound"],"picked":"Ball Lightning","floor":2},{"not_picked":["Stack","Panic Button"],"picked":"Recycle","floor":6},{"not_picked":["Time Bomb","Ball Lightning","jedi:BurstLightning"],"picked":"SKIP","floor":8},{"not_picked":["Barrage","Crystallizer"],"picked":"White Noise","floor":10},{"not_picked":["jedi:spotbugs","ReplayGash"],"picked":"Gash","floor":11},{"not_picked":["ReplayTheSpireMod:Reroute Power","Force Field","Multi-Cast"],"picked":"SKIP","floor":13},{"not_picked":["Recycle","jedi:BurstFrost","jedi:locknload"],"picked":"SKIP","floor":14},{"not_picked":["Reboot","hubris:Prefetch"],"picked":"Fission","floor":16},{"not_picked":["Turbo","Compile Driver"],"picked":"Coolheaded","floor":18},{"not_picked":["Hello World","Barrage"],"picked":"jedi:blockon+1","floor":20},{"not_picked":["Rip and Tear","Defragment"],"picked":"Cold Snap+1","floor":24},{"not_picked":["Go for the Eyes","jedi:blockon","Turbo+1"],"picked":"SKIP","floor":25},{"not_picked":["BasicCrystalCard","Fusion"],"picked":"Go for the Eyes+1","floor":29},{"not_picked":["Turbo","Darkness","jedi:sharpshooter+1"],"picked":"SKIP","floor":30},{"not_picked":["Hello World+1","Hologram","Double Energy"],"picked":"SKIP","floor":31}],"player_experience":229068,"relics_obtained":[{"floor":6,"key":"Unceasing Top"},{"floor":9,"key":"Mercury Hourglass"},{"floor":10,"key":"Blue Candle"},{"floor":24,"key":"hubris:ToyBattleship"},{"floor":26,"key":"Replay:Baseball"},{"floor":29,"key":"jedi:matchstick"}],"event_choices":[{"damage_healed":0,"gold_gain":2,"player_choice":"2","damage_taken":0,"max_hp_gain":0,"max_hp_loss":15,"event_name":"betterStone:BetterStone","floor":21,"gold_loss":0},{"damage_healed":0,"gold_gain":0,"player_choice":"Obtained Relic","damage_taken":0,"relics_obtained":["DemoMod:WhiteGuonStone"],"max_hp_gain":0,"max_hp_loss":0,"event_name":"Addict","floor":22,"gold_loss":85}],"is_beta":false,"boss_relics":[{"not_picked":["Coffee Dripper","Velvet Choker"],"picked":"Fusion Hammer"},{"not_picked":["hubris:RunicObelisk","Tiny House"],"picked":"Empty Cage"}],"items_purged_floors":[],"is_endless":false,"potions_floor_spawned":[1,10,11,16,25,31],"killed_by":"3 Darklings","ascension_level":1}}