{"host":"1c52r9kaxdyo25eq","time":1612633853,"event":{"mods":["AchievementEnabler","BaseMod","DeckTracker","Minty Spire (QoL Compilation)","Rare Cards Sparkle","SuperFastMode","everything is the same but u backflip on backflip"],"gold_per_floor":[368,86,102,102,120,120,146,146,146,146,178,178,47,103,103,180,180,198,148,148,161,178,212,231,231,231,262,262,262,345,355,355,431,431,443,460,510,540,559,588,588,210,237,254,254,194,194,212,212,212,212,212,212,36,68,68,68],"floor_reached":56,"language":"KOR","playtime":1616,"items_purged":["Defend_G","Strike_G","Strike_G","Strike_G"],"score":1917,"play_id":"d88dedac-ff92-4324-b414-ce7f9ef18fde","local_time":"20210207025053","is_ascension_mode":true,"campfire_choices":[{"data":"Crippling Poison","floor":6.0,"key":"SMITH"},{"data":"Accuracy","floor":10.0,"key":"SMITH"},{"data":"Neutralize","floor":12.0,"key":"SMITH"},{"data":"Terror","floor":15.0,"key":"SMITH"},{"data":"Adrenaline","floor":25.0,"key":"SMITH"},{"data":"Blade Dance","floor":28.0,"key":"SMITH"},{"data":"Choke","floor":32,"key":"SMITH"},{"data":"Cloak And Dagger","floor":41,"key":"SMITH"},{"data":"After Image","floor":45,"key":"SMITH"},{"floor":47,"key":"RECALL"},{"data":"Backflip","floor":49,"key":"SMITH"},{"data":"Escape Plan","floor":53,"key":"SMITH"}],"circlet_count":0,"master_deck":["AscendersBane","Defend_G","Defend_G","Defend_G+1","Defend_G","Survivor+1","Neutralize+1","Backstab","Accuracy+1","Heel Hook","Crippling Poison+1","Infinite Blades","Terror+1","Blade Dance+1","Blade Dance+1","PiercingWail","Adrenaline+1","Backflip+1","Prepared","Escape Plan+1","After Image+1","Choke+1","Tools of the Trade","Accuracy+1","Cloak And Dagger+1","Escape Plan","Impatience"],"relics":["Ring of the Snake","Bottled Tornado","Bottled Flame","Mummified Hand","Smiling Mask","TungstenRod","SlaversCollar","Juzu Bracelet","Pantograph","War Paint","SsserpentHead","Red Mask","WristBlade","Lantern","MealTicket","Lee\u0027s Waffle","Orichalcum"],"acts_visited":["Exordium","TheCity","TheBeyond","TheEnding"],"potions_floor_usage":[33,50,51,56],"damage_taken":[{"damage":2.0,"enemies":"Jaw Worm","floor":1.0,"turns":6.0},{"damage":0.0,"enemies":"Small Slimes","floor":3.0,"turns":4.0},{"damage":0.0,"enemies":"2 Louse","floor":5.0,"turns":2.0},{"damage":15.0,"enemies":"Lagavulin","floor":7.0,"turns":5.0},{"damage":0.0,"enemies":"Gremlin Nob","floor":11.0,"turns":2.0},{"damage":7.0,"enemies":"3 Sentries","floor":14.0,"turns":5.0},{"damage":13.0,"enemies":"The Guardian","floor":16.0,"turns":8.0},{"damage":0.0,"enemies":"Chosen","floor":18.0,"turns":2.0},{"damage":9.0,"enemies":"2 Thieves","floor":21.0,"turns":3.0},{"damage":0.0,"enemies":"Chosen and Byrds","floor":22.0,"turns":5.0},{"damage":1.0,"enemies":"Book of Stabbing","floor":23.0,"turns":3.0},{"damage":5.0,"enemies":"Snake Plant","floor":24.0,"turns":3.0},{"damage":0.0,"enemies":"Gremlin Leader","floor":27.0,"turns":3.0},{"damage":0.0,"enemies":"Masked Bandits","floor":30.0,"turns":2.0},{"damage":9,"enemies":"Cultist and Chosen","floor":31,"turns":5},{"damage":15,"enemies":"Collector","floor":33,"turns":5},{"damage":0,"enemies":"3 Shapes","floor":35,"turns":3},{"damage":2,"enemies":"Orb Walker","floor":36,"turns":2},{"damage":0,"enemies":"Transient","floor":39,"turns":6},{"damage":2,"enemies":"Reptomancer","floor":40,"turns":2},{"damage":0,"enemies":"3 Darklings","floor":44,"turns":2},{"damage":0,"enemies":"Writhing Mass","floor":48,"turns":3},{"damage":27,"enemies":"Donu and Deca","floor":50,"turns":6},{"damage":19,"enemies":"Time Eater","floor":51,"turns":10},{"damage":53,"enemies":"Shield and Spear","floor":55,"turns":6},{"damage":46,"enemies":"The Heart","floor":56,"turns":2}],"seed_played":"-7285300328258328025","potions_obtained":[{"floor":1.0,"key":"EssenceOfSteel"},{"floor":7.0,"key":"Fire Potion"},{"floor":16.0,"key":"ColorlessPotion"},{"floor":23.0,"key":"Block Potion"},{"floor":24.0,"key":"DistilledChaos"},{"floor":27.0,"key":"Regen Potion"},{"floor":33,"key":"Strength Potion"},{"floor":35,"key":"GhostInAJar"},{"floor":38,"key":"LiquidMemories"},{"floor":55,"key":"Explosive Potion"}],"is_trial":false,"path_per_floor":["M","$","M","?","M","R","E","T","T","R","E","R","$","?","R","B",null,"M","$","?","M","M","E","M","R","T","E","R","?","?","M","R","B",null,"M","M","?","?","M","E","R","$","T","M","R","?","R","M","R","B","B",null,"R","$","E","B"],"character_chosen":"THE_SILENT","items_purchased":["Accuracy","Heel Hook","Crippling Poison","Regen Potion","MealTicket","Lee\u0027s Waffle","Escape Plan","Impatience"],"campfire_rested":0,"item_purchase_floors":[2,2,2,13,42,42,54,54],"current_hp_per_floor":[42,42,42,42,42,42,27,27,27,27,27,27,27,34,34,21,55,55,55,55,46,46,45,40,40,40,40,40,40,40,31,31,41,60,60,58,58,58,58,56,56,70,70,70,70,70,70,70,70,43,49,65,65,70,17,0,0],"gold":68,"neow_bonus":"TWO_FIFTY_GOLD","is_daily":false,"chose_seed":false,"campfire_upgraded":11,"win_rate":0.0,"timestamp":1612633853,"path_taken":["M","$","M","?","M","R","E","?","T","R","E","R","$","?","R","BOSS","M","$","?","M","M","E","M","R","T","E","R","?","?","M","R","BOSS","M","M","?","?","M","E","R","$","T","M","R","?","R","M","R","BOSS","BOSS","R","$","E","BOSS"],"items_purchased_type":["Card","Card","Card","Potion","Relic","Relic","Card","Card"],"build_version":"2020-12-22","purchased_purges":4,"victory":false,"max_hp_per_floor":[66,66,66,66,66,66,66,66,66,66,66,66,66,66,66,66,66,66,66,66,66,66,66,66,66,66,66,66,66,66,66,66,66,66,66,66,63,63,63,63,63,70,70,70,70,70,70,70,70,70,70,70,70,70,70,70,70],"card_choices":[{"not_picked":["Heel Hook","Dodge and Roll"],"picked":"Backstab","floor":1.0},{"not_picked":["Leg Sweep","Poisoned Stab"],"picked":"Infinite Blades","floor":3.0},{"not_picked":["Dagger Spray","Skewer"],"picked":"Blade Dance","floor":5.0},{"not_picked":["Dagger Spray","Bane"],"picked":"Blade Dance","floor":7.0},{"not_picked":["Slice","Caltrops","Endless Agony"],"picked":"SKIP","floor":11.0},{"not_picked":["Outmaneuver","Predator"],"picked":"PiercingWail","floor":14.0},{"not_picked":["Unload","Grand Finale"],"picked":"Adrenaline","floor":16.0},{"not_picked":["Sucker Punch","Flying Knee"],"picked":"Backflip","floor":18.0},{"not_picked":["Deadly Poison","Flying Knee"],"picked":"Prepared","floor":21.0},{"not_picked":["Slice","Dagger Spray","PiercingWail"],"picked":"SKIP","floor":22.0},{"not_picked":["Tools of the Trade","Setup"],"picked":"Escape Plan","floor":23.0},{"not_picked":["Distraction","Sucker Punch","Prepared"],"picked":"SKIP","floor":24.0},{"not_picked":["Prepared","Accuracy"],"picked":"After Image","floor":27.0},{"not_picked":["Deadly Poison+1","Prepared"],"picked":"Choke","floor":30.0},{"not_picked":["Skewer","Dash","Predator"],"picked":"SKIP","floor":31},{"not_picked":["Malaise","Storm of Steel"],"picked":"Tools of the Trade","floor":33},{"not_picked":["Dodge and Roll","Concentrate","Heel Hook"],"picked":"SKIP","floor":35},{"not_picked":["Bouncing Flask","Deadly Poison"],"picked":"Accuracy+1","floor":36},{"not_picked":["Bane","Cloak And Dagger","Outmaneuver"],"picked":"SKIP","floor":39},{"not_picked":["Bane","Outmaneuver"],"picked":"Cloak And Dagger","floor":39},{"not_picked":["Setup","Terror","All Out Attack"],"picked":"SKIP","floor":40},{"not_picked":["Prepared","Poisoned Stab","Quick Slash"],"picked":"SKIP","floor":44},{"not_picked":["Crippling Poison","Dagger Spray","Infinite Blades"],"picked":"SKIP","floor":48},{"not_picked":["Outmaneuver","Cloak And Dagger+1","PiercingWail+1"],"picked":"SKIP","floor":55}],"player_experience":645793,"relics_obtained":[{"floor":7.0,"key":"Bottled Tornado"},{"floor":8.0,"key":"Bottled Flame"},{"floor":9.0,"key":"Mummified Hand"},{"floor":11.0,"key":"Smiling Mask"},{"floor":14.0,"key":"TungstenRod"},{"floor":23.0,"key":"Juzu Bracelet"},{"floor":26.0,"key":"Pantograph"},{"floor":27.0,"key":"War Paint"},{"floor":30.0,"key":"Red Mask"},{"floor":40,"key":"Lantern"},{"floor":55,"key":"Orichalcum"}],"event_choices":[{"damage_healed":0.0,"max_hp_gain":0.0,"max_hp_loss":0.0,"gold_gain":0.0,"cards_transformed":["Strike_G"],"event_name":"Living Wall","player_choice":"Change","floor":4.0,"gold_loss":0.0,"damage_taken":0.0,"cards_obtained":["Terror"]},{"damage_healed":0.0,"max_hp_gain":0.0,"max_hp_loss":0.0,"gold_gain":0.0,"event_name":"Dead Adventurer","player_choice":"Searched \u00271\u0027 times","floor":14.0,"gold_loss":0.0,"damage_taken":0.0},{"damage_healed":0.0,"max_hp_gain":0.0,"max_hp_loss":0.0,"gold_gain":0.0,"event_name":"Ghosts","player_choice":"Ignored","floor":20.0,"gold_loss":0.0,"damage_taken":0.0},{"damage_healed":0.0,"max_hp_gain":0.0,"max_hp_loss":0.0,"gold_gain":0.0,"event_name":"FaceTrader","player_choice":"Trade","floor":29.0,"gold_loss":0.0,"damage_taken":0.0,"relics_obtained":["SsserpentHead"]},{"damage_healed":0.0,"max_hp_gain":0.0,"max_hp_loss":0.0,"gold_gain":0.0,"event_name":"Masked Bandits","player_choice":"Fought Bandits","floor":30.0,"gold_loss":0.0,"damage_taken":0.0},{"damage_healed":0,"gold_gain":0,"player_choice":"Max HP","damage_taken":0,"max_hp_gain":0,"max_hp_loss":3,"event_name":"Winding Halls","floor":37,"gold_loss":0},{"damage_healed":0,"gold_gain":0,"player_choice":"Bought 1 Potion","damage_taken":0,"max_hp_gain":0,"max_hp_loss":0,"event_name":"The Woman in Blue","floor":38,"gold_loss":0},{"cards_removed":["Strike_G"],"damage_healed":0,"gold_gain":0,"player_choice":"Upgrade and Remove","damage_taken":0,"max_hp_gain":0,"max_hp_loss":0,"event_name":"Designer","floor":46,"gold_loss":110,"cards_upgraded":["Defend_G"]}],"is_beta":false,"boss_relics":[{"not_picked":["HoveringKite","Philosopher\u0027s Stone"],"picked":"SlaversCollar"},{"not_picked":["Velvet Choker","Runic Pyramid"],"picked":"WristBlade"}],"items_purged_floors":[2,13,19,42],"is_endless":false,"potions_floor_spawned":[1,7,16,22,23,24,27,33,35,36,55],"killed_by":"The Heart","ascension_level":20}}