{"host":"92wx9z21c4p52du4","time":1612575942,"event":{"mods":["BaseMod","Downfall","Hermit","Minty Spire (QoL Compilation)","Reliquary","StSLib","The Hierophant"],"gold_per_floor":[99,99,99,99,99,99,122,148,323,335,235,270,270,270,284,388,388,388,407,61,79,90,106,130,130,148,180,180,180,207,207,217,315,315,315,327,327,344,344,373,373,403,48,48,48,288,288,301,312,312],"floor_reached":51,"language":"ENG","playtime":3547,"items_purged":["Doubt"],"score":1154,"play_id":"784ef008-8dd1-4b6c-b4e0-05f73fcc52c3","local_time":"20210205194542","is_ascension_mode":false,"campfire_choices":[{"data":"champ:Taunt","floor":1,"key":"SMITH"},{"data":"champ:RapidStrikes","floor":6,"key":"SMITH"},{"data":"champ:FaceSlap","floor":11,"key":"SMITH"},{"data":"champ:ArenaPreparation","floor":13,"key":"SMITH"},{"data":"champ:UltimateStance","floor":18,"key":"SMITH"},{"data":"Enlightenment","floor":25,"key":"SMITH"},{"data":"champ:Backstep","floor":28,"key":"SMITH"},{"data":"champ:ShieldWall","floor":35,"key":"SMITH"},{"data":"champ:HeavySlash","floor":45,"key":"SMITH"},{"data":"Madness","floor":47,"key":"SMITH"}],"circlet_count":0,"master_deck":["champ:Execute","champ:Taunt+1","champ:RapidStrikes+1","champ:FocusedDefense","champ:FaceSlap+1","champ:DeathBlow","champ:UltimateStance+1","champ:FocusedBerserking","champ:Devastate","champ:Endure","champ:MurderStrike","champ:HeavySlash+1","champ:FancyFootwork+1","champ:Shatter+1","champ:Backstep+1","Enlightenment+1","champ:ShieldWall+1","champ:ArenaPreparation","champ:SteelEdge","expansioncontent:YouAreMine","Madness+1"],"relics":["champ:ChampionCrown","downfall:HeartsMalice","Bottled Flame","Ginger","downfall:HeartBlessingGreen","Gremlin Horn","FaceOfCleric","Pandora\u0027s Box","reliquary:RoseTintedGlasses","PreservedInsect","reliquary:Sideboard","downfall:RedIOU","Strawberry","Empty Cage","HornCleat","reliquary:PrincelyHelmet","reliquary:FerryPass","reliquary:BallBearing"],"acts_visited":["Exordium","TheCity","TheBeyond"],"potions_floor_usage":[12,16,16,32,32,33,46,50,50,50],"damage_taken":[{"damage":0,"enemies":"2 Louse","floor":3,"turns":1},{"damage":0,"enemies":"Jaw Worm","floor":5,"turns":1},{"damage":0,"enemies":"Lagavulin","floor":8,"turns":1},{"damage":10,"enemies":"Small Slimes","floor":10,"turns":2},{"damage":28,"enemies":"3 Sentries","floor":12,"turns":5},{"damage":21,"enemies":"Exordium Wildlife","floor":15,"turns":3},{"damage":97,"enemies":"WA_ARCHETYPE_RETAIN","floor":16,"turns":7},{"damage":30,"enemies":"Spheric Guardian","floor":19,"turns":4},{"damage":40,"enemies":"downfall:FleeingMerchant","floor":20,"turns":4},{"damage":40,"enemies":"3 Cultists","floor":21,"turns":4},{"damage":21,"enemies":"Sentry and Sphere","floor":22,"turns":4},{"damage":25,"enemies":"Cultist and Chosen","floor":23,"turns":3},{"damage":41,"enemies":"Snecko","floor":26,"turns":3},{"damage":30,"enemies":"Gremlin Leader","floor":27,"turns":4},{"damage":35,"enemies":"Shelled Parasite and Fungi","floor":32,"turns":3},{"damage":95,"enemies":"DF_ARCHETYPE_CLAW","floor":33,"turns":7},{"damage":57,"enemies":"3 Darklings","floor":36,"turns":3},{"damage":10,"enemies":"Orb Walker","floor":38,"turns":2},{"damage":64,"enemies":"Nemesis","floor":40,"turns":4},{"damage":60,"enemies":"Reptomancer","floor":42,"turns":4},{"damage":20,"enemies":"downfall:FleeingMerchant","floor":43,"turns":4},{"damage":30,"enemies":"downfall:FleeingMerchant","floor":46,"turns":4},{"damage":84,"enemies":"Transient","floor":48,"turns":5},{"damage":40,"enemies":"3 Darklings","floor":49,"turns":4},{"damage":99,"enemies":"SI_POISON_ARCHETYPE","floor":50,"turns":8}],"seed_played":"-8478573886034752329","potions_obtained":[{"floor":8,"key":"Strength Potion"},{"floor":15,"key":"DistilledChaos"},{"floor":16,"key":"Fruit Juice"},{"floor":22,"key":"sneckomod:MuddlingPotion"},{"floor":23,"key":"ColorlessPotion"},{"floor":26,"key":"LiquidBronze"},{"floor":33,"key":"FearPotion"},{"floor":38,"key":"champ:CounterPotion"},{"floor":40,"key":"champ:CounterPotion"},{"floor":49,"key":"PowerPotion"}],"is_trial":false,"path_per_floor":["R","?","M","T","M","R","T","E","?","M","R","E","R","?","M","B",null,"R","M","$","M","M","M","T","R","M","E","R","?","T","?","M","B",null,"R","M","?","M","?","E","T","E","$","?","R","$","R","M","M","B",null],"character_chosen":"THE_CHAMP","items_purchased":["champ:Backstep","Enlightenment","reliquary:RoseTintedGlasses","reliquary:BallBearing","expansioncontent:YouAreMine","Madness"],"campfire_rested":0,"item_purchase_floors":[20,20,20,43,43,46],"current_hp_per_floor":[90,90,90,90,90,90,90,90,90,90,90,87,87,87,82,51,97,97,88,89,90,90,91,91,91,86,87,87,87,94,94,95,81,113,113,102,102,103,103,75,75,66,67,118,118,119,119,66,67,34],"gold":312,"neow_bonus":"THREE_ENEMY_KILL","is_daily":false,"chose_seed":false,"campfire_upgraded":10,"win_rate":0.0,"timestamp":1612575942,"path_taken":["R","?","M","?","M","R","T","E","?","M","R","E","R","?","M","BOSS","R","M","$","M","M","M","T","R","?","E","R","?","?","?","M","BOSS","R","M","?","M","?","E","T","E","$","?","R","$","R","M","M","BOSS"],"items_purchased_type":["Card","Card","Relic","Relic","Card","Card"],"build_version":"2020-12-22","purchased_purges":1,"victory":true,"max_hp_per_floor":[90,90,90,90,90,90,90,90,90,90,90,90,90,90,91,97,97,97,98,99,100,101,102,102,102,103,104,104,104,111,111,112,113,113,113,114,114,115,115,116,116,117,118,118,118,119,119,120,121,122],"card_choices":[{"not_picked":["champ:GutPunch","champ:Circumvent"],"picked":"champ:RapidStrikes","floor":3},{"not_picked":["champ:BerserkerStyle","champ:GladiatorStyle"],"picked":"champ:FocusedDefense","floor":5},{"not_picked":["champ:DefensiveShout","champ:BerserkersShout"],"picked":"champ:FaceSlap","floor":8},{"not_picked":["champ:IronFortress","champ:PerfectedStrike"],"picked":"champ:DeathBlow","floor":10},{"not_picked":["champ:EndlessRage","champ:BerserkerStyle"],"picked":"champ:ArenaPreparation","floor":12},{"not_picked":["champ:FlashCut","champ:CrownThrow"],"picked":"champ:EnGarde","floor":15},{"not_picked":["champ:Improvising","champ:MurderStrike"],"picked":"champ:UltimateStance","floor":16},{"not_picked":["champ:AdrenalArmor","champ:EndlessRage"],"picked":"champ:FancyFootwork+1","floor":19},{"not_picked":["champ:FancyFootwork","champ:Backstep"],"picked":"champ:Shatter+1","floor":20},{"not_picked":["champ:PerfectedStrike","champ:Parry","champ:PreciseThrust"],"picked":"SKIP","floor":21},{"not_picked":["champ:BladeFlurry","champ:Backstep"],"picked":"champ:ShieldWall","floor":22},{"not_picked":["champ:CrownThrow","champ:FancyFootwork"],"picked":"champ:ArenaPreparation","floor":23},{"not_picked":["champ:DefensiveShout+1","champ:FanOfKnives"],"picked":"champ:SteelEdge","floor":26},{"not_picked":["champ:ShieldWall","champ:PreciseThrust"],"picked":"champ:FocusedBerserking+1","floor":27},{"not_picked":["champ:GladiatorStyle","champ:BerserkersShout"],"picked":"champ:EnragedBash+1","floor":32},{"not_picked":["champ:HeavySlash","champ:DancingMaster"],"picked":"champ:CheapShot","floor":33},{"not_picked":["champ:FlashCut","champ:Lariat"],"picked":"champ:Circumvent+1","floor":36},{"not_picked":["champ:FocusedBerserking","champ:Backstep"],"picked":"champ:Duel","floor":38},{"not_picked":["champ:Parry","champ:HeavySlash","champ:PreemptiveStrike"],"picked":"SKIP","floor":40},{"not_picked":["champ:GutPunch","champ:SkillfulDodge","champ:ViciousMockery"],"picked":"SKIP","floor":42},{"not_picked":["champ:Circumvent+1","champ:FancyFootwork+1"],"picked":"champ:AdrenalArmor","floor":43},{"not_picked":["champ:Circumvent","champ:CrownThrow"],"picked":"champ:AdrenalArmor+1","floor":46},{"not_picked":["champ:EnGarde+1","champ:GutPunch"],"picked":"champ:RapidStrikes+1","floor":48},{"not_picked":["champ:DefensiveShout+1","champ:Haymaker+1","champ:FocusedDefense"],"picked":"SKIP","floor":49}],"player_experience":282254,"relics_obtained":[{"floor":4,"key":"Bottled Flame"},{"floor":7,"key":"Vajra"},{"floor":8,"key":"Ginger"},{"floor":12,"key":"Gremlin Horn"},{"floor":24,"key":"PreservedInsect"},{"floor":27,"key":"reliquary:Sideboard"},{"floor":30,"key":"Strawberry"},{"floor":40,"key":"HornCleat"},{"floor":41,"key":"reliquary:PrincelyHelmet"},{"floor":42,"key":"reliquary:FerryPass"}],"event_choices":[{"damage_healed":0,"gold_gain":0,"player_choice":"Trade","damage_taken":0,"relics_obtained":["FaceOfCleric"],"max_hp_gain":0,"max_hp_loss":0,"event_name":"FaceTrader","floor":14,"gold_loss":0},{"cards_removed":["champ:ArenaPreparation"],"damage_healed":0,"gold_gain":0,"player_choice":"Removed Skill","damage_taken":0,"max_hp_gain":0,"max_hp_loss":0,"event_name":"Falling","floor":37,"gold_loss":0},{"damage_healed":51,"gold_gain":0,"player_choice":"Full Heal","damage_taken":0,"max_hp_gain":0,"max_hp_loss":0,"event_name":"Wheel of Change","floor":44,"gold_loss":0}],"is_beta":false,"boss_relics":[{"not_picked":["Busted Crown","Calling Bell"],"picked":"Pandora\u0027s Box"},{"not_picked":["reliquary:Ember","Philosopher\u0027s Stone"],"picked":"Empty Cage"}],"items_purged_floors":[20],"is_endless":false,"potions_floor_spawned":[8,15,16,22,23,26,33,38,40,49],"ascension_level":0}}