{"host":"uv5ws9rdk87e8i5k","time":1612649743,"event":{"mods":["AchievementEnabler","BaseMod","Colored Map","Minty Spire (QoL Compilation)","Permanent Neow","Quick Restart","StSLib","SuperFastMode","The Necromancer"],"gold_per_floor":[119,134,145,162,162,190,200,216,516,549,129,164,164,176,176,271,271,287,300,300,315,326,326,337,349,349,349,381,381,60,72,72,72,72],"floor_reached":33,"language":"ENG","playtime":801,"items_purged":["Strike_R"],"score":407,"play_id":"b958a3c0-122e-4de6-a62b-dddf9d36cbb1","local_time":"20210206161543","is_ascension_mode":true,"campfire_choices":[{"data":"Demon Form","floor":13.0,"key":"SMITH"},{"data":"Heavy Blade","floor":15.0,"key":"SMITH"},{"floor":23.0,"key":"REST"},{"floor":27.0,"key":"REST"},{"floor":32,"key":"REST"}],"circlet_count":0,"master_deck":["Strike_R","Strike_R","Strike_R","Strike_R","Defend_R","Defend_R","Defend_R","Defend_R","Bash","Demon Form+1","Clothesline","Heavy Blade","Double Tap","Heavy Blade+1","Reaper","Thunderclap","True Grit","Pommel Strike","Headbutt","Dual Wield","Heavy Blade","Heavy Blade","Heavy Blade","Infernal Blade"],"relics":["Burning Blood","Potion Belt","Old Coin","Red Skull","Thread and Needle","Ginger","Black Star","Molten Egg 2","Sundial","Gambling Chip","Eternal Feather"],"acts_visited":["Exordium","TheCity"],"potions_floor_usage":[28,28,28,31,31,31,33,33],"damage_taken":[{"damage":2.0,"enemies":"2 Louse","floor":1.0,"turns":2.0},{"damage":4.0,"enemies":"Cultist","floor":2.0,"turns":4.0},{"damage":5.0,"enemies":"Small Slimes","floor":3.0,"turns":4.0},{"damage":8.0,"enemies":"Exordium Wildlife","floor":4.0,"turns":4.0},{"damage":15.0,"enemies":"Lagavulin","floor":6.0,"turns":5.0},{"damage":16.0,"enemies":"3 Louse","floor":7.0,"turns":2.0},{"damage":15.0,"enemies":"Red Slaver","floor":8.0,"turns":6.0},{"damage":13.0,"enemies":"Gremlin Nob","floor":10.0,"turns":3.0},{"damage":18.0,"enemies":"3 Sentries","floor":12.0,"turns":6.0},{"damage":4.0,"enemies":"Blue Slaver","floor":14.0,"turns":3.0},{"damage":39.0,"enemies":"Hexaghost","floor":16.0,"turns":6.0},{"damage":39.0,"enemies":"Shell Parasite","floor":18.0,"turns":7.0},{"damage":46.0,"enemies":"Chosen","floor":19.0,"turns":7.0},{"damage":20.0,"enemies":"Snake Plant","floor":21.0,"turns":2.0},{"damage":9.0,"enemies":"Snecko","floor":22.0,"turns":3.0},{"damage":50.0,"enemies":"3 Cultists","floor":24.0,"turns":5.0},{"damage":37.0,"enemies":"Cultist and Chosen","floor":25.0,"turns":6.0},{"damage":29,"enemies":"Book of Stabbing","floor":28,"turns":4},{"damage":23,"enemies":"Centurion and Healer","floor":31,"turns":4},{"damage":66,"enemies":"Champ","floor":33,"turns":7}],"seed_played":"-141778592932641664","potions_obtained":[{"floor":3.0,"key":"DistilledChaos"},{"floor":4.0,"key":"PowerPotion"},{"floor":7.0,"key":"DuplicationPotion"},{"floor":8.0,"key":"Fire Potion"},{"floor":12.0,"key":"DuplicationPotion"},{"floor":14.0,"key":"AttackPotion"},{"floor":18.0,"key":"Swift Potion"},{"floor":22.0,"key":"EntropicBrew"},{"floor":31,"key":"Strength Potion"}],"is_trial":false,"path_per_floor":["M","M","M","M","?","E","M","M","T","E","$","E","R","M","R","B",null,"M","M","?","M","M","R","M","M","T","R","E","?","$","M","R","B"],"character_chosen":"IRONCLAD","items_purchased":["Thread and Needle","Headbutt","Eternal Feather","DuplicationPotion"],"campfire_rested":3,"item_purchase_floors":[11,11,30,30],"current_hp_per_floor":[80,80,80,78,78,71,70,73,73,66,66,58,58,60,60,58,80,47,21,21,14,11,35,21,23,23,47,24,9,9,20,57,0,0],"gold":72,"neow_bonus":"ONE_RANDOM_RARE_CARD","is_daily":false,"chose_seed":false,"campfire_upgraded":2,"win_rate":0.0,"timestamp":1612649743,"path_taken":["M","M","M","M","?","E","M","M","T","E","?","E","R","M","R","BOSS","M","M","?","?","M","R","M","M","T","R","E","?","?","?","R","BOSS"],"items_purchased_type":["Relic","Card","Relic","Potion"],"build_version":"2020-12-22","purchased_purges":1,"victory":false,"max_hp_per_floor":[80,80,80,80,80,80,80,80,80,80,80,80,80,80,80,80,80,80,80,80,80,80,80,80,80,80,80,80,85,85,85,85,85,85],"card_choices":[{"not_picked":["Anger","Warcry"],"picked":"Clothesline","floor":1.0},{"not_picked":["Ghostly Armor","Headbutt"],"picked":"Heavy Blade","floor":2.0},{"not_picked":["Body Slam","Flame Barrier"],"picked":"Double Tap","floor":3.0},{"not_picked":["Intimidate","Perfected Strike"],"picked":"Heavy Blade","floor":4.0},{"not_picked":["Sword Boomerang","Flex"],"picked":"Thunderclap","floor":6.0},{"not_picked":["Clash","Cleave"],"picked":"True Grit","floor":7.0},{"not_picked":["Clash","Rupture"],"picked":"Pommel Strike","floor":8.0},{"not_picked":["Hemokinesis","Wild Strike","Berserk"],"picked":"SKIP","floor":10.0},{"not_picked":["Flex","Sever Soul"],"picked":"Dual Wield","floor":12.0},{"not_picked":["Iron Wave","Anger","Pommel Strike"],"picked":"SKIP","floor":14.0},{"not_picked":["Combust","Armaments","Twin Strike"],"picked":"SKIP","floor":18.0},{"not_picked":["Shrug It Off","Dual Wield","Rupture"],"picked":"SKIP","floor":19.0},{"not_picked":["Iron Wave","Blood for Blood+1"],"picked":"Heavy Blade","floor":21.0},{"not_picked":["Warcry","Metallicize+1","Perfected Strike"],"picked":"SKIP","floor":22.0},{"not_picked":["Body Slam+1","Spot Weakness"],"picked":"Heavy Blade","floor":24.0},{"not_picked":["Sword Boomerang","Headbutt"],"picked":"Infernal Blade","floor":25.0},{"not_picked":["Rampage+1","Hemokinesis+1","True Grit"],"picked":"SKIP","floor":28},{"not_picked":["Fire Breathing+1","Wild Strike+1","Warcry"],"picked":"SKIP","floor":31}],"player_experience":246088,"relics_obtained":[{"floor":6.0,"key":"Potion Belt"},{"floor":9.0,"key":"Old Coin"},{"floor":10.0,"key":"Red Skull"},{"floor":12.0,"key":"Ginger"},{"floor":26.0,"key":"Molten Egg 2"},{"floor":28,"key":"Sundial"},{"floor":28,"key":"Gambling Chip"}],"event_choices":[{"damage_healed":0.0,"max_hp_gain":0.0,"max_hp_loss":0.0,"gold_gain":0.0,"event_name":"Match and Keep!","player_choice":"1 cards matched","floor":5.0,"gold_loss":0.0,"damage_taken":0.0,"cards_obtained":["Reaper"]},{"damage_healed":0.0,"max_hp_gain":0.0,"max_hp_loss":0.0,"gold_gain":0.0,"event_name":"Match and Keep!","player_choice":"1 cards matched","floor":20.0,"gold_loss":0.0,"damage_taken":0.0,"cards_obtained":["Heavy Blade"]},{"damage_healed":0,"gold_gain":0,"player_choice":"Shed Blood","damage_taken":20,"max_hp_gain":5,"max_hp_loss":0,"event_name":"Forgotten Altar","floor":29,"gold_loss":0}],"is_beta":false,"boss_relics":[{"not_picked":["Astrolabe","Runic Dome"],"picked":"Black Star"}],"items_purged_floors":[11],"is_endless":false,"potions_floor_spawned":[3,4,7,8,12,14,18,22,31],"killed_by":"Champ","ascension_level":4}}