{"host":"5spr8tig1ba228ju","time":1612580494,"event":{"mods":["BaseMod","Bestiary","Colored Map","Colored Powertips","Curses Come First","Energized Spire","Highlight Path","Hubris","Minty Spire (QoL Compilation)","Quick Restart","Relic Stats","Reliquary","Replay The Spire","Shop Mod","Spicy Shops","StSLib","SuperFastMode","The Jungle","The Poker Player","¡¾ÒÅÎï¿¨ÅÆ¡¿REMEMod"],"gold_per_floor":[109,124,140,140,11,46,56,87,87,103,103,121,201,201,201,304,304,315,327,339,339,270,270,286,286,286,286,286,98,114,139,139,242,242,258,258,274,284,139,171,189,202,202,218,231,4366,4379,4395,4395,4155],"floor_reached":51,"language":"ZHS","playtime":7058,"items_purged":["Regret","Parasite","PokerPlayerMod:Spade3","PokerPlayerMod:Mulligan"],"score":665,"play_id":"87bd9db7-6513-4b79-af8d-14d5793630f0","local_time":"20210206110134","is_ascension_mode":false,"metric_token":1302,"campfire_choices":[{"data":"PokerPlayerMod:CardPrinter","floor":11.0,"key":"SMITH"},{"data":"PokerPlayerMod:CardPrinter+1","floor":15.0,"key":"SMITH"},{"data":"PokerPlayerMod:CardPrinter+2","floor":23.0,"key":"SMITH"},{"data":"PokerPlayerMod:WildCard","floor":25.0,"key":"SMITH"},{"data":"PokerPlayerMod:PoorCopy","floor":27.0,"key":"SMITH"},{"data":"PokerPlayerMod:VarietyAttack","floor":49,"key":"SMITH"}],"circlet_count":0,"master_deck":["PokerPlayerMod:Diamond1","PokerPlayerMod:Diamond2","PokerPlayerMod:Diamond3","PokerPlayerMod:Diamond4","PokerPlayerMod:Diamond5","PokerPlayerMod:Spade1","PokerPlayerMod:Spade2","PokerPlayerMod:Spade3","PokerPlayerMod:Spade4","PokerPlayerMod:Club1","PokerPlayerMod:Club2","PokerPlayerMod:Heart2","PokerPlayerMod:TrumpStrike","PokerPlayerMod:BadJoker","PokerPlayerMod:Mulligan","REME_ACTH","PokerPlayerMod:Heart3","PokerPlayerMod:CardPrinter+3","PokerPlayerMod:PoorCopy+1","PokerPlayerMod:Heart6","PokerPlayerMod:JackOfSpades","PokerPlayerMod:Manipulation","PokerPlayerMod:Club4","PokerPlayerMod:Raise","PokerPlayerMod:Heart6","PokerPlayerMod:WildCard+1","PokerPlayerMod:Diamond6","PokerPlayerMod:Diamond5","PokerPlayerMod:CloakAndDiamond","PokerPlayerMod:StackedDeck","PokerPlayerMod:FillThePot","PokerPlayerMod:CloakAndDiamond","PokerPlayerMod:DamnStraight","PokerPlayerMod:HeartStrike","PokerPlayerMod:CardPrinter+1","PokerPlayerMod:Spade10+","PokerPlayerMod:Diamond2","PokerPlayerMod:HiddenCard","Purity","PokerPlayerMod:VarietyAttack+1","PokerPlayerMod:Spade5","PokerPlayerMod:Diamond4","PokerPlayerMod:HiddenCard","PokerPlayerMod:TheDieIsCast","PokerPlayerMod:DartThrow+1","PokerPlayerMod:Spade9","PokerPlayerMod:CardBurn","PokerPlayerMod:ClubsClub","PokerPlayerMod:ClubShade","PokerPlayerMod:Heart6","PokerPlayerMod:StackedDeck","PokerPlayerMod:DamnStraight+1","PokerPlayerMod:Diamond10+","PokerPlayerMod:WildCard+1","PokerPlayerMod:Spade9","PokerPlayerMod:Heart4","PokerPlayerMod:StackedDeck","Specialist","Sadistic Nature"],"relics":["PokerPlayerMod:DeckCase","REME_ComplimentaryCards","NeowsBlessing","reliquary:Knoch","hubris:Reverence","Orichalcum","PokerPlayerMod:StuffedPocket","hubris:ToyBattleship","ChewingGum","Bottled Tornado","BargainBundle","hubris:Metronome","hubris:Backtick","Gambling Chip","hubris:Towel","Bottled Flame","reliquary:TatteredRug","hubris:NiceRug","hubris:TenFootPole","reliquary:WeakTea","REME_OnlineShoppingPlatform","REME_PuzzleBoxRelic","Potion Belt","DollysMirror"],"acts_visited":["Exordium","TheCity","TheBeyond"],"potions_floor_usage":[46,46,46,46,50,50,50,50,50,50,50,50,50,50,50,50],"damage_taken":[{"damage":0.0,"enemies":"Jaw Worm","floor":1.0,"turns":1.0},{"damage":0.0,"enemies":"2 Louse","floor":2.0,"turns":1.0},{"damage":0.0,"enemies":"Small Slimes","floor":3.0,"turns":1.0},{"damage":28.0,"enemies":"Lagavulin","floor":6.0,"turns":9.0},{"damage":0.0,"enemies":"Red Slaver","floor":7.0,"turns":3.0},{"damage":28.0,"enemies":"3 Sentries","floor":8.0,"turns":6.0},{"damage":0.0,"enemies":"Looter","floor":10.0,"turns":1.0},{"damage":2.0,"enemies":"Exordium Thugs","floor":12.0,"turns":4.0},{"damage":3.0,"enemies":"The Guardian","floor":16.0,"turns":9.0},{"damage":7.0,"enemies":"Shell Parasite","floor":18.0,"turns":7.0},{"damage":0.0,"enemies":"Spheric Guardian","floor":19.0,"turns":3.0},{"damage":5.0,"enemies":"Centurion and Healer","floor":20.0,"turns":5.0},{"damage":0.0,"enemies":"Snake Plant","floor":24.0,"turns":1.0},{"damage":0.0,"enemies":"Chosen and Byrds","floor":30.0,"turns":3.0},{"damage":16.0,"enemies":"Replay:Snechameleon","floor":31.0,"turns":7.0},{"damage":31.0,"enemies":"Automaton","floor":33.0,"turns":7.0},{"damage":0.0,"enemies":"3 Darklings","floor":35.0,"turns":1.0},{"damage":6.0,"enemies":"3 Shapes","floor":37.0,"turns":2.0},{"damage":34.0,"enemies":"3 Darklings","floor":38.0,"turns":5.0},{"damage":2.0,"enemies":"Nemesis","floor":40.0,"turns":9.0},{"damage":26.0,"enemies":"Jaw Worm Horde","floor":41.0,"turns":6.0},{"damage":19.0,"enemies":"Sphere and 2 Shapes","floor":42.0,"turns":4.0},{"damage":32.0,"enemies":"Maw","floor":44.0,"turns":11.0},{"damage":66.0,"enemies":"Transient","floor":45.0,"turns":5.0},{"damage":24,"enemies":"hubris:Merchant","floor":46,"turns":7},{"damage":0,"enemies":"Spire Growth","floor":47,"turns":5},{"damage":0,"enemies":"Jaw Worm Horde","floor":48,"turns":4},{"damage":12,"enemies":"Replay:Hell Engine","floor":50,"turns":5}],"seed_played":"6305449724094172900","potions_obtained":[{"floor":3.0,"key":"FairyPotion"},{"floor":7.0,"key":"CultistPotion"},{"floor":8.0,"key":"BlessingOfTheForge"},{"floor":10.0,"key":"Cursed Concoction"},{"floor":19.0,"key":"Regen Potion"},{"floor":20.0,"key":"Reflective Coating"},{"floor":35.0,"key":"Strength Potion"},{"floor":41.0,"key":"LiquidBronze"},{"floor":42.0,"key":"LifebloodPotion"},{"floor":46,"key":"DuplicationPotion"},{"floor":46,"key":"Weak Potion"}],"is_trial":false,"path_per_floor":["M","M","M","?","$","E","M","E","T","M","R","M","?","?","R","B",null,"M","M","M","?","$","R","M","R","T","R","?","$","M","E","R_BF","B",null,"M","?","M","M","$","E","M","M","T","M","M","$","M","M","R","B",null],"character_chosen":"THE_POKER_PLAYER","items_purchased":["PokerPlayerMod:Heart6","PokerPlayerMod:DamnStraight","BargainBundle","PokerPlayerMod:CardPrinter+1","PokerPlayerMod:Spade10+","PokerPlayerMod:Diamond2","PokerPlayerMod:HiddenCard","Purity","Adrenaline Potion","PokerPlayerMod:VarietyAttack","PokerPlayerMod:ClubsClub","PokerPlayerMod:ClubShade"],"campfire_rested":0,"item_purchase_floors":[5,22,29,29,29,29,29,29,29,29,39,39],"current_hp_per_floor":[52,52,52,52,52,31,39,26,26,52,52,52,52,19,19,52,52,50,52,52,52,52,52,52,52,52,52,52,49,49,49,49,30,49,49,49,49,22,22,47,49,38,38,39,14,44,64,64,64,69],"gold":4155,"neow_bonus":"THREE_ENEMY_KILL","is_daily":false,"chose_seed":false,"campfire_upgraded":6,"win_rate":0.0,"timestamp":1612580494,"path_taken":["M","M","M","?","$","E","M","E","T","M","R","M","?","?","R","BOSS","M","M","M","?","$","R","?","R","T","R","?","?","M","E","R_BF","BOSS","M","?","M","M","$","E","M","M","T","M","M","$","M","M","R","BOSS"],"items_purchased_type":["Card","Card","Relic","Card","Undefined","Card","Card","Card","Potion","Card","Card","Card"],"build_version":"2020-12-22","purchased_purges":4,"victory":true,"max_hp_per_floor":[52,52,52,52,52,52,52,52,52,52,52,52,52,52,52,52,52,52,52,52,52,52,52,52,52,52,52,52,49,49,49,49,49,49,49,49,49,49,49,49,49,49,49,49,49,64,64,64,64,69],"relic_stats":{"counters":[28,132],"Gambling Chip":[28],"Orichalcum":[462],"obtain_stats":[{"Potion Belt":46,"BargainBundle":29,"hubris:Metronome":31,"NeowsBlessing":0,"reliquary:TatteredRug":43,"reliquary:WeakTea":46,"Orichalcum":8,"Bottled Tornado":26,"hubris:Towel":36,"PokerPlayerMod:DeckCase":0,"Bottled Flame":40,"hubris:Backtick":34,"PokerPlayerMod:StuffedPocket":9,"DollysMirror":46,"Gambling Chip":34,"ChewingGum":17,"hubris:ToyBattleship":14,"hubris:TenFootPole":46,"reliquary:Knoch":4,"REME_PuzzleBoxRelic":46,"REME_OnlineShoppingPlatform":46,"REME_ComplimentaryCards":0,"hubris:Reverence":6,"hubris:NiceRug":46},{"Potion Belt":25,"BargainBundle":13,"hubris:Metronome":15,"NeowsBlessing":0,"reliquary:TatteredRug":22,"reliquary:WeakTea":25,"Orichalcum":6,"Bottled Tornado":13,"hubris:Towel":17,"PokerPlayerMod:DeckCase":0,"Bottled Flame":20,"hubris:Backtick":16,"PokerPlayerMod:StuffedPocket":6,"DollysMirror":25,"Gambling Chip":16,"ChewingGum":9,"hubris:ToyBattleship":8,"hubris:TenFootPole":25,"reliquary:Knoch":3,"REME_PuzzleBoxRelic":25,"REME_OnlineShoppingPlatform":25,"REME_ComplimentaryCards":0,"hubris:Reverence":4,"hubris:NiceRug":25},{"Potion Belt":118,"BargainBundle":51,"hubris:Metronome":61,"NeowsBlessing":0,"reliquary:TatteredRug":95,"reliquary:WeakTea":118,"Orichalcum":21,"Bottled Tornado":51,"hubris:Towel":69,"PokerPlayerMod:DeckCase":0,"Bottled Flame":85,"hubris:Backtick":68,"PokerPlayerMod:StuffedPocket":21,"DollysMirror":118,"Gambling Chip":68,"ChewingGum":35,"hubris:ToyBattleship":26,"hubris:TenFootPole":118,"reliquary:Knoch":3,"REME_PuzzleBoxRelic":118,"REME_OnlineShoppingPlatform":118,"REME_ComplimentaryCards":0,"hubris:Reverence":12,"hubris:NiceRug":118}]},"card_choices":[{"not_picked":["PokerPlayerMod:Raise","PokerPlayerMod:Diamond5"],"picked":"PokerPlayerMod:Heart3","floor":1.0},{"not_picked":["PokerPlayerMod:SecondChance","PokerPlayerMod:FlyingCard"],"picked":"PokerPlayerMod:CardPrinter","floor":2.0},{"not_picked":["PokerPlayerMod:Spade8","PokerPlayerMod:Diamond1"],"picked":"PokerPlayerMod:PoorCopy","floor":3.0},{"not_picked":["PokerPlayerMod:Spade10+","PokerPlayerMod:Diamond2"],"picked":"PokerPlayerMod:JackOfSpades","floor":6.0},{"not_picked":["PokerPlayerMod:Trickery","PokerPlayerMod:Diamond4"],"picked":"PokerPlayerMod:Manipulation","floor":7.0},{"not_picked":["PokerPlayerMod:Configure","PokerPlayerMod:Extraction"],"picked":"PokerPlayerMod:Club4","floor":8.0},{"not_picked":["PokerPlayerMod:Spade4","PokerPlayerMod:Diamond4"],"picked":"PokerPlayerMod:Raise","floor":10.0},{"not_picked":["PokerPlayerMod:Diamond3","PokerPlayerMod:Diamond1"],"picked":"PokerPlayerMod:Heart6","floor":12.0},{"not_picked":["PokerPlayerMod:Spade10+","PokerPlayerMod:Diamond9"],"picked":"PokerPlayerMod:WildCard","floor":16.0},{"not_picked":["PokerPlayerMod:PoorCopy","PokerPlayerMod:ClubsClub"],"picked":"PokerPlayerMod:Diamond6","floor":18.0},{"not_picked":["PokerPlayerMod:Fold","PokerPlayerMod:SpadeStrike"],"picked":"PokerPlayerMod:Diamond5","floor":19.0},{"not_picked":["PokerPlayerMod:Diamond1","PokerPlayerMod:Spade4"],"picked":"PokerPlayerMod:CloakAndDiamond","floor":20.0},{"not_picked":["PokerPlayerMod:Configure","PokerPlayerMod:Diamond1"],"picked":"PokerPlayerMod:HeartStrike","floor":24.0},{"not_picked":["PokerPlayerMod:HiddenCard","PokerPlayerMod:Diamond2"],"picked":"PokerPlayerMod:Spade5","floor":30.0},{"not_picked":["PokerPlayerMod:SpadeStrike","PokerPlayerMod:Configure"],"picked":"PokerPlayerMod:Diamond4","floor":31.0},{"not_picked":["PokerPlayerMod:Promotion","PokerPlayerMod:Diamond9"],"picked":"PokerPlayerMod:TheDieIsCast","floor":33.0},{"not_picked":["PokerPlayerMod:CloakAndDiamond","PokerPlayerMod:Diamond1"],"picked":"PokerPlayerMod:DartThrow+1","floor":35.0},{"not_picked":["PokerPlayerMod:CardBurn+1","PokerPlayerMod:Spade5"],"picked":"PokerPlayerMod:Spade9","floor":37.0},{"not_picked":["PokerPlayerMod:Heart1","PokerPlayerMod:HeartStrike"],"picked":"PokerPlayerMod:CardBurn","floor":38.0},{"not_picked":["PokerPlayerMod:RiskyBet","PokerPlayerMod:Club8"],"picked":"PokerPlayerMod:Heart6","floor":40.0},{"not_picked":["PokerPlayerMod:Diamond6","PokerPlayerMod:Spade5"],"picked":"PokerPlayerMod:StackedDeck","floor":41.0},{"not_picked":["PokerPlayerMod:Spade6","PokerPlayerMod:SpadeStrike"],"picked":"PokerPlayerMod:DamnStraight+1","floor":42.0},{"not_picked":["PokerPlayerMod:Club2","PokerPlayerMod:Trickery","PokerPlayerMod:MagicTrick"],"picked":"SKIP","floor":44.0},{"not_picked":["PokerPlayerMod:Diamond4","PokerPlayerMod:HeartStrike+1"],"picked":"PokerPlayerMod:Diamond10+","floor":45.0},{"not_picked":[],"picked":"PokerPlayerMod:Spade9","floor":46},{"not_picked":[],"picked":"PokerPlayerMod:Heart4","floor":46},{"not_picked":[],"picked":"PokerPlayerMod:StackedDeck","floor":46},{"not_picked":[],"picked":"Specialist","floor":46},{"not_picked":[],"picked":"Sadistic Nature","floor":46},{"not_picked":["PokerPlayerMod:ClubStrike"],"picked":"SKIP","floor":46},{"not_picked":["PokerPlayerMod:Manipulation"],"picked":"SKIP","floor":46},{"not_picked":["PokerPlayerMod:Diamond2","PokerPlayerMod:Club1","PokerPlayerMod:DiamondStrike"],"picked":"SKIP","floor":47},{"not_picked":["PokerPlayerMod:DiamondStrike+1","PokerPlayerMod:Spade1","PokerPlayerMod:PoorCopy"],"picked":"SKIP","floor":48}],"player_experience":653359,"relics_obtained":[{"floor":6.0,"key":"hubris:Reverence"},{"floor":8.0,"key":"Orichalcum"},{"floor":9.0,"key":"PokerPlayerMod:StuffedPocket"},{"floor":26.0,"key":"Bottled Tornado"},{"floor":31.0,"key":"hubris:Metronome"},{"floor":40.0,"key":"Bottled Flame"},{"floor":43.0,"key":"reliquary:TatteredRug"},{"floor":46,"key":"hubris:TenFootPole"},{"floor":46,"key":"reliquary:WeakTea"},{"floor":46,"key":"REME_OnlineShoppingPlatform"},{"floor":46,"key":"REME_PuzzleBoxRelic"},{"floor":46,"key":"Potion Belt"},{"floor":46,"key":"DollysMirror"}],"event_choices":[{"damage_healed":0.0,"max_hp_gain":0.0,"max_hp_loss":0.0,"gold_gain":0.0,"event_name":"Big Fish","player_choice":"Box","floor":4.0,"gold_loss":0.0,"damage_taken":0.0,"relics_obtained":["reliquary:Knoch"],"cards_obtained":["Regret"]},{"damage_healed":0.0,"max_hp_gain":0.0,"max_hp_loss":0.0,"gold_gain":0.0,"event_name":"Scrap Ooze","player_choice":"Success","floor":14.0,"gold_loss":0.0,"damage_taken":33.0,"relics_obtained":["hubris:ToyBattleship"]},{"damage_healed":0.0,"max_hp_gain":0.0,"max_hp_loss":0.0,"gold_gain":0.0,"event_name":"Match and Keep!","player_choice":"4 cards matched","floor":21.0,"gold_loss":0.0,"damage_taken":0.0,"cards_obtained":["PokerPlayerMod:StackedDeck","PokerPlayerMod:Mulligan","PokerPlayerMod:FillThePot","PokerPlayerMod:CloakAndDiamond"]}],"is_beta":false,"boss_relics":[{"not_picked":["energizedSpire:EnergizedDie","Painkiller Herb"],"picked":"ChewingGum"},{"not_picked":["Busted Crown","hubris:CrackedHourglass"],"picked":"hubris:Backtick"}],"items_purged_floors":[5,29,46,46],"is_endless":false,"potions_floor_spawned":[3,7,8,10,19,20,35,41,42,47,48],"ascension_level":0}}