{"host":"q8mjpf3krl0t4p3x","time":1612601314,"event":{"mods":["BaseMod","Colored Map","Colored Powertips","Googly Eyes","Minty Spire (QoL Compilation)","Quick Restart","StSLib","everything is the same but u backflip on backflip","slay the spire mod where everything is the same but ironclad has a cowboy hat"],"gold_per_floor":[112,40,40,40,40,68,68,101,172,172,187,112,112,132,132,227,227,245,245,264,276,290,290,319,16,65,65,83,83,83,99,99,203,203,222,238,238,9,9,9,9,23,23,35,55,73,73,88,88,88],"floor_reached":51,"language":"ENG","playtime":1429,"items_purged":["Strike_R","Strike_R","Strike_R"],"score":1078,"play_id":"1857b9b1-6d8f-4fec-8429-a6e8cfccb40f","local_time":"20210206004834","is_ascension_mode":true,"campfire_choices":[{"data":"Heavy Blade","floor":10,"key":"SMITH"},{"floor":15,"key":"REST"},{"floor":23,"key":"REST"},{"floor":30,"key":"REST"},{"data":"Demon Form","floor":32,"key":"SMITH"},{"floor":40,"key":"REST"},{"floor":47,"key":"REST"},{"floor":49,"key":"REST"}],"circlet_count":0,"master_deck":["AscendersBane","Strike_R","Defend_R","Defend_R","Defend_R","Defend_R+1","Bash","Heavy Blade+1","Inflame+1","Double Tap+1","Heavy Blade+1","Demon Form+1","Decay"],"relics":["Burning Blood","Oddly Smooth Stone","Boot","Paper Frog","Darkstone Periapt","Snecko Eye","Vajra","War Paint","Regal Pillow","Black Star","The Courier"],"acts_visited":["Exordium","TheCity","TheBeyond"],"potions_floor_usage":[6,16,16,21,33,33,33,42,45,50,50],"damage_taken":[{"damage":11,"enemies":"Jaw Worm","floor":1,"turns":5},{"damage":25,"enemies":"Lagavulin","floor":6,"turns":6},{"damage":38,"enemies":"3 Sentries","floor":8,"turns":8},{"damage":0,"enemies":"2 Louse","floor":11,"turns":3},{"damage":4,"enemies":"Small Slimes","floor":14,"turns":3},{"damage":18,"enemies":"Slime Boss","floor":16,"turns":7},{"damage":11,"enemies":"2 Thieves","floor":18,"turns":2},{"damage":11,"enemies":"Spheric Guardian","floor":20,"turns":3},{"damage":18,"enemies":"Snake Plant","floor":21,"turns":2},{"damage":25,"enemies":"Centurion and Healer","floor":22,"turns":3},{"damage":32,"enemies":"Book of Stabbing","floor":24,"turns":3},{"damage":2,"enemies":"Snecko","floor":28,"turns":2},{"damage":26,"enemies":"3 Cultists","floor":31,"turns":4},{"damage":5,"enemies":"Collector","floor":33,"turns":4},{"damage":25,"enemies":"3 Darklings","floor":35,"turns":4},{"damage":2,"enemies":"3 Shapes","floor":36,"turns":3},{"damage":22,"enemies":"Sphere and 2 Shapes","floor":42,"turns":4},{"damage":11,"enemies":"Transient","floor":44,"turns":5},{"damage":13,"enemies":"Jaw Worm Horde","floor":45,"turns":3},{"damage":17,"enemies":"Spire Growth","floor":46,"turns":3},{"damage":31,"enemies":"Sphere and 2 Shapes","floor":48,"turns":3},{"damage":74,"enemies":"Time Eater","floor":50,"turns":5}],"seed_played":"2057619807833554432","potions_obtained":[{"floor":1,"key":"Strength Potion"},{"floor":6,"key":"CultistPotion"},{"floor":8,"key":"CultistPotion"},{"floor":18,"key":"SpeedPotion"},{"floor":20,"key":"Strength Potion"},{"floor":21,"key":"EssenceOfSteel"},{"floor":33,"key":"Block Potion"},{"floor":35,"key":"ColorlessPotion"},{"floor":44,"key":"Fire Potion"},{"floor":46,"key":"Swift Potion"},{"floor":48,"key":"EssenceOfSteel"}],"is_trial":false,"path_per_floor":["M","$","?","?","?","E","?","E","T","R","M","$","?","M","R","B",null,"M","?","M","M","M","R","E","$","T","?","M","?","R","M","R","B",null,"M","M","?","$","?","R","$","M","T","M","M","M","R","M","R","B",null],"character_chosen":"IRONCLAD","items_purchased":["Inflame","War Paint","SkillPotion","FairyPotion"],"campfire_rested":6,"item_purchase_floors":[2,25,25,38],"current_hp_per_floor":[75,75,75,75,80,61,61,29,29,29,35,35,17,19,46,34,78,73,73,68,56,37,64,38,38,38,44,48,48,92,72,72,73,93,74,78,78,78,78,99,99,83,83,78,71,60,99,74,99,31],"gold":88,"neow_bonus":"TEN_PERCENT_HP_BONUS","is_daily":false,"chose_seed":false,"campfire_upgraded":2,"win_rate":0.0,"timestamp":1612601314,"path_taken":["M","$","?","?","?","E","?","E","T","R","?","?","?","M","R","BOSS","M","?","M","?","M","R","E","$","T","?","M","?","R","?","R","BOSS","M","?","?","$","?","R","?","M","T","M","M","M","R","M","R","BOSS"],"items_purchased_type":["Card","Relic","Potion","Potion"],"build_version":"2020-12-22","purchased_purges":3,"victory":true,"max_hp_per_floor":[88,88,88,88,93,93,93,93,93,93,93,93,93,93,93,93,93,93,93,93,93,93,93,93,93,93,99,99,99,99,99,99,99,99,99,99,99,99,99,99,99,99,99,99,99,99,99,99,99,99],"card_choices":[{"not_picked":["Combust","Burning Pact"],"picked":"Heavy Blade","floor":1},{"not_picked":["Rupture","Ghostly Armor","Headbutt"],"picked":"SKIP","floor":6},{"not_picked":["Metallicize","Wild Strike","Cleave"],"picked":"SKIP","floor":8},{"not_picked":["Pommel Strike","Shrug It Off","Havoc"],"picked":"SKIP","floor":11},{"not_picked":["Dropkick","Juggernaut","Blood for Blood"],"picked":"SKIP","floor":14},{"not_picked":["Juggernaut","Feed"],"picked":"Double Tap","floor":16},{"not_picked":["Wild Strike","Shrug It Off+1","Perfected Strike+1"],"picked":"SKIP","floor":18},{"not_picked":["Sword Boomerang+1","Clothesline+1"],"picked":"Heavy Blade+1","floor":20},{"not_picked":["Heavy Blade","Headbutt","Flame Barrier"],"picked":"SKIP","floor":21},{"not_picked":["Flex","Hemokinesis","Feel No Pain+1"],"picked":"SKIP","floor":22},{"not_picked":["Armaments+1","Clothesline"],"picked":"Demon Form","floor":24},{"not_picked":["Armaments","Infernal Blade+1","Seeing Red"],"picked":"SKIP","floor":28},{"not_picked":["Disarm","Shockwave","Wild Strike"],"picked":"SKIP","floor":31},{"not_picked":["Double Tap","Feed"],"picked":"Demon Form","floor":33},{"not_picked":["Wild Strike+1","Pommel Strike+1","Perfected Strike+1"],"picked":"SKIP","floor":35},{"not_picked":["Second Wind+1","Iron Wave","Uppercut+1"],"picked":"SKIP","floor":36},{"not_picked":["Pommel Strike","Dropkick+1","Twin Strike+1"],"picked":"SKIP","floor":42},{"not_picked":["Pommel Strike+1","Sword Boomerang+1","Fire Breathing"],"picked":"SKIP","floor":44},{"not_picked":["Pommel Strike","Clash","Twin Strike"],"picked":"SKIP","floor":45},{"not_picked":["Perfected Strike+1","Cleave","Shockwave+1"],"picked":"SKIP","floor":46},{"not_picked":["Headbutt+1","Wild Strike+1","Clothesline+1"],"picked":"SKIP","floor":48}],"player_experience":318569,"relics_obtained":[{"floor":6,"key":"Oddly Smooth Stone"},{"floor":8,"key":"Boot"},{"floor":9,"key":"Paper Frog"},{"floor":24,"key":"Vajra"},{"floor":26,"key":"Regal Pillow"},{"floor":43,"key":"The Courier"}],"event_choices":[{"damage_healed":0,"gold_gain":0,"player_choice":"Ignored","damage_taken":0,"max_hp_gain":0,"max_hp_loss":0,"event_name":"Golden Idol","floor":3,"gold_loss":0},{"damage_healed":0,"gold_gain":0,"player_choice":"Grow","damage_taken":0,"max_hp_gain":0,"max_hp_loss":0,"event_name":"Living Wall","floor":4,"gold_loss":0,"cards_upgraded":["Inflame"]},{"damage_healed":0,"gold_gain":0,"player_choice":"Donut","damage_taken":0,"max_hp_gain":5,"max_hp_loss":0,"event_name":"Big Fish","floor":5,"gold_loss":0},{"damage_healed":0,"gold_gain":0,"player_choice":"Ignored","damage_taken":0,"max_hp_gain":0,"max_hp_loss":0,"event_name":"Shining Light","floor":7,"gold_loss":0},{"damage_healed":0,"gold_gain":0,"player_choice":"Success","damage_taken":18,"relics_obtained":["Darkstone Periapt"],"max_hp_gain":0,"max_hp_loss":0,"event_name":"Scrap Ooze","floor":13,"gold_loss":0},{"cards_removed":["Strike_R"],"damage_healed":0,"gold_gain":0,"player_choice":"Purged","damage_taken":0,"max_hp_gain":0,"max_hp_loss":0,"event_name":"Purifier","floor":19,"gold_loss":0},{"damage_healed":0,"gold_gain":0,"player_choice":"Smashed Altar","damage_taken":0,"max_hp_gain":0,"max_hp_loss":0,"event_name":"Forgotten Altar","floor":27,"gold_loss":0,"cards_obtained":["Decay"]},{"damage_healed":0,"gold_gain":0,"player_choice":"Bought 0 Potions","damage_taken":0,"max_hp_gain":0,"max_hp_loss":0,"event_name":"The Woman in Blue","floor":29,"gold_loss":0},{"damage_healed":0,"gold_gain":0,"player_choice":"Memory 1","damage_taken":0,"max_hp_gain":0,"max_hp_loss":0,"event_name":"SensoryStone","floor":37,"gold_loss":0},{"cards_removed":["Demon Form"],"damage_healed":0,"gold_gain":0,"player_choice":"Removed Power","damage_taken":0,"max_hp_gain":0,"max_hp_loss":0,"event_name":"Falling","floor":39,"gold_loss":0}],"is_beta":false,"boss_relics":[{"not_picked":["Mark of Pain","Fusion Hammer"],"picked":"Snecko Eye"},{"not_picked":["Runic Pyramid","SacredBark"],"picked":"Black Star"}],"items_purged_floors":[12,25,38],"is_endless":false,"potions_floor_spawned":[1,6,8,18,20,21,33,35,44,46,48],"ascension_level":10}}