{"host":"rolltorest","time":1612569800,"event":{"mods":["BaseMod","Minty Spire (QoL Compilation)","Relic Stats","Slay the Relics Exporter","StSLib"],"gold_per_floor":[113,113,38,56,56,91,91,91,91],"floor_reached":8,"language":"ENG","playtime":187,"items_purged":[],"score":108,"play_id":"e08258d2-326e-4bde-b536-e759ae93aeb0","local_time":"20210205160320","is_ascension_mode":true,"campfire_choices":[{"data":"Blasphemy","floor":7,"key":"SMITH"}],"circlet_count":0,"master_deck":["AscendersBane","Strike_P","Strike_P","Strike_P","Defend_P","Defend_P","Defend_P","Eruption","Vigilance","BowlingBash","FearNoEvil","Blasphemy+1"],"relics":["Runic Dome","Torii","Bottled Flame"],"acts_visited":["Exordium"],"potions_floor_usage":[6],"damage_taken":[{"damage":10,"enemies":"Small Slimes","floor":1,"turns":2},{"damage":3,"enemies":"2 Louse","floor":4,"turns":2},{"damage":25,"enemies":"Lagavulin","floor":6,"turns":9},{"damage":10,"enemies":"3 Sentries","floor":8,"turns":3}],"seed_played":"-3563790224568356312","potions_obtained":[{"floor":4,"key":"Block Potion"}],"is_trial":false,"path_per_floor":["M","?","?","M","?","E","R","E"],"character_chosen":"WATCHER","items_purchased":[],"campfire_rested":0,"item_purchase_floors":[],"current_hp_per_floor":[51,44,44,41,36,11,11,1,1],"gold":91,"neow_bonus":"BOSS_RELIC","is_daily":false,"chose_seed":false,"campfire_upgraded":1,"win_rate":0.0,"timestamp":1612569800,"path_taken":["M","?","?","M","?","E","R","E"],"items_purchased_type":[],"build_version":"2020-12-18","purchased_purges":0,"victory":false,"max_hp_per_floor":[68,68,68,68,68,68,68,68,68],"relic_stats":{"Torii":8,"counters":[4,16],"obtain_stats":[{"Runic Dome":0,"Bottled Flame":6,"Torii":5,"PureWater":0},{"Runic Dome":0,"Bottled Flame":3,"Torii":2,"PureWater":0},{"Runic Dome":0,"Bottled Flame":13,"Torii":4,"PureWater":0}]},"card_choices":[{"not_picked":["FlurryOfBlows","Consecrate"],"picked":"BowlingBash","floor":1},{"not_picked":["Consecrate","Nirvana"],"picked":"FearNoEvil","floor":4},{"not_picked":["CutThroughFate","Vengeance"],"picked":"Blasphemy","floor":6}],"player_experience":1880300,"relics_obtained":[{"floor":6,"key":"Bottled Flame"}],"event_choices":[{"cards_removed":["Strike_P"],"damage_healed":0,"gold_gain":0,"player_choice":"Card Removal","damage_taken":7,"max_hp_gain":0,"max_hp_loss":0,"event_name":"Golden Wing","floor":2,"gold_loss":0},{"cards_removed":["Defend_P"],"damage_healed":0,"gold_gain":0,"player_choice":"Card Removal","damage_taken":0,"max_hp_gain":0,"max_hp_loss":0,"event_name":"The Cleric","floor":3,"gold_loss":75},{"damage_healed":0,"gold_gain":0,"player_choice":"Success","damage_taken":5,"relics_obtained":["Torii"],"max_hp_gain":0,"max_hp_loss":0,"event_name":"Scrap Ooze","floor":5,"gold_loss":0}],"is_beta":true,"boss_relics":[],"items_purged_floors":[],"is_endless":false,"potions_floor_spawned":[4],"killed_by":"3 Sentries","ascension_level":20}}