{"host":"g8iwl4xt8d9tko0g","time":1612637422,"event":{"mods":["AchievementEnabler","Bartender","BaseMod","Better Match","Better Sensory Stone","Better Skull","Block Reminder","Bossed Relics","Colored Map","Colored Powertips","Downfall","Energized Spire","Evolution","Googly Eyes","Halation","Highlight Path","Hubris","LagranYue(???·?)","Luminous","Magitek Elite","Marisa????????","Melee Mod","Minty Spire (QoL Compilation)","Reliquary","Replay The Spire","Shop Mod","Spire Arcade","StSLib","SuperFastMode","The Alterego","The Animator","The Bladedancer","The Marked","The Mystic","The Servant 0.9.4","The Wild Card","Transform Curses","Uncapped","everything is the same but u backflip on backflip"],"gold_per_floor":[99,113,128,141,55,72,72,72,84,97,97,108,172,196,212,212,212,212],"floor_reached":16,"language":"ENG","playtime":859,"items_purged":[],"score":96,"play_id":"e72b3bb0-e6e9-4e4c-98e8-9fd5af80b5c7","local_time":"20210206105022","is_ascension_mode":false,"campfire_choices":[{"floor":1,"key":"RECALL"}],"circlet_count":0,"master_deck":["Guardian:Strike_Guardian","Guardian:Strike_Guardian","Guardian:Strike_Guardian","Guardian:Strike_Guardian","Guardian:Defend_Guardian","Guardian:Defend_Guardian","Guardian:Defend_Guardian","Guardian:Defend_Guardian","Guardian:CurlUp","Guardian:TwinSlam","Guardian:SentryBeam","Guardian:Gem_Red","Guardian:Gem_Red","Guardian:PrismaticBeam","Madness","Guardian:Gem_Red","Guardian:TimeSifter","Guardian:Gem_Cyan"],"relics":["Guardian:ModeShifter","EVO:Axolotl","LagranYue:RandomDrawCardRelic","Power_Wrist","Blue Candle","reliquary:PrincelyHelmet","reliquary:PorcupineQuills"],"acts_visited":["Exordium"],"potions_floor_usage":[9,16],"damage_taken":[{"damage":4,"enemies":"2 Louse","floor":2,"turns":4},{"damage":7,"enemies":"Small Slimes","floor":3,"turns":5},{"damage":1,"enemies":"Cultist","floor":4,"turns":5},{"damage":0,"enemies":"downfall:FleeingMerchant","floor":5,"turns":4},{"damage":4,"enemies":"Blue Slaver","floor":6,"turns":4},{"damage":11,"enemies":"3 Louse","floor":9,"turns":3},{"damage":8,"enemies":"Red Slaver","floor":10,"turns":3},{"damage":7,"enemies":"Blue Slaver","floor":12,"turns":3},{"damage":25,"enemies":"3 Sentries","floor":13,"turns":11},{"damage":6,"enemies":"3 Louse","floor":15,"turns":4},{"damage":12,"enemies":"SI_SHIV_ARCHETYPE","floor":16,"turns":7}],"seed_played":"-789844629443306310","potions_obtained":[{"floor":3,"key":"SkillPotion"},{"floor":9,"key":"Languid Potion"},{"floor":12,"key":"Doom Potion"}],"is_trial":false,"path_per_floor":["R","M","M","M","$","M","T","?","M","M","?","M","?","T","M","B"],"character_chosen":"GUARDIAN","items_purchased":["Guardian:PrismaticBeam"],"campfire_rested":0,"item_purchase_floors":[5],"current_hp_per_floor":[88,84,77,76,76,72,72,67,56,48,48,41,16,16,10,0,0,0],"gold":212,"neow_bonus":"TEN_PERCENT_HP_BONUS","is_daily":false,"chose_seed":false,"campfire_upgraded":0,"win_rate":0.0,"timestamp":1612637422,"path_taken":["R","M","M","M","$","M","T","?","M","M","?","?","?","?","M","BOSS"],"items_purchased_type":["Card"],"build_version":"2020-12-22","purchased_purges":0,"victory":false,"max_hp_per_floor":[88,88,88,88,88,88,88,88,88,88,88,88,88,88,88,88,88,88],"card_choices":[{"not_picked":["Guardian:VentSteam","Guardian:TemporalShield","Guardian:WalkerClaw"],"picked":"SKIP","floor":2},{"not_picked":["Guardian:FloatingOrbs","Guardian:TimeCapacitor"],"picked":"Guardian:SentryBeam","floor":3},{"not_picked":["Guardian:Reroute","Guardian:PiercingHide"],"picked":"Guardian:Gem_Red","floor":4},{"not_picked":["Guardian:VentSteam","Guardian:Gem_Green"],"picked":"Guardian:Gem_Red","floor":5},{"not_picked":["Guardian:SpikerProtocol","Guardian:ChargeCore","Guardian:MultiBeam"],"picked":"SKIP","floor":6},{"not_picked":["Guardian:PrimingBeam","Guardian:FloatingOrbs","Guardian:HyperBeam_Guardian"],"picked":"SKIP","floor":9},{"not_picked":["Guardian:CrystalBeam","Guardian:PrismaticBarrier","Guardian:PrimingBeam"],"picked":"SKIP","floor":10},{"not_picked":["Guardian:SpikerProtocol","Guardian:CrystalBeam","Guardian:VentSteam"],"picked":"SKIP","floor":12},{"not_picked":["Guardian:CrystalBeam","Guardian:Clone"],"picked":"Guardian:Gem_Cyan","floor":15}],"player_experience":231120,"relics_obtained":[{"floor":7,"key":"Power_Wrist"},{"floor":13,"key":"reliquary:PrincelyHelmet"},{"floor":14,"key":"reliquary:PorcupineQuills"}],"event_choices":[],"is_beta":false,"boss_relics":[],"items_purged_floors":[],"is_endless":false,"potions_floor_spawned":[3,9,12,15],"killed_by":"SI_SHIV_ARCHETYPE","ascension_level":0}}