{"host":"t4313i2190y6fz3q","time":1612650576,"event":{"mods":["2.2 Compatiblity","AchievementEnabler","Act Like it!","BaseMod","Colored Powertips","Downfall","Highlight Path","Minty Spire (QoL Compilation)","Permanent Neow","Quick Restart","Rare Cards Sparkle","StSLib"],"gold_per_floor":[113,124,142,142,160,160,188,206,206,238,238,238,271,290,290,367,367,380,26,36,52,52,52,71,90,143,156,156,156,156,169,169,169,169],"floor_reached":33,"language":"ENG","playtime":1026,"items_purged":["Strike_P"],"score":562,"play_id":"5d2de9ad-d730-425d-b85d-b785a11bc75e","local_time":"20210206142936","is_ascension_mode":true,"campfire_choices":[{"data":"CrushJoints","floor":6.0,"key":"SMITH"},{"floor":12.0,"key":"REST"},{"floor":15.0,"key":"REST"},{"floor":23.0,"key":"REST"},{"floor":28.0,"key":"REST"},{"data":"Devotion","floor":30.0,"key":"SMITH"},{"data":"Devotion","floor":32.0,"key":"SMITH"}],"circlet_count":0,"master_deck":["AscendersBane","Strike_P+1","Strike_P+1","Strike_P+1","Defend_P+1","Defend_P+1","Defend_P+1","Defend_P+1","Eruption+1","Vigilance","CarveReality","CrushJoints+1","FollowUp","Devotion+1","ThirdEye","EmptyFist","SpiritShield+1","Prostrate","FollowUp","DeusExMachina","Tantrum","FearNoEvil","Prostrate","Devotion+1","WheelKick","ClearTheMind+1"],"relics":["PureWater","Bag of Marbles","Lizard Tail","Prayer Wheel","Shuriken","Blue Candle","SlaversCollar","Bottled Lightning","War Paint"],"acts_visited":["Exordium","TheCity"],"potions_floor_usage":[33],"damage_taken":[{"damage":2.0,"enemies":"Jaw Worm","floor":1.0,"turns":5.0},{"damage":0.0,"enemies":"2 Louse","floor":2.0,"turns":2.0},{"damage":0.0,"enemies":"Small Slimes","floor":3.0,"turns":2.0},{"damage":1.0,"enemies":"Exordium Wildlife","floor":5.0,"turns":2.0},{"damage":25.0,"enemies":"3 Sentries","floor":7.0,"turns":4.0},{"damage":0.0,"enemies":"Blue Slaver","floor":8.0,"turns":2.0},{"damage":0.0,"enemies":"Lagavulin","floor":10.0,"turns":2.0},{"damage":8.0,"enemies":"3 Sentries","floor":13.0,"turns":4.0},{"damage":13.0,"enemies":"Exordium Thugs","floor":14.0,"turns":3.0},{"damage":23.0,"enemies":"The Guardian","floor":16.0,"turns":8.0},{"damage":0.0,"enemies":"Chosen","floor":18.0,"turns":3.0},{"damage":18.0,"enemies":"Shell Parasite","floor":20.0,"turns":4.0},{"damage":52.0,"enemies":"Snecko","floor":21.0,"turns":5.0},{"damage":1.0,"enemies":"Centurion and Healer","floor":24.0,"turns":4.0},{"damage":25.0,"enemies":"Chosen and Byrds","floor":25.0,"turns":6.0},{"damage":4.0,"enemies":"Sentry and Sphere","floor":27.0,"turns":3.0},{"damage":0.0,"enemies":"Snecko","floor":31.0,"turns":2.0},{"damage":9,"enemies":"Collector","floor":33,"turns":6}],"seed_played":"5493049279243623355","potions_obtained":[{"floor":1.0,"key":"ColorlessPotion"},{"floor":2.0,"key":"LiquidMemories"},{"floor":7.0,"key":"sneckomod:MuddlingPotion"},{"floor":8.0,"key":"Swift Potion"},{"floor":14.0,"key":"SteroidPotion"},{"floor":27.0,"key":"champ:CounterPotion"},{"floor":31.0,"key":"Energy Potion"}],"is_trial":false,"path_per_floor":["M","M","M","?","M","R","E","M","T","E","?","R","E","M","R","B",null,"M","$","M","M","?","R","M","M","T","M","R","?","R","M","R","B"],"character_chosen":"WATCHER","items_purchased":["Bottled Lightning"],"campfire_rested":4,"item_purchase_floors":[19],"current_hp_per_floor":[59,59,59,59,58,58,33,33,33,33,7,27,19,6,26,3,52,52,52,34,19,19,39,38,13,13,9,29,29,29,29,29,20,20],"gold":169,"neow_bonus":"UPGRADE_CARD","is_daily":false,"chose_seed":false,"campfire_upgraded":3,"win_rate":0.0,"timestamp":1612650576,"path_taken":["M","M","M","?","M","R","E","M","T","E","?","R","E","M","R","BOSS","M","$","M","M","?","R","M","M","T","M","R","?","R","M","R","BOSS"],"items_purchased_type":["Relic"],"build_version":"2020-12-22","purchased_purges":1,"victory":false,"max_hp_per_floor":[68,68,68,68,68,68,68,68,68,68,68,68,68,68,68,68,68,68,68,68,68,68,68,68,68,68,68,68,68,68,68,68,68,68],"card_choices":[{"not_picked":["PathToVictory","BowlingBash"],"picked":"CarveReality","floor":1.0},{"not_picked":["ClearTheMind","JustLucky"],"picked":"CrushJoints","floor":2.0},{"not_picked":["EmptyBody","Halt"],"picked":"FollowUp","floor":3.0},{"not_picked":["SashWhip","Evaluate"],"picked":"Devotion","floor":5.0},{"not_picked":["Alpha","ClearTheMind"],"picked":"ThirdEye","floor":7.0},{"not_picked":["ClearTheMind","JustLucky","BattleHymn"],"picked":"SKIP","floor":8.0},{"not_picked":["Collect","ReachHeaven"],"picked":"EmptyFist","floor":10.0},{"not_picked":["Vengeance","Sanctity"],"picked":"SpiritShield","floor":13.0},{"not_picked":["WheelKick","CarveReality"],"picked":"Prostrate","floor":14.0},{"not_picked":["Halt","Evaluate"],"picked":"FollowUp","floor":14.0},{"not_picked":["DevaForm","Alpha"],"picked":"DeusExMachina","floor":16.0},{"not_picked":["Vengeance","JustLucky"],"picked":"Tantrum","floor":18.0},{"not_picked":["PathToVictory","Study","WreathOfFlame"],"picked":"SKIP","floor":18.0},{"not_picked":["BowlingBash","SashWhip"],"picked":"FearNoEvil","floor":20.0},{"not_picked":["Collect","EmptyBody","Nirvana+1"],"picked":"SKIP","floor":20.0},{"not_picked":["BowlingBash","Conclude"],"picked":"Prostrate","floor":21.0},{"not_picked":["FlyingSleeves","Sanctity+1","WaveOfTheHand"],"picked":"SKIP","floor":21.0},{"not_picked":["Tantrum+1","PathToVictory"],"picked":"Devotion","floor":24.0},{"not_picked":["WaveOfTheHand","ForeignInfluence+1","ClearTheMind"],"picked":"SKIP","floor":24.0},{"not_picked":["Collect","EmptyBody"],"picked":"WheelKick","floor":25.0},{"not_picked":["ClearTheMind+1","Pray","Halt"],"picked":"SKIP","floor":25.0},{"not_picked":["Pray","Halt"],"picked":"ClearTheMind+1","floor":25.0},{"not_picked":["WreathOfFlame","FearNoEvil","EmptyBody+1"],"picked":"SKIP","floor":27.0},{"not_picked":["Conclude","Weave","PathToVictory"],"picked":"SKIP","floor":27.0},{"not_picked":["WaveOfTheHand+1","Prostrate","Swivel"],"picked":"SKIP","floor":31.0},{"not_picked":["Blasphemy","Collect","FlyingSleeves"],"picked":"SKIP","floor":31.0}],"player_experience":233974,"relics_obtained":[{"floor":7.0,"key":"Bag of Marbles"},{"floor":9.0,"key":"Lizard Tail"},{"floor":10.0,"key":"Prayer Wheel"},{"floor":13.0,"key":"Blue Candle"},{"floor":26.0,"key":"War Paint"}],"event_choices":[{"damage_healed":0.0,"max_hp_gain":0.0,"max_hp_loss":0.0,"gold_gain":0.0,"event_name":"Liars Game","player_choice":"Ignored","floor":4.0,"gold_loss":0.0,"damage_taken":0.0},{"damage_healed":0.0,"max_hp_gain":0.0,"max_hp_loss":0.0,"gold_gain":0.0,"event_name":"Scrap Ooze","player_choice":"Success","floor":11.0,"gold_loss":0.0,"damage_taken":26.0,"relics_obtained":["Shuriken"]},{"damage_healed":0.0,"max_hp_gain":0.0,"max_hp_loss":0.0,"gold_gain":0.0,"event_name":"Cursed Tome","player_choice":"Ignored","floor":22.0,"gold_loss":0.0,"damage_taken":0.0},{"damage_healed":0.0,"max_hp_gain":0.0,"max_hp_loss":0.0,"gold_gain":0.0,"event_name":"Back to Basics","player_choice":"Simplicity","floor":29.0,"gold_loss":0.0,"damage_taken":0.0,"cards_upgraded":["Strike_P","Strike_P","Strike_P","Defend_P","Defend_P","Defend_P"]}],"is_beta":false,"boss_relics":[{"not_picked":["Tiny House","bronze:MakeshiftBattery"],"picked":"SlaversCollar"}],"items_purged_floors":[19],"is_endless":false,"potions_floor_spawned":[1,2,7,8,14,27,31],"killed_by":"Collector","ascension_level":18}}