{"host":"a1eatafr7pisesky","time":1612594562,"event":{"mods":["AchievementEnabler","BaseMod","Colored Map","Keyboard Shortcuts","Minty Spire (QoL Compilation)","Say the Spire","StSLib","SuperFastMode","everything is the same but u backflip on backflip"],"gold_per_floor":[110,35,52,52,7,34,34,66,90,118,130,130,142,156,156,230,230,242,242,242,167,167,198,198,236,236,345,42,85,85,113,113,196,196,213,213,56,56,74,74,94,94,94,125,125,150,150,177,177,177,177,177,28,71,71],"floor_reached":56,"language":"KOR","playtime":2292,"items_purged":["Defend_R","Defend_R"],"score":2422,"play_id":"fba7a4fd-28d5-4c8c-88a2-b1aab08493a5","local_time":"20210206155602","is_ascension_mode":true,"campfire_choices":[{"floor":7.0,"key":"REST"},{"floor":12.0,"key":"REST"},{"floor":15.0,"key":"REST"},{"floor":24.0,"key":"REST"},{"data":"Shockwave","floor":32.0,"key":"SMITH"},{"data":"Dark Embrace","floor":40.0,"key":"SMITH"},{"data":"Flex","floor":42.0,"key":"SMITH"},{"floor":49.0,"key":"RECALL"},{"data":"True Grit","floor":52,"key":"SMITH"}],"circlet_count":0,"master_deck":["AscendersBane","Bash","True Grit+1","Thunderclap","Flex+1","Shockwave+1","Bloodletting+1","Barricade+1","Rage+1","Dropkick+1","Wild Strike","Power Through+1","Impervious+1","Ghostly Armor+1","Offering+1","Dark Embrace+1","Armaments+1","Impervious+1","Entrench+1","Master of Strategy+1","Dark Shackles+1","Body Slam"],"relics":["Burning Blood","Dead Branch","Regal Pillow","Incense Burner","Juzu Bracelet","Sundial","Astrolabe","Toxic Egg 2","CeramicFish","Gremlin Horn","Prayer Wheel","Paper Frog","Membership Card","PreservedInsect","Shuriken","Coffee Dripper","Charon\u0027s Ashes","Centennial Puzzle","Mango","Blue Candle","Medical Kit","Oddly Smooth Stone"],"acts_visited":["Exordium","TheCity","TheBeyond","TheEnding"],"potions_floor_usage":[50,55,55],"damage_taken":[{"damage":15.0,"enemies":"Small Slimes","floor":1.0,"turns":4.0},{"damage":14.0,"enemies":"2 Louse","floor":3.0,"turns":4.0},{"damage":40.0,"enemies":"3 Sentries","floor":6.0,"turns":8.0},{"damage":32.0,"enemies":"Gremlin Nob","floor":8.0,"turns":5.0},{"damage":26.0,"enemies":"3 Sentries","floor":10.0,"turns":7.0},{"damage":2.0,"enemies":"Cultist","floor":11.0,"turns":4.0},{"damage":19.0,"enemies":"3 Louse","floor":13.0,"turns":3.0},{"damage":22.0,"enemies":"Exordium Thugs","floor":14.0,"turns":6.0},{"damage":53.0,"enemies":"Hexaghost","floor":16.0,"turns":11.0},{"damage":4.0,"enemies":"Chosen","floor":18.0,"turns":8.0},{"damage":64.0,"enemies":"Gremlin Leader","floor":23.0,"turns":11.0},{"damage":21.0,"enemies":"Book of Stabbing","floor":25.0,"turns":8.0},{"damage":14.0,"enemies":"Colosseum Slavers","floor":27.0,"turns":6.0},{"damage":24.0,"enemies":"Colosseum Nobs","floor":27.0,"turns":6.0},{"damage":0.0,"enemies":"Slavers","floor":29.0,"turns":8.0},{"damage":9.0,"enemies":"Spheric Guardian","floor":31.0,"turns":4.0},{"damage":14.0,"enemies":"Champ","floor":33.0,"turns":11.0},{"damage":0.0,"enemies":"Orb Walker","floor":35.0,"turns":5.0},{"damage":9.0,"enemies":"3 Shapes","floor":41.0,"turns":3.0},{"damage":8.0,"enemies":"Giant Head","floor":44.0,"turns":12.0},{"damage":2.0,"enemies":"Mind Bloom Boss Battle","floor":46.0,"turns":9.0},{"damage":12.0,"enemies":"Nemesis","floor":48.0,"turns":9.0},{"damage":27,"enemies":"Time Eater","floor":50,"turns":18},{"damage":16,"enemies":"Shield and Spear","floor":54,"turns":6},{"damage":16,"enemies":"The Heart","floor":55,"turns":5}],"seed_played":"-5595426999391148495","potions_obtained":[{"floor":1.0,"key":"SkillPotion"},{"floor":8.0,"key":"Fruit Juice"},{"floor":11.0,"key":"Weak Potion"},{"floor":13.0,"key":"AttackPotion"},{"floor":18.0,"key":"DistilledChaos"},{"floor":23.0,"key":"Fire Potion"},{"floor":27.0,"key":"Fruit Juice"},{"floor":31.0,"key":"Dexterity Potion"},{"floor":33.0,"key":"Weak Potion"},{"floor":35.0,"key":"PowerPotion"}],"is_trial":false,"path_per_floor":["M","?","M","?","$","E","R","E","T","E","M","R","M","M","R","B",null,"M","?","?","?","$","E","R","E","T","?","$","E","?","M","R","B",null,"M","?","$","?","?","R","M","R","T","E","$","?","?","E","R","B",null,"R","$","E","B",null],"character_chosen":"IRONCLAD","items_purchased":["Flex","Membership Card","PreservedInsect","LiquidMemories","Entrench+1","Charon\u0027s Ashes","Medical Kit","PowerPotion"],"campfire_rested":4,"item_purchase_floors":[5,28,28,28,37,37,53,53],"current_hp_per_floor":[59,59,51,51,51,17,54,28,28,13,17,56,43,27,66,19,65,67,67,67,67,67,9,48,33,33,7,12,18,95,92,92,84,92,95,90,90,90,80,80,77,77,77,75,75,93,93,87,87,66,95,95,95,85,75],"gold":71,"neow_bonus":"ONE_RARE_RELIC","is_daily":false,"chose_seed":false,"campfire_upgraded":4,"win_rate":0.0,"timestamp":1612594562,"path_taken":["M","?","M","?","$","E","R","E","T","E","M","R","M","M","R","BOSS","M","?","?","?","?","E","R","E","T","?","$","E","?","M","R","BOSS","M","?","$","?","?","R","M","R","T","E","?","?","?","E","R","BOSS","R","$","E","BOSS"],"items_purchased_type":["Card","Relic","Relic","Potion","Card","Relic","Relic","Potion"],"build_version":"2020-12-22","purchased_purges":2,"victory":true,"max_hp_per_floor":[75,75,75,75,75,75,75,75,75,80,80,80,80,80,80,80,80,80,80,80,80,80,80,80,80,80,80,85,85,95,95,95,95,95,95,90,90,90,90,90,90,90,90,90,90,104,104,104,104,104,104,104,104,104,104],"card_choices":[{"not_picked":["Pummel","Wild Strike"],"picked":"True Grit","floor":1.0},{"not_picked":["Clash","Sword Boomerang"],"picked":"Thunderclap","floor":3.0},{"not_picked":["Clothesline","Intimidate","Thunderclap"],"picked":"SKIP","floor":6.0},{"not_picked":["Shrug It Off","Double Tap"],"picked":"Shockwave","floor":8.0},{"not_picked":["Anger","Cleave","Whirlwind"],"picked":"SKIP","floor":10.0},{"not_picked":["Pommel Strike","Whirlwind"],"picked":"Bloodletting","floor":11.0},{"not_picked":["Flame Barrier","Shrug It Off","Dropkick"],"picked":"SKIP","floor":13.0},{"not_picked":["Thunderclap","Rampage","Spot Weakness"],"picked":"SKIP","floor":14.0},{"not_picked":["Bludgeon","Demon Form"],"picked":"Impervious","floor":16.0},{"not_picked":["Warcry","Pommel Strike","Wild Strike"],"picked":"SKIP","floor":18.0},{"not_picked":["Pommel Strike","Metallicize"],"picked":"Power Through+1","floor":23.0},{"not_picked":["True Grit+1","Sword Boomerang+1"],"picked":"Impervious+1","floor":25.0},{"not_picked":["Cleave","Dual Wield+1"],"picked":"Ghostly Armor+1","floor":27.0},{"not_picked":["Heavy Blade","Iron Wave+1"],"picked":"Offering+1","floor":29.0},{"not_picked":["Iron Wave+1","Shrug It Off+1"],"picked":"Dark Embrace","floor":31.0},{"not_picked":["Heavy Blade","Shrug It Off+1"],"picked":"Armaments+1","floor":31.0},{"not_picked":["Double Tap+1","Reaper"],"picked":"Impervious+1","floor":33.0},{"not_picked":["Twin Strike+1","Infernal Blade+1","Spot Weakness+1"],"picked":"SKIP","floor":35.0},{"not_picked":["Reckless Charge","Headbutt","Metallicize"],"picked":"SKIP","floor":35.0},{"not_picked":["Chrysalis+1","Madness+1"],"picked":"Master of Strategy+1","floor":39.0},{"not_picked":["Dramatic Entrance","Blind+1"],"picked":"Dark Shackles+1","floor":39.0},{"not_picked":["Shrug It Off+1","True Grit+1","Shockwave+1"],"picked":"SKIP","floor":41.0},{"not_picked":["Power Through+1","Disarm+1","Sword Boomerang+1"],"picked":"SKIP","floor":41.0},{"not_picked":["Shrug It Off+1","Thunderclap","Iron Wave"],"picked":"SKIP","floor":44.0},{"not_picked":["Searing Blow","Warcry+1","Reaper"],"picked":"SKIP","floor":48.0},{"not_picked":["Thunderclap","True Grit+1"],"picked":"Body Slam","floor":54}],"player_experience":414151,"relics_obtained":[{"floor":6.0,"key":"Regal Pillow"},{"floor":8.0,"key":"Incense Burner"},{"floor":9.0,"key":"Juzu Bracelet"},{"floor":10.0,"key":"Sundial"},{"floor":23.0,"key":"Toxic Egg 2"},{"floor":25.0,"key":"CeramicFish"},{"floor":26.0,"key":"Gremlin Horn"},{"floor":27.0,"key":"Prayer Wheel"},{"floor":27.0,"key":"Paper Frog"},{"floor":29.0,"key":"Shuriken"},{"floor":44.0,"key":"Centennial Puzzle"},{"floor":46.0,"key":"Mango"},{"floor":48.0,"key":"Blue Candle"},{"floor":54,"key":"Oddly Smooth Stone"}],"event_choices":[{"cards_removed":["Decay"],"damage_healed":0.0,"max_hp_gain":0.0,"max_hp_loss":0.0,"gold_gain":0.0,"event_name":"The Cleric","player_choice":"Card Removal","floor":2.0,"gold_loss":75.0,"damage_taken":0.0},{"cards_removed":["Strike_R"],"damage_healed":0.0,"max_hp_gain":0.0,"max_hp_loss":0.0,"gold_gain":0.0,"event_name":"Living Wall","player_choice":"Forget","floor":4.0,"gold_loss":0.0,"damage_taken":0.0},{"cards_removed":["Strike_R"],"damage_healed":0.0,"max_hp_gain":0.0,"max_hp_loss":0.0,"gold_gain":0.0,"event_name":"Wheel of Change","player_choice":"Card Removal","floor":19.0,"gold_loss":0.0,"damage_taken":0.0},{"damage_healed":0.0,"max_hp_gain":0.0,"max_hp_loss":0.0,"gold_gain":0.0,"cards_transformed":["Defend_R","Defend_R"],"event_name":"Drug Dealer","player_choice":"Became Test Subject","floor":20.0,"gold_loss":0.0,"damage_taken":0.0,"cards_obtained":["Rupture","Wild Strike"]},{"cards_removed":["Rupture"],"damage_healed":0.0,"max_hp_gain":0.0,"max_hp_loss":0.0,"gold_gain":0.0,"event_name":"Beggar","player_choice":"Gave Gold","floor":21.0,"gold_loss":75.0,"damage_taken":0.0},{"damage_healed":0.0,"max_hp_gain":0.0,"max_hp_loss":0.0,"gold_gain":0.0,"event_name":"Colosseum","player_choice":"Fight","floor":27.0,"gold_loss":0.0,"damage_taken":0.0},{"damage_healed":0.0,"max_hp_gain":0.0,"max_hp_loss":0.0,"gold_gain":0.0,"event_name":"Colosseum","player_choice":"Fought Nobs","floor":27.0,"gold_loss":0.0,"damage_taken":0.0},{"cards_removed":["Impervious"],"damage_healed":67.0,"max_hp_gain":10.0,"max_hp_loss":0.0,"gold_gain":0.0,"event_name":"Bonfire Elementals","player_choice":"Offered Rare","floor":30.0,"gold_loss":0.0,"damage_taken":0.0},{"damage_healed":0.0,"max_hp_gain":0.0,"max_hp_loss":5.0,"gold_gain":0.0,"event_name":"Winding Halls","player_choice":"Max HP","floor":36.0,"gold_loss":0.0,"damage_taken":0.0},{"damage_healed":0.0,"max_hp_gain":0.0,"max_hp_loss":0.0,"gold_gain":0.0,"event_name":"Tomb of Lord Red Mask","player_choice":"Ignored","floor":38.0,"gold_loss":0.0,"damage_taken":0.0},{"damage_healed":0.0,"max_hp_gain":0.0,"max_hp_loss":0.0,"gold_gain":0.0,"event_name":"SensoryStone","player_choice":"Memory 3","floor":39.0,"gold_loss":0.0,"damage_taken":10.0},{"damage_healed":0.0,"max_hp_gain":0.0,"max_hp_loss":0.0,"gold_gain":0.0,"event_name":"MindBloom","player_choice":"Fight","floor":46.0,"gold_loss":0.0,"damage_taken":0.0},{"damage_healed":0.0,"max_hp_gain":0.0,"max_hp_loss":0.0,"gold_gain":0.0,"event_name":"Upgrade Shrine","player_choice":"Upgraded","floor":47.0,"gold_loss":0.0,"damage_taken":0.0,"cards_upgraded":["Bloodletting"]}],"is_beta":false,"boss_relics":[{"not_picked":["Black Blood","Sozu"],"picked":"Astrolabe"},{"not_picked":["Runic Dome","Tiny House"],"picked":"Coffee Dripper"}],"items_purged_floors":[28,53],"is_endless":false,"potions_floor_spawned":[1,8,11,13,18,23,27,31,33,35,48,54],"ascension_level":15}}