{"host":"bakf0s4odzu8z5xt","time":1612586346,"event":{"mods":["2.2 Compatiblity","BaseMod","Downfall","Friendly Minions","Minty Spire (QoL Compilation)","StSLib"],"gold_per_floor":[349,365,365,378,60,60,85,105,105,105,131,151,51,51,66,167,167,67,77,93,110,110,120,120,32,64,84,84,101,101,113,126,231,231,231,242,262,280,280,298,298,246,246,257,132,32,64,76,95,95,95,122,122,122,122,122],"floor_reached":57,"language":"ENG","playtime":6264,"items_purged":["downfall:Aged","hexamod:Sear","hexamod:Defend"],"score":1183,"play_id":"c2ee7902-8d72-4c80-b7a4-bb739eff017c","local_time":"20210205223906","is_ascension_mode":false,"campfire_choices":[{"floor":1.0,"key":"RECALL"},{"data":"hexamod:EtherealExpedition","floor":6.0,"key":"SMITH"},{"data":"hexamod:RecurringNightmare","floor":10.0,"key":"SMITH"},{"data":"hexamod:Strike","floor":13.0,"key":"SMITH"},{"data":"hexamod:GiftsFromTheDead","floor":18.0,"key":"SMITH"},{"data":"hexamod:UnleashSpirits","floor":30.0,"key":"SMITH"},{"data":"hexamod:RainOfEmbers","floor":35.0,"key":"SMITH"},{"data":"hexamod:GiftsFromTheDead","floor":46.0,"key":"SMITH"},{"data":"hexamod:VolcanoVisage","floor":54,"key":"SMITH"}],"circlet_count":0,"master_deck":["hexamod:Strike+1","hexamod:Strike+1","hexamod:Strike+1","hexamod:Defend","hexamod:Defend","hexamod:Defend+1","hexamod:Float","hexamod:EtherealExpedition+1","hexamod:RecurringNightmare+1","hexamod:PowerFromBeyond+1","hexamod:Hexaguard","hexamod:SpectersWail+1","hexamod:NightmareGuise+1","hexamod:GhostLash+1","hexamod:SoulSteal+1","hexamod:GhostShield","hexamod:GiftsFromTheDead+1","hexamod:FlamesFromBeyond+1","hexamod:HexaLevel+1","hexamod:RainOfEmbers+1","hexamod:InspiringFlames+1","hexamod:UnleashSpirits+1","hexamod:VolcanoVisage+1","hexamod:GiftsFromTheDead+1","hexamod:SpectersWail","hexamod:SpectersWail","hexamod:PhantomCloak","hexamod:BurningTouch+1","hexamod:Hexaguard+1","hexamod:Haunt+1"],"relics":["hexamod:SpiritBrand","downfall:ShatteredFragment","champ:Barbells","Slimebound:StickyStick","Whetstone","downfall:HeartBlessingGreen","SacredBark","downfall:HeartBlessingRed","bronze:DecasWashers","hexamod:MatchstickCase","hexamod:IceCube","Lizard Tail","downfall:HeartBlessingBlue","Shuriken"],"acts_visited":["Exordium","TheCity","TheBeyond","TheEnding"],"potions_floor_usage":[55,56,56],"damage_taken":[{"damage":0.0,"enemies":"Cultist","floor":2.0,"turns":4.0},{"damage":0.0,"enemies":"Small Slimes","floor":4.0,"turns":3.0},{"damage":0.0,"enemies":"downfall:FleeingMerchant","floor":5.0,"turns":4.0},{"damage":0.0,"enemies":"2 Louse","floor":8.0,"turns":2.0},{"damage":1.0,"enemies":"Lagavulin","floor":11.0,"turns":6.0},{"damage":0.0,"enemies":"Red Slaver","floor":12.0,"turns":3.0},{"damage":0.0,"enemies":"Large Slime","floor":15.0,"turns":3.0},{"damage":5.0,"enemies":"DF_ARCHETYPE_STREAMLINE","floor":16.0,"turns":10.0},{"damage":0.0,"enemies":"3 Byrds","floor":19.0,"turns":4.0},{"damage":0.0,"enemies":"Shell Parasite","floor":20.0,"turns":3.0},{"damage":0.0,"enemies":"Snecko","floor":21.0,"turns":3.0},{"damage":0.0,"enemies":"Cultist and Chosen","floor":23.0,"turns":5.0},{"damage":0.0,"enemies":"downfall:FleeingMerchant","floor":25.0,"turns":4.0},{"damage":18.0,"enemies":"Slavers","floor":26.0,"turns":3.0},{"damage":2.0,"enemies":"Snake Plant","floor":27.0,"turns":3.0},{"damage":0.0,"enemies":"downfall:FleeingMerchant","floor":29.0,"turns":3.0},{"damage":0.0,"enemies":"Shelled Parasite and Fungi","floor":31.0,"turns":3.0},{"damage":0.0,"enemies":"Centurion and Healer","floor":32.0,"turns":3.0},{"damage":10.0,"enemies":"WA_ARCHETYPE_CALM","floor":33.0,"turns":8.0},{"damage":0.0,"enemies":"Orb Walker","floor":36.0,"turns":3.0},{"damage":5.0,"enemies":"3 Darklings","floor":37.0,"turns":4.0},{"damage":0.0,"enemies":"Jaw Worm Horde","floor":38.0,"turns":4.0},{"damage":0.0,"enemies":"Maw","floor":40.0,"turns":4.0},{"damage":0.0,"enemies":"Spire Growth","floor":44.0,"turns":4.0},{"damage":2.0,"enemies":"Nemesis","floor":47.0,"turns":5.0},{"damage":0.0,"enemies":"4 Shapes","floor":48.0,"turns":4.0},{"damage":9.0,"enemies":"Jaw Worm Horde","floor":49.0,"turns":4.0},{"damage":17.0,"enemies":"SI_POISON_ARCHETYPE","floor":50.0,"turns":8.0},{"damage":32,"enemies":"downfall:CharBossMerchant","floor":52,"turns":8},{"damage":8,"enemies":"downfall:NeowBoss","floor":55,"turns":14},{"damage":37,"enemies":"downfall:NeowBossFinal","floor":56,"turns":9}],"seed_played":"6729234207050528690","potions_obtained":[{"floor":2.0,"key":"LiquidMemories"},{"floor":4.0,"key":"DuplicationPotion"},{"floor":11.0,"key":"SpeedPotion"},{"floor":15.0,"key":"SneckoOil"},{"floor":19.0,"key":"hexamod:DoubleChargePotion"},{"floor":21.0,"key":"DistilledChaos"},{"floor":23.0,"key":"PowerPotion"},{"floor":27.0,"key":"Ancient Potion"},{"floor":28.0,"key":"CultistPotion"},{"floor":32.0,"key":"Guardian:BlockOnCardUsePotion"},{"floor":44.0,"key":"bronze:BurnAndBuffPotion"},{"floor":47.0,"key":"FearPotion"},{"floor":48.0,"key":"Energy Potion"},{"floor":49.0,"key":"Swift Potion"}],"is_trial":false,"path_per_floor":["R","M","?","M","$","R","T","M","?","R","E","M","R","?","M","B",null,"R","M","M","M","?","M","T","$","E","M","?","$","R","M","M","B",null,"R","M","M","M","$","M","T","$","?","M","$","R","E","M","M","B",null,"E","$","R","B","B",null],"character_chosen":"THE_SPIRIT","items_purchased":["champ:Barbells","hexamod:Hexaguard","hexamod:SpectersWail","hexamod:RainOfEmbers","hexamod:UnleashSpirits","Swift Potion","hexamod:SpectersWail"],"campfire_rested":0,"item_purchase_floors":[5,5,5,25,29,29,42],"current_hp_per_floor":[70,70,49,49,49,49,49,49,49,49,48,48,48,48,48,43,70,70,70,70,70,70,70,70,70,52,50,50,50,50,50,50,40,70,70,70,65,65,65,65,65,65,65,65,65,75,73,73,64,47,80,48,48,48,40,3],"gold":122,"neow_bonus":"TWO_FIFTY_GOLD","is_daily":false,"chose_seed":false,"campfire_upgraded":8,"win_rate":0.0,"timestamp":1612586346,"path_taken":["R","M","?","M","$","R","T","M","?","R","E","M","R","?","M","BOSS","R","M","M","?","?","?","T","$","E","M","?","$","R","M","M","BOSS","R","M","M","M","$","M","T","$","?","M","$","R","E","M","M","BOSS","E","$","R","BOSS","BOSS"],"items_purchased_type":["Relic","Card","Card","Card","Card","Potion","Card"],"build_version":"2020-12-22","purchased_purges":3,"victory":true,"max_hp_per_floor":[70,70,70,70,70,70,70,70,70,70,70,70,70,70,70,70,70,70,70,70,70,70,70,70,70,70,70,70,70,70,70,70,70,70,70,70,70,70,70,70,70,70,70,70,70,80,80,80,80,80,80,80,80,80,80,80],"card_choices":[{"not_picked":["hexamod:BurningTouch","hexamod:RainOfEmbers"],"picked":"hexamod:EtherealExpedition","floor":2.0},{"not_picked":["hexamod:Firestarter","hexamod:SuperheatedStrike"],"picked":"hexamod:RecurringNightmare","floor":4.0},{"not_picked":["hexamod:CatchUp","hexamod:RadiantFlame"],"picked":"hexamod:PowerFromBeyond","floor":5.0},{"not_picked":["hexamod:BacktrackSmack","hexamod:TimeOfNeed"],"picked":"hexamod:NightmareGuise","floor":8.0},{"not_picked":["hexamod:RadiantFlame","hexamod:EmpoweredFlame","hexamod:Again"],"picked":"SKIP","floor":11.0},{"not_picked":["hexamod:Hexaguard","hexamod:Haunt"],"picked":"hexamod:GhostLash","floor":12.0},{"not_picked":["hexamod:ShieldOfDarkness","hexamod:NightmareGuise"],"picked":"hexamod:GhostShield","floor":15.0},{"not_picked":["hexamod:TimeWarp","hexamod:UnlimitedPower"],"picked":"hexamod:GiftsFromTheDead","floor":16.0},{"not_picked":["hexamod:Firestarter+1","hexamod:HeatMetal"],"picked":"hexamod:FlamesFromBeyond+1","floor":19.0},{"not_picked":["hexamod:SuperheatedStrike","hexamod:BurningTouch","hexamod:SpectersWail"],"picked":"SKIP","floor":20.0},{"not_picked":["hexamod:SpectersWail","hexamod:EmpoweredFlame+1","hexamod:PhantomCloak"],"picked":"SKIP","floor":21.0},{"not_picked":["hexamod:HeatCrush","hexamod:SpectersWail"],"picked":"hexamod:HexaLevel","floor":23.0},{"not_picked":["hexamod:HeatMetal","hexamod:GhostOfSpirePast","hexamod:AdvancingGuard+1"],"picked":"SKIP","floor":25.0},{"not_picked":["hexamod:Firestarter+1","hexamod:ExtraCrispy+1"],"picked":"hexamod:InspiringFlames+1","floor":26.0},{"not_picked":["hexamod:NecessarySacrifice","hexamod:FourthSeal","hexamod:Firestarter"],"picked":"SKIP","floor":27.0},{"not_picked":["hexamod:SuperheatedStrike","hexamod:InspiringFlames","hexamod:BacktrackSmack"],"picked":"SKIP","floor":29.0},{"not_picked":["hexamod:ChargedBarrage+1","hexamod:BacktrackSmack","hexamod:SpectralSpark"],"picked":"SKIP","floor":31.0},{"not_picked":["hexamod:BacktrackSmack","hexamod:HeatMetal+1","hexamod:RainOfEmbers+1"],"picked":"SKIP","floor":32.0},{"not_picked":["hexamod:TimeWarp","hexamod:FifthSeal"],"picked":"hexamod:VolcanoVisage","floor":33.0},{"not_picked":["hexamod:BurningTouch","hexamod:SuperheatedStrike","hexamod:SwordOfDarkness+1"],"picked":"SKIP","floor":36.0},{"not_picked":["hexamod:Firestarter","hexamod:SpectralSpark+1","hexamod:FastForward+1"],"picked":"SKIP","floor":37.0},{"not_picked":["hexamod:BacktrackSmack+1","hexamod:SpectersWail","hexamod:SuperheatedStrike+1"],"picked":"SKIP","floor":38.0},{"not_picked":["hexamod:HeatCrush","hexamod:GhostOfSpirePast+1"],"picked":"hexamod:GiftsFromTheDead","floor":40.0},{"not_picked":["hexamod:NightmareGuise","hexamod:RainOfEmbers+1"],"picked":"hexamod:SpectersWail","floor":44.0},{"not_picked":["hexamod:ShieldOfDarkness+1","hexamod:BurningTouch"],"picked":"hexamod:PhantomCloak","floor":47.0},{"not_picked":["hexamod:SwordOfDarkness+1","hexamod:HeatMetal+1"],"picked":"hexamod:BurningTouch+1","floor":48.0},{"not_picked":["hexamod:RadiantFlame","hexamod:Firestarter"],"picked":"hexamod:Hexaguard+1","floor":49.0},{"not_picked":["hexamod:HeatMetal","hexamod:SuperheatedStrike+1"],"picked":"hexamod:Haunt+1","floor":52}],"player_experience":2085522,"relics_obtained":[{"floor":7.0,"key":"Slimebound:StickyStick"},{"floor":11.0,"key":"Whetstone"},{"floor":24.0,"key":"bronze:DecasWashers"},{"floor":26.0,"key":"hexamod:MatchstickCase"},{"floor":43.0,"key":"Lizard Tail"},{"floor":52,"key":"Shuriken"}],"event_choices":[],"is_beta":false,"boss_relics":[{"not_picked":["Tiny House","Runic Dome"],"picked":"SacredBark"},{"not_picked":["Busted Crown","SlaversCollar"],"picked":"hexamod:IceCube"}],"items_purged_floors":[5,29,45],"is_endless":false,"potions_floor_spawned":[2,4,11,15,19,21,23,27,31,32,33,44,47,48,49],"ascension_level":0}}