{"host":"8is2j71l4wmybkoi","time":1612617639,"event":{"mods":["AchievementEnabler","BaseMod","Colored Map","Minty Spire (QoL Compilation)","Rare Cards Sparkle","StSLib","SuperFastMode"],"gold_per_floor":[368,385,398,398,20,55,55,55,78,108,58,58,8,28,28,102,102,112,15,25,25,25,25,51,66,66,81,81,81,107,57,57,132,132,151,161,161,179,179,179,215,234,309,309,55,79,79,104,104,104,104],"floor_reached":50,"language":"KOR","playtime":1753,"items_purged":["Strike_B","Strike_B","Strike_B","Defend_B","Strike_B","Parasite"],"score":956,"play_id":"e28b40f1-dc16-4965-9d77-dbe26e4ac1bd","local_time":"20210206222039","is_ascension_mode":true,"campfire_choices":[{"data":"Static Discharge","floor":7.0,"key":"SMITH"},{"data":"Zap","floor":12.0,"key":"SMITH"},{"data":"Defragment","floor":15.0,"key":"SMITH"},{"data":"Go for the Eyes","floor":23.0,"key":"SMITH"},{"data":"Dualcast","floor":28.0,"key":"SMITH"},{"data":"Rainbow","floor":32.0,"key":"SMITH"},{"data":"Aggregate","floor":40.0,"key":"SMITH"},{"floor":47,"key":"RECALL"},{"data":"Seek","floor":49,"key":"SMITH"}],"circlet_count":0,"master_deck":["AscendersBane","Defend_B","Defend_B","Defend_B","Zap+1","Dualcast+1","Static Discharge+1","Defragment+1","Ball Lightning","Core Surge","Go for the Eyes+1","Core Surge","Sweeping Beam","Cold Snap","Chill","Rainbow+1","Capacitor","Defragment+1","Multi-Cast","Aggregate+1","Fusion+1","Turbo","Lockon+1","Seek+1","Coolheaded+1"],"relics":["Cracked Core","Lantern","Smiling Mask","MealTicket","Orichalcum","Akabeko","Coffee Dripper","MutagenicStrength","Art of War","Gremlin Horn","Toy Ornithopter","Runic Pyramid","CeramicFish","Bronze Scales"],"acts_visited":["Exordium","TheCity","TheBeyond"],"potions_floor_usage":[41,46,50],"damage_taken":[{"damage":8.0,"enemies":"2 Louse","floor":1.0,"turns":3.0},{"damage":14.0,"enemies":"Jaw Worm","floor":2.0,"turns":3.0},{"damage":4.0,"enemies":"Small Slimes","floor":3.0,"turns":3.0},{"damage":8.0,"enemies":"Gremlin Nob","floor":6.0,"turns":3.0},{"damage":20.0,"enemies":"Lagavulin","floor":10.0,"turns":5.0},{"damage":24.0,"enemies":"Exordium Thugs","floor":14.0,"turns":3.0},{"damage":2.0,"enemies":"Hexaghost","floor":16.0,"turns":7.0},{"damage":7.0,"enemies":"3 Byrds","floor":18.0,"turns":2.0},{"damage":17.0,"enemies":"2 Thieves","floor":20.0,"turns":3.0},{"damage":9.0,"enemies":"Slavers","floor":24.0,"turns":2.0},{"damage":1.0,"enemies":"Sentry and Sphere","floor":25.0,"turns":3.0},{"damage":0.0,"enemies":"Cultist and Chosen","floor":27.0,"turns":5.0},{"damage":12.0,"enemies":"Gremlin Leader","floor":30.0,"turns":5.0},{"damage":23.0,"enemies":"Champ","floor":33.0,"turns":11.0},{"damage":1.0,"enemies":"3 Shapes","floor":35.0,"turns":5.0},{"damage":22.0,"enemies":"3 Darklings","floor":36.0,"turns":3.0},{"damage":0.0,"enemies":"Writhing Mass","floor":38.0,"turns":4.0},{"damage":29,"enemies":"Giant Head","floor":41,"turns":8},{"damage":39,"enemies":"Sphere and 2 Shapes","floor":42,"turns":4},{"damage":26,"enemies":"3 Darklings","floor":46,"turns":4},{"damage":7,"enemies":"Reptomancer","floor":48,"turns":4},{"damage":42,"enemies":"Time Eater","floor":50,"turns":3}],"seed_played":"7025478557460114206","potions_obtained":[{"floor":3.0,"key":"LiquidBronze"},{"floor":6.0,"key":"Ancient Potion"},{"floor":18.0,"key":"Swift Potion"},{"floor":20.0,"key":"Fire Potion"},{"floor":24.0,"key":"Energy Potion"},{"floor":35.0,"key":"PowerPotion"},{"floor":36.0,"key":"SpeedPotion"},{"floor":39.0,"key":"Swift Potion"},{"floor":39.0,"key":"Dexterity Potion"}],"is_trial":false,"path_per_floor":["M","M","M","?","$","E","R","?","T","E","$","R","$","M","R","B",null,"M","$","M","?","?","R","E","M","T","M","R","?","E","$","R","B",null,"M","M","?","M","?","R","E","M","T","?","$","M","R","E","R","B"],"character_chosen":"DEFECT","items_purchased":["Core Surge","Lantern","Sweeping Beam","Seek","Block Potion"],"campfire_rested":0,"item_purchase_floors":[5,5,19,45,45],"current_hp_per_floor":[56,42,38,38,38,30,30,30,30,10,25,25,40,16,16,14,52,45,60,43,43,43,43,34,33,33,33,33,33,21,36,36,18,53,52,35,64,64,64,64,40,1,1,64,61,38,38,31,31,0,0],"gold":104,"neow_bonus":"TWO_FIFTY_GOLD","is_daily":false,"chose_seed":false,"campfire_upgraded":8,"win_rate":0.0,"timestamp":1612617639,"path_taken":["M","M","M","?","$","E","R","?","T","E","$","R","$","M","R","BOSS","M","$","M","?","?","R","E","M","T","M","R","?","E","$","R","BOSS","M","M","?","?","?","R","E","?","T","?","$","M","R","E","R","BOSS"],"items_purchased_type":["Card","Relic","Card","Card","Potion"],"build_version":"2020-12-22","purchased_purges":6,"victory":false,"max_hp_per_floor":[64,64,64,64,64,64,64,64,64,64,64,64,64,64,64,64,64,64,64,64,64,64,64,64,64,64,64,64,64,64,64,64,64,64,64,64,64,64,64,64,64,64,64,64,61,61,61,61,61,61,61],"card_choices":[{"not_picked":["Leap","Hello World"],"picked":"Static Discharge","floor":1.0},{"not_picked":["Doom and Gloom","Turbo"],"picked":"Defragment","floor":2.0},{"not_picked":["Blizzard","Turbo"],"picked":"Ball Lightning","floor":3.0},{"not_picked":["Force Field","Ball Lightning"],"picked":"Go for the Eyes","floor":6.0},{"not_picked":["Redo","Beam Cell","Go for the Eyes"],"picked":"SKIP","floor":10.0},{"not_picked":["Beam Cell","Leap","Stack"],"picked":"SKIP","floor":14.0},{"not_picked":["Hyperbeam","Meteor Strike"],"picked":"Core Surge","floor":16.0},{"not_picked":["Leap","Hello World","Go for the Eyes"],"picked":"SKIP","floor":18.0},{"not_picked":["Turbo","Barrage+1"],"picked":"Cold Snap","floor":20.0},{"not_picked":["Go for the Eyes","Hologram"],"picked":"Rainbow","floor":24.0},{"not_picked":["Genetic Algorithm","Go for the Eyes"],"picked":"Capacitor","floor":25.0},{"not_picked":["Streamline","Beam Cell+1"],"picked":"Defragment+1","floor":27.0},{"not_picked":["Streamline","Sweeping Beam","Gash"],"picked":"SKIP","floor":30.0},{"not_picked":["Hyperbeam","Rainbow"],"picked":"Multi-Cast","floor":33.0},{"not_picked":["Barrage","FTL"],"picked":"Aggregate","floor":35.0},{"not_picked":["Hello World","Turbo"],"picked":"Fusion+1","floor":36.0},{"not_picked":["Sweeping Beam","Ball Lightning"],"picked":"Turbo","floor":38.0},{"not_picked":["Gash","Defragment"],"picked":"Lockon+1","floor":41},{"not_picked":["Capacitor","Sweeping Beam+1","Steam Power+1"],"picked":"SKIP","floor":42},{"not_picked":["Loop","Barrage+1"],"picked":"Coolheaded+1","floor":46},{"not_picked":["Coolheaded","Rainbow","Rip and Tear"],"picked":"SKIP","floor":48}],"player_experience":1022039,"relics_obtained":[{"floor":6.0,"key":"Smiling Mask"},{"floor":9.0,"key":"Orichalcum"},{"floor":10.0,"key":"Akabeko"},{"floor":24.0,"key":"Art of War"},{"floor":26.0,"key":"Gremlin Horn"},{"floor":30.0,"key":"Toy Ornithopter"},{"floor":41,"key":"CeramicFish"},{"floor":48,"key":"Bronze Scales"}],"event_choices":[{"damage_healed":0.0,"max_hp_gain":0.0,"max_hp_loss":0.0,"gold_gain":0.0,"event_name":"Liars Game","player_choice":"Ignored","floor":4.0,"gold_loss":0.0,"damage_taken":0.0},{"damage_healed":0.0,"max_hp_gain":0.0,"max_hp_loss":0.0,"gold_gain":0.0,"event_name":"Dead Adventurer","player_choice":"Searched \u00271\u0027 times","floor":8.0,"gold_loss":0.0,"damage_taken":0.0,"relics_obtained":["MealTicket"]},{"damage_healed":0.0,"max_hp_gain":0.0,"max_hp_loss":0.0,"gold_gain":0.0,"event_name":"Drug Dealer","player_choice":"Inject Mutagens","floor":21.0,"gold_loss":0.0,"damage_taken":0.0,"relics_obtained":["MutagenicStrength"]},{"damage_healed":0.0,"max_hp_gain":0.0,"max_hp_loss":0.0,"gold_gain":0.0,"event_name":"The Library","player_choice":"Read","floor":22.0,"gold_loss":0.0,"damage_taken":0.0,"cards_obtained":["Chill"]},{"damage_healed":29.0,"max_hp_gain":0.0,"max_hp_loss":0.0,"gold_gain":0.0,"event_name":"Wheel of Change","player_choice":"Full Heal","floor":37.0,"gold_loss":0.0,"damage_taken":0.0},{"damage_healed":0.0,"max_hp_gain":0.0,"max_hp_loss":0.0,"gold_gain":0.0,"event_name":"Lab","player_choice":"Got Potions","floor":39.0,"gold_loss":0.0,"damage_taken":0.0},{"damage_healed":63,"gold_gain":0,"player_choice":"Full Heal","damage_taken":0,"max_hp_gain":0,"max_hp_loss":0,"event_name":"Wheel of Change","floor":44,"gold_loss":0}],"is_beta":false,"boss_relics":[{"not_picked":["Calling Bell","Busted Crown"],"picked":"Coffee Dripper"},{"not_picked":["Tiny House","Philosopher\u0027s Stone"],"picked":"Runic Pyramid"}],"items_purged_floors":[5,11,13,19,31,45],"is_endless":false,"potions_floor_spawned":[3,6,18,20,24,35,36],"killed_by":"Time Eater","ascension_level":15}}