{"host":"vumwfieg2b2mnrfl","time":1612635799,"event":{"mods":["AchievementEnabler","BaseMod","Minty Spire (QoL Compilation)","Rare Cards Sparkle","Relic Stats"],"gold_per_floor":[111,32,32,44,56,87,87,120,170,170,199,216,216,229,229,305,305,323,248,248,258,20,20,45,45,45,76,76,76,32,44,44,44,44],"floor_reached":33,"language":"ENG","playtime":1144,"items_purged":[],"score":602,"play_id":"11711e3d-f737-4ee4-a94d-2f3a17a8b9bf","local_time":"20210206122319","is_ascension_mode":true,"campfire_choices":[{"floor":7,"key":"REST"},{"floor":10,"key":"REST"},{"floor":13,"key":"REST"},{"data":"Footwork","floor":15,"key":"SMITH"},{"floor":23,"key":"REST"},{"data":"Noxious Fumes","floor":25,"key":"SMITH"},{"floor":28,"key":"REST"},{"floor":32,"key":"REST"}],"circlet_count":0,"master_deck":["AscendersBane","Strike_G","Strike_G","Strike_G","Strike_G","Defend_G","Defend_G","Defend_G","Defend_G","Defend_G","Survivor","Neutralize","Die Die Die","Deadly Poison","Footwork+1","Escape Plan","Dash","Masterful Stab","Bouncing Flask","Flying Knee","Deflect","Dagger Throw","Wraith Form v2","Noxious Fumes+1","Calculated Gamble","Escape Plan","PiercingWail","Deflect","Footwork"],"relics":["Ring of the Snake","StrikeDummy","Centennial Puzzle","Bag of Marbles","Turnip","Sozu","Regal Pillow","Juzu Bracelet","Tiny Chest","Omamori"],"acts_visited":["Exordium","TheCity"],"potions_floor_usage":[6,16,24],"damage_taken":[{"damage":1,"enemies":"Cultist","floor":1,"turns":4},{"damage":0,"enemies":"2 Louse","floor":4,"turns":3},{"damage":0,"enemies":"Small Slimes","floor":5,"turns":2},{"damage":28,"enemies":"Lagavulin","floor":6,"turns":7},{"damage":27,"enemies":"Gremlin Nob","floor":8,"turns":5},{"damage":30,"enemies":"3 Sentries","floor":11,"turns":10},{"damage":1,"enemies":"Blue Slaver","floor":12,"turns":3},{"damage":0,"enemies":"Exordium Wildlife","floor":14,"turns":1},{"damage":22,"enemies":"Hexaghost","floor":16,"turns":9},{"damage":12,"enemies":"Chosen","floor":18,"turns":4},{"damage":1,"enemies":"3 Byrds","floor":21,"turns":6},{"damage":29,"enemies":"Slavers","floor":24,"turns":6},{"damage":26,"enemies":"Book of Stabbing","floor":27,"turns":6},{"damage":23,"enemies":"Shelled Parasite and Fungi","floor":31,"turns":5},{"damage":53,"enemies":"Champ","floor":33,"turns":15}],"seed_played":"-5698273270570899025","potions_obtained":[{"floor":5,"key":"Poison Potion"},{"floor":6,"key":"SpeedPotion"},{"floor":11,"key":"SkillPotion"}],"is_trial":false,"path_per_floor":["M","$","?","M","M","E","R","E","T","R","E","M","R","M","R","B",null,"M","?","$","M","$","R","E","R","T","E","R","?","$","M","R","B"],"character_chosen":"THE_SILENT","items_purchased":["Footwork","Regal Pillow","Escape Plan","Footwork"],"campfire_rested":6,"item_purchase_floors":[2,22,22,30],"current_hp_per_floor":[58,58,58,58,58,30,48,21,21,39,9,8,26,26,26,4,46,34,34,34,33,33,60,31,31,31,5,38,38,38,15,48,0,0],"gold":44,"neow_bonus":"THREE_RARE_CARDS","is_daily":false,"chose_seed":false,"campfire_upgraded":2,"win_rate":0.0,"timestamp":1612635799,"path_taken":["M","?","?","M","M","E","R","E","T","R","E","M","R","M","R","BOSS","M","?","$","M","$","R","E","R","T","E","R","?","?","M","R","BOSS"],"items_purchased_type":["Card","Relic","Card","Card"],"build_version":"2020-12-22","purchased_purges":0,"victory":false,"max_hp_per_floor":[60,60,60,60,60,60,60,60,60,60,60,60,60,60,60,60,60,60,60,60,60,60,60,60,60,60,60,60,60,60,60,60,60,60],"relic_stats":{"Sozu":2,"Centennial Puzzle":[27],"Regal Pillow":39,"counters":[15,86],"Tiny Chest":0,"Turnip":[6],"Juzu Bracelet":0,"obtain_stats":[{"Sozu":17,"Centennial Puzzle":8,"Regal Pillow":22,"Tiny Chest":26,"Turnip":11,"Bag of Marbles":9,"Juzu Bracelet":24,"Omamori":27,"StrikeDummy":6,"Ring of the Snake":0},{"Sozu":9,"Centennial Puzzle":5,"Regal Pillow":11,"Tiny Chest":12,"Turnip":6,"Bag of Marbles":5,"Juzu Bracelet":12,"Omamori":13,"StrikeDummy":4,"Ring of the Snake":0},{"Sozu":44,"Centennial Puzzle":21,"Regal Pillow":54,"Tiny Chest":60,"Turnip":31,"Bag of Marbles":21,"Juzu Bracelet":60,"Omamori":66,"StrikeDummy":16,"Ring of the Snake":0}],"Ring of the Snake":[30]},"card_choices":[{"not_picked":["Adrenaline","A Thousand Cuts"],"picked":"Die Die Die","floor":0},{"not_picked":["Caltrops","Slice"],"picked":"Deadly Poison","floor":1},{"not_picked":["Sucker Punch","Prepared"],"picked":"Escape Plan","floor":4},{"not_picked":["Backflip","Dagger Throw"],"picked":"Dash","floor":5},{"not_picked":["Slice","Deadly Poison"],"picked":"Masterful Stab","floor":6},{"not_picked":["Die Die Die","PiercingWail"],"picked":"Bouncing Flask","floor":8},{"not_picked":["Underhanded Strike","Concentrate"],"picked":"Flying Knee","floor":11},{"not_picked":["Outmaneuver","Concentrate"],"picked":"Deflect","floor":12},{"not_picked":["Backstab","Dodge and Roll"],"picked":"Dagger Throw","floor":14},{"not_picked":["Tools of the Trade","Venomology"],"picked":"Wraith Form v2","floor":16},{"not_picked":["Underhanded Strike","Poisoned Stab"],"picked":"Noxious Fumes","floor":18},{"not_picked":["Dodge and Roll","Cloak And Dagger"],"picked":"Calculated Gamble","floor":21},{"not_picked":["Poisoned Stab","Cloak And Dagger"],"picked":"PiercingWail","floor":24},{"not_picked":["Escape Plan","Envenom"],"picked":"Deflect","floor":27},{"not_picked":["Masterful Stab","Calculated Gamble","Flechettes"],"picked":"SKIP","floor":31}],"player_experience":530521,"relics_obtained":[{"floor":6,"key":"StrikeDummy"},{"floor":8,"key":"Centennial Puzzle"},{"floor":9,"key":"Bag of Marbles"},{"floor":11,"key":"Turnip"},{"floor":24,"key":"Juzu Bracelet"},{"floor":26,"key":"Tiny Chest"},{"floor":27,"key":"Omamori"}],"event_choices":[{"damage_healed":0,"gold_gain":0,"player_choice":"Ignored","damage_taken":0,"max_hp_gain":0,"max_hp_loss":0,"event_name":"Shining Light","floor":3,"gold_loss":0},{"cards_removed":["Strike_G"],"damage_healed":0,"gold_gain":0,"player_choice":"Gave Gold","damage_taken":0,"max_hp_gain":0,"max_hp_loss":0,"event_name":"Beggar","floor":19,"gold_loss":75},{"damage_healed":0,"gold_gain":0,"player_choice":"Smashed Altar","damage_taken":0,"max_hp_gain":0,"max_hp_loss":0,"event_name":"Forgotten Altar","floor":29,"gold_loss":0,"cards_obtained":["Decay"]}],"is_beta":false,"boss_relics":[{"not_picked":["Velvet Choker","Coffee Dripper"],"picked":"Sozu"}],"items_purged_floors":[],"is_endless":false,"potions_floor_spawned":[5,6,11,12,24,27],"killed_by":"Champ","ascension_level":20}}