{"host":"55ootvctf3yuzfpi","time":1612572552,"event":{"mods":["BaseMod","Colored Map","Downfall","Minty Spire (QoL Compilation)","StSLib"],"gold_per_floor":[214,33,33,73,110,156,156,201,201,201,201,237,268,302,302,302,302],"floor_reached":16,"language":"ENG","playtime":1203,"items_purged":[],"score":192,"play_id":"577edcd1-e1ba-4458-87ea-f4eb40660e4a","local_time":"20210205214912","is_ascension_mode":true,"campfire_choices":[{"floor":7.0,"key":"DIG"},{"floor":11.0,"key":"REST"},{"floor":15.0,"key":"DIG"}],"circlet_count":0,"master_deck":["AscendersBane","Strike_G","Strike_G","Strike_G","Strike_G","Defend_G","Defend_G","Defend_G","Defend_G","Defend_G","Survivor","Neutralize","Caltrops","HandOfGreed","Dagger Spray","PiercingWail","Adrenaline","Masterful Stab+1","Quick Slash+1"],"relics":["Ring of the Snake","Shovel","Paper Crane","Molten Egg 2","Gremlin Horn","Incense Burner","Tough Bandages"],"acts_visited":["Exordium"],"potions_floor_usage":[16],"damage_taken":[{"damage":5.0,"enemies":"Small Slimes","floor":1.0,"turns":5.0},{"damage":0.0,"enemies":"Cultist","floor":4.0,"turns":4.0},{"damage":0.0,"enemies":"Jaw Worm","floor":5.0,"turns":4.0},{"damage":23.0,"enemies":"Gremlin Nob","floor":6.0,"turns":4.0},{"damage":25.0,"enemies":"3 Sentries","floor":8.0,"turns":7.0},{"damage":3.0,"enemies":"3 Louse","floor":12.0,"turns":3.0},{"damage":24.0,"enemies":"Lagavulin","floor":13.0,"turns":8.0},{"damage":3.0,"enemies":"Large Slime","floor":14.0,"turns":7.0},{"damage":25,"enemies":"The Guardian","floor":16,"turns":8}],"seed_played":"-1949724840481181438","potions_obtained":[{"floor":1.0,"key":"Poison Potion"},{"floor":5.0,"key":"Explosive Potion"},{"floor":12.0,"key":"Explosive Potion"},{"floor":13.0,"key":"Explosive Potion"},{"floor":14.0,"key":"AttackPotion"}],"is_trial":false,"path_per_floor":["M","$","?","M","M","E","R","E","T","?","R","M","E","M","R","B"],"character_chosen":"THE_SILENT","items_purchased":["HandOfGreed"],"campfire_rested":1,"item_purchase_floors":[2],"current_hp_per_floor":[58,58,58,58,58,35,35,10,10,33,54,51,27,24,24,0,0],"gold":302,"neow_bonus":"HUNDRED_GOLD","is_daily":false,"chose_seed":false,"campfire_upgraded":0,"win_rate":0.0,"timestamp":1612572552,"path_taken":["M","$","?","?","M","E","R","E","T","?","R","M","E","M","R","BOSS"],"items_purchased_type":["Card"],"build_version":"2020-12-22","purchased_purges":0,"victory":false,"max_hp_per_floor":[70,70,70,70,70,70,70,70,70,70,70,70,70,70,70,70,70],"card_choices":[{"not_picked":["Concentrate","Quick Slash"],"picked":"Caltrops","floor":1.0},{"not_picked":["Acrobatics","Backflip"],"picked":"Dagger Spray","floor":4.0},{"not_picked":["Blade Dance","Infinite Blades"],"picked":"PiercingWail","floor":5.0},{"not_picked":["Outmaneuver","Caltrops"],"picked":"Adrenaline","floor":6.0},{"not_picked":["Dagger Spray+1","Outmaneuver","Finisher+1"],"picked":"SKIP","floor":8.0},{"not_picked":["Dodge and Roll","Outmaneuver","Concentrate"],"picked":"SKIP","floor":12.0},{"not_picked":["Deflect","Reflex"],"picked":"Masterful Stab+1","floor":13.0},{"not_picked":["Dagger Spray+1","Backflip"],"picked":"Quick Slash+1","floor":14.0}],"player_experience":1280664,"relics_obtained":[{"floor":6.0,"key":"Shovel"},{"floor":7.0,"key":"Paper Crane"},{"floor":8.0,"key":"Molten Egg 2"},{"floor":9.0,"key":"Gremlin Horn"},{"floor":13.0,"key":"Incense Burner"},{"floor":15.0,"key":"Tough Bandages"}],"event_choices":[{"cards_removed":["Strike_G"],"damage_healed":0.0,"max_hp_gain":0.0,"max_hp_loss":0.0,"gold_gain":0.0,"event_name":"Bonfire Elementals","player_choice":"Offered Basic","floor":3.0,"gold_loss":0.0,"damage_taken":0.0},{"damage_healed":23.0,"max_hp_gain":0.0,"max_hp_loss":0.0,"gold_gain":0.0,"event_name":"Big Fish","player_choice":"Banana","floor":10.0,"gold_loss":0.0,"damage_taken":0.0}],"is_beta":false,"boss_relics":[],"items_purged_floors":[],"is_endless":false,"potions_floor_spawned":[1,5,12,13,14],"killed_by":"The Guardian","ascension_level":12}}