{"host":"zpgqcfwzjt3ivxzp","time":1612609550,"event":{"mods":["BaseMod","Better Altar","Better Match","Better Note","Better Sensory Stone","Better Skull","Better Third Choice","BetterRewards","Card Forge","Colored Map","Colored Powertips","Custom Start","Highlight Path","Infinite Spire","Minty Spire (QoL Compilation)","Quick Restart","Replay The Spire","StSLib","The Senshi"],"gold_per_floor":[112,112,112,130,55,89,89,121,147,165,41,41,54,79,79,176,176,190,190,208,224,239,239,239],"floor_reached":23,"language":"ENG","playtime":3307,"items_purged":["Defend_P","Eruption","ReplayTheSpireMod:Doomed"],"score":540,"play_id":"6b012a5c-78fa-442b-a8e8-98facc095934","local_time":"20210206050550","is_ascension_mode":true,"campfire_choices":[{"data":"Replay:Parry","floor":7.0,"key":"SMITH"},{"floor":12.0,"key":"REST"},{"floor":15.0,"key":"REST"}],"circlet_count":0,"master_deck":["Strike_P","Strike_P","Defend_P","Defend_P","Defend_P+1","PathToVictory","CutThroughFate","Nirvana+1","Flash of Steel","PathToVictory+1","Alpha","Nirvana","Sanctity+1","WindmillStrike+1","Evaluate+1","Replay:Parry+1","CutThroughFate","JustLucky+1","PathToVictory","Replay:LoomingThreat","Replay:DivineShield+1","Establishment+1","WindmillStrike+1","Replay:AtTheReady","Replay:ManipulateFuture","ThirdEye+1"],"relics":["PureWater","Hammer of Thor","Seething Fire","Anvil of the Gods","Melange","BargainBundle","Replay:Baseball","Potion Belt","Dream Catcher","ReplayTheSpireMod:CursedCoin","War Paint","Happy Flower"],"acts_visited":["Exordium","TheCity"],"potions_floor_usage":[],"damage_taken":[{"damage":10.0,"enemies":"Jaw Worm","floor":1.0,"turns":4.0},{"damage":1.0,"enemies":"Cultist","floor":4.0,"turns":3.0},{"damage":0.0,"enemies":"Replay:BlueRogue","floor":6.0,"turns":6.0},{"damage":16.0,"enemies":"3 Sentries","floor":8.0,"turns":8.0},{"damage":0.0,"enemies":"Small Slimes","floor":10.0,"turns":2.0},{"damage":7.0,"enemies":"Exordium Thugs","floor":13.0,"turns":4.0},{"damage":10.0,"enemies":"Lagavulin","floor":14.0,"turns":5.0},{"damage":0.0,"enemies":"Fading Forest","floor":16.0,"turns":9.0},{"damage":15.0,"enemies":"2 Thieves","floor":18.0,"turns":4.0},{"damage":20.0,"enemies":"Shell Parasite","floor":20.0,"turns":5.0},{"damage":17.0,"enemies":"Cultist and Chosen","floor":21.0,"turns":8.0},{"damage":13.0,"enemies":"Snake Plant","floor":22.0,"turns":5.0},{"damage":0,"enemies":"Slavers","floor":23,"turns":1}],"seed_played":"4506706487633044130","potions_obtained":[{"floor":8.0,"key":"EntropicBrew"},{"floor":13.0,"key":"Weak Potion"},{"floor":16.0,"key":"Languid Potion"},{"floor":18.0,"key":"SpeedPotion"},{"floor":21.0,"key":"ColorlessPotion"}],"is_trial":false,"path_per_floor":["M","?","T","M","?","E","R","E","T","M","$","R","M","E","R","B",null,"M","?","M","M","M","E"],"character_chosen":"WATCHER","items_purchased":["PathToVictory","CutThroughFate","Nirvana+1","Flash of Steel","Melange","PathToVictory","Alpha","Replay:ManipulateFuture","Nirvana","Sanctity","BargainBundle","Strength Potion","Weak Potion","Ancient Potion","WindmillStrike","Evaluate","Replay:Parry","Replay:Baseball","ReplayTheSpireMod:CursedCoin","War Paint"],"campfire_rested":2,"item_purchase_floors":[0,0,0,0,0,0,0,0,0,0,0,0,0,0,0,0,0,0,11,11],"current_hp_per_floor":[55,41,41,40,40,40,40,24,24,24,24,45,38,28,49,57,68,53,53,33,16,3,3,3],"gold":239,"neow_bonus":"","is_daily":false,"chose_seed":false,"campfire_upgraded":1,"win_rate":0.0,"timestamp":1612609550,"path_taken":["M","?","?","M","?","E","R","E","T","?","$","R","M","E","R","BOSS","M","?","M","M","M","E"],"items_purchased_type":["Card","Card","Card","Card","Relic","Card","Card","Card","Card","Card","Relic","Potion","Potion","Potion","Card","Card","Card","Relic","Relic","Relic"],"build_version":"2020-12-22","purchased_purges":3,"victory":false,"max_hp_per_floor":[72,72,72,72,72,72,72,72,72,72,72,72,72,72,72,72,72,72,72,72,72,72,72,72],"card_choices":[{"not_picked":["InnerPeace","EmptyFist","Halt"],"picked":"SKIP","floor":1.0},{"not_picked":["Perseverance","EmptyFist"],"picked":"CutThroughFate","floor":4.0},{"not_picked":["Replay:ManipulateFuture+1","Replay:BluntJabs+1"],"picked":"JustLucky+1","floor":5.0},{"not_picked":["Replay:Hum","ConjureBlade"],"picked":"PathToVictory","floor":6.0},{"not_picked":["Protect","FearNoEvil","Evaluate"],"picked":"SKIP","floor":8.0},{"not_picked":["Replay:BluntJabs","FollowUp","EmptyFist"],"picked":"SKIP","floor":10.0},{"not_picked":["CrushJoints","Protect"],"picked":"Replay:LoomingThreat","floor":13.0},{"not_picked":["PathToVictory","WaveOfTheHand"],"picked":"Replay:DivineShield","floor":14.0},{"not_picked":["Replay:LoomingThreat","DeusExMachina"],"picked":"Establishment","floor":16.0},{"not_picked":["FlyingSleeves+1","EmptyBody","CrushJoints+1"],"picked":"SKIP","floor":18.0},{"not_picked":["Crescendo","EmptyFist"],"picked":"Replay:AtTheReady","floor":20.0},{"not_picked":["FlurryOfBlows","EmptyFist"],"picked":"Replay:ManipulateFuture","floor":21.0},{"not_picked":["Wireheading","DevaForm"],"picked":"ThirdEye+1","floor":22.0}],"player_experience":1146856,"relics_obtained":[{"floor":8.0,"key":"Potion Belt"},{"floor":9.0,"key":"Dream Catcher"},{"floor":14.0,"key":"Happy Flower"}],"event_choices":[{"damage_healed":55.0,"max_hp_gain":0.0,"max_hp_loss":72.0,"gold_gain":0.0,"event_name":"betterThird:BetterShining","player_choice":"Upgrade","floor":2.0,"gold_loss":0.0,"damage_taken":14.0,"cards_upgraded":["Strike_P","Defend_P"]},{"damage_healed":0.0,"max_hp_gain":0.0,"max_hp_loss":0.0,"gold_gain":0.0,"event_name":"betterMatch:BetterMatch","player_choice":"2","floor":5.0,"gold_loss":0.0,"damage_taken":0.0,"cards_obtained":["betterMatch:CommonCard"]},{"damage_healed":0.0,"max_hp_gain":0.0,"max_hp_loss":0.0,"gold_gain":0.0,"event_name":"Duplicator","player_choice":"Copied","floor":19.0,"gold_loss":0.0,"damage_taken":0.0,"cards_obtained":["WindmillStrike"]}],"is_beta":false,"boss_relics":[{"not_picked":["Ring of Chaos","Velvet Choker","Replay:Drink Me"]}],"items_purged_floors":[0,0,11],"is_endless":false,"potions_floor_spawned":[8,13,16,18,21],"killed_by":"Slavers","ascension_level":8}}