{"host":"Ringo","time":1612632511,"event":{"mods":["BaseMod","Colored Map","Conspire","Dota2Spire","Hubris","Minty Spire (QoL Compilation)","Replay The Spire","StSLib","The Construct","[IsaacMod]ÒÔÈö¼âËþ","¡¾ÒÅÎï¿¨ÅÆ¡¿REMEMod"],"gold_per_floor":[116,129,147,165,176,204,233,265,335,365,398,398,433,465,465,536,536,554,217,250,86,105,135,135,161,186,234,234,278,278,325,325,440,440,486,513,6,72,114,186,240,299,324,391,432,490,545,576,576,636,663,216,251,82,126,168,168,168,256,293,331,388,277,277,375,419],"floor_reached":52,"language":"ZHS","playtime":1896,"items_purged":["Replay:Bootleg Shield Generator"],"score":4650,"play_id":"f73b1662-bbd8-4f11-970f-2bab0d0ea58f","local_time":"20210207012831","daily_mods":["SealedDeck","Vintage","Colorless Cards","Heirloom","Time Dilation","Flight","DeadlyEvents","Elite Swarm","Lethality","Binary"],"is_ascension_mode":true,"campfire_choices":[{"data":"Prepared","floor":12,"key":"SMITH"},{"data":"Finisher","floor":15,"key":"SMITH"},{"data":"REME_GreenPollution","floor":24,"key":"SMITH"},{"data":"Specialist","floor":28,"key":"SMITH"},{"data":"Tactician","floor":32,"key":"SMITH"},{"data":"ReplayTheSpireMod:The Works","floor":49,"key":"SMITH"},{"data":"ReplayTheSpireMod:Private Reserves","floor":42,"key":"SMITH"},{"data":"Panacea+1","floor":49,"key":"SMITH"}],"circlet_count":0,"master_deck":["AscendersBane","Backflip","Quick Slash+1","Dagger Throw","Deflect","Blade Dance","Prepared+1","ReplayTheSpireMod:The Works+1","Dagger Spray+1","Flash of Steel","Finisher+1","Violence+1","Panacea+2","Infinite Blades+1","REME_GreenPollution+1","Tactician+1","Acrobatics+1","Specialist+1","Hidden Blade+1","Expertise","ReplayTheSpireMod:Private Reserves+1","Well Laid Plans+1"],"relics":["Ring of the Snake","Busted Crown","HushsDoor","REME_ComplimentaryCards","replay:Trail_Library","Du-Vu Doll","BelialBook","Byrd Skull","Dream Catcher","Darkstone Periapt","Pondfish Scales","Replay:Wax Seal","TheBean","BlankCard","Dota2Spire:ShivaGuard","Dota2Spire:Desolator","SalivaCoin","Peace Pipe","Regal Pillow","Dota2Spire:BattleFury","conspire:SpecialSausage","Mercury Hourglass","D4","Lantern","Dota2Spire:MantaStyle","conspire:InfiniteJournal","hubris:DeckOfHolding","Replay:Bandana","StoneCalendar","BookOfRevelations","REME_IWantAll","REME_ChargedStone","Akabeko","Dota2Spire:HandOfMidas","Dota2Spire:HeartOfTarrasque","Dota2Spire:EchoSabre","Replay:Mystery Machine","hubris:SlimyHat","PreservedInsect","Shuriken","Ginger","Omamori","hubris:ToyBattleship","hubris:PeanutButter","ReplayFunnel","conspire:DecoderRing","Pen Nib","construct:RocketBooster","Bag of Marbles","Strange Spoon","conspire:Dentures","Dota2Spire:PowerTreads","Vajra","Smiling Mask","Replay:Accelerometer","Letter Opener","The Specimen","Dota2Spire:ArcaneBoots","hubris:CuriousFeather"],"acts_visited":["Exordium","TheCity","TheBeyond"],"potions_floor_usage":[51,51],"damage_taken":[{"damage":5,"enemies":"conspire:RoseBush","floor":1,"turns":1},{"damage":0,"enemies":"Small Slimes","floor":2,"turns":1},{"damage":0,"enemies":"2 Louse","floor":3,"turns":1},{"damage":0,"enemies":"Exordium Thugs","floor":4,"turns":1},{"damage":0,"enemies":"Gremlin Gang","floor":5,"turns":1},{"damage":0,"enemies":"Lagavulin","floor":6,"turns":2},{"damage":0,"enemies":"Replay:BlueRogue","floor":7,"turns":1},{"damage":0,"enemies":"Gremlin Nob","floor":8,"turns":1},{"damage":0,"enemies":"Lagavulin","floor":10,"turns":1},{"damage":0,"enemies":"3 Sentries","floor":11,"turns":1},{"damage":0,"enemies":"Lagavulin","floor":13,"turns":1},{"damage":0,"enemies":"3 Sentries","floor":14,"turns":1},{"damage":0,"enemies":"The Guardian","floor":16,"turns":1},{"damage":0,"enemies":"Shell Parasite","floor":18,"turns":1},{"damage":0,"enemies":"conspire:MimicChest","floor":20,"turns":1},{"damage":0,"enemies":"Chosen","floor":22,"turns":1},{"damage":0,"enemies":"conspire:Head Lice","floor":23,"turns":1},{"damage":0,"enemies":"Slavers","floor":25,"turns":1},{"damage":0,"enemies":"REME_1_Revenger","floor":27,"turns":1},{"damage":0,"enemies":"conspire:SneckoGhost","floor":29,"turns":1},{"damage":0,"enemies":"Replay:Snechameleon","floor":31,"turns":1},{"damage":0,"enemies":"Champ","floor":33,"turns":1},{"damage":0,"enemies":"3 Darklings","floor":35,"turns":1},{"damage":0,"enemies":"3 Shapes","floor":36,"turns":1},{"damage":0,"enemies":"Writhing Mass","floor":38,"turns":1},{"damage":0,"enemies":"Jaw Worm Horde","floor":39,"turns":1},{"damage":0,"enemies":"R_Hoarder","floor":40,"turns":1},{"damage":0,"enemies":"Nemesis","floor":41,"turns":1},{"damage":0,"enemies":"R_Hoarder","floor":42,"turns":1},{"damage":0,"enemies":"Nemesis","floor":44,"turns":1},{"damage":0,"enemies":"Reptomancer","floor":45,"turns":1},{"damage":0,"enemies":"R_Hoarder","floor":46,"turns":1},{"damage":0,"enemies":"Reptomancer","floor":47,"turns":1},{"damage":0,"enemies":"3 Darklings","floor":48,"turns":1},{"damage":0,"enemies":"3 Darklings","floor":35,"turns":1},{"damage":0,"enemies":"3 Shapes","floor":36,"turns":1},{"damage":0,"enemies":"3 Darklings","floor":38,"turns":1},{"damage":0,"enemies":"Nemesis","floor":40,"turns":1},{"damage":0,"enemies":"Reptomancer","floor":41,"turns":1},{"damage":0,"enemies":"R_Hoarder","floor":44,"turns":1},{"damage":0,"enemies":"Reptomancer","floor":45,"turns":1},{"damage":0,"enemies":"Nemesis","floor":46,"turns":1},{"damage":0,"enemies":"R_Hoarder","floor":47,"turns":1},{"damage":0,"enemies":"Awakened One","floor":50,"turns":2},{"damage":0,"enemies":"Donu and Deca","floor":51,"turns":1}],"seed_played":"1536203127027450290","potions_obtained":[{"floor":1,"key":"PowerPotion"},{"floor":8,"key":"FearPotion"},{"floor":31,"key":"Adrenaline Potion"},{"floor":42,"key":"Flashbang"}],"is_trial":true,"path_per_floor":["M","M","M","M","M","E","E","E","T","E","E","R","E","E","R","B",null,"M","$","?","$","M","E","R","E","T","E","R","E","?","E","R","B",null,"M","M","$","M","M","E","E","E","T","E","E","E","E","M","R","M","M","$","M","$","E","E","R","T","E","E","E","E","$","R","B","B",null],"character_chosen":"THE_SILENT","items_purchased":["Infinite Blades","REME_GreenPollution","Tactician","Acrobatics","Specialist","Lantern","Dota2Spire:HeartOfTarrasque","Dota2Spire:EchoSabre","Bag of Marbles","Strange Spoon","ReplayTheSpireMod:Private Reserves","Dota2Spire:PowerTreads","Well Laid Plans+1"],"campfire_rested":0,"item_purchase_floors":[17,19,19,19,19,21,37,37,37,37,37,39,48],"current_hp_per_floor":[54,54,54,54,54,54,54,54,54,54,54,54,54,54,54,54,61,61,61,61,61,61,61,61,61,61,61,61,61,61,61,61,61,63,63,63,71,71,71,71,71,71,71,71,71,71,71,71,71,71,71,71,71,71,71,71,71,71,71,71,71,71,71,71,71,71],"gold":419,"neow_bonus":"","is_daily":false,"chose_seed":false,"campfire_upgraded":8,"win_rate":0.0,"timestamp":1612632511,"path_taken":["M","M","?","M","M","E","E","E","T","E","E","R","E","E","R","BOSS","M","$","?","$","M","E","R","E","T","E","R","E","?","E","R","BOSS","M","M","$","M","?","E","E","E","T","E","E","E","E","M","R","M","M","$","M","$","E","E","R","T","E","E","E","E","$","R","BOSS","BOSS"],"items_purchased_type":["Card","Card","Card","Card","Card","Relic","Relic","Relic","Relic","Relic","Card","Relic","Card"],"build_version":"2020-12-18","purchased_purges":1,"victory":true,"max_hp_per_floor":[66,66,66,66,66,66,66,66,66,66,66,66,66,66,66,66,63,63,63,63,63,63,63,63,63,63,63,63,63,63,63,63,63,63,63,63,71,71,71,71,71,71,71,71,71,71,71,71,71,71,71,71,71,71,71,71,71,71,71,71,71,71,71,71,71,71],"card_choices":[],"player_experience":645008,"relics_obtained":[{"floor":1,"key":"Byrd Skull"},{"floor":2,"key":"Dream Catcher"},{"floor":3,"key":"Darkstone Periapt"},{"floor":4,"key":"Pondfish Scales"},{"floor":5,"key":"Replay:Wax Seal"},{"floor":6,"key":"TheBean"},{"floor":7,"key":"BlankCard"},{"floor":8,"key":"Dota2Spire:ShivaGuard"},{"floor":9,"key":"Dota2Spire:Desolator"},{"floor":10,"key":"SalivaCoin"},{"floor":11,"key":"Peace Pipe"},{"floor":13,"key":"Regal Pillow"},{"floor":14,"key":"Dota2Spire:BattleFury"},{"floor":18,"key":"Mercury Hourglass"},{"floor":20,"key":"D4"},{"floor":22,"key":"Dota2Spire:MantaStyle"},{"floor":23,"key":"conspire:InfiniteJournal"},{"floor":25,"key":"hubris:DeckOfHolding"},{"floor":26,"key":"Replay:Bandana"},{"floor":27,"key":"StoneCalendar"},{"floor":29,"key":"BookOfRevelations"},{"floor":31,"key":"REME_IWantAll"},{"floor":35,"key":"Akabeko"},{"floor":36,"key":"Dota2Spire:HandOfMidas"},{"floor":38,"key":"Replay:Mystery Machine"},{"floor":39,"key":"hubris:SlimyHat"},{"floor":40,"key":"PreservedInsect"},{"floor":41,"key":"Shuriken"},{"floor":42,"key":"Ginger"},{"floor":43,"key":"Omamori"},{"floor":44,"key":"hubris:ToyBattleship"},{"floor":45,"key":"ForgetMeNow"},{"floor":46,"key":"hubris:PeanutButter"},{"floor":47,"key":"ReplayFunnel"},{"floor":48,"key":"conspire:DecoderRing"},{"floor":35,"key":"Pen Nib"},{"floor":36,"key":"construct:RocketBooster"},{"floor":38,"key":"conspire:Dentures"},{"floor":40,"key":"Vajra"},{"floor":41,"key":"Smiling Mask"},{"floor":43,"key":"Replay:Accelerometer"},{"floor":44,"key":"Letter Opener"},{"floor":45,"key":"The Specimen"},{"floor":46,"key":"Dota2Spire:ArcaneBoots"},{"floor":47,"key":"hubris:CuriousFeather"}],"event_choices":[{"damage_healed":0,"gold_gain":0,"player_choice":"Forge","damage_taken":0,"max_hp_gain":0,"max_hp_loss":0,"event_name":"Accursed Blacksmith","floor":30,"gold_loss":0,"cards_upgraded":["Infinite Blades"]}],"is_beta":true,"boss_relics":[{"not_picked":["SacredBark","Fusion Hammer"],"picked":"conspire:SpecialSausage"},{"not_picked":[]},{"not_picked":["Replay:Drink Me","Snecko Heart"],"picked":"REME_ChargedStone"},{"not_picked":[]}],"items_purged_floors":[48],"is_endless":false,"potions_floor_spawned":[1,8,10,11,13,14,16,23,27,29,31,35,38,42,44,47,48,35,38,40,47],"ascension_level":20}}