{"host":"kkntor5wdjky96yl","time":1612588611,"event":{"mods":["AchievementEnabler","BaseMod","Colored Map","KOR Keyword Fix","Minty Spire (QoL Compilation)","Shop Mod","StSLib","SuperFastMode","Swap Starting Deck Mod"],"gold_per_floor":[111,111,121,135,153,182,182,198,198,198,216,216,234,251,251,354,354,370,370,386,386,400,400,433,452,452,452,472,111,129,144,144,241,241,255,255,269,284,284,298,298,258,258,2,2,22,22,38,38,38,38,38,38,70,70,70],"floor_reached":55,"language":"KOR","playtime":1712,"items_purged":[],"score":697,"play_id":"0f4a9d81-d44c-43c3-86d5-df2a9380d785","local_time":"20210206141651","is_ascension_mode":false,"campfire_choices":[{"data":"Venomology","floor":7.0,"key":"SMITH"},{"data":"Concentrate","floor":12.0,"key":"SMITH"},{"floor":15.0,"key":"REST"},{"floor":23.0,"key":"RECALL"},{"floor":27.0,"key":"REST"},{"data":"Catalyst","floor":32.0,"key":"SMITH"},{"floor":41.0,"key":"REST"},{"floor":45.0,"key":"REST"},{"floor":47.0,"key":"REST"},{"floor":49.0,"key":"REST"},{"data":"Madness","floor":52.0,"key":"SMITH"}],"circlet_count":0,"master_deck":["Poisoned Stab+1","Poisoned Stab+1","Poisoned Stab+1","Deflect","Deflect","Deflect","Deflect+1","Deadly Poison","Venomology+1","Bouncing Flask","Concentrate+1","Noxious Fumes+1","Corpse Explosion","Deadly Poison+1","Catalyst+1","Burst+1","Burst","Backflip+1","Madness+1","Madness","Outmaneuver+1","PiercingWail+1"],"relics":["Ring of the Snake","swapstartingdeckmod:DeadBlossom","Bag of Preparation","Ice Cream","SlaversCollar","Torii","Snake Skull","Runic Pyramid","Whetstone","Sundial","Eternal Feather"],"acts_visited":["Exordium","TheCity","TheBeyond","TheEnding"],"potions_floor_usage":[55],"damage_taken":[{"damage":0.0,"enemies":"2 Louse","floor":1.0,"turns":2.0},{"damage":0.0,"enemies":"Small Slimes","floor":3.0,"turns":2.0},{"damage":0.0,"enemies":"Cultist","floor":4.0,"turns":2.0},{"damage":2.0,"enemies":"Looter","floor":5.0,"turns":2.0},{"damage":12.0,"enemies":"Gremlin Nob","floor":6.0,"turns":3.0},{"damage":0.0,"enemies":"2 Fungi Beasts","floor":8.0,"turns":2.0},{"damage":0.0,"enemies":"Red Slaver","floor":11.0,"turns":2.0},{"damage":0.0,"enemies":"Gremlin Gang","floor":13.0,"turns":2.0},{"damage":0.0,"enemies":"Looter","floor":14.0,"turns":2.0},{"damage":8.0,"enemies":"Slime Boss","floor":16.0,"turns":5.0},{"damage":2.0,"enemies":"2 Thieves","floor":18.0,"turns":2.0},{"damage":0.0,"enemies":"Shell Parasite","floor":20.0,"turns":3.0},{"damage":0.0,"enemies":"Snecko","floor":22.0,"turns":3.0},{"damage":21.0,"enemies":"Book of Stabbing","floor":24.0,"turns":4.0},{"damage":17.0,"enemies":"Centurion and Healer","floor":25.0,"turns":3.0},{"damage":0.0,"enemies":"3 Cultists","floor":28.0,"turns":2.0},{"damage":0.0,"enemies":"Snake Plant","floor":30.0,"turns":1.0},{"damage":1.0,"enemies":"Cultist and Chosen","floor":31.0,"turns":2.0},{"damage":26.0,"enemies":"Collector","floor":33.0,"turns":4.0},{"damage":7.0,"enemies":"Orb Walker","floor":35.0,"turns":2.0},{"damage":0.0,"enemies":"3 Shapes","floor":37.0,"turns":3.0},{"damage":10.0,"enemies":"Spire Growth","floor":38.0,"turns":2.0},{"damage":12.0,"enemies":"Jaw Worm Horde","floor":40.0,"turns":2.0},{"damage":16.0,"enemies":"4 Shapes","floor":46.0,"turns":3.0},{"damage":0.0,"enemies":"Transient","floor":48.0,"turns":4.0},{"damage":11.0,"enemies":"Donu and Deca","floor":50.0,"turns":3.0},{"damage":1.0,"enemies":"Shield and Spear","floor":54.0,"turns":2.0},{"damage":74,"enemies":"The Heart","floor":55,"turns":5}],"seed_played":"4883649978166020184","potions_obtained":[{"floor":4.0,"key":"GhostInAJar"},{"floor":13.0,"key":"AttackPotion"},{"floor":16.0,"key":"Dexterity Potion"},{"floor":18.0,"key":"Fruit Juice"},{"floor":24.0,"key":"BlessingOfTheForge"},{"floor":25.0,"key":"Energy Potion"},{"floor":33.0,"key":"Strength Potion"},{"floor":35.0,"key":"AttackPotion"},{"floor":36.0,"key":"Weak Potion"},{"floor":36.0,"key":"CunningPotion"},{"floor":36.0,"key":"Strength Potion"},{"floor":38.0,"key":"Fire Potion"}],"is_trial":false,"path_per_floor":["M","?","M","M","M","E","R","M","T","?","M","R","M","M","R","B",null,"M","?","M","?","M","R","E","M","T","R","M","$","M","M","R","B",null,"M","?","M","M","?","M","R","?","T","$","R","M","R","M","R","B",null,"R","$","E","B"],"character_chosen":"THE_SILENT","items_purchased":["Catalyst","Snake Skull","Burst","Sundial"],"campfire_rested":6,"item_purchase_floors":[29,29,29,44],"current_hp_per_floor":[70,56,56,56,54,42,42,47,47,47,47,47,47,47,58,50,70,71,71,71,71,71,71,50,33,33,44,44,44,44,43,43,17,55,48,48,48,38,29,17,28,28,28,28,39,30,41,41,52,41,75,75,75,74,0,0],"gold":70,"neow_bonus":"","is_daily":false,"chose_seed":false,"campfire_upgraded":4,"win_rate":0.0,"timestamp":1612588611,"path_taken":["M","?","M","M","M","E","R","M","T","?","M","R","M","?","R","BOSS","M","?","M","?","M","R","E","M","T","R","M","$","M","M","R","BOSS","M","?","?","M","?","M","R","?","T","$","R","M","R","?","R","BOSS","R","$","E","BOSS"],"items_purchased_type":["Card","Relic","Card","Relic"],"build_version":"2020-12-22","purchased_purges":0,"victory":false,"max_hp_per_floor":[70,70,70,70,70,70,70,70,70,70,70,70,70,70,70,70,70,75,75,75,75,75,75,75,75,75,75,75,75,75,75,75,75,75,75,75,75,75,75,75,75,75,75,75,75,75,75,75,75,75,75,75,75,75,75,75],"card_choices":[{"not_picked":["Slice","Dagger Spray","Heel Hook"],"picked":"SKIP","floor":1.0},{"not_picked":["Flying Knee","Caltrops","Poisoned Stab"],"picked":"SKIP","floor":3.0},{"not_picked":["Poisoned Stab","Flechettes","Underhanded Strike"],"picked":"SKIP","floor":4.0},{"not_picked":["Outmaneuver","Cloak And Dagger"],"picked":"Bouncing Flask","floor":5.0},{"not_picked":["Blade Dance","Quick Slash","Sucker Punch"],"picked":"SKIP","floor":6.0},{"not_picked":["All Out Attack","Dodge and Roll","Blade Dance"],"picked":"SKIP","floor":8.0},{"not_picked":["Slice","Accuracy","Deflect"],"picked":"SKIP","floor":11.0},{"not_picked":["Skewer","Poisoned Stab"],"picked":"Noxious Fumes","floor":13.0},{"not_picked":["Unload","Caltrops","Deflect"],"picked":"SKIP","floor":14.0},{"not_picked":["Tools of the Trade","Envenom"],"picked":"Corpse Explosion","floor":16.0},{"not_picked":["Bane","Flying Knee+1"],"picked":"Deadly Poison+1","floor":18.0},{"not_picked":["Endless Agony","Bane","Blade Dance"],"picked":"SKIP","floor":20.0},{"not_picked":["Quick Slash+1","Deflect+1","Sucker Punch"],"picked":"SKIP","floor":22.0},{"not_picked":["Blur","Grand Finale","All Out Attack"],"picked":"SKIP","floor":24.0},{"not_picked":["Blade Dance","Backstab+1","Slice"],"picked":"SKIP","floor":25.0},{"not_picked":["Flechettes","Bane+1","Quick Slash+1"],"picked":"SKIP","floor":28.0},{"not_picked":["Sucker Punch+1","Accuracy","Quick Slash"],"picked":"SKIP","floor":30.0},{"not_picked":["Flying Knee","Blade Dance","Distraction"],"picked":"SKIP","floor":31.0},{"not_picked":["Bullet Time","Venomology"],"picked":"Burst","floor":33.0},{"not_picked":["Flying Knee+1","Blade Dance+1","Dash+1"],"picked":"SKIP","floor":35.0},{"not_picked":["Underhanded Strike+1","Outmaneuver"],"picked":"Backflip+1","floor":37.0},{"not_picked":["Cloak And Dagger+1","Slice","Blur"],"picked":"SKIP","floor":38.0},{"not_picked":["Blur","Underhanded Strike+1","PiercingWail+1"],"picked":"SKIP","floor":40.0},{"not_picked":["Sucker Punch+1","PiercingWail+1","Bane+1"],"picked":"SKIP","floor":46.0},{"not_picked":["Poisoned Stab+1","Distraction"],"picked":"Outmaneuver+1","floor":48.0},{"not_picked":["Quick Slash","Prepared+1"],"picked":"PiercingWail+1","floor":54.0}],"player_experience":133882,"relics_obtained":[{"floor":6.0,"key":"Bag of Preparation"},{"floor":9.0,"key":"Ice Cream"},{"floor":24.0,"key":"Torii"},{"floor":43.0,"key":"Whetstone"},{"floor":54.0,"key":"Eternal Feather"}],"event_choices":[{"damage_healed":0.0,"max_hp_gain":0.0,"max_hp_loss":0.0,"gold_gain":0.0,"event_name":"Shining Light","player_choice":"Entered Light","floor":2.0,"gold_loss":0.0,"damage_taken":14.0,"cards_upgraded":["Poisoned Stab","Poisoned Stab"]},{"damage_healed":0.0,"max_hp_gain":0.0,"max_hp_loss":0.0,"gold_gain":0.0,"cards_transformed":["Poisoned Stab"],"event_name":"Transmorgrifier","player_choice":"Transformed","floor":10.0,"gold_loss":0.0,"damage_taken":0.0,"cards_obtained":["Concentrate"]},{"damage_healed":0.0,"max_hp_gain":0.0,"max_hp_loss":0.0,"gold_gain":0.0,"event_name":"Vampires","player_choice":"Ignored","floor":19.0,"gold_loss":0.0,"damage_taken":0.0},{"damage_healed":0.0,"max_hp_gain":0.0,"max_hp_loss":0.0,"gold_gain":0.0,"event_name":"Accursed Blacksmith","player_choice":"Forge","floor":21.0,"gold_loss":0.0,"damage_taken":0.0,"cards_upgraded":["Noxious Fumes"]},{"damage_healed":0.0,"max_hp_gain":0.0,"max_hp_loss":0.0,"gold_gain":0.0,"event_name":"Lab","player_choice":"Got Potions","floor":36.0,"gold_loss":0.0,"damage_taken":0.0},{"damage_healed":0.0,"max_hp_gain":0.0,"max_hp_loss":0.0,"gold_gain":0.0,"event_name":"Winding Halls","player_choice":"Embrace Madness","floor":39.0,"gold_loss":0.0,"damage_taken":9.0,"cards_obtained":["Madness","Madness"]},{"damage_healed":0.0,"max_hp_gain":0.0,"max_hp_loss":0.0,"gold_gain":0.0,"event_name":"Designer","player_choice":"Upgraded Two","floor":42.0,"gold_loss":40.0,"damage_taken":0.0,"cards_upgraded":["Deflect","Burst"]}],"is_beta":false,"boss_relics":[{"not_picked":["Cursed Key","Philosopher\u0027s Stone"],"picked":"SlaversCollar"},{"not_picked":["Snecko Eye","WristBlade"],"picked":"Runic Pyramid"}],"items_purged_floors":[],"is_endless":false,"potions_floor_spawned":[4,8,11,13,16,18,24,25,33,35,38],"killed_by":"The Heart","ascension_level":0}}