{"host":"zj59u6rib3fz4c79","time":1612585035,"event":{"mods":["AchievementEnabler","BaseMod","Bestiary","Colored Map","Colored Powertips","Highlight Path","Minty Spire (QoL Compilation)","StSLib"],"gold_per_floor":[119,69,86,159,17,52,52,103,153,170,200,212,223,234,234,337,387,407,407,407,332,344,360,360,360,360,360,372,372,399,399,399,504,504,521,539,558,558,558],"floor_reached":38,"language":"ENG","playtime":1895,"items_purged":["Strike_B"],"score":455,"play_id":"dc843f27-3ce6-4b1d-8011-acebcf99731e","local_time":"20210205221715","is_ascension_mode":true,"campfire_choices":[{"data":"Sunder","floor":7,"key":"SMITH"},{"data":"Turbo","floor":15,"key":"SMITH"},{"floor":24,"key":"REST"},{"data":"Zap","floor":27,"key":"SMITH"},{"floor":32,"key":"REST"}],"circlet_count":0,"master_deck":["Strike_B+1","Defend_B","Defend_B","Defend_B","Zap+1","Sunder+1","Meteor Strike+1","Conserve Battery","Fusion+1","Turbo+1","Sweeping Beam","Doom and Gloom","Meteor Strike"],"relics":["Cracked Core","NeowsBlessing","Lizard Tail","Bronze Scales","Whetstone","Ornamental Fan","Tiny House","Gremlin Horn","White Beast Statue","Regal Pillow","SacredBark"],"acts_visited":["Exordium","TheCity","TheBeyond"],"potions_floor_usage":[11,16,20,30,33,35,36,37,37],"damage_taken":[{"damage":0,"enemies":"Jaw Worm","floor":1,"turns":1},{"damage":0,"enemies":"Cultist","floor":3,"turns":1},{"damage":0,"enemies":"Gremlin Nob","floor":6,"turns":1},{"damage":0,"enemies":"Small Slimes","floor":10,"turns":2},{"damage":30,"enemies":"Lagavulin","floor":11,"turns":6},{"damage":0,"enemies":"Red Slaver","floor":12,"turns":3},{"damage":6,"enemies":"Lots of Slimes","floor":13,"turns":3},{"damage":7,"enemies":"Blue Slaver","floor":14,"turns":2},{"damage":20,"enemies":"The Guardian","floor":16,"turns":7},{"damage":17,"enemies":"Shell Parasite","floor":18,"turns":4},{"damage":0,"enemies":"2 Thieves","floor":20,"turns":1},{"damage":30,"enemies":"Snecko","floor":22,"turns":5},{"damage":38,"enemies":"3 Cultists","floor":23,"turns":5},{"damage":16,"enemies":"Sentry and Sphere","floor":28,"turns":5},{"damage":7,"enemies":"Gremlin Leader","floor":30,"turns":4},{"damage":51,"enemies":"Automaton","floor":33,"turns":9},{"damage":46,"enemies":"3 Darklings","floor":35,"turns":3},{"damage":5,"enemies":"Orb Walker","floor":36,"turns":2},{"damage":26,"enemies":"4 Shapes","floor":37,"turns":3}],"seed_played":"7093198134595095071","potions_obtained":[{"floor":3,"key":"LiquidBronze"},{"floor":6,"key":"DuplicationPotion"},{"floor":10,"key":"SmokeBomb"},{"floor":16,"key":"BlessingOfTheForge"},{"floor":17,"key":"LiquidBronze"},{"floor":28,"key":"Weak Potion"},{"floor":30,"key":"Swift Potion"},{"floor":33,"key":"CultistPotion"},{"floor":35,"key":"EssenceOfDarkness"},{"floor":36,"key":"ColorlessPotion"},{"floor":37,"key":"Ancient Potion"}],"is_trial":false,"path_per_floor":["M","?","M","T","$","E","R","T","T","M","E","M","M","M","R","B",null,"M","?","M","$","M","M","R","T","T","R","M","?","E","?","R","B",null,"M","M","M","?"],"character_chosen":"DEFECT","items_purchased":["Meteor Strike"],"campfire_rested":2,"item_purchase_floors":[5],"current_hp_per_floor":[75,75,75,75,75,75,75,75,75,75,45,45,39,32,32,12,80,63,63,63,63,33,40,64,64,64,64,48,48,41,41,80,29,80,34,29,3,0,0],"gold":558,"neow_bonus":"THREE_ENEMY_KILL","is_daily":false,"chose_seed":false,"campfire_upgraded":3,"win_rate":0.0,"timestamp":1612585035,"path_taken":["M","?","M","?","?","E","R","?","T","?","E","M","M","M","R","BOSS","M","?","M","$","M","M","R","?","T","R","M","?","E","?","R","BOSS","M","M","M","?"],"items_purchased_type":["Card"],"build_version":"2020-12-22","purchased_purges":1,"victory":false,"max_hp_per_floor":[75,75,75,75,75,75,75,75,75,75,75,75,75,75,75,75,80,80,80,80,80,80,80,80,80,80,80,80,80,80,80,80,80,80,80,80,80,80,80],"card_choices":[{"not_picked":["Sweeping Beam","Rebound","Compile Driver"],"picked":"SKIP","floor":1},{"not_picked":["Recycle","BootSequence"],"picked":"Sunder","floor":3},{"not_picked":["Reinforced Body","Streamline","Ball Lightning"],"picked":"SKIP","floor":6},{"not_picked":["Stack","Ball Lightning"],"picked":"Conserve Battery","floor":10},{"not_picked":["Compile Driver","Doom and Gloom"],"picked":"Fusion","floor":11},{"not_picked":["Go for the Eyes","Compile Driver","Leap"],"picked":"SKIP","floor":12},{"not_picked":["Blizzard","Reboot"],"picked":"Turbo","floor":13},{"not_picked":["Stack","Gash","White Noise"],"picked":"SKIP","floor":14},{"not_picked":["Reinforced Body+1","Turbo","Barrage"],"picked":"SKIP","floor":18},{"not_picked":["Aggregate","Sunder","Darkness"],"picked":"SKIP","floor":22},{"not_picked":["Rebound","Reboot","Lockon"],"picked":"SKIP","floor":23},{"not_picked":["Conserve Battery","Gash","Go for the Eyes+1"],"picked":"SKIP","floor":28},{"not_picked":["Rebound","Static Discharge","Sweeping Beam"],"picked":"SKIP","floor":30},{"not_picked":["Machine Learning","Fission"],"picked":"Meteor Strike","floor":33},{"not_picked":["Defragment+1","Conserve Battery+1","Lockon"],"picked":"SKIP","floor":35},{"not_picked":["Rebound+1","Redo+1","Barrage"],"picked":"SKIP","floor":36},{"not_picked":["Fusion","Scrape+1","White Noise"],"picked":"SKIP","floor":37}],"player_experience":82699,"relics_obtained":[{"floor":6,"key":"Lizard Tail"},{"floor":8,"key":"Bronze Scales"},{"floor":9,"key":"Whetstone"},{"floor":11,"key":"Ornamental Fan"},{"floor":25,"key":"Gremlin Horn"},{"floor":26,"key":"White Beast Statue"},{"floor":30,"key":"Regal Pillow"}],"event_choices":[{"cards_removed":["Strike_B"],"damage_healed":0,"gold_gain":0,"player_choice":"Card Removal","damage_taken":0,"max_hp_gain":0,"max_hp_loss":0,"event_name":"The Cleric","floor":2,"gold_loss":50},{"damage_healed":0,"gold_gain":0,"player_choice":"Ignored","damage_taken":0,"max_hp_gain":0,"max_hp_loss":0,"event_name":"Ghosts","floor":19,"gold_loss":0},{"damage_healed":0,"gold_gain":0,"cards_transformed":["Defend_B","Strike_B"],"player_choice":"Became Test Subject","damage_taken":0,"max_hp_gain":0,"max_hp_loss":0,"event_name":"Drug Dealer","floor":29,"gold_loss":0,"cards_obtained":["Sweeping Beam","Doom and Gloom"]},{"cards_removed":["Dualcast"],"damage_healed":0,"gold_gain":0,"player_choice":"Offered Basic","damage_taken":0,"max_hp_gain":0,"max_hp_loss":0,"event_name":"Bonfire Elementals","floor":31,"gold_loss":0}],"is_beta":false,"boss_relics":[{"not_picked":["Runic Dome","Astrolabe"],"picked":"Tiny House"},{"not_picked":["Coffee Dripper","Cursed Key"],"picked":"SacredBark"}],"items_purged_floors":[21],"is_endless":false,"potions_floor_spawned":[3,6,10,16,20,28,30,33,35,36,37],"ascension_level":1}}