{"host":"aok0e1puiezyg4fr","time":1612575590,"event":{"mods":["Act Like it!","Arknights","BaseMod","Better Altar","CapriCore","Downfall","Gensokyo","Marked Mod","Minty Spire (QoL Compilation)","Shop Mod","Spicy Shops","StSLib","The Forsaken","The Immortal","The Marked","The Servant 0.9.4","Thieving Mod","noobMod"],"gold_per_floor":[114,114,129,129,146,178,178,108,131,131,160,31,49,67,67,162,162,176,176,25,25,25,25,44,62,88,118,118,118,118,135,135,232,232,243,262,6,20,38,58,93,93,148,148,148,121,141,159,159,159],"floor_reached":51,"language":"ENG","playtime":3301,"items_purged":["Clumsy"],"score":787,"play_id":"aa99e0a0-4462-42c8-8218-9cf117a50f68","local_time":"20210205203950","is_ascension_mode":true,"campfire_choices":[{"floor":7,"key":"REST"},{"floor":10,"key":"REST"},{"floor":15,"key":"REST"},{"data":"Gensokyo:CrescentMoonSlash","floor":23,"key":"SMITH"},{"floor":28,"key":"REST"},{"floor":30,"key":"REST"},{"floor":32,"key":"REST"},{"floor":45,"key":"REST"},{"floor":49,"key":"REST"}],"circlet_count":0,"master_deck":["MokouMod:Strike","MokouMod:Strike","MokouMod:Strike","MokouMod:Strike","MokouMod:Strike","MokouMod:Defend","MokouMod:Defend+1","MokouMod:Defend","MokouMod:Defend","MokouMod:HeatSpark","MokouMod:AdaptivePyromancy+1","MokouMod:Afterburner","Gensokyo:CrescentMoonSlash+1","MokouMod:ScorchedEarth","MokouMod:ProfanedFlare+1","MokouMod:ResoluteFlare","MokouMod:IndiscriminateIgnition","MokouMod:ScorchedEarth","MokouMod:ExplosiveFlame","MokouMod:FujiyamaVolcano","MokouMod:ProfanedFlare","MokouMod:TemporalFireSeal+1","MokouMod:HouraiForge","MokouMod:ScorchingColumn","MokouMod:Cataclysm","MokouMod:HeatTransfer+1","MokouMod:Stoke","MokouMod:DanceofFlames","Necronomicurse","MokouMod:EnchantingBambooForest","MokouMod:BlazingComet","MokouMod:EnchantingBambooForest","MokouMod:Refresh","MokouMod:ShiftIgnition+1","MokouMod:FujiyamaVolcano+1","MokouMod:ResoluteFlare+1","MokouMod:BurningDraft+1","MokouMod:FlickeringFlame+1","MokouMod:CrimsonArmoury+1","MokouMod:BlazingComet","MokouMod:Extinguish","MokouMod:IllusoryBattlefield","MokouMod:SearingShot","Gensokyo:RPG","MokouMod:IndiscriminateIgnition+1","MokouMod:SacredFire","MokouMod:RoaringFlare+1","MokouMod:TemporalFireSeal+1"],"relics":["MokouMod:PhoenixFeather","ice","NeowsBlessing","Gensokyo:NagashiBinaDoll","Pen Nib","Vajra","Pear","Runic Dome","MutagenicStrength","Orrery","Regal Pillow","Prayer Wheel","Necronomicon","Runic Pyramid","Bottled Lightning","Bird Faced Urn","Gensokyo:EmptyGrave","Whetstone","Gensokyo:TheCrow"],"acts_visited":["Gensokyo:Gensokyo","TheCity","Gensokyo:Gensokyoest"],"potions_floor_usage":[16,16,16,25,41,41,48],"damage_taken":[{"damage":0,"enemies":"Gensokyo:Python","floor":1,"turns":1},{"damage":0,"enemies":"Gensokyo:Gryphon","floor":3,"turns":1},{"damage":0,"enemies":"Gensokyo:3_Fairies","floor":5,"turns":2},{"damage":51,"enemies":"Gensokyo:Aya","floor":6,"turns":8},{"damage":20,"enemies":"Gensokyo:Mamizou","floor":11,"turns":8},{"damage":6,"enemies":"Gensokyo:Python_and_Kodama","floor":13,"turns":2},{"damage":21,"enemies":"Gensokyo:CorruptedTreant","floor":14,"turns":3},{"damage":40,"enemies":"Gensokyo:Reimu","floor":16,"turns":8},{"damage":12,"enemies":"Shell Parasite","floor":18,"turns":4},{"damage":0,"enemies":"Chosen","floor":24,"turns":4},{"damage":0,"enemies":"3 Cultists","floor":25,"turns":3},{"damage":72,"enemies":"Book of Stabbing","floor":27,"turns":5},{"damage":42,"enemies":"Snake Plant","floor":31,"turns":3},{"damage":33,"enemies":"Automaton","floor":33,"turns":5},{"damage":20,"enemies":"Gensokyo:AncientGuardian","floor":35,"turns":5},{"damage":0,"enemies":"Gensokyo:3_Boulders","floor":36,"turns":1},{"damage":0,"enemies":"Gensokyo:4_Bats","floor":38,"turns":1},{"damage":16,"enemies":"Gensokyo:Dusk_and_Dawn","floor":39,"turns":3},{"damage":36,"enemies":"Gensokyo:Sharpion","floor":40,"turns":4},{"damage":31,"enemies":"Gensokyo:Marisa","floor":41,"turns":3},{"damage":43,"enemies":"Gensokyo:3_Boulders","floor":47,"turns":3},{"damage":54,"enemies":"Gensokyo:Rafflesia","floor":48,"turns":5},{"damage":18,"enemies":"Gensokyo:Scarlet_Devils","floor":50,"turns":6}],"seed_played":"6311751149182662120","potions_obtained":[{"floor":3,"key":"DistilledChaos"},{"floor":5,"key":"Block Potion"},{"floor":11,"key":"Block Potion"},{"floor":14,"key":"Strength Potion"},{"floor":16,"key":"sneckomod:MuddlingPotion"},{"floor":25,"key":"Fruit Juice"},{"floor":36,"key":"Swift Potion"},{"floor":39,"key":"Swift Potion"},{"floor":40,"key":"Explosive Potion"}],"is_trial":false,"path_per_floor":["M","?","M","?","M","E","R","?","T","R","E","$","M","M","R","B",null,"M","?","$","?","?","R","M","M","T","E","R","?","R","M","R","B",null,"M","M","$","M","M","M","E","?","T","?","R","COS","M","M","R","B",null],"character_chosen":"MKU","items_purchased":["MokouMod:IndiscriminateIgnition","Orrery","Bottled Lightning"],"campfire_rested":8,"item_purchase_floors":[12,20,37],"current_hp_per_floor":[75,75,75,64,64,13,35,35,35,57,47,47,41,20,45,85,85,73,73,73,73,73,73,73,78,78,6,53,37,84,42,91,58,119,99,99,99,99,83,47,16,16,16,16,125,125,82,34,88,80],"gold":159,"neow_bonus":"THREE_ENEMY_KILL","is_daily":false,"chose_seed":false,"campfire_upgraded":1,"win_rate":0.0,"timestamp":1612575590,"path_taken":["M","?","M","?","M","E","R","?","T","R","E","$","M","M","R","BOSS","M","?","$","?","?","R","?","M","T","E","R","?","R","M","R","BOSS","M","M","$","M","M","M","E","?","T","?","R","COS","M","M","R","BOSS"],"items_purchased_type":["Card","Relic","Relic"],"build_version":"2020-12-22","purchased_purges":1,"victory":true,"max_hp_per_floor":[75,75,75,75,75,75,75,75,75,75,85,85,85,85,85,85,85,90,90,90,90,90,90,92,98,98,108,108,108,108,114,114,119,119,122,122,122,122,124,128,135,125,125,125,125,125,129,133,133,135],"card_choices":[{"not_picked":["MokouMod:FlickeringFlame","MokouMod:WarmUp"],"picked":"MokouMod:AdaptivePyromancy","floor":1},{"not_picked":["MokouMod:Trailblazer","MokouMod:Scorch"],"picked":"MokouMod:Afterburner","floor":3},{"not_picked":["MokouMod:Singe","MokouMod:RoaringFlare"],"picked":"MokouMod:ScorchedEarth","floor":5},{"not_picked":["MokouMod:TemporalFireSeal","MokouMod:UncontrollableSolarReaction"],"picked":"MokouMod:ProfanedFlare","floor":6},{"not_picked":["MokouMod:ResonanceReactor","MokouMod:Meltdown"],"picked":"MokouMod:ResoluteFlare","floor":11},{"not_picked":["MokouMod:ScorchingColumn","MokouMod:BurningDraft"],"picked":"MokouMod:Singe","floor":13},{"not_picked":["MokouMod:IllusoryBattlefield","MokouMod:HeatFactory"],"picked":"MokouMod:ScorchedEarth","floor":14},{"not_picked":["MokouMod:BurningHiddenBullet","MokouMod:ProfanedFlare"],"picked":"MokouMod:ExplosiveFlame","floor":16},{"not_picked":["MokouMod:RoaringFlare","MokouMod:BurningDraft"],"picked":"MokouMod:FujiyamaVolcano","floor":18},{"not_picked":["MokouMod:RisingSunBarrier+1","MokouMod:InfernalWave+1"],"picked":"MokouMod:ProfanedFlare","floor":20},{"not_picked":["MokouMod:SubterraneanCore","MokouMod:InfernalWave"],"picked":"MokouMod:TemporalFireSeal","floor":20},{"not_picked":["MokouMod:FlareStarter","MokouMod:Stoke"],"picked":"MokouMod:HouraiForge","floor":20},{"not_picked":["MokouMod:RetainTemperature","MokouMod:Firecracker"],"picked":"MokouMod:ScorchingColumn","floor":20},{"not_picked":["MokouMod:ScorchingColumn+1","MokouMod:UncontrollableSolarReaction+1"],"picked":"MokouMod:Cataclysm","floor":20},{"not_picked":["MokouMod:BurningDraft","MokouMod:ThermalPressure"],"picked":"MokouMod:HeatTransfer+1","floor":24},{"not_picked":["MokouMod:Trailblazer","MokouMod:Overheat"],"picked":"MokouMod:Stoke","floor":25},{"not_picked":["MokouMod:EternalBurstReactor","MokouMod:Firecracker"],"picked":"MokouMod:DanceofFlames","floor":27},{"not_picked":["MokouMod:ControlledCombustion","MokouMod:FlickeringFlame+1"],"picked":"MokouMod:EnchantingBambooForest","floor":31},{"not_picked":["MokouMod:Ember","MokouMod:ResoluteFlare"],"picked":"MokouMod:BlazingComet","floor":31},{"not_picked":["MokouMod:ResonatingAura","MokouMod:SearingBlow"],"picked":"MokouMod:EnchantingBambooForest","floor":33},{"not_picked":["MokouMod:ScorchingColumn","MokouMod:ImperishableFlame"],"picked":"MokouMod:Refresh","floor":35},{"not_picked":["MokouMod:FlickeringFlame","MokouMod:BurningDraft"],"picked":"MokouMod:ShiftIgnition+1","floor":35},{"not_picked":["MokouMod:SearingShot+1","MokouMod:ImperishableFlame+1"],"picked":"MokouMod:FujiyamaVolcano+1","floor":36},{"not_picked":["MokouMod:Overheat+1","MokouMod:HeatFactory+1"],"picked":"MokouMod:ResoluteFlare+1","floor":36},{"not_picked":["MokouMod:WarmUp","MokouMod:Overheat"],"picked":"MokouMod:BurningDraft+1","floor":38},{"not_picked":["MokouMod:ResoluteFlare","MokouMod:HeatTransfer"],"picked":"MokouMod:FlickeringFlame+1","floor":38},{"not_picked":["MokouMod:HeatCyclone+1","MokouMod:Trailblazer"],"picked":"MokouMod:CrimsonArmoury+1","floor":39},{"not_picked":["MokouMod:Combust","MokouMod:TemporalFireSeal+1"],"picked":"MokouMod:BlazingComet","floor":39},{"not_picked":["MokouMod:Afterburner+1","MokouMod:Singe+1"],"picked":"MokouMod:Extinguish","floor":40},{"not_picked":["MokouMod:HeatTransfer+1","MokouMod:UncontrollableSolarReaction+1"],"picked":"MokouMod:IllusoryBattlefield","floor":40},{"not_picked":["MokouMod:WarmUp","MokouMod:SearingBlow"],"picked":"MokouMod:SearingShot","floor":41},{"not_picked":["MokouMod:Refresh","MokouMod:ResoluteFlare+1"],"picked":"MokouMod:IndiscriminateIgnition+1","floor":47},{"not_picked":["MokouMod:FlareStarter+1","MokouMod:ResoluteFlare"],"picked":"MokouMod:SacredFire","floor":47},{"not_picked":["MokouMod:Firecracker","MokouMod:BlazingComet"],"picked":"MokouMod:RoaringFlare+1","floor":48},{"not_picked":["MokouMod:RoaringFlare","MokouMod:ScorchingColumn+1"],"picked":"MokouMod:TemporalFireSeal+1","floor":48}],"player_experience":22004,"relics_obtained":[{"floor":6,"key":"Pen Nib"},{"floor":9,"key":"Vajra"},{"floor":11,"key":"Pear"},{"floor":26,"key":"Regal Pillow"},{"floor":27,"key":"Prayer Wheel"},{"floor":29,"key":"Necronomicon"},{"floor":41,"key":"Bird Faced Urn"},{"floor":43,"key":"Whetstone"}],"event_choices":[{"damage_healed":0,"gold_gain":0,"player_choice":"Inject Mutagens","damage_taken":0,"relics_obtained":["MutagenicStrength"],"max_hp_gain":0,"max_hp_loss":0,"event_name":"Drug Dealer","floor":19,"gold_loss":0},{"damage_healed":0,"gold_gain":0,"player_choice":"Ignored","damage_taken":0,"max_hp_gain":0,"max_hp_loss":0,"event_name":"Vampires","floor":21,"gold_loss":0},{"cards_removed":["MokouMod:Singe"],"damage_healed":0,"gold_gain":0,"player_choice":"Purged","damage_taken":0,"max_hp_gain":0,"max_hp_loss":0,"event_name":"Purifier","floor":22,"gold_loss":0},{"damage_healed":0,"gold_gain":0,"player_choice":"Obtained Book","damage_taken":16,"max_hp_gain":0,"max_hp_loss":0,"event_name":"Cursed Tome","floor":29,"gold_loss":0}],"is_beta":false,"boss_relics":[{"not_picked":["Ectoplasm","Snecko Eye"],"picked":"Runic Dome"},{"not_picked":["SlaversCollar","Cursed Key"],"picked":"Runic Pyramid"}],"items_purged_floors":[12],"is_endless":false,"potions_floor_spawned":[3,5,11,14,16,25,36,39,40],"ascension_level":1}}