{"host":"630px4nyj50z5id8","time":1612594390,"event":{"mods":["BaseMod","Better Note","Colored Powertips","Good Game Mod","Minty Spire (QoL Compilation)","Quick Restart","Rare Cards Sparkle","Relic Filter Mod","Replay The Spire","StSLib","Waifu the Spire"],"gold_per_floor":[109,109,119,133,133,133,133],"floor_reached":6,"language":"ZHS","playtime":133,"items_purged":[],"score":49,"play_id":"0f1c7140-79b7-4a30-a160-6c83e953a676","local_time":"20210206145310","is_ascension_mode":true,"campfire_choices":[],"circlet_count":0,"master_deck":["Strike_R","Strike_R","Strike_R","Strike_R","Strike_R","Defend_R","Defend_R","Defend_R","Defend_R","Bash","Replay:Many Hands","ReplayTheSpireMod:Stacked","ReplayTheSpireMod:Trickstab","Impervious","Rupture","Flex"],"relics":["Burning Blood","REME:ComplimentaryCards","NeowsBlessing","Toxic Egg 2"],"acts_visited":["Exordium"],"potions_floor_usage":[6],"damage_taken":[{"damage":0.0,"enemies":"Jaw Worm","floor":1.0,"turns":1.0},{"damage":0,"enemies":"Cultist","floor":3,"turns":1},{"damage":0,"enemies":"Small Slimes","floor":4,"turns":1},{"damage":20,"enemies":"3 Sentries","floor":6,"turns":3}],"seed_played":"8475351809206269739","potions_obtained":[{"floor":1.0,"key":"AttackPotion"},{"floor":3,"key":"Cursed Concoction"},{"floor":4,"key":"Languid Potion"}],"is_trial":false,"path_per_floor":["M","?","M","M","T","E"],"character_chosen":"IRONCLAD","items_purchased":[],"campfire_rested":0,"item_purchase_floors":[],"current_hp_per_floor":[78,78,80,80,80,60,60],"gold":133,"neow_bonus":"THREE_ENEMY_KILL","is_daily":false,"chose_seed":false,"campfire_upgraded":0,"win_rate":0.0,"timestamp":1612594390,"path_taken":["M","?","?","M","?","E"],"items_purchased_type":[],"build_version":"2020-12-22","purchased_purges":0,"victory":false,"max_hp_per_floor":[80,80,80,80,80,80,80],"card_choices":[{"not_picked":["Run Through","Armaments"],"picked":"ReplayTheSpireMod:Stacked","floor":1.0},{"not_picked":["Run Through","Life Link"],"picked":"Rupture","floor":3},{"not_picked":["Warcry","Barricade"],"picked":"Flex","floor":4}],"player_experience":397121,"relics_obtained":[{"floor":5,"key":"Toxic Egg 2"}],"event_choices":[{"damage_healed":0,"gold_gain":0,"player_choice":"2 cards matched","damage_taken":0,"max_hp_gain":0,"max_hp_loss":0,"event_name":"Match and Keep!","floor":2,"gold_loss":0,"cards_obtained":["ReplayTheSpireMod:Trickstab","Impervious"]}],"is_beta":false,"boss_relics":[],"items_purged_floors":[],"is_endless":false,"potions_floor_spawned":[1,3,4],"killed_by":"3 Sentries","ascension_level":7}}