{"host":"gbbz8f5svnnpwo8d","time":1612612596,"event":{"mods":["AchievementEnabler","AlwaysNeverKeys","BaseMod","Bestiary","Better Altar","Better Match","Better Note","Better Sensory Stone","Better Silent Start","Better Skull","Better Third Choice","Better Vampires","Better-Laid Plans","BetterRewards","Block Reminder","Colored Map","Colored Powertips","Curses Come First","Dark Map","Displayed Cursed Tome","GifTheSpireLib","Minty Spire (QoL Compilation)","MonsterHotkey","Permanent Neow","Potion Indicator Mod","Quick Restart","Random Character Button","Rare Cards Sparkle","Relic Stats","Shop Mod","Spicy Shops","Spire Birthday Party","StSLib","Transform Curses"],"gold_per_floor":[111,41,55,66,66,95,95,43,43,58,58,22,22,33,33,134,134,150,150,150,161,171,171,200,200,200,200,218,218,245,345,345,447,447,461,461,478,498,498,527,527,369,369,383,412,412,430,444,444,444,444,444,45,74,74],"floor_reached":56,"language":"ENG","playtime":9087,"items_purged":["Strike_G"],"score":1550,"play_id":"677abc3b-e241-4a1e-b1a9-f86da9452bcc","local_time":"20210206045636","is_ascension_mode":false,"campfire_choices":[{"floor":7.0,"key":"REST"},{"floor":13.0,"key":"REST"},{"data":"Blade Dance","floor":15.0,"key":"SMITH"},{"data":"Burst","floor":23.0,"key":"SMITH"},{"floor":25.0,"key":"REST"},{"data":"Calculated Gamble","floor":27.0,"key":"SMITH"},{"data":"Dagger Spray","floor":29.0,"key":"SMITH"},{"data":"Dagger Spray","floor":32.0,"key":"SMITH"},{"data":"Cloak And Dagger","floor":41.0,"key":"SMITH"},{"data":"Phantasmal Killer","floor":46.0,"key":"SMITH"},{"data":"Bullet Time","floor":49.0,"key":"SMITH"},{"data":"Distraction","floor":52.0,"key":"SMITH"}],"circlet_count":0,"master_deck":["Strike_G","Strike_G","Defend_G","Defend_G","Defend_G","Defend_G","Survivor","Neutralize","Finesse","Dagger Spray+1","Blade Dance+1","Good Instincts","Deflect","Blur","After Image","Calculated Gamble+1","Burst+1","Dash","After Image","Phantasmal Killer+1","Cloak And Dagger+1","Bullet Time+1","Prepared","Distraction+1","Accuracy+1","Accuracy","Cloak And Dagger","Backflip+1"],"relics":["Ring of the Snake","FossilizedHelix","TwistedFunnel","Bag of Marbles","Pen Nib","Torii","Calipers","Happy Flower","betterThird:SlimedRelic","Black Star","Kunai","Akabeko","Ice Cream","Ninja Scroll","WristBlade","MerchantsRug","StrikeDummy","Mummified Hand","HornCleat","Lantern","Centennial Puzzle"],"acts_visited":["Exordium","TheCity","TheBeyond","TheEnding"],"potions_floor_usage":[55],"damage_taken":[{"damage":0.0,"enemies":"2 Louse","floor":1.0,"turns":2.0},{"damage":0.0,"enemies":"Cultist","floor":3.0,"turns":3.0},{"damage":0.0,"enemies":"Small Slimes","floor":4.0,"turns":1.0},{"damage":17.0,"enemies":"Lagavulin","floor":6.0,"turns":6.0},{"damage":0.0,"enemies":"Looter","floor":10.0,"turns":2.0},{"damage":0.0,"enemies":"Exordium Thugs","floor":14.0,"turns":3.0},{"damage":20.0,"enemies":"Hexaghost","floor":16.0,"turns":20.0},{"damage":0.0,"enemies":"Shell Parasite","floor":18.0,"turns":4.0},{"damage":0.0,"enemies":"Spheric Guardian","floor":21.0,"turns":6.0},{"damage":19.0,"enemies":"Cultist and Chosen","floor":22.0,"turns":9.0},{"damage":6.0,"enemies":"Slavers","floor":24.0,"turns":8.0},{"damage":0.0,"enemies":"3 Cultists","floor":28.0,"turns":7.0},{"damage":0.0,"enemies":"Colosseum Slavers","floor":31.0,"turns":1.0},{"damage":0.0,"enemies":"Colosseum Nobs","floor":31.0,"turns":3.0},{"damage":0.0,"enemies":"Automaton","floor":33.0,"turns":17.0},{"damage":0.0,"enemies":"3 Darklings","floor":35.0,"turns":3.0},{"damage":4.0,"enemies":"3 Shapes","floor":37.0,"turns":3.0},{"damage":0.0,"enemies":"Transient","floor":38.0,"turns":5.0},{"damage":0.0,"enemies":"Reptomancer","floor":40.0,"turns":4.0},{"damage":0.0,"enemies":"Spire Growth","floor":44.0,"turns":4.0},{"damage":0.0,"enemies":"Giant Head","floor":45.0,"turns":7.0},{"damage":0.0,"enemies":"3 Darklings","floor":47.0,"turns":1.0},{"damage":7.0,"enemies":"Transient","floor":48.0,"turns":5.0},{"damage":39.0,"enemies":"Time Eater","floor":50.0,"turns":13.0},{"damage":0.0,"enemies":"Shield and Spear","floor":54.0,"turns":6.0},{"damage":4,"enemies":"The Heart","floor":55,"turns":11}],"seed_played":"7058585754969022944","potions_obtained":[{"floor":6.0,"key":"Poison Potion"},{"floor":10.0,"key":"Fire Potion"},{"floor":24.0,"key":"Ancient Potion"},{"floor":31.0,"key":"LiquidMemories"},{"floor":54.0,"key":"Dexterity Potion"}],"is_trial":false,"path_per_floor":["M","$","M","M","?","E","R","$","T","M","?","?","R","M","R","B",null,"M","?","?","M","M","R","E","R","T","R","M","R","T","?","R","B",null,"M","?","M","M","?","E","R","$","T","M","E","R","M","M","R","B",null,"R","$","E","B",null],"character_chosen":"THE_SILENT","items_purchased":["FossilizedHelix","TwistedFunnel","Bag of Marbles","Pen Nib","Finesse","Dagger Spray","Blur","MerchantsRug","Lee\u0027s Waffle","Regal Pillow","Mummified Hand","HornCleat","Accuracy","Cloak And Dagger"],"campfire_rested":3,"item_purchase_floors":[0,0,0,0,0,2,8,42,42,42,53,53,53,53],"current_hp_per_floor":[46,46,46,46,46,29,50,50,50,50,50,39,60,60,60,40,70,70,70,70,70,51,51,45,66,66,66,66,66,66,66,66,66,70,70,70,66,66,66,73,73,84,84,84,84,84,84,77,77,38,84,84,84,84,80],"gold":74,"neow_bonus":"","is_daily":false,"chose_seed":false,"campfire_upgraded":9,"win_rate":0.0,"timestamp":1612612596,"path_taken":["M","$","M","M","?","E","R","?","T","M","?","?","R","M","R","BOSS","M","?","?","M","?","R","E","R","T","R","M","R","?","?","R","BOSS","M","?","M","M","?","E","R","$","T","M","E","R","M","M","R","BOSS","R","$","E","BOSS"],"items_purchased_type":["Relic","Relic","Relic","Relic","Card","Card","Card","Relic","Relic","Relic","Relic","Relic","Card","Card"],"build_version":"2020-12-22","purchased_purges":1,"victory":true,"max_hp_per_floor":[70,70,70,70,70,70,70,70,70,70,70,70,70,70,70,70,70,70,70,70,70,70,70,70,70,70,70,70,70,70,70,70,70,70,70,70,70,70,70,77,77,84,84,84,84,84,84,84,84,84,84,84,84,84,84],"relic_stats":{"Centennial Puzzle":[3],"Torii":26,"Happy Flower":[79],"counters":[315,1547],"Mummified Hand":[8],"Pen Nib":[43],"Black Star":4,"Kunai":[66],"obtain_stats":[{"TwistedFunnel":27,"Ginger":39,"Whetstone":6,"Bottled Tornado":45,"Boot":54,"Blood Vial":23,"MealTicket":0,"Fusion Hammer":17,"Necronomicon":29,"Kunai":0,"MerchantsRug":0,"Blue Candle":47,"Eternal Feather":9,"Tingsha":0,"Pen Nib":7,"reliquary:WeakTea":0,"Paper Crane":43,"Akabeko":36,"SlaversCollar":17,"Bird Faced Urn":0,"Pandora\u0027s Box":34,"StrikeDummy":43,"Unceasing Top":0,"Ring of the Serpent":34,"Regal Pillow":14,"Lantern":44,"Torii":0,"Singing Bowl":43,"Cursed Key":17,"Shovel":14,"Matryoshka":0,"WristBlade":34,"Ninja Scroll":28,"InkBottle":43,"Ring of the Snake":0,"Potion Belt":28,"Lee\u0027s Waffle":0,"The Specimen":0,"Golden Idol":11,"Thread and Needle":13,"PreservedInsect":0,"The Courier":9,"Omamori":9,"Frozen Egg 2":9,"reliquary:RosewoodLute":10,"Nuclear Battery":17,"Busted Crown":17,"Ornamental Fan":0,"Bloody Idol":28,"betterThird:SlimedRelic":12,"Turnip":53,"Ectoplasm":17,"Art of War":26,"Bottled Lightning":26,"Toy Ornithopter":54,"Ice Cream":48,"Calipers":9,"Tiny House":34,"Gremlin Horn":52,"Vajra":23,"HoveringKite":34,"Sozu":17,"Lizard Tail":48,"Centennial Puzzle":54,"HornCleat":53,"Strawberry":10,"Toxic Egg 2":47,"reliquary:SharkskinSheath":23,"Girya":37,"Happy Flower":7,"Astrolabe":17,"Dead Branch":53,"Letter Opener":8,"War Paint":14,"Question Card":0,"Du-Vu Doll":42,"Shuriken":36,"Bronze Scales":54,"Molten Egg 2":26,"Black Star":17,"Meat on the Bone":10,"Darkstone Periapt":38,"Snake Skull":43,"Incense Burner":47,"Juzu Bracelet":0,"Empty Cage":34,"ClockworkSouvenir":53,"Emotion Chip":0,"Nunchaku":49,"Dream Catcher":41,"Mummified Hand":0,"Gambling Chip":54,"Pantograph":53,"Tiny Chest":27,"Red Mask":20,"Cracked Core":0,"Odd Mushroom":12,"Orichalcum":0,"White Beast Statue":7,"Mercury Hourglass":9,"Cauldron":0,"Anchor":42,"CaptainsWheel":0,"Bag of Marbles":53,"Membership Card":27,"FossilizedHelix":53,"TungstenRod":54},{"TwistedFunnel":102,"Ginger":60,"Whetstone":173,"Bottled Tornado":28,"Boot":90,"Blood Vial":204,"MealTicket":66,"Fusion Hammer":46,"Necronomicon":127,"Kunai":37,"MerchantsRug":33,"Blue Candle":137,"Eternal Feather":4,"Tingsha":91,"Pen Nib":69,"reliquary:WeakTea":146,"Paper Crane":189,"Akabeko":82,"SlaversCollar":7,"Bird Faced Urn":115,"Pandora\u0027s Box":55,"StrikeDummy":308,"Unceasing Top":33,"Ring of the Serpent":232,"Regal Pillow":45,"Lantern":85,"Torii":37,"Singing Bowl":60,"Cursed Key":72,"Shovel":45,"Matryoshka":140,"WristBlade":104,"Ninja Scroll":102,"InkBottle":27,"Ring of the Snake":0,"Potion Belt":80,"Lee\u0027s Waffle":66,"The Specimen":140,"Golden Idol":5,"Thread and Needle":121,"PreservedInsect":0,"The Courier":43,"Omamori":247,"Frozen Egg 2":15,"reliquary:RosewoodLute":143,"Nuclear Battery":19,"Busted Crown":153,"Ornamental Fan":0,"Bloody Idol":23,"betterThird:SlimedRelic":294,"Turnip":113,"Ectoplasm":273,"Art of War":22,"Bottled Lightning":102,"Toy Ornithopter":114,"Ice Cream":30,"Calipers":142,"Tiny House":256,"Gremlin Horn":64,"Vajra":50,"HoveringKite":184,"Sozu":177,"Lizard Tail":88,"Centennial Puzzle":314,"HornCleat":313,"Strawberry":120,"Toxic Egg 2":62,"reliquary:SharkskinSheath":157,"Girya":27,"Happy Flower":4,"Astrolabe":99,"Dead Branch":168,"Letter Opener":43,"War Paint":222,"Question Card":66,"Du-Vu Doll":109,"Shuriken":130,"Bronze Scales":32,"Molten Egg 2":51,"Black Star":296,"Meat on the Bone":5,"Darkstone Periapt":235,"Snake Skull":85,"Incense Burner":111,"Juzu Bracelet":194,"Empty Cage":25,"ClockworkSouvenir":192,"Emotion Chip":0,"Nunchaku":63,"Dream Catcher":165,"Mummified Hand":170,"Gambling Chip":65,"Pantograph":214,"Tiny Chest":51,"Red Mask":48,"Cracked Core":0,"Odd Mushroom":249,"Orichalcum":266,"White Beast Statue":42,"Mercury Hourglass":197,"Cauldron":170,"Anchor":60,"CaptainsWheel":170,"Bag of Marbles":64,"Membership Card":102,"FossilizedHelix":113,"TungstenRod":169},{"TwistedFunnel":496,"Ginger":297,"Whetstone":771,"Bottled Tornado":134,"Boot":434,"Blood Vial":907,"MealTicket":324,"Fusion Hammer":235,"Necronomicon":595,"Kunai":197,"MerchantsRug":176,"Blue Candle":628,"Eternal Feather":12,"Tingsha":445,"Pen Nib":334,"reliquary:WeakTea":672,"Paper Crane":858,"Akabeko":393,"SlaversCollar":26,"Bird Faced Urn":554,"Pandora\u0027s Box":275,"StrikeDummy":1500,"Unceasing Top":176,"Ring of the Serpent":1047,"Regal Pillow":227,"Lantern":407,"Torii":197,"Singing Bowl":297,"Cursed Key":351,"Shovel":227,"Matryoshka":638,"WristBlade":510,"Ninja Scroll":496,"InkBottle":121,"Ring of the Snake":0,"Potion Belt":378,"Lee\u0027s Waffle":324,"The Specimen":638,"Golden Idol":15,"Thread and Needle":577,"PreservedInsect":0,"The Courier":221,"Omamori":1139,"Frozen Egg 2":51,"reliquary:RosewoodLute":657,"Nuclear Battery":66,"Busted Crown":692,"Ornamental Fan":0,"Bloody Idol":91,"betterThird:SlimedRelic":1407,"Turnip":543,"Ectoplasm":1324,"Art of War":85,"Bottled Lightning":496,"Toy Ornithopter":546,"Ice Cream":146,"Calipers":647,"Tiny House":1213,"Gremlin Horn":310,"Vajra":253,"HoveringKite":839,"Sozu":800,"Lizard Tail":422,"Centennial Puzzle":1536,"HornCleat":1530,"Strawberry":571,"Toxic Egg 2":302,"reliquary:SharkskinSheath":707,"Girya":121,"Happy Flower":12,"Astrolabe":480,"Dead Branch":750,"Letter Opener":221,"War Paint":975,"Question Card":324,"Du-Vu Doll":526,"Shuriken":605,"Bronze Scales":170,"Molten Egg 2":258,"Black Star":1430,"Meat on the Bone":15,"Darkstone Periapt":1060,"Snake Skull":407,"Incense Burner":535,"Juzu Bracelet":879,"Empty Cage":106,"ClockworkSouvenir":872,"Emotion Chip":0,"Nunchaku":305,"Dream Catcher":734,"Mummified Hand":758,"Gambling Chip":316,"Pantograph":947,"Tiny Chest":258,"Red Mask":244,"Cracked Core":0,"Odd Mushroom":1155,"Orichalcum":1306,"White Beast Statue":214,"Mercury Hourglass":884,"Cauldron":758,"Anchor":297,"CaptainsWheel":758,"Bag of Marbles":310,"Membership Card":496,"FossilizedHelix":543,"TungstenRod":753}],"Ring of the Snake":[0]},"card_choices":[{"not_picked":["Poisoned Stab","Heel Hook"],"picked":"Dagger Spray","floor":1.0},{"not_picked":["Slice","Choke","Concentrate"],"picked":"SKIP","floor":3.0},{"not_picked":["Catalyst","Backflip"],"picked":"Blade Dance","floor":4.0},{"not_picked":["Madness","PanicButton"],"picked":"Good Instincts","floor":5.0},{"not_picked":["Bane","Flechettes"],"picked":"Deflect","floor":6.0},{"not_picked":["Accuracy","Dodge and Roll"],"picked":"After Image","floor":10.0},{"not_picked":["Deadly Poison","Dodge and Roll"],"picked":"Calculated Gamble","floor":14.0},{"not_picked":["Adrenaline","Die Die Die"],"picked":"Burst","floor":16.0},{"not_picked":["Poisoned Stab","Dagger Spray","Outmaneuver+1"],"picked":"SKIP","floor":18.0},{"not_picked":["Blade Dance","Dagger Spray+1","Poisoned Stab"],"picked":"SKIP","floor":21.0},{"not_picked":["Prepared","Terror"],"picked":"Dash","floor":22.0},{"not_picked":["Dodge and Roll","Outmaneuver"],"picked":"After Image","floor":24.0},{"not_picked":["Flechettes+1","Dagger Spray","Sucker Punch+1"],"picked":"SKIP","floor":28.0},{"not_picked":["Malaise","Wraith Form v2"],"picked":"Phantasmal Killer","floor":33.0},{"not_picked":["Predator","Outmaneuver+1","Quick Slash+1"],"picked":"SKIP","floor":35.0},{"not_picked":["Finisher","Setup","Outmaneuver"],"picked":"SKIP","floor":37.0},{"not_picked":["Dagger Throw","Skewer+1"],"picked":"Cloak And Dagger","floor":38.0},{"not_picked":["Acrobatics","All Out Attack"],"picked":"Bullet Time","floor":40.0},{"not_picked":["Dodge and Roll+1","Slice+1"],"picked":"Prepared","floor":44.0},{"not_picked":["Flying Knee+1","Prepared+1","Predator"],"picked":"SKIP","floor":45.0},{"not_picked":["Flying Knee","Slice+1"],"picked":"Distraction","floor":47.0},{"not_picked":["Calculated Gamble+1","Reflex+1"],"picked":"Accuracy+1","floor":48.0},{"not_picked":["Caltrops","Terror"],"picked":"Backflip+1","floor":54.0}],"player_experience":3711586,"relics_obtained":[{"floor":6.0,"key":"Torii"},{"floor":9.0,"key":"Calipers"},{"floor":24.0,"key":"Omamori"},{"floor":24.0,"key":"Matryoshka"},{"floor":26.0,"key":"Boot"},{"floor":26.0,"key":"Kunai"},{"floor":30.0,"key":"Juzu Bracelet"},{"floor":30.0,"key":"Akabeko"},{"floor":31.0,"key":"Ice Cream"},{"floor":31.0,"key":"Ninja Scroll"},{"floor":40.0,"key":"Orichalcum"},{"floor":40.0,"key":"Strawberry"},{"floor":43.0,"key":"StrikeDummy"},{"floor":45.0,"key":"Tingsha"},{"floor":45.0,"key":"Blue Candle"},{"floor":54.0,"key":"Lantern"},{"floor":54.0,"key":"Centennial Puzzle"}],"event_choices":[{"damage_healed":0.0,"max_hp_gain":0.0,"max_hp_loss":0.0,"gold_gain":1.0,"event_name":"betterStone:BetterStone","player_choice":"1","floor":5.0,"gold_loss":0.0,"damage_taken":0.0},{"damage_healed":0.0,"max_hp_gain":0.0,"max_hp_loss":0.0,"gold_gain":0.0,"event_name":"Dead Adventurer","player_choice":"Searched \u00272\u0027 times","floor":11.0,"gold_loss":0.0,"damage_taken":0.0,"relics_obtained":["Happy Flower"]},{"damage_healed":0.0,"max_hp_gain":0.0,"max_hp_loss":0.0,"gold_gain":0.0,"event_name":"betterThird:BetterGoop","player_choice":"Slimed","floor":12.0,"gold_loss":36.0,"damage_taken":11.0},{"cards_removed":["Strike_G"],"damage_healed":0.0,"max_hp_gain":0.0,"max_hp_loss":0.0,"gold_gain":0.0,"event_name":"betterNote:BetterNote","player_choice":"Give","floor":19.0,"gold_loss":0.0,"damage_taken":0.0,"cards_obtained":["Strike_G"]},{"cards_removed":["Strike_G"],"damage_healed":0.0,"max_hp_gain":0.0,"max_hp_loss":0.0,"gold_gain":0.0,"event_name":"Purifier","player_choice":"Purged","floor":20.0,"gold_loss":0.0,"damage_taken":0.0},{"damage_healed":0.0,"max_hp_gain":0.0,"max_hp_loss":0.0,"gold_gain":0.0,"event_name":"Colosseum","player_choice":"Fight","floor":31.0,"gold_loss":0.0,"damage_taken":0.0},{"damage_healed":0.0,"max_hp_gain":0.0,"max_hp_loss":0.0,"gold_gain":0.0,"event_name":"Colosseum","player_choice":"Fought Nobs","floor":31.0,"gold_loss":0.0,"damage_taken":0.0},{"damage_healed":0.0,"max_hp_gain":0.0,"max_hp_loss":0.0,"gold_gain":0.0,"event_name":"The Woman in Blue","player_choice":"Bought 0 Potions","floor":36.0,"gold_loss":0.0,"damage_taken":0.0},{"cards_removed":["Dagger Spray"],"damage_healed":0.0,"max_hp_gain":0.0,"max_hp_loss":0.0,"gold_gain":0.0,"event_name":"Falling","player_choice":"Removed Attack","floor":39.0,"gold_loss":0.0,"damage_taken":0.0}],"is_beta":false,"boss_relics":[{"not_picked":["Runic Dome","Pandora\u0027s Box"],"picked":"Black Star"},{"not_picked":["Coffee Dripper","Velvet Choker"],"picked":"WristBlade"}],"items_purged_floors":[0],"is_endless":false,"potions_floor_spawned":[6,10,24,31,33,35,37,47,54],"ascension_level":0}}