{"host":"f8toxsj3bk02pkeu","time":1612578172,"event":{"mods":["BaseMod","Minty Spire (QoL Compilation)","Permanent Neow","Quick Restart","StSLib","SuperFastMode"],"gold_per_floor":[13,26,36,47,59,59,85,85,109,128,145,145,145],"floor_reached":12,"language":"ENG","playtime":386,"items_purged":[],"score":168,"play_id":"2c050db8-569a-40f4-b87d-cdb939358ac4","local_time":"20210205192252","is_ascension_mode":true,"campfire_choices":[{"data":"Body Slam","floor":6.0,"key":"SMITH"},{"data":"Whirlwind","floor":8.0,"key":"SMITH"}],"circlet_count":0,"master_deck":["AscendersBane","Strike_R","Strike_R","Strike_R","Strike_R","Strike_R","Defend_R","Defend_R","Defend_R","Defend_R","Bash","Body Slam+1","True Grit","Whirlwind+1","Flame Barrier"],"relics":["Burning Blood","Bag of Preparation","Blood Vial"],"acts_visited":["Exordium"],"potions_floor_usage":[],"damage_taken":[{"damage":13.0,"enemies":"Cultist","floor":1.0,"turns":5.0},{"damage":12.0,"enemies":"Jaw Worm","floor":2.0,"turns":3.0},{"damage":2.0,"enemies":"2 Louse","floor":3.0,"turns":3.0},{"damage":13.0,"enemies":"Blue Slaver","floor":4.0,"turns":6.0},{"damage":18.0,"enemies":"3 Louse","floor":5.0,"turns":4.0},{"damage":20.0,"enemies":"Lagavulin","floor":7.0,"turns":6.0},{"damage":0.0,"enemies":"2 Fungi Beasts","floor":10.0,"turns":4.0},{"damage":5.0,"enemies":"Exordium Wildlife","floor":11.0,"turns":4.0},{"damage":53,"enemies":"Gremlin Nob","floor":12,"turns":4}],"seed_played":"1238358444396404356","potions_obtained":[{"floor":4.0,"key":"PowerPotion"},{"floor":5.0,"key":"Fire Potion"}],"is_trial":false,"path_per_floor":["M","M","M","M","M","R","E","R","T","M","M","E"],"character_chosen":"IRONCLAD","items_purchased":[],"campfire_rested":0,"item_purchase_floors":[],"current_hp_per_floor":[75,69,73,66,54,54,40,40,40,48,51,0,0],"gold":145,"neow_bonus":"TWENTY_PERCENT_HP_BONUS","is_daily":false,"chose_seed":false,"campfire_upgraded":2,"win_rate":0.0,"timestamp":1612578172,"path_taken":["M","M","M","M","?","R","E","R","T","M","M","E"],"items_purchased_type":[],"build_version":"2020-12-22","purchased_purges":0,"victory":false,"max_hp_per_floor":[89,89,89,89,89,89,89,89,89,89,89,89,89],"card_choices":[{"not_picked":["Havoc","Evolve"],"picked":"Body Slam","floor":1.0},{"not_picked":["Sword Boomerang","Clash"],"picked":"True Grit","floor":2.0},{"not_picked":["Heavy Blade","Clash"],"picked":"Whirlwind","floor":3.0},{"not_picked":["Burning Pact","Wild Strike","Armaments"],"picked":"SKIP","floor":4.0},{"not_picked":["Headbutt","Armaments","Clash"],"picked":"SKIP","floor":5.0},{"not_picked":["Corruption","Sentinel","Wild Strike"],"picked":"SKIP","floor":7.0},{"not_picked":["Wild Strike","Whirlwind"],"picked":"Flame Barrier","floor":10.0},{"not_picked":["Havoc","Flex","Rage"],"picked":"SKIP","floor":11.0}],"player_experience":975503,"relics_obtained":[{"floor":7.0,"key":"Bag of Preparation"},{"floor":9.0,"key":"Blood Vial"}],"event_choices":[],"is_beta":false,"boss_relics":[],"items_purged_floors":[],"is_endless":false,"potions_floor_spawned":[4,5],"killed_by":"Gremlin Nob","ascension_level":20}}