{"host":"rw1trt79hfpl7pom","time":1612605006,"event":{"mods":["BaseMod","Bestiary","Colored Map","Jorbs\u0027s Wanderer Trilogy","Minty Spire (QoL Compilation)","Relic Stats","StSLib","SuperFastMode"],"gold_per_floor":[119,44,57,68,68,101,117,117,117],"floor_reached":8,"language":"ENG","playtime":964,"items_purged":[],"score":116,"play_id":"ca56bc89-97d6-4794-ae93-a34b8ce15679","local_time":"20210206015006","is_ascension_mode":true,"campfire_choices":[],"circlet_count":0,"master_deck":["AscendersBane","Strike_B","Strike_B","Strike_B","Strike_B","Defend_B","Defend_B","Defend_B","Defend_B","Zap","Dualcast","All For One","Go for the Eyes","Ball Lightning","Gash","FTL"],"relics":["Fusion Hammer","Bag of Marbles"],"acts_visited":["Exordium"],"potions_floor_usage":[8],"damage_taken":[{"damage":7.0,"enemies":"Jaw Worm","floor":1.0,"turns":2.0},{"damage":1.0,"enemies":"Cultist","floor":3.0,"turns":3.0},{"damage":4.0,"enemies":"Small Slimes","floor":4.0,"turns":3.0},{"damage":30.0,"enemies":"Gremlin Nob","floor":6.0,"turns":5.0},{"damage":3.0,"enemies":"Blue Slaver","floor":7.0,"turns":2.0},{"damage":25,"enemies":"Lagavulin","floor":8,"turns":5}],"seed_played":"-7763918577044674502","potions_obtained":[{"floor":3.0,"key":"Weak Potion"},{"floor":4.0,"key":"Block Potion"},{"floor":6.0,"key":"FearPotion"}],"is_trial":false,"path_per_floor":["M","$","M","M","?","E","M","E"],"character_chosen":"DEFECT","items_purchased":["All For One"],"campfire_rested":0,"item_purchase_floors":[2],"current_hp_per_floor":[57,57,56,52,42,12,9,0,0],"gold":117,"neow_bonus":"BOSS_RELIC","is_daily":false,"chose_seed":false,"campfire_upgraded":0,"win_rate":0.0,"timestamp":1612605006,"path_taken":["M","$","M","M","?","E","?","E"],"items_purchased_type":["Card"],"build_version":"2020-12-22","purchased_purges":0,"victory":false,"max_hp_per_floor":[71,71,71,71,71,71,71,71,71],"relic_stats":{"counters":[6,20],"obtain_stats":[{"Fusion Hammer":0,"Bag of Marbles":6,"Cracked Core":0},{"Fusion Hammer":0,"Bag of Marbles":4,"Cracked Core":0},{"Fusion Hammer":0,"Bag of Marbles":13,"Cracked Core":0}]},"card_choices":[{"not_picked":["Stack","Redo","BootSequence"],"picked":"SKIP","floor":1.0},{"not_picked":["Streamline","Skim"],"picked":"Go for the Eyes","floor":3.0},{"not_picked":["Hologram","Loop"],"picked":"Ball Lightning","floor":4.0},{"not_picked":["Compile Driver","Recycle"],"picked":"Gash","floor":6.0},{"not_picked":["Genetic Algorithm","Double Energy"],"picked":"FTL","floor":7.0}],"player_experience":2609822,"relics_obtained":[{"floor":6.0,"key":"Bag of Marbles"}],"event_choices":[{"damage_healed":0.0,"max_hp_gain":0.0,"max_hp_loss":0.0,"gold_gain":0.0,"event_name":"Wheel of Change","player_choice":"Damaged","floor":5.0,"gold_loss":0.0,"damage_taken":10.0}],"is_beta":false,"boss_relics":[],"items_purged_floors":[],"is_endless":false,"potions_floor_spawned":[3,4,6],"killed_by":"Lagavulin","ascension_level":20}}