{"host":"x000krxjblg8jdg4","time":1612576337,"event":{"mods":["BaseMod","Downfall","Hermit","Minty Spire (QoL Compilation)","StSLib","The Cursed","The Runesmith","The Servant 0.9.4"],"gold_per_floor":[111,111,124,5,5,5,19,30,105,130,145,171,346,360,360,456,456,466,466,448,363,363,391,402,402,402,36,36,69,81,93,93,192,192,205,305,319,319,319],"floor_reached":38,"language":"ENG","playtime":1214,"items_purged":["downfall:Bewildered"],"score":516,"play_id":"31f25a92-1dc0-4962-91a4-719f272974ed","local_time":"20210205235217","is_ascension_mode":false,"campfire_choices":[{"data":"Flex","floor":6,"key":"SMITH"},{"data":"Berserk","floor":15,"key":"SMITH"},{"floor":25,"key":"REST"},{"floor":28,"key":"REST"},{"data":"Seeing Red","floor":32,"key":"SMITH"}],"circlet_count":0,"master_deck":["Strike_R","Strike_R","Strike_R","Strike_R","Strike_R","Defend_R","Defend_R","Defend_R","Defend_R","Bash","Perfected Strike","Thunderclap","Flex+1","Juggernaut","Heavy Blade","Berserk+1","Anger","Inflame","Uppercut","Limit Break","Intimidate+1","Combust+1","Shrug It Off","Sword Boomerang","Sword Boomerang+1","Good Instincts","Shrug It Off","Whirlwind+1","Inflame","Armaments","Seeing Red+1","Demon Form","Rampage+1","Armaments+1"],"relics":["Black Blood","NeowsBlessing","Lantern","Bottled Tornado","Pen Nib","Pantograph","Runesmith:AutoHammer","PreservedInsect","Dream Catcher","Bottled Flame","Strawberry","Matryoshka","Fusion Hammer"],"acts_visited":["Exordium","TheCity","TheBeyond"],"potions_floor_usage":[23,33,33],"damage_taken":[{"damage":0,"enemies":"Jaw Worm","floor":1,"turns":1},{"damage":0,"enemies":"2 Louse","floor":3,"turns":1},{"damage":0,"enemies":"Cultist","floor":7,"turns":1},{"damage":1,"enemies":"Exordium Wildlife","floor":8,"turns":3},{"damage":13,"enemies":"2 Fungi Beasts","floor":11,"turns":3},{"damage":0,"enemies":"Gremlin Nob","floor":12,"turns":2},{"damage":10,"enemies":"Looter","floor":14,"turns":2},{"damage":0,"enemies":"Slime Boss","floor":16,"turns":3},{"damage":25,"enemies":"Spheric Guardian","floor":18,"turns":4},{"damage":36,"enemies":"2 Thieves","floor":20,"turns":4},{"damage":31,"enemies":"Book of Stabbing","floor":23,"turns":4},{"damage":26,"enemies":"Snake Plant","floor":24,"turns":4},{"damage":0,"enemies":"Slavers","floor":29,"turns":1},{"damage":22,"enemies":"Centurion and Healer","floor":30,"turns":4},{"damage":17,"enemies":"Sentry and Sphere","floor":31,"turns":4},{"damage":62,"enemies":"Champ","floor":33,"turns":8},{"damage":17,"enemies":"Orb Walker","floor":35,"turns":3},{"damage":34,"enemies":"3 Shapes","floor":37,"turns":4},{"damage":66,"enemies":"Writhing Mass","floor":38,"turns":5}],"seed_played":"-8386100457305149319","potions_obtained":[{"floor":7,"key":"FairyPotion"},{"floor":12,"key":"Dexterity Potion"},{"floor":14,"key":"EssenceOfSteel"},{"floor":23,"key":"FearPotion"}],"is_trial":false,"path_per_floor":["M","?","M","$","?","R","M","M","T","T","M","E","?","M","R","B",null,"M","?","M","?","?","E","M","R","T","$","R","E","M","M","R","B",null,"M","?","M","M"],"character_chosen":"IRONCLAD","items_purchased":["Flex","Juggernaut","Strawberry","Good Instincts","Shrug It Off"],"campfire_rested":2,"item_purchase_floors":[4,4,27,27,27],"current_hp_per_floor":[80,80,80,80,77,77,80,80,80,80,73,79,79,75,75,80,80,67,67,43,43,43,24,36,60,60,67,87,87,77,72,72,37,87,82,82,60,0,0],"gold":319,"neow_bonus":"THREE_ENEMY_KILL","is_daily":false,"chose_seed":false,"campfire_upgraded":3,"win_rate":0.0,"timestamp":1612576337,"path_taken":["M","?","M","$","?","R","M","M","T","?","?","E","?","M","R","BOSS","M","?","M","?","?","E","M","R","T","$","R","E","?","M","R","BOSS","M","?","?","M"],"items_purchased_type":["Card","Card","Relic","Card","Card"],"build_version":"2020-12-22","purchased_purges":1,"victory":false,"max_hp_per_floor":[80,80,80,80,80,80,80,80,80,80,80,80,80,80,80,80,80,80,80,80,80,80,80,80,80,80,87,87,87,87,87,87,87,87,87,87,87,87,87],"card_choices":[{"not_picked":["Sword Boomerang","Armaments"],"picked":"Perfected Strike","floor":1},{"not_picked":["Headbutt","Warcry"],"picked":"Thunderclap","floor":3},{"not_picked":["Thunderclap","Entrench"],"picked":"Heavy Blade","floor":7},{"not_picked":["Flex","Body Slam"],"picked":"Berserk","floor":8},{"not_picked":["True Grit","Body Slam"],"picked":"Anger","floor":11},{"not_picked":["Sword Boomerang","Double Tap"],"picked":"Inflame","floor":12},{"not_picked":["Warcry","Second Wind"],"picked":"Uppercut","floor":14},{"not_picked":["Impervious","Corruption"],"picked":"Limit Break","floor":16},{"not_picked":["Body Slam","Rupture"],"picked":"Intimidate+1","floor":18},{"not_picked":["Iron Wave","Warcry"],"picked":"Combust+1","floor":20},{"not_picked":["Pommel Strike","Sword Boomerang"],"picked":"Shrug It Off","floor":23},{"not_picked":["Second Wind+1","Armaments"],"picked":"Sword Boomerang","floor":24},{"not_picked":["Shrug It Off","Warcry"],"picked":"Sword Boomerang+1","floor":25},{"not_picked":["Armaments","Body Slam+1"],"picked":"Whirlwind+1","floor":28},{"not_picked":["Spot Weakness+1","Brutality"],"picked":"Inflame","floor":29},{"not_picked":["Warcry","Entrench"],"picked":"Armaments","floor":30},{"not_picked":["Uppercut","Body Slam"],"picked":"Seeing Red","floor":31},{"not_picked":["Berserk","Barricade"],"picked":"Demon Form","floor":33},{"not_picked":["Shrug It Off+1","Dropkick"],"picked":"Rampage+1","floor":35},{"not_picked":["Body Slam","Bloodletting+1"],"picked":"Armaments+1","floor":37}],"player_experience":54829,"relics_obtained":[{"floor":9,"key":"Bottled Tornado"},{"floor":10,"key":"Pen Nib"},{"floor":12,"key":"Pantograph"},{"floor":23,"key":"Dream Catcher"},{"floor":26,"key":"Bottled Flame"},{"floor":29,"key":"Matryoshka"}],"event_choices":[{"damage_healed":0,"gold_gain":0,"player_choice":"Ignored","damage_taken":0,"max_hp_gain":0,"max_hp_loss":0,"event_name":"Golden Wing","floor":2,"gold_loss":0},{"damage_healed":0,"gold_gain":0,"player_choice":"Success","damage_taken":3,"relics_obtained":["Lantern"],"max_hp_gain":0,"max_hp_loss":0,"event_name":"Scrap Ooze","floor":5,"gold_loss":0},{"damage_healed":0,"gold_gain":175,"player_choice":"AGREE","damage_taken":0,"max_hp_gain":0,"max_hp_loss":0,"event_name":"Liars Game","floor":13,"gold_loss":0,"cards_obtained":["Doubt"]},{"damage_healed":0,"gold_gain":0,"player_choice":"Opened","damage_taken":0,"relics_obtained":["Runesmith:AutoHammer"],"max_hp_gain":0,"max_hp_loss":0,"event_name":"The Mausoleum","floor":19,"gold_loss":0},{"damage_healed":0,"gold_gain":0,"player_choice":"Obtained Relic","damage_taken":0,"relics_obtained":["PreservedInsect"],"max_hp_gain":0,"max_hp_loss":0,"event_name":"Addict","floor":21,"gold_loss":85},{"damage_healed":0,"gold_gain":0,"cards_transformed":["Doubt"],"player_choice":"Transformed","damage_taken":0,"max_hp_gain":0,"max_hp_loss":0,"event_name":"Transmorgrifier","floor":22,"gold_loss":0,"cards_obtained":["downfall:Bewildered"]},{"damage_healed":0,"gold_gain":100,"player_choice":"Pray","damage_taken":0,"max_hp_gain":0,"max_hp_loss":0,"event_name":"Golden Shrine","floor":36,"gold_loss":0}],"is_beta":false,"boss_relics":[{"not_picked":["SlaversCollar","Astrolabe"],"picked":"Black Blood"},{"not_picked":["Runic Dome","Runic Pyramid"],"picked":"Fusion Hammer"}],"items_purged_floors":[27],"is_endless":false,"potions_floor_spawned":[7,12,14,18,20,23],"killed_by":"Writhing Mass","ascension_level":0}}