{"host":"j4g6ia6asvpyu2b0","time":1612624623,"event":{"mods":["BaseMod","Colored Map","Minty Spire (QoL Compilation)","Permanent Neow","Quick Restart","Relic Stats","StSLib","Unceasing Turn Reminder"],"gold_per_floor":[365,365,14,34,34,34,59,74,99,99,115,127,127,155,155,257,257,270,286,302,54,54,79,79,79,79,94,94,173,213,244,244,372,372,392,432,452,489,3,37,37,71,71,83,83,93,134,164,164,189,189,189,15,67,67],"floor_reached":56,"language":"ENG","playtime":2719,"items_purged":["Strike_B"],"score":1510,"play_id":"8b134074-7c70-4568-884c-311fd9e898a5","local_time":"20210206081703","is_ascension_mode":true,"campfire_choices":[{"data":"Genetic Algorithm","floor":6.0,"key":"SMITH"},{"data":"Defragment","floor":10.0,"key":"SMITH"},{"data":"Zap","floor":13.0,"key":"SMITH"},{"data":"Coolheaded","floor":15.0,"key":"SMITH"},{"data":"Storm","floor":24,"key":"SMITH"},{"data":"Creative AI","floor":32,"key":"SMITH"},{"floor":41,"key":"RECALL"},{"data":"Fission","floor":49,"key":"SMITH"},{"data":"Apotheosis","floor":52,"key":"SMITH"}],"circlet_count":0,"master_deck":["Strike_B","Strike_B+1","Strike_B+1","Defend_B+1","Defend_B","Defend_B","Zap+1","Dualcast+1","Coolheaded+1","Defragment+1","Genetic Algorithm+1","Self Repair","Sweeping Beam+1","Auto Shields","Barrage+1","Glacier","Creative AI+1","Conserve Battery+1","Glacier","Rebound+1","Storm+1","Compile Driver+1","Glacier","HandOfGreed+1","Flying Knee+1","Cold Snap+1","PiercingWail","Fission+1","Sweeping Beam+1","Well Laid Plans+1","Apotheosis+1","Aggregate","Glacier+1","Madness","Madness","Escape Plan","Flame Barrier+1","Turbo+1","Sweeping Beam+1","BootSequence+1"],"relics":["Cracked Core","Molten Egg 2","Akabeko","Lantern","Whetstone","Cursed Key","PrismaticShard","Omamori","Question Card","Ice Cream","War Paint","Coffee Dripper","Dead Branch","Strawberry","DataDisk","Pantograph","StoneCalendar","Symbiotic Virus"],"acts_visited":["Exordium","TheCity","TheBeyond","TheEnding"],"potions_floor_usage":[33,33,55,55],"damage_taken":[{"damage":0.0,"enemies":"Small Slimes","floor":1.0,"turns":3.0},{"damage":5.0,"enemies":"Jaw Worm","floor":4.0,"turns":3.0},{"damage":39.0,"enemies":"3 Sentries","floor":7.0,"turns":7.0},{"damage":0.0,"enemies":"Cultist","floor":8.0,"turns":3.0},{"damage":11.0,"enemies":"Gremlin Gang","floor":11.0,"turns":3.0},{"damage":6.0,"enemies":"Looter","floor":12.0,"turns":3.0},{"damage":12.0,"enemies":"Lagavulin","floor":14.0,"turns":5.0},{"damage":9.0,"enemies":"Slime Boss","floor":16.0,"turns":9.0},{"damage":7.0,"enemies":"Spheric Guardian","floor":18.0,"turns":4.0},{"damage":0,"enemies":"Chosen","floor":19,"turns":2},{"damage":8,"enemies":"Snake Plant","floor":20,"turns":5},{"damage":12,"enemies":"Book of Stabbing","floor":23,"turns":7},{"damage":0,"enemies":"Snecko","floor":27,"turns":5},{"damage":32,"enemies":"Slavers","floor":29,"turns":4},{"damage":0,"enemies":"3 Cultists","floor":30,"turns":4},{"damage":29,"enemies":"Gremlin Leader","floor":31,"turns":6},{"damage":18,"enemies":"Collector","floor":33,"turns":9},{"damage":2,"enemies":"3 Darklings","floor":35,"turns":5},{"damage":0,"enemies":"3 Shapes","floor":36,"turns":4},{"damage":7,"enemies":"Writhing Mass","floor":37,"turns":6},{"damage":6,"enemies":"Jaw Worm Horde","floor":38,"turns":5},{"damage":5,"enemies":"Giant Head","floor":40,"turns":7},{"damage":34,"enemies":"Nemesis","floor":42,"turns":7},{"damage":8,"enemies":"Sphere and 2 Shapes","floor":44,"turns":4},{"damage":10,"enemies":"Transient","floor":46,"turns":5},{"damage":10,"enemies":"3 Darklings","floor":47,"turns":3},{"damage":14,"enemies":"Reptomancer","floor":48,"turns":6},{"damage":10,"enemies":"Awakened One","floor":50,"turns":21},{"damage":17,"enemies":"Shield and Spear","floor":54,"turns":6},{"damage":5,"enemies":"The Heart","floor":55,"turns":7}],"seed_played":"-2465227910843264851","potions_obtained":[{"floor":4.0,"key":"PotionOfCapacity"},{"floor":7.0,"key":"Block Potion"},{"floor":12.0,"key":"BlessingOfTheForge"},{"floor":14.0,"key":"SpeedPotion"},{"floor":20,"key":"PowerPotion"},{"floor":27,"key":"PowerPotion"},{"floor":35,"key":"Regen Potion"},{"floor":36,"key":"Dexterity Potion"},{"floor":40,"key":"LiquidMemories"}],"is_trial":false,"path_per_floor":["M","?","$","M","?","R","E","M","T","R","M","M","R","E","R","B",null,"M","M","M","$","?","E","R","?","T","M","?","E","M","E","R","B",null,"M","M","M","M","$","E","R","E","T","M","?","M","M","E","R","B",null,"R","$","E","B",null],"character_chosen":"DEFECT","items_purchased":["Molten Egg 2","Streamline+1","Defragment","Storm","PrismaticShard","Compile Driver+1","Dead Branch","Apotheosis","FocusPotion","Sweeping Beam+1"],"campfire_rested":0,"item_purchase_floors":[3,3,3,21,21,21,39,39,53,53],"current_hp_per_floor":[68,61,61,56,56,56,17,24,24,24,20,21,21,16,16,14,68,68,68,67,67,67,62,62,62,62,68,68,43,43,21,21,10,68,68,68,68,68,68,75,75,51,51,53,44,44,41,34,34,49,75,75,75,65,75],"gold":67,"neow_bonus":"TWO_FIFTY_GOLD","is_daily":false,"chose_seed":false,"campfire_upgraded":8,"win_rate":0.0,"timestamp":1612624623,"path_taken":["M","?","$","M","?","R","E","M","T","R","?","M","R","E","R","BOSS","M","?","M","$","?","E","R","?","T","M","?","E","?","E","R","BOSS","M","M","M","M","?","E","R","E","T","M","?","M","M","E","R","BOSS","R","$","E","BOSS"],"items_purchased_type":["Relic","Card","Card","Card","Relic","Card","Relic","Card","Potion","Card"],"build_version":"2020-12-22","purchased_purges":1,"victory":true,"max_hp_per_floor":[68,68,68,68,68,68,68,68,68,68,68,68,68,68,68,68,68,68,68,68,68,68,68,68,68,68,68,68,68,68,68,68,68,68,68,68,68,68,68,75,75,75,75,75,75,75,75,75,75,75,75,75,75,75,75],"relic_stats":{"counters":[30,168],"Dead Branch":[53],"Pantograph":35,"StoneCalendar":[52],"Whetstone":["Strike_B","Strike_B"],"War Paint":["Dualcast","Defend_B"],"Cursed Key":2,"Question Card":15,"obtain_stats":[{"Ice Cream":29,"Lantern":9,"Dead Branch":39,"StoneCalendar":48,"Omamori":23,"Whetstone":14,"War Paint":31,"Cursed Key":17,"PrismaticShard":21,"Question Card":28,"Akabeko":7,"DataDisk":42,"Strawberry":40,"Pantograph":43,"Molten Egg 2":3,"Coffee Dripper":34,"Cracked Core":0,"Symbiotic Virus":54},{"Ice Cream":14,"Lantern":4,"Dead Branch":21,"StoneCalendar":27,"Omamori":12,"Whetstone":7,"War Paint":16,"Cursed Key":8,"PrismaticShard":11,"Question Card":13,"Akabeko":3,"DataDisk":23,"Strawberry":22,"Pantograph":23,"Molten Egg 2":1,"Coffee Dripper":17,"Cracked Core":0,"Symbiotic Virus":29},{"Ice Cream":63,"Lantern":16,"Dead Branch":102,"StoneCalendar":134,"Omamori":54,"Whetstone":27,"War Paint":73,"Cursed Key":36,"PrismaticShard":47,"Question Card":59,"Akabeko":13,"DataDisk":116,"Strawberry":109,"Pantograph":116,"Molten Egg 2":3,"Coffee Dripper":82,"Cracked Core":0,"Symbiotic Virus":161}]},"card_choices":[{"not_picked":["Chaos","Steam"],"picked":"Coolheaded","floor":1.0},{"not_picked":["Undo","Auto Shields"],"picked":"Genetic Algorithm","floor":4.0},{"not_picked":["Doom and Gloom+1","Genetic Algorithm"],"picked":"Self Repair","floor":7.0},{"not_picked":["Barrage+1","Leap"],"picked":"Sweeping Beam+1","floor":8.0},{"not_picked":["Redo","Recycle"],"picked":"Auto Shields","floor":11.0},{"not_picked":["FTL+1","Blizzard+1"],"picked":"Barrage+1","floor":12.0},{"not_picked":["Streamline+1","Rainbow"],"picked":"Glacier","floor":14.0},{"not_picked":["Multi-Cast","All For One+1"],"picked":"Creative AI","floor":16.0},{"not_picked":["Compile Driver+1","Turbo"],"picked":"Conserve Battery+1","floor":18.0},{"not_picked":["Go for the Eyes+1","Turbo"],"picked":"Glacier","floor":19},{"not_picked":["Gash+1","Conserve Battery"],"picked":"Rebound+1","floor":20},{"not_picked":["Sentinel+1","Riddle With Holes+1","Cleave+1"],"picked":"SKIP","floor":23},{"not_picked":["EmptyBody","Deflect"],"picked":"HandOfGreed+1","floor":27},{"not_picked":["Heavy Blade+1","Wild Strike+1","Weave+1"],"picked":"Flying Knee+1","floor":29},{"not_picked":["Rampage+1","Prostrate","Sword Boomerang+1"],"picked":"Cold Snap+1","floor":30},{"not_picked":["Underhanded Strike+1","Slice+1","Headbutt+1"],"picked":"PiercingWail","floor":31},{"not_picked":["Omniscience","Vault","Buffer"],"picked":"Fission","floor":33},{"not_picked":["Rebound+1","Stack+1","Prostrate"],"picked":"Sweeping Beam+1","floor":35},{"not_picked":["Perfected Strike+1","Infinite Blades","Double Energy+1"],"picked":"Well Laid Plans+1","floor":36},{"not_picked":["Leap","EmptyBody+1","Consecrate+1","Storm of Steel"],"picked":"SKIP","floor":37},{"not_picked":["BowlingBash+1","FollowUp+1","Conclude+1","Fasting2"],"picked":"SKIP","floor":38},{"not_picked":["Consecrate+1","Protect+1","SpiritShield","Dodge and Roll"],"picked":"SKIP","floor":40},{"not_picked":["Eviscerate+1","Heavy Blade+1","Predator+1"],"picked":"Aggregate","floor":42},{"not_picked":["Predator+1","Shrug It Off","WindmillStrike+1"],"picked":"Glacier+1","floor":44},{"not_picked":["Anger+1","Iron Wave+1","Spot Weakness"],"picked":"Escape Plan","floor":46},{"not_picked":["JustLucky+1","Poisoned Stab+1","BattleHymn+1"],"picked":"Flame Barrier+1","floor":47},{"not_picked":["Havoc","Stack","PanicButton+1"],"picked":"Turbo+1","floor":48},{"not_picked":["Accuracy+1","Sword Boomerang+1","Metallicize"],"picked":"BootSequence+1","floor":54}],"player_experience":1155507,"relics_obtained":[{"floor":7.0,"key":"Akabeko"},{"floor":9.0,"key":"Lantern"},{"floor":14.0,"key":"Whetstone"},{"floor":23,"key":"Omamori"},{"floor":29,"key":"Ice Cream"},{"floor":31,"key":"War Paint"},{"floor":40,"key":"Strawberry"},{"floor":42,"key":"DataDisk"},{"floor":43,"key":"Pantograph"},{"floor":48,"key":"StoneCalendar"},{"floor":54,"key":"Symbiotic Virus"}],"event_choices":[{"cards_removed":["Defend_B"],"damage_healed":0.0,"max_hp_gain":0.0,"max_hp_loss":0.0,"gold_gain":0.0,"event_name":"Golden Wing","player_choice":"Card Removal","floor":2.0,"gold_loss":0.0,"damage_taken":7.0},{"cards_removed":["Streamline"],"damage_healed":0.0,"max_hp_gain":0.0,"max_hp_loss":0.0,"gold_gain":0.0,"event_name":"NoteForYourself","player_choice":"Took Card","floor":5.0,"gold_loss":0.0,"damage_taken":0.0,"cards_obtained":["Glass Knife"]},{"damage_healed":0,"gold_gain":0,"player_choice":"Read","damage_taken":0,"max_hp_gain":0,"max_hp_loss":0,"event_name":"The Library","floor":22,"gold_loss":0,"cards_obtained":["Glacier"]},{"damage_healed":0,"gold_gain":0,"player_choice":"Ignored","damage_taken":0,"max_hp_gain":0,"max_hp_loss":0,"event_name":"Ghosts","floor":25,"gold_loss":0},{"cards_removed":["Glass Knife"],"damage_healed":0,"gold_gain":0,"player_choice":"Gave Card","damage_taken":0,"relics_obtained":["Question Card"],"max_hp_gain":0,"max_hp_loss":0,"event_name":"WeMeetAgain","floor":28,"gold_loss":0},{"damage_healed":0,"gold_gain":0,"player_choice":"Embrace Madness","damage_taken":9,"max_hp_gain":0,"max_hp_loss":0,"event_name":"Winding Halls","floor":45,"gold_loss":0,"cards_obtained":["Madness","Madness"]}],"is_beta":false,"boss_relics":[{"not_picked":["Inserter","Snecko Eye"],"picked":"Cursed Key"},{"not_picked":["Runic Dome","Runic Pyramid"],"picked":"Coffee Dripper"}],"items_purged_floors":[53],"is_endless":false,"potions_floor_spawned":[4,7,12,14,20,27,29,35,36,40,42,47],"ascension_level":3}}