{"host":"zwezhz46a5cjkxff","time":1612590885,"event":{"mods":["AchievementEnabler","BaseMod","Colored Map","Colored Powertips","DeckTracker","Minty Spire (QoL Compilation)","Permanent Neow","Quick Restart","Rare Cards Sparkle","Relic Stats","StSLib","SuperFastMode"],"gold_per_floor":[109,119,135,56,75,106,106,116,168,168,181,207,207,207,207,302,302,322,322,83,103,123,158,178,178,249,259,273,273,273],"floor_reached":29,"language":"ENG","playtime":893,"items_purged":["Pain"],"score":296,"play_id":"0f1f32e6-90e7-4a82-92d8-405f8fcc50e2","local_time":"20210205235445","is_ascension_mode":true,"campfire_choices":[{"floor":7,"key":"RECALL"},{"data":"After Image","floor":10,"key":"SMITH"},{"floor":15,"key":"REST"},{"floor":25,"key":"REST"}],"circlet_count":0,"master_deck":["Strike_G","Strike_G","Strike_G","Strike_G","Strike_G","Defend_G","Defend_G","Defend_G","Defend_G","Defend_G","Survivor","Neutralize","After Image+1","Poisoned Stab","Bouncing Flask","Noxious Fumes","Bane","Noxious Fumes+1","After Image+1","Backstab","Noxious Fumes+1","Dramatic Entrance","Deadly Poison+1","Footwork+1","Catalyst","Adrenaline"],"relics":["Ring of the Snake","Frozen Egg 2","Mercury Hourglass","Philosopher\u0027s Stone","WarpedTongs","Gremlin Horn","Pear"],"acts_visited":["Exordium","TheCity"],"potions_floor_usage":[2,12,14,14,21,24,28],"damage_taken":[{"damage":0,"enemies":"Cultist","floor":1,"turns":4},{"damage":0,"enemies":"2 Louse","floor":2,"turns":1},{"damage":5,"enemies":"Small Slimes","floor":3,"turns":3},{"damage":11,"enemies":"3 Louse","floor":5,"turns":4},{"damage":25,"enemies":"Gremlin Nob","floor":6,"turns":4},{"damage":0,"enemies":"Looter","floor":8,"turns":4},{"damage":0,"enemies":"Large Slime","floor":11,"turns":5},{"damage":18,"enemies":"Lagavulin","floor":12,"turns":6},{"damage":6,"enemies":"Gremlin Nob","floor":14,"turns":3},{"damage":25,"enemies":"The Guardian","floor":16,"turns":8},{"damage":6,"enemies":"Shell Parasite","floor":18,"turns":5},{"damage":14,"enemies":"3 Byrds","floor":21,"turns":4},{"damage":5,"enemies":"Snecko","floor":22,"turns":4},{"damage":37,"enemies":"Slavers","floor":23,"turns":5},{"damage":1,"enemies":"Cultist and Chosen","floor":24,"turns":6},{"damage":15,"enemies":"Centurion and Healer","floor":27,"turns":5},{"damage":19,"enemies":"Snake Plant","floor":28,"turns":4},{"damage":8,"enemies":"Cultist and Chosen","floor":29,"turns":4}],"seed_played":"-5172155536447964739","potions_obtained":[{"floor":1,"key":"Explosive Potion"},{"floor":3,"key":"ColorlessPotion"},{"floor":8,"key":"Strength Potion"},{"floor":12,"key":"SmokeBomb"},{"floor":16,"key":"DuplicationPotion"},{"floor":18,"key":"SpeedPotion"},{"floor":23,"key":"ColorlessPotion"},{"floor":28,"key":"LiquidBronze"}],"is_trial":false,"path_per_floor":["M","M","M","$","M","E","R","M","T","R","M","E","?","E","R","B",null,"M","?","$","M","M","E","M","R","T","M","M","M"],"character_chosen":"THE_SILENT","items_purchased":["Noxious Fumes","Noxious Fumes+1","Dramatic Entrance"],"campfire_rested":2,"item_purchase_floors":[4,20,20],"current_hp_per_floor":[70,70,65,65,54,29,29,29,29,29,29,11,11,5,26,1,70,64,64,64,50,45,8,7,28,38,23,4,0,0],"gold":273,"neow_bonus":"ONE_RANDOM_RARE_CARD","is_daily":false,"chose_seed":false,"campfire_upgraded":1,"win_rate":0.0,"timestamp":1612590885,"path_taken":["M","M","M","$","M","E","R","M","T","R","?","E","?","E","R","BOSS","M","?","$","M","M","E","M","R","T","M","M","?"],"items_purchased_type":["Card","Card","Card"],"build_version":"2020-12-22","purchased_purges":1,"victory":false,"max_hp_per_floor":[70,70,70,70,70,70,70,70,70,70,70,70,70,70,70,70,70,70,70,70,70,70,70,70,70,80,80,80,80,80],"relic_stats":{"Gremlin Horn":[3,3],"counters":[18,79],"obtain_stats":[{"Pear":26,"Gremlin Horn":23,"Philosopher\u0027s Stone":17,"Frozen Egg 2":6,"Ring of the Snake":0,"Mercury Hourglass":12,"WarpedTongs":19},{"Pear":15,"Gremlin Horn":14,"Philosopher\u0027s Stone":10,"Frozen Egg 2":5,"Ring of the Snake":0,"Mercury Hourglass":8,"WarpedTongs":11},{"Pear":66,"Gremlin Horn":60,"Philosopher\u0027s Stone":42,"Frozen Egg 2":16,"Ring of the Snake":0,"Mercury Hourglass":31,"WarpedTongs":47}],"Ring of the Snake":[36],"Mercury Hourglass":[183],"WarpedTongs":[32]},"card_choices":[{"not_picked":["Endless Agony","Deflect","Masterful Stab"],"picked":"SKIP","floor":1},{"not_picked":["Slice","Masterful Stab"],"picked":"Poisoned Stab","floor":2},{"not_picked":["Backflip","Skewer"],"picked":"Bouncing Flask","floor":3},{"not_picked":["Dagger Spray","Slice","Underhanded Strike"],"picked":"SKIP","floor":5},{"not_picked":["Quick Slash","Prepared","Calculated Gamble"],"picked":"SKIP","floor":6},{"not_picked":["Endless Agony","Dagger Throw"],"picked":"Bane","floor":8},{"not_picked":["Acrobatics","All Out Attack","Eviscerate"],"picked":"SKIP","floor":11},{"not_picked":["Bouncing Flask","PiercingWail"],"picked":"Noxious Fumes+1","floor":12},{"not_picked":["Venomology","Unload"],"picked":"After Image+1","floor":16},{"not_picked":["Dagger Throw+1","Escape Plan"],"picked":"Backstab","floor":18},{"not_picked":["Finisher+1","Underhanded Strike"],"picked":"Deadly Poison+1","floor":21},{"not_picked":["Heel Hook+1","Expertise"],"picked":"Footwork+1","floor":22},{"not_picked":["Flying Knee+1","Expertise"],"picked":"Catalyst","floor":23},{"not_picked":["Deflect","Blade Dance","Riddle With Holes+1"],"picked":"SKIP","floor":24},{"not_picked":["Deadly Poison","Blur"],"picked":"Adrenaline","floor":27},{"not_picked":["Dodge and Roll","Dagger Spray+1","Choke"],"picked":"SKIP","floor":28}],"player_experience":73994,"relics_obtained":[{"floor":6,"key":"Frozen Egg 2"},{"floor":12,"key":"Mercury Hourglass"},{"floor":23,"key":"Gremlin Horn"},{"floor":26,"key":"Pear"}],"event_choices":[{"damage_healed":0,"gold_gain":0,"player_choice":"Fled","damage_taken":0,"max_hp_gain":0,"max_hp_loss":0,"event_name":"Scrap Ooze","floor":13,"gold_loss":0},{"damage_healed":0,"gold_gain":0,"player_choice":"Rummage","damage_taken":0,"relics_obtained":["WarpedTongs"],"max_hp_gain":0,"max_hp_loss":0,"event_name":"Accursed Blacksmith","floor":19,"gold_loss":0,"cards_obtained":["Pain"]}],"is_beta":false,"boss_relics":[{"not_picked":["WristBlade","Busted Crown"],"picked":"Philosopher\u0027s Stone"}],"items_purged_floors":[20],"is_endless":false,"potions_floor_spawned":[1,3,8,12,16,18,23,28],"killed_by":"Cultist and Chosen","ascension_level":2}}