{"host":"t4s40kl3r64vu0u6","time":1612638473,"event":{"mods":["BaseMod","Colored Map","Googly Eyes","Highlight Path","Minty Spire (QoL Compilation)","READ ME - Snecko Mod","StSLib","slay the spire mod where everything is the same but ironclad has a cowboy hat"],"gold_per_floor":[110,122,141,156,169,169,203,203,254,287,305,305,319,338,338,436,436,453,453,453,464,464,464,492,492,492,509,535,535,54,54,54,153,153,167,183,183,183,11,37,37,49,49,61,80,112,212,231,231,231],"floor_reached":51,"language":"ENG","playtime":3784,"items_purged":["Strike_R","Bash"],"score":915,"play_id":"3415a31b-366c-4cbd-99d6-6dcd52953c08","local_time":"20210206140753","is_ascension_mode":true,"campfire_choices":[{"data":"Feed","floor":6,"key":"SMITH"},{"data":"Anger","floor":8,"key":"SMITH"},{"data":"Carnage","floor":12,"key":"SMITH"},{"data":"Rampage","floor":15,"key":"SMITH"},{"data":"Carnage","floor":23,"key":"SMITH"},{"data":"Clash","floor":25,"key":"SMITH"},{"data":"Armaments","floor":29,"key":"SMITH"},{"data":"RitualDagger","floor":32,"key":"SMITH"},{"data":"Inflame","floor":41,"key":"SMITH"},{"data":"Clash","floor":49,"key":"SMITH"}],"circlet_count":0,"master_deck":["Strike_R","Strike_R","Strike_R","Strike_R","Defend_R","Defend_R","Defend_R","Defend_R","Clash+1","Thunderclap","Anger+1","Clash+1","Feed+1","Blood for Blood","Impervious","Carnage+1","Rampage+1","Corruption+1","Clash","Carnage+1","Carnage+1","Sever Soul+1","Shrug It Off","Armaments+1","RitualDagger+1","Impervious","Armaments+1","Bandage Up","Madness","Madness","Inflame+1","Flex+1","Flex+1","Thunderclap","Armaments+1","Armaments+1"],"relics":["Burning Blood","Omamori","Happy Flower","Meat on the Bone","SlaversCollar","Orichalcum","Bottled Lightning","Centennial Puzzle","HornCleat","Lee\u0027s Waffle","Coffee Dripper","FossilizedHelix","Self Forming Clay","Bottled Tornado"],"acts_visited":["Exordium","TheCity","TheBeyond"],"potions_floor_usage":[10,46,50,50,50],"damage_taken":[{"damage":6,"enemies":"Cultist","floor":1,"turns":3},{"damage":7,"enemies":"Jaw Worm","floor":2,"turns":3},{"damage":0,"enemies":"Small Slimes","floor":3,"turns":2},{"damage":0,"enemies":"2 Fungi Beasts","floor":4,"turns":2},{"damage":6,"enemies":"Looter","floor":5,"turns":2},{"damage":35,"enemies":"Lagavulin","floor":7,"turns":4},{"damage":20,"enemies":"3 Sentries","floor":10,"turns":6},{"damage":0,"enemies":"Exordium Wildlife","floor":11,"turns":3},{"damage":15,"enemies":"Exordium Thugs","floor":13,"turns":5},{"damage":0,"enemies":"3 Louse","floor":14,"turns":3},{"damage":57,"enemies":"The Guardian","floor":16,"turns":8},{"damage":23,"enemies":"2 Thieves","floor":18,"turns":4},{"damage":0,"enemies":"Spheric Guardian","floor":21,"turns":2},{"damage":30,"enemies":"Book of Stabbing","floor":24,"turns":3},{"damage":12,"enemies":"Snecko","floor":27,"turns":3},{"damage":24,"enemies":"Gremlin Leader","floor":28,"turns":4},{"damage":38,"enemies":"Automaton","floor":33,"turns":9},{"damage":26,"enemies":"3 Darklings","floor":35,"turns":5},{"damage":0,"enemies":"3 Shapes","floor":36,"turns":3},{"damage":95,"enemies":"Giant Head","floor":40,"turns":8},{"damage":16,"enemies":"Sphere and 2 Shapes","floor":42,"turns":4},{"damage":4,"enemies":"Writhing Mass","floor":44,"turns":6},{"damage":0,"enemies":"3 Darklings","floor":45,"turns":5},{"damage":24,"enemies":"Reptomancer","floor":46,"turns":6},{"damage":19,"enemies":"Maw","floor":48,"turns":7},{"damage":2,"enemies":"Donu and Deca","floor":50,"turns":5}],"seed_played":"-1634464681274849532","potions_obtained":[{"floor":2,"key":"Swift Potion"},{"floor":4,"key":"ColorlessPotion"},{"floor":7,"key":"Fire Potion"},{"floor":11,"key":"Dexterity Potion"},{"floor":24,"key":"PowerPotion"},{"floor":28,"key":"EssenceOfSteel"},{"floor":48,"key":"SkillPotion"}],"is_trial":false,"path_per_floor":["M","M","M","M","M","R","E","R","T","E","M","R","M","M","R","B",null,"M","?","?","M","?","R","E","R","T","M","E","R","$","?","R","B",null,"M","M","?","?","$","E","R","M","T","M","M","E","?","M","R","B",null],"character_chosen":"IRONCLAD","items_purchased":["HornCleat","Lee\u0027s Waffle","Inflame"],"campfire_rested":0,"item_purchase_floors":[30,30,39],"current_hp_per_floor":[88,87,88,88,88,88,63,63,63,53,63,63,70,80,80,41,108,95,95,95,101,101,101,77,77,77,71,65,65,119,113,113,81,119,103,113,113,97,97,24,24,30,30,50,74,78,78,81,81,95],"gold":231,"neow_bonus":"TEN_PERCENT_HP_BONUS","is_daily":false,"chose_seed":false,"campfire_upgraded":10,"win_rate":0.0,"timestamp":1612638473,"path_taken":["M","?","M","M","M","R","E","R","T","E","M","R","M","M","R","BOSS","M","?","?","?","?","R","E","R","T","M","E","R","$","?","R","BOSS","M","M","?","?","$","E","R","M","T","M","M","E","?","M","R","BOSS"],"items_purchased_type":["Relic","Relic","Card"],"build_version":"2020-12-22","purchased_purges":2,"victory":true,"max_hp_per_floor":[88,88,88,88,88,88,92,92,92,96,100,100,104,108,108,108,108,112,112,112,112,112,112,112,112,112,112,112,112,119,119,119,119,119,123,127,127,127,127,127,127,127,127,127,127,131,131,131,131,135],"card_choices":[{"not_picked":["Warcry","Spot Weakness"],"picked":"Clash","floor":1},{"not_picked":["Perfected Strike","Evolve"],"picked":"Thunderclap","floor":2},{"not_picked":["Metallicize","Pommel Strike"],"picked":"Anger","floor":3},{"not_picked":["Flame Barrier","Headbutt"],"picked":"Clash","floor":4},{"not_picked":["Armaments","Reckless Charge"],"picked":"Feed","floor":5},{"not_picked":["Iron Wave","Twin Strike"],"picked":"Blood for Blood","floor":7},{"not_picked":["Heavy Blade","Thunderclap"],"picked":"Impervious","floor":10},{"not_picked":["Twin Strike","Searing Blow"],"picked":"Carnage","floor":11},{"not_picked":["Thunderclap","Searing Blow","True Grit"],"picked":"SKIP","floor":13},{"not_picked":["Carnage","Armaments"],"picked":"Rampage","floor":14},{"not_picked":["Limit Break","Impervious"],"picked":"Corruption","floor":16},{"not_picked":["Twin Strike","Seeing Red+1"],"picked":"Clash","floor":18},{"not_picked":["Heavy Blade","Flex"],"picked":"Carnage+1","floor":21},{"not_picked":["Anger","Seeing Red"],"picked":"Sever Soul+1","floor":24},{"not_picked":["Wild Strike","Anger"],"picked":"Shrug It Off","floor":27},{"not_picked":["Twin Strike","Dark Embrace"],"picked":"Armaments","floor":28},{"not_picked":["Offering","Corruption"],"picked":"Impervious","floor":33},{"not_picked":["Cleave","True Grit+1"],"picked":"Armaments+1","floor":35},{"not_picked":["Havoc+1","Disarm+1","Anger"],"picked":"SKIP","floor":36},{"not_picked":["Purity","Dramatic Entrance"],"picked":"Bandage Up","floor":37},{"not_picked":["Havoc","Dropkick+1"],"picked":"Flex+1","floor":40},{"not_picked":["Pommel Strike","Battle Trance"],"picked":"Flex+1","floor":42},{"not_picked":["Sword Boomerang","Heavy Blade","Wild Strike"],"picked":"SKIP","floor":44},{"not_picked":["Reckless Charge","Intimidate"],"picked":"Thunderclap","floor":45},{"not_picked":["Armaments+1","Bloodletting+1","Berserk"],"picked":"SKIP","floor":46},{"not_picked":["Bloodletting+1","Berserk"],"picked":"Armaments+1","floor":46},{"not_picked":["Spot Weakness","Havoc+1"],"picked":"Armaments+1","floor":48}],"player_experience":245368,"relics_obtained":[{"floor":7,"key":"Omamori"},{"floor":9,"key":"Happy Flower"},{"floor":10,"key":"Meat on the Bone"},{"floor":24,"key":"Orichalcum"},{"floor":26,"key":"Bottled Lightning"},{"floor":28,"key":"Centennial Puzzle"},{"floor":40,"key":"FossilizedHelix"},{"floor":43,"key":"Self Forming Clay"},{"floor":46,"key":"Bottled Tornado"}],"event_choices":[{"damage_healed":0,"gold_gain":0,"player_choice":"Ignored","damage_taken":0,"max_hp_gain":0,"max_hp_loss":0,"event_name":"Ghosts","floor":19,"gold_loss":0},{"damage_healed":0,"gold_gain":0,"player_choice":"Upgraded","damage_taken":0,"max_hp_gain":0,"max_hp_loss":0,"event_name":"Upgrade Shrine","floor":20,"gold_loss":0,"cards_upgraded":["Corruption"]},{"damage_healed":0,"gold_gain":0,"player_choice":"Read","damage_taken":0,"max_hp_gain":0,"max_hp_loss":0,"event_name":"The Library","floor":22,"gold_loss":0,"cards_obtained":["Carnage"]},{"damage_healed":0,"gold_gain":0,"player_choice":"Joined the Cult","damage_taken":6,"max_hp_gain":0,"max_hp_loss":0,"event_name":"Nest","floor":31,"gold_loss":0,"cards_obtained":["RitualDagger"]},{"damage_healed":0,"gold_gain":0,"player_choice":"Memory 1","damage_taken":0,"max_hp_gain":0,"max_hp_loss":0,"event_name":"SensoryStone","floor":37,"gold_loss":0},{"damage_healed":0,"gold_gain":0,"player_choice":"Embrace Madness","damage_taken":16,"max_hp_gain":0,"max_hp_loss":0,"event_name":"Winding Halls","floor":38,"gold_loss":0,"cards_obtained":["Madness","Madness"]},{"damage_healed":0,"gold_gain":100,"player_choice":"Pray","damage_taken":0,"max_hp_gain":0,"max_hp_loss":0,"event_name":"Golden Shrine","floor":47,"gold_loss":0}],"is_beta":false,"boss_relics":[{"not_picked":["Runic Dome","Tiny House"],"picked":"SlaversCollar"},{"not_picked":["SacredBark","Fusion Hammer"],"picked":"Coffee Dripper"}],"items_purged_floors":[30,39],"is_endless":false,"potions_floor_spawned":[2,4,7,11,14,24,27,28,33,35,40,42,44,48],"ascension_level":3}}