{"host":"e5u7qs1emxzejr12","time":1612584464,"event":{"mods":["100% Spire Juice","2.2 Compatiblity","Act Like it!","Arknights","Ascension Unlocker","BaseMod","CapriCore","Card Forge","Colored Powertips","Custom Start","GifTheSpireLib","Highlight Path","Minty Spire (QoL Compilation)","Monster B Gone","MostiFishMod","Quick Restart","Relic Filter Mod","Reliquary","Replay The Spire","StSLib","SuperFastMode","The Blackbeard","WarShipGirlsR/战舰少女R mod","篝火指南"],"gold_per_floor":[153,153,153,153,153,246,324,429,429,531,612,690,795,873,440,671,671,704,704,704,704,626,722,722,815,815,920,963,1053,1053,1098,852,1068,1068,1104,1104,1104,1143,1143,972,810,644,714,813,900,975,1071,881,718,718,718,718,635,614,695,1295],"floor_reached":57,"language":"ZHS","playtime":1726,"items_purged":[],"score":4125,"play_id":"1c2791cc-ba68-444c-a06f-99e5c8219567","local_time":"20210206120744","daily_mods":["Heirloom","Flight","DeadlyEvents","Elite Swarm","Midas"],"is_ascension_mode":true,"campfire_choices":[{"floor":24.0,"key":"RECALL"}],"circlet_count":0,"master_deck":["AscendersBane","Zap+1","Electrodynamics+1","MostiFishMod:ReadyAimFire+1","Machine Learning+1","MostiFishMod:Prepare+1","MostiFishMod:ActiveDefenseSystem+1","Amplify+1","Capacitor+1","Buffer+1","MostiFishMod:DeathFromBelow+1","Seek+1","Buffer+1","Fission+1","Deep Breath+1","Defragment+1","Fusion+1","Storm+1","FIFO Queue+1","Storm+1"],"relics":["Cracked Core","Hammer of Thor","Seething Fire","Anvil of the Gods","DaveBox","ArrowTower","BirthdayGift-Icosahedron","SynthV:TestCard","ReplayTheSpireMod:Ninjato","Ring of Hypnosis","War Paint","Singing Bowl","Strawberry","Ornamental Fan","Gremlin Horn","reliquary:BoilingFlask","Golden Egg","Tiny Chest","reliquary:HotPoker","Ice Cream","Black Star","Mango","reliquary:Buckler","Replay:Bottled Flurry","reliquary:FeatherDuster","OriginationStaff","Solar Panel","reliquary:Aerogel","ReplayTheSpireMod:CursedCoin","Durian","Dream Catcher","ClockworkSouvenir","GreenFoldingFan","Replay:Bottled Snecko","Dodecahedron","Civilization","Membership Card","reliquary:Sideboard","Bird Faced Urn","reliquary:SharkskinSheath","StoneCalendar","HollowDreamFlower","Pear","Eternal Feather","Meat on the Bone","BargainBundle","reliquary:Stiletto","ImprovedEquipment","Lantern","Iron Hammer","Replay:Arrowhead"],"acts_visited":["Exordium","TheCity","TheBeyond","TheEnding"],"potions_floor_usage":[56],"damage_taken":[{"damage":0.0,"enemies":"Small Slimes","floor":1.0,"turns":2.0},{"damage":0.0,"enemies":"Gremlin Nob","floor":6.0,"turns":3.0},{"damage":0.0,"enemies":"3 Sentries","floor":7.0,"turns":1.0},{"damage":0.0,"enemies":"Lagavulin","floor":8.0,"turns":2.0},{"damage":0.0,"enemies":"Replay:BlueRogue","floor":10.0,"turns":1.0},{"damage":0.0,"enemies":"Lagavulin","floor":11.0,"turns":1.0},{"damage":0.0,"enemies":"Gremlin Nob","floor":12.0,"turns":1.0},{"damage":0.0,"enemies":"3 Sentries","floor":13.0,"turns":1.0},{"damage":0.0,"enemies":"Lagavulin","floor":14.0,"turns":2.0},{"damage":24.0,"enemies":"Hexaghost","floor":16.0,"turns":3.0},{"damage":0.0,"enemies":"Chosen","floor":18.0,"turns":1.0},{"damage":29.0,"enemies":"Book of Stabbing","floor":23.0,"turns":4.0},{"damage":0.0,"enemies":"Slavers","floor":25.0,"turns":1.0},{"damage":0.0,"enemies":"Book of Stabbing","floor":27.0,"turns":5.0},{"damage":20.0,"enemies":"Slavers","floor":29.0,"turns":2.0},{"damage":0.0,"enemies":"2 Thieves","floor":31.0,"turns":1.0},{"damage":4.0,"enemies":"Pondfish","floor":33.0,"turns":2.0},{"damage":17.0,"enemies":"Orb Walker","floor":35.0,"turns":2.0},{"damage":0.0,"enemies":"3 Darklings","floor":38.0,"turns":1.0},{"damage":1.0,"enemies":"R_Hoarder","floor":44.0,"turns":2.0},{"damage":0.0,"enemies":"Reptomancer","floor":45.0,"turns":2.0},{"damage":0,"enemies":"Giant Head","floor":46,"turns":3},{"damage":0,"enemies":"R_Hoarder","floor":47,"turns":2},{"damage":0,"enemies":"Time Eater","floor":50,"turns":1},{"damage":7,"enemies":"Donu and Deca","floor":51,"turns":2},{"damage":0,"enemies":"Shield and Spear","floor":55,"turns":1},{"damage":0,"enemies":"The Heart","floor":56,"turns":4}],"seed_played":"2254043091114222586","potions_obtained":[{"floor":7.0,"key":"LiquidBronze"},{"floor":10.0,"key":"Doom Potion"},{"floor":16.0,"key":"FocusPotion"}],"is_trial":true,"path_per_floor":["M","?","?","$","?","E","E","E","T","E","E","E","E","E","R","B",null,"M","$","?","$","$","E","R","E","T","E","R","E","?","M","R","B",null,"M","$","T","M","?","R","$","R","T","E","E","E","E","$","R","B","B",null,"R","$","E","B",null],"character_chosen":"DEFECT","items_purchased":["Ice Cream","Capacitor","MostiFishMod:DeathFromBelow","ReplayTheSpireMod:CursedCoin","Deep Breath","ClockworkSouvenir","Defragment","Dodecahedron","Civilization","Membership Card","BargainBundle","Storm","reliquary:Stiletto","ImprovedEquipment","FIFO Queue","Lantern","Storm"],"campfire_rested":0,"item_purchase_floors":[15,15,22,28,28,32,32,40,41,42,48,48,48,49,49,53,54],"current_hp_per_floor":[65,65,65,65,47,48,56,57,57,60,61,62,63,64,64,41,70,73,73,73,73,73,59,59,60,60,61,61,49,18,23,23,22,90,86,86,86,101,103,103,103,103,103,114,119,132,138,138,138,143,148,148,148,148,155,160],"gold":1295,"neow_bonus":"","is_daily":false,"chose_seed":false,"campfire_upgraded":0,"win_rate":0.0,"timestamp":1612584464,"path_taken":["M","?","?","$","?","E","E","E","T","E","E","E","E","E","R","BOSS","M","$","?","$","$","E","R","E","T","E","R","E","?","?","R","BOSS","M","$","?","?","?","R","$","R","T","E","E","E","E","$","R","BOSS","BOSS","R","$","E","BOSS"],"items_purchased_type":["Relic","Card","Card","Relic","Card","Relic","Card","Relic","Relic","Relic","Relic","Card","Relic","Relic","Card","Relic","Card"],"build_version":"2020-12-22","purchased_purges":0,"victory":true,"max_hp_per_floor":[71,71,71,71,71,71,78,78,78,80,80,80,80,80,80,80,80,82,82,82,82,82,96,96,96,96,96,96,103,108,110,110,112,112,114,114,114,114,116,116,116,116,116,117,119,132,138,138,138,143,148,148,148,148,155,160],"card_choices":[{"not_picked":["Hologram","Leap","ReplaySort"],"picked":"SKIP","floor":1.0},{"not_picked":["Machine Learning","MostiFishMod:StarOceanB","MostiFishMod:Exploitation","MostiFishMod:DeathFromBelow"],"picked":"Electrodynamics","floor":6.0},{"not_picked":["MostiFishMod:Nova","MostiFishMod:Overload","MostiFishMod:StarOceanB","Electrodynamics"],"picked":"MostiFishMod:InterfaceCompatibility","floor":7.0},{"not_picked":["Multi-Cast","MostiFishMod:Hijack","Thunder Strike","MostiFishMod:StrandedSiren"],"picked":"MostiFishMod:ReadyAimFire","floor":8.0},{"not_picked":["Electrodynamics","MostiFishMod:Hijack","Meteor Strike","MostiFishMod:StrandedSiren","Reboot"],"picked":"Singing Bowl","floor":10.0},{"not_picked":["Mirror Shield","MostiFishMod:Culaccino","MostiFishMod:Hijack","MostiFishMod:StrandedSiren"],"picked":"Machine Learning","floor":11.0},{"not_picked":["Biased Cognition","MostiFishMod:ATRI","All For One","Mirror Shield"],"picked":"MostiFishMod:Prepare","floor":12.0},{"not_picked":["MostiFishMod:StrandedSiren","Rainbow","ReplayRNGCard","Electrodynamics"],"picked":"MostiFishMod:ActiveDefenseSystem","floor":13.0},{"not_picked":["MostiFishMod:Hijack","MostiFishMod:Prepare","Rainbow","MostiFishMod:TalkingToTheRain"],"picked":"Amplify","floor":14.0},{"not_picked":["Biased Cognition","MostiFishMod:InterfaceCompatibility","Amplify","Core Surge"],"picked":"Buffer","floor":16.0},{"not_picked":["Panic Button","Turbo","Stack+1","Leap","Coolheaded+1"],"picked":"Singing Bowl","floor":18.0},{"not_picked":["Creative AI","MostiFishMod:TalkingToTheRain","MostiFishMod:IntelligentEquipment","MostiFishMod:Distribution"],"picked":"Seek","floor":23.0},{"not_picked":["Reboot","Creative AI","MostiFishMod:Hijack","MostiFishMod:ATRI"],"picked":"Buffer","floor":25.0},{"not_picked":["MostiFishMod:StrandedSiren","Mirror Shield","MostiFishMod:Distribution","Machine Learning"],"picked":"Fission","floor":27.0},{"not_picked":["Reboot","MostiFishMod:TalkingToTheRain","Electrodynamics","Meteor Strike","MostiFishMod:Overload"],"picked":"Singing Bowl","floor":29.0},{"not_picked":["Leap+1","Ball Lightning","Compile Driver","Hologram","BasicCrystalCard"],"picked":"Singing Bowl","floor":31.0},{"not_picked":["MostiFishMod:StarOceanB","MostiFishMod:InterfaceCompatibility","Thunder Strike","MostiFishMod:ActiveDefenseSystem","Core Surge"],"picked":"Singing Bowl","floor":33.0},{"not_picked":["BasicCrystalCard","MostiFishMod:PushDownKick+1","Beam Cell","Stack","Tempest+1"],"picked":"Singing Bowl","floor":35.0},{"not_picked":["Scrape","ReplayGash","Streamline","Stack+1"],"picked":"Fusion","floor":38.0},{"not_picked":["Reprogram"],"picked":"Singing Bowl","floor":39.0},{"not_picked":["Thunder Strike","MostiFishMod:IntelligentEquipment","MostiFishMod:ReadyAimFire","ReplayTheSpireMod:Omega Cannon"],"picked":"MostiFishMod:SeaWaves","floor":44.0},{"not_picked":["MostiFishMod:Nova","MostiFishMod:TalkingToTheRain","Meteor Strike","Multi-Cast"],"picked":"MostiFishMod:ActiveDefenseSystem","floor":45},{"not_picked":["Echo Form","MostiFishMod:Nova","MostiFishMod:Distribution","Electrodynamics"],"picked":"Seek","floor":46},{"not_picked":["Electrodynamics","Rainbow","MostiFishMod:IntelligentEquipment","ReplayTheSpireMod:Omega Cannon","MostiFishMod:InterfaceCompatibility"],"picked":"Singing Bowl","floor":47},{"not_picked":["MostiFishMod:SeaWaves","MostiFishMod:Nova","MostiFishMod:TalkingToTheRain","Reboot","Amplify"],"picked":"Singing Bowl","floor":55}],"player_experience":86984,"relics_obtained":[{"floor":1.0,"key":"SynthV:TestCard"},{"floor":3.0,"key":"Ring of Hypnosis"},{"floor":6.0,"key":"Singing Bowl"},{"floor":7.0,"key":"Strawberry"},{"floor":8.0,"key":"Ornamental Fan"},{"floor":10.0,"key":"Gremlin Horn"},{"floor":11.0,"key":"reliquary:BoilingFlask"},{"floor":12.0,"key":"Golden Egg"},{"floor":13.0,"key":"Tiny Chest"},{"floor":14.0,"key":"reliquary:HotPoker"},{"floor":23.0,"key":"Mango"},{"floor":23.0,"key":"reliquary:Buckler"},{"floor":25.0,"key":"Replay:Bottled Flurry"},{"floor":25.0,"key":"reliquary:FeatherDuster"},{"floor":26.0,"key":"OriginationStaff"},{"floor":27.0,"key":"Solar Panel"},{"floor":27.0,"key":"reliquary:Aerogel"},{"floor":29.0,"key":"Durian"},{"floor":29.0,"key":"Dream Catcher"},{"floor":37.0,"key":"Replay:Bottled Snecko"},{"floor":43.0,"key":"reliquary:Sideboard"},{"floor":44.0,"key":"Bird Faced Urn"},{"floor":44.0,"key":"reliquary:SharkskinSheath"},{"floor":45,"key":"StoneCalendar"},{"floor":45,"key":"HollowDreamFlower"},{"floor":46,"key":"Pear"},{"floor":46,"key":"Eternal Feather"},{"floor":47,"key":"Meat on the Bone"},{"floor":55,"key":"Iron Hammer"},{"floor":55,"key":"Replay:Arrowhead"}],"event_choices":[{"damage_healed":0.0,"max_hp_gain":0.0,"max_hp_loss":0.0,"gold_gain":0.0,"event_name":"Big Fish","player_choice":"Box","floor":2.0,"gold_loss":0.0,"damage_taken":0.0,"relics_obtained":["ReplayTheSpireMod:Ninjato"],"cards_obtained":["Regret"]},{"damage_healed":0.0,"max_hp_gain":0.0,"max_hp_loss":0.0,"gold_gain":0.0,"event_name":"Scrap Ooze","player_choice":"Success","floor":5.0,"gold_loss":0.0,"damage_taken":18.0,"relics_obtained":["War Paint"]},{"damage_healed":0.0,"max_hp_gain":0.0,"max_hp_loss":0.0,"gold_gain":0.0,"event_name":"Ghosts","player_choice":"Ignored","floor":20.0,"gold_loss":0.0,"damage_taken":0.0},{"damage_healed":0.0,"max_hp_gain":5.0,"max_hp_loss":0.0,"gold_gain":0.0,"event_name":"Forgotten Altar","player_choice":"Shed Blood","floor":30.0,"gold_loss":0.0,"damage_taken":36.0}],"is_beta":false,"boss_relics":[{"not_picked":["RhineFirstAidKit","Replay:Wanted Poster"],"picked":"Black Star"},{"not_picked":["Abe\u0027s Treasure","reliquary:Ember"],"picked":"GreenFoldingFan"}],"items_purged_floors":[],"is_endless":false,"potions_floor_spawned":[7,10,13,16,18,23,29,35],"ascension_level":20}}