{"host":"yqw1zpryoutrnocq","time":1612569769,"event":{"mods":["2.2 Compatiblity","AchievementEnabler","BaseMod","Colored Map","Custom Start","DeckTracker","Minty Spire (QoL Compilation)","StSLib","SuperFastMode"],"gold_per_floor":[366,441,461,461,474,501,501,527,554,554,37,95,125,125,125,224,224,268,268,268,28,28,82,82,82,82],"floor_reached":25,"language":"KOR","playtime":605,"items_purged":["Regret","Strike_P"],"score":256,"play_id":"040c9373-37af-4446-b9e8-660640aecdaa","local_time":"20210205180249","is_ascension_mode":true,"campfire_choices":[{"data":"Eruption","floor":7.0,"key":"SMITH"},{"floor":10.0,"key":"REST"},{"data":"BattleHymn","floor":15,"key":"SMITH"},{"data":"MentalFortress","floor":24,"key":"SMITH"}],"circlet_count":0,"master_deck":["Strike_P","Strike_P","Defend_P","Defend_P","Defend_P","Defend_P","Eruption+1","Vigilance","FollowUp","Consecrate","Bandage Up","SandsOfTime","Ragnarok","Eruption","BattleHymn+1","Wish","FlyingSleeves","Indignation","Alpha","Halt+1","MentalFortress+1","DevaForm","WindmillStrike"],"relics":["PureWater","Ancient Tea Set","Tiny Chest","Lantern","Incense Burner","Toolbox","FossilizedHelix","Snecko Eye","Unceasing Top"],"acts_visited":["Exordium","TheCity"],"potions_floor_usage":[13,13,13,16],"damage_taken":[{"damage":1.0,"enemies":"Small Slimes","floor":1.0,"turns":3.0},{"damage":3.0,"enemies":"Cultist","floor":3.0,"turns":4.0},{"damage":10.0,"enemies":"Jaw Worm","floor":5.0,"turns":3.0},{"damage":29.0,"enemies":"Gremlin Nob","floor":6.0,"turns":4.0},{"damage":20.0,"enemies":"3 Sentries","floor":8.0,"turns":4.0},{"damage":6,"enemies":"Lagavulin","floor":13,"turns":4},{"damage":25,"enemies":"Hexaghost","floor":16,"turns":5},{"damage":12,"enemies":"Shell Parasite","floor":18,"turns":4},{"damage":26,"enemies":"Gremlin Leader","floor":23,"turns":4},{"damage":39,"enemies":"Slavers","floor":25,"turns":3}],"seed_played":"-910666498066518897","potions_obtained":[{"floor":5.0,"key":"EssenceOfSteel"},{"floor":6.0,"key":"SteroidPotion"},{"floor":8.0,"key":"EntropicBrew"},{"floor":23,"key":"BlessingOfTheForge"}],"is_trial":false,"path_per_floor":["M","?","M","?","M","E","R","E","T","R","$","?","E","?","R","B",null,"M","?","T","$","?","E","R","E"],"character_chosen":"WATCHER","items_purchased":["Incense Burner","Toolbox","DevaForm"],"campfire_rested":1,"item_purchase_floors":[11,11,21],"current_hp_per_floor":[71,60,57,57,47,22,22,6,6,27,27,27,25,30,30,9,77,65,65,65,65,65,39,39,0,0],"gold":82,"neow_bonus":"TWO_FIFTY_GOLD","is_daily":false,"chose_seed":false,"campfire_upgraded":3,"win_rate":0.0,"timestamp":1612569769,"path_taken":["M","?","M","?","?","E","R","E","T","R","$","?","E","?","R","BOSS","M","?","?","$","?","E","R","E"],"items_purchased_type":["Relic","Relic","Card"],"build_version":"2020-12-22","purchased_purges":2,"victory":false,"max_hp_per_floor":[72,72,72,72,72,72,72,72,72,72,72,72,72,77,77,77,77,77,77,77,77,77,77,77,77,77],"card_choices":[{"not_picked":["SashWhip","Indignation"],"picked":"FollowUp","floor":1.0},{"not_picked":["CrushJoints","LikeWater"],"picked":"Consecrate","floor":3.0},{"not_picked":["FlurryOfBlows","Consecrate"],"picked":"BattleHymn","floor":5.0},{"not_picked":["EmptyFist","ThirdEye"],"picked":"Wish","floor":6.0},{"not_picked":["CrushJoints","SandsOfTime"],"picked":"FlyingSleeves","floor":8.0},{"not_picked":["JustLucky","SignatureMove"],"picked":"Indignation","floor":13},{"not_picked":["Ragnarok","ConjureBlade"],"picked":"Alpha","floor":16},{"not_picked":["FollowUp","EmptyBody"],"picked":"Halt+1","floor":18},{"not_picked":["Halt+1","Crescendo"],"picked":"WindmillStrike","floor":23}],"player_experience":296461,"relics_obtained":[{"floor":6.0,"key":"Ancient Tea Set"},{"floor":8.0,"key":"Tiny Chest"},{"floor":9.0,"key":"Lantern"},{"floor":13,"key":"FossilizedHelix"},{"floor":23,"key":"Unceasing Top"}],"event_choices":[{"damage_healed":0.0,"max_hp_gain":0.0,"max_hp_loss":0.0,"gold_gain":75.0,"event_name":"World of Goop","player_choice":"Gather Gold","floor":2.0,"gold_loss":0.0,"damage_taken":11.0},{"damage_healed":0.0,"max_hp_gain":0.0,"max_hp_loss":0.0,"gold_gain":0.0,"event_name":"Match and Keep!","player_choice":"4 cards matched","floor":4.0,"gold_loss":0.0,"damage_taken":0.0,"cards_obtained":["Bandage Up","SandsOfTime","Ragnarok","Eruption"]},{"damage_healed":0.0,"max_hp_gain":0.0,"max_hp_loss":0.0,"gold_gain":58.0,"event_name":"Golden Wing","player_choice":"Gained Gold","floor":12.0,"gold_loss":0.0,"damage_taken":0.0},{"damage_healed":0,"gold_gain":0,"player_choice":"Donut","damage_taken":0,"max_hp_gain":5,"max_hp_loss":0,"event_name":"Big Fish","floor":14,"gold_loss":0},{"damage_healed":0,"gold_gain":0,"player_choice":"Read","damage_taken":0,"max_hp_gain":0,"max_hp_loss":0,"event_name":"The Library","floor":19,"gold_loss":0,"cards_obtained":["MentalFortress"]},{"cards_removed":["Strike_P"],"damage_healed":0,"gold_gain":0,"player_choice":"Offered Basic","damage_taken":0,"max_hp_gain":0,"max_hp_loss":0,"event_name":"Bonfire Elementals","floor":22,"gold_loss":0}],"is_beta":false,"boss_relics":[{"not_picked":["Fusion Hammer","Sozu"],"picked":"Snecko Eye"}],"items_purged_floors":[11,21],"is_endless":false,"potions_floor_spawned":[5,6,8,23],"killed_by":"Slavers","ascension_level":2}}