{"host":"0clp59ii0fcmlcyr","time":1612629564,"event":{"mods":["AchievementEnabler","BaseMod","Better Altar","Better Match","Better Sensory Stone","Better Skull","Better Third Choice","BetterRewards","Bossed Relics","Colored Powertips","Highlight Path","Minty Spire (QoL Compilation)","Permanent Neow","RNG Fix","Shop Mod","Spicy Shops","StSLib"],"gold_per_floor":[17,17,17,0,16,27,60,60,60,73,73,73],"floor_reached":11,"language":"ENG","playtime":786,"items_purged":[],"score":77,"play_id":"b95fcc08-128f-4363-9130-c408f3d43a90","local_time":"20210206173924","is_ascension_mode":true,"campfire_choices":[],"circlet_count":0,"master_deck":["Strike_P","Strike_P","Strike_P","Strike_P","Defend_P","Defend_P","Defend_P","Defend_P","Eruption","Vigilance","Omniscience+1","BowlingBash","DeceiveReality","Scrawl","Prostrate"],"relics":["PureWater","Toy Ornithopter","betterThird:SlimedRelic","Bronze Scales"],"acts_visited":["Exordium"],"potions_floor_usage":[7],"damage_taken":[{"damage":0,"enemies":"Jaw Worm","floor":1,"turns":3},{"damage":0,"enemies":"2 Louse","floor":5,"turns":3},{"damage":0,"enemies":"Small Slimes","floor":6,"turns":3},{"damage":31,"enemies":"Gremlin Nob","floor":7,"turns":5},{"damage":0,"enemies":"3 Louse","floor":10,"turns":4},{"damage":35,"enemies":"Lagavulin","floor":11,"turns":7}],"seed_played":"4877739932524745869","potions_obtained":[{"floor":6,"key":"Ancient Potion"}],"is_trial":false,"path_per_floor":["M","$","?","?","M","M","E","?","T","M","E"],"character_chosen":"WATCHER","items_purchased":[],"campfire_rested":0,"item_purchase_floors":[],"current_hp_per_floor":[72,72,54,43,43,43,17,17,17,17,0,0],"gold":73,"neow_bonus":"THREE_RARE_CARDS","is_daily":false,"chose_seed":false,"campfire_upgraded":0,"win_rate":0.0,"timestamp":1612629564,"path_taken":["M","$","?","?","M","?","E","?","T","M","E"],"items_purchased_type":[],"build_version":"2020-12-22","purchased_purges":0,"victory":false,"max_hp_per_floor":[72,72,72,72,72,72,72,72,72,72,72,72],"card_choices":[{"not_picked":["ConjureBlade","Brilliance"],"picked":"Omniscience","floor":0},{"not_picked":["Worship","EmptyFist"],"picked":"BowlingBash","floor":1},{"not_picked":["WreathOfFlame","EmptyMind"],"picked":"DeceiveReality","floor":5},{"not_picked":["Halt","JustLucky","EmptyBody"],"picked":"SKIP","floor":6},{"not_picked":["Halt","ClearTheMind"],"picked":"Scrawl","floor":7},{"not_picked":["BowlingBash","PathToVictory"],"picked":"Prostrate","floor":10}],"player_experience":108007,"relics_obtained":[{"floor":7,"key":"Bronze Scales"}],"event_choices":[{"damage_healed":0,"gold_gain":0,"player_choice":"Relic ","damage_taken":18,"max_hp_gain":0,"max_hp_loss":0,"event_name":"betterThird:BetterScrap","floor":3,"gold_loss":0,"cards_obtained":["Static Discharge"]},{"damage_healed":0,"gold_gain":0,"player_choice":"Slimed","damage_taken":11,"max_hp_gain":0,"max_hp_loss":0,"event_name":"betterThird:BetterGoop","floor":4,"gold_loss":17},{"damage_healed":0,"gold_gain":0,"player_choice":"Upgraded","damage_taken":0,"max_hp_gain":0,"max_hp_loss":0,"event_name":"Upgrade Shrine","floor":8,"gold_loss":0,"cards_upgraded":["Omniscience"]}],"is_beta":false,"boss_relics":[],"items_purged_floors":[],"is_endless":false,"potions_floor_spawned":[6],"killed_by":"Lagavulin","ascension_level":1}}