{"host":"amvb77pwe2wp6zyc","time":1612570492,"event":{"mods":["2.2 Compatiblity","AchievementEnabler","AlwaysNeverKeys","BaseMod","BetterRewards","Downfall","Duelist Mod","GifTheSpireLib","Minty Spire (QoL Compilation)","Permanent Neow","Quick Restart","Relic Filter","Shop Mod","StSLib","SuperFastMode","Trackpad"],"gold_per_floor":[141,156,167,187,222,222,234,250,250,284,284,284,296,85,85,85,85],"floor_reached":16,"language":"DEU","playtime":731,"items_purged":["theDuelist:Sparks","theDuelist:NaturiaCliff"],"score":187,"play_id":"c9e1297a-c37f-44fa-81ae-dfd480c90204","local_time":"20210206011452","is_ascension_mode":true,"campfire_choices":[{"data":"theDuelist:Sparks","floor":6,"key":"PURGE"},{"data":"theDuelist:CastleWalls","floor":11,"key":"PURGE"},{"floor":15,"key":"DIG"}],"circlet_count":0,"master_deck":["AscendersBane","theDuelist:CastleWalls","theDuelist:CastleWalls","theDuelist:NaturiaTulip","Bandage Up"],"relics":["theDuelist:MillenniumPuzzle","theDuelist:CardPoolRelic","theDuelist:CardPoolBasicRelic","theDuelist:BoosterPackPoolRelic","theDuelist:CardPoolAddRelic","theDuelist:CardPoolMinusRelic","theDuelist:CardPoolSaveRelic","theDuelist:CardPoolOptionsRelic","Peace Pipe","MerchantsRug","Unceasing Top","trackpad:FieryHotPepper","Shovel","Calipers"],"acts_visited":["Exordium"],"potions_floor_usage":[],"damage_taken":[{"damage":0.0,"enemies":"2 Louse","floor":1.0,"turns":4.0},{"damage":0,"enemies":"Cultist","floor":2,"turns":4},{"damage":0,"enemies":"Small Slimes","floor":3,"turns":3},{"damage":0,"enemies":"2 Fungi Beasts","floor":4,"turns":4},{"damage":2,"enemies":"Red Slaver","floor":7,"turns":6},{"damage":0,"enemies":"Exordium Wildlife","floor":8,"turns":4},{"damage":8,"enemies":"Lagavulin","floor":10,"turns":9},{"damage":0,"enemies":"Blue Slaver","floor":13,"turns":3},{"damage":26,"enemies":"Slime Boss","floor":16,"turns":3}],"seed_played":"8360669267690632818","potions_obtained":[{"floor":1.0,"key":"theDuelist:ReducerPotion"},{"floor":4,"key":"FearPotion"}],"is_trial":false,"path_per_floor":["M","M","M","M","?","R","M","M","T","E","R","?","M","$","R","B"],"character_chosen":"THE_DUELIST","items_purchased":["Peace Pipe","MerchantsRug","Empty Cage","Shovel"],"campfire_rested":0,"item_purchase_floors":[0,0,0,14],"current_hp_per_floor":[31,31,31,31,31,31,29,29,29,21,21,21,21,21,21,0,0],"gold":85,"neow_bonus":"","is_daily":false,"chose_seed":false,"campfire_upgraded":0,"win_rate":0.0,"timestamp":1612570492,"path_taken":["M","M","M","M","?","R","M","?","T","E","R","?","M","$","R","BOSS"],"items_purchased_type":["Relic","Relic","Relic","Relic"],"build_version":"2020-12-22","purchased_purges":2,"victory":false,"max_hp_per_floor":[70,70,70,70,70,70,70,70,70,70,70,70,70,70,70,70,70],"card_choices":[{"not_picked":["theDuelist:NaturalDisaster","theDuelist:HuntingInstinct","theDuelist:AcidTrapHole","theDuelist:NatureReflection","theDuelist:SeismicShockwave"],"picked":"SKIP","floor":1.0},{"not_picked":["theDuelist:NaturiaCliff","theDuelist:NaturiaDragonfly","theDuelist:NaturiaGuardian","theDuelist:BrainCrusher","theDuelist:NaturiaParadizo"],"picked":"SKIP","floor":2},{"not_picked":["theDuelist:Alpacaribou+1","theDuelist:HuntingInstinct+1","theDuelist:SurvivalInstinct+1"],"picked":"SKIP","floor":3},{"not_picked":["theDuelist:VenomShot","theDuelist:NaturiaButterfly","theDuelist:MillenniumScorpion","theDuelist:NaturiaCherries","theDuelist:BottomlessTrapHole"],"picked":"SKIP","floor":4},{"not_picked":["theDuelist:NaturiaHydrangea","theDuelist:NaturiaWhiteOak","theDuelist:NaturiaRosewhip","theDuelist:NaturiaExterio","theDuelist:VenomShot"],"picked":"SKIP","floor":7},{"not_picked":["theDuelist:VenomShot","theDuelist:FuryFire","theDuelist:AfterGenocide","theDuelist:LuminousMoss","theDuelist:SpacetimeTranscendence"],"picked":"SKIP","floor":8},{"not_picked":["theDuelist:NaturiaSacredTree","theDuelist:Anteater","theDuelist:NaturalDisaster","theDuelist:NatureReflection"],"picked":"SKIP","floor":10},{"not_picked":["Chrysalis","Trip","Violence"],"picked":"Bandage Up","floor":13}],"player_experience":407872,"relics_obtained":[{"floor":9,"key":"Unceasing Top"},{"floor":10,"key":"trackpad:FieryHotPepper"},{"floor":15,"key":"Calipers"}],"event_choices":[{"damage_healed":0,"gold_gain":0,"player_choice":"Sold Naturia Rock for 35 Gold.","duelist":true,"damage_taken":0,"max_hp_gain":0,"max_hp_loss":0,"event_name":"Card Trader","floor":5,"gold_loss":0},{"damage_healed":0,"gold_gain":0,"player_choice":"Leave","duelist":true,"damage_taken":0,"max_hp_gain":0,"max_hp_loss":0,"event_name":"Millennium Items","floor":12,"gold_loss":0}],"is_beta":false,"boss_relics":[],"items_purged_floors":[0,14],"is_endless":false,"potions_floor_spawned":[1,4,7],"killed_by":"Slime Boss","ascension_level":16}}