{"host":"q79dm2j0pr18ov08","time":1612582054,"event":{"mods":["Act Like it!","BaseMod","CapriCore","Colored Powertips","Gensokyo","Googly Eyes","HumanHunterMod(¹ÖÎïÉ±ÈËmod)","Koishi","Marisa£¨ìFÓê¡¡Ä§ÀíÉ³£©","Minty Spire (QoL Compilation)","MostiFishMod","Pale of the Ancients","Reimu£¨²©ÀöÁéÃÎ£©","Replay The Spire","RumiaBox-Â¶Ã×æ«µÄÉñÃØºÐ×Ó","StSLib","TestMod","The Administrix","The Construct","The Immortal","The IronCluck","The Jungle","The Servant 0.9.4","UnlockEverythingMod","Waifu the Spire","[IsaacMod]ÒÔÈö¼âËþ","¡¾ÒÅÎï¿¨ÅÆ¡¿REMEMod"],"gold_per_floor":[124,199,244,244,294,319,395,437,462,529,560,311,448,554,554,807,807,1035,1135,1535,1065,1065,1065,1203,1331,1331,1365,693,749,907,967,967,1243,1243,1376,290,290,297,371,463,463,525,552,552,552,614,614,678,678,704],"floor_reached":51,"language":"ZHS","playtime":2760,"items_purged":["Languid","Strike_MRS","SuperNova","MaximisePower","EscapeVelocity+1"],"score":1033,"play_id":"667f95c9-16a2-404e-a49c-b98b4a2f69a9","local_time":"20210206112734","is_ascension_mode":true,"campfire_choices":[{"floor":15,"key":"REST"},{"floor":23,"key":"RECALL"},{"data":"AbsoluteMagnitude","floor":32,"key":"SMITH"},{"floor":41,"key":"DIG"},{"floor":44,"key":"DIG"},{"floor":49,"key":"DIG"}],"circlet_count":0,"master_deck":["Echo Form","PropBag","CollectingQuirk","PropBag","CollectingQuirk","CurseOfTheBell","JA","ManaRampage","BinaryStars","MaximisePower","AbsoluteMagnitude+1","UnstableBomb+1","AsteroidBelt+1","AsteroidBelt+1","MachineGunSpark+1","FinalSpark","CasketOfStar","PropBag+1","MillisecondPulsars"],"relics":["MiniHakkero","HushsDoor","DaveBox","REME_ComplimentaryCards","RhineSuit","testmod-Register","PillsDrop","SalivaCoin","SynthV:TestCard","ReplayTheSpireMod:CursedCoin","Golden Idol","Replay:Bandana","MagicDraw1","HandDrill","REME_LimitBreaker","The Courier","Whetstone","Calling Bell","Blood Vial","SumBook","MoneyPower","ForgetMeNow","Pen Nib","Divine Protection","AnarchistCookbook","Iron Hammer","FossilizedHelix","Bag of Marbles","Anchor","testmod-TimeTraveler","Shovel","construct:BoolHorns","ChiLing","Chi","Ling","CaptainsWheel","ThornShield","testmod-FatalChain","Blue Doll","Happy Flower","Replay:Wax Seal","testmod-ConstraintPeriapt","PreservedInsect","SatanicBible"],"acts_visited":["Exordium","TheCity","TheBeyond"],"potions_floor_usage":[29],"damage_taken":[{"damage":15,"enemies":"2 Louse","floor":1,"turns":2},{"damage":9,"enemies":"Jaw Worm","floor":3,"turns":3},{"damage":0,"enemies":"Cultist","floor":5,"turns":3},{"damage":0,"enemies":"3 Louse","floor":6,"turns":1},{"damage":3,"enemies":"Replay:BlueRogue","floor":7,"turns":4},{"damage":0,"enemies":"Gremlin Gang","floor":8,"turns":5},{"damage":1,"enemies":"3 Sentries","floor":10,"turns":2},{"damage":0,"enemies":"Exordium Wildlife","floor":11,"turns":1},{"damage":12,"enemies":"Lagavulin","floor":13,"turns":3},{"damage":6,"enemies":"Hiden Room Battle","floor":14,"turns":2},{"damage":17,"enemies":"Fading Forest","floor":16,"turns":11},{"damage":25,"enemies":"Chosen","floor":18,"turns":2},{"damage":21,"enemies":"Book of Stabbing","floor":24,"turns":2},{"damage":4,"enemies":"2 Thieves","floor":25,"turns":2},{"damage":0,"enemies":"Centurion and Healer","floor":27,"turns":1},{"damage":0,"enemies":"Snake Plant","floor":29,"turns":5},{"damage":0,"enemies":"Replay:Snechameleon","floor":30,"turns":2},{"damage":0,"enemies":"Sentry and Sphere","floor":31,"turns":2},{"damage":0,"enemies":"Collector","floor":33,"turns":4},{"damage":0,"enemies":"Orb Walker","floor":35,"turns":3},{"damage":0,"enemies":"3 Shapes","floor":39,"turns":2},{"damage":0,"enemies":"Giant Head","floor":40,"turns":2},{"damage":0,"enemies":"R_Hoarder","floor":42,"turns":1},{"damage":0,"enemies":"Writhing Mass","floor":46,"turns":2},{"damage":1,"enemies":"Giant Head","floor":48,"turns":2},{"damage":0,"enemies":"Replay:Hell Engine","floor":50,"turns":3}],"seed_played":"-6557693823024561615","potions_obtained":[{"floor":1,"key":"DistilledChaos"},{"floor":3,"key":"Regen Potion"},{"floor":8,"key":"SkillPotion"},{"floor":33,"key":"SneckoOil"},{"floor":46,"key":"LiquidMemories"}],"is_trial":false,"path_per_floor":["M","$","M","?","M","M","E","M","T","E","M","$","E","?","R","B",null,"M","?","?","$","?","R","E","M","T","M","$","M","E","M","R","B",null,"M","$","?","?","M","E","R","E","T","R","?","M","?","E","R","B",null],"character_chosen":"MARISA","items_purchased":["ReplayTheSpireMod:CursedCoin","HandDrill","ForgetMeNow","Pen Nib","Iron Hammer","FossilizedHelix","Bag of Marbles","CasketOfStar","Shovel","construct:BoolHorns","ChiLing","CaptainsWheel","ThornShield"],"campfire_rested":1,"item_purchase_floors":[2,12,21,21,28,28,28,34,36,36,36,36,36],"current_hp_per_floor":[60,60,51,51,51,51,51,51,51,50,50,50,38,32,52,43,67,42,42,42,42,42,42,35,48,48,50,50,69,68,68,68,68,59,59,59,59,44,46,51,51,53,53,53,53,57,57,58,58,59],"gold":704,"neow_bonus":"RANDOM_COMMON_RELIC","is_daily":false,"chose_seed":false,"campfire_upgraded":1,"win_rate":0.0,"timestamp":1612582054,"path_taken":["M","$","M","?","M","?","E","M","T","E","M","$","E","?","R","BOSS","M","?","?","$","?","R","E","M","T","M","$","?","E","M","R","BOSS","M","$","?","?","M","E","R","E","T","R","?","?","?","E","R","BOSS"],"items_purchased_type":["Relic","Relic","Relic","Relic","Relic","Relic","Relic","Card","Relic","Relic","Relic","Relic","Relic"],"build_version":"2020-12-22","purchased_purges":5,"victory":true,"max_hp_per_floor":[75,75,75,69,69,69,72,72,72,72,72,72,67,67,67,67,67,67,67,67,67,67,67,67,70,70,70,70,73,68,68,68,68,59,59,59,59,59,59,62,62,62,62,62,59,59,59,59,59,59],"card_choices":[{"not_picked":[],"picked":"Bomb","floor":0},{"not_picked":["SporeBomb","Singularity"],"picked":"Robbery","floor":1},{"not_picked":["Orbital","EnergyFlow","Robbery","AsteroidBelt"],"picked":"PropBag","floor":3},{"not_picked":["WitchLeyline","StarlightTyphoon","6A","DC"],"picked":"Bomb","floor":5},{"not_picked":["EarthLightRay","DarkSpark","AsteroidBelt","UnstableBomb"],"picked":"CollectingQuirk","floor":6},{"not_picked":["PowerUp","EarthLightRay","EnergyFlow","GrandCross"],"picked":"Bomb","floor":7},{"not_picked":["RefractionSpark","MysteriousBeam","Acceleration","AbsoluteMagnitude","AsteroidBelt"],"picked":"SKIP","floor":8},{"not_picked":["IllusionStar","WitchLeyline","OpenUniverse","MysteriousBeam","DoubleSpark"],"picked":"SKIP","floor":10},{"not_picked":["IllusionStar","DC","DarkSpark","GrandCross"],"picked":"PropBag","floor":11},{"not_picked":["PulseMagic","OpenUniverse","MilkyWay","WitchLeyline","Robbery"],"picked":"SKIP","floor":13},{"not_picked":["EscapeVelocity","StarDustReverie","MillisecondPulsars","CasketOfStar"],"picked":"CollectingQuirk","floor":16},{"not_picked":["GrandCross","Orbital+1","PulseMagic+1","Acceleration"],"picked":"UnstableBomb+1","floor":18},{"not_picked":["Occultation","IllusionStar","PowerUp+1","WitchOfGreed","PropBag"],"picked":"SKIP","floor":24},{"not_picked":["ManaConvection","GalacticHalo","Orbital+1","ChargeUpSpray+1"],"picked":"AsteroidBelt+1","floor":25},{"not_picked":["AbsoluteMagnitude","FairyDestructionRay","WitchLeyline","UnstableBomb","Occultation+1"],"picked":"SKIP","floor":27},{"not_picked":["GrandCross","Acceleration","GravityBeat","EnergyRecoil","IllusionStar"],"picked":"SKIP","floor":29},{"not_picked":["RefractionSpark","GrandCross","EventHorizon+1","DC+1"],"picked":"AsteroidBelt+1","floor":30},{"not_picked":["GalacticHalo+1","ChargeUpSpray","UnstableBomb+1","PowerUp"],"picked":"MachineGunSpark+1","floor":31},{"not_picked":["MaximisePower","CollectingQuirk","SatelliteIllusion","SuperNova"],"picked":"FinalSpark","floor":33},{"not_picked":["ShootingEcho+1","GrandCross+1","AlicesGift+1","DC+1"],"picked":"PropBag+1","floor":35},{"not_picked":["EventHorizon","EscapeVelocity","Acceleration+1","ManaConvection+1","DC+1"],"picked":"SKIP","floor":39},{"not_picked":["FairyDestructionRay+1","RefractionSpark+1","PulseMagic+1","Acceleration+1"],"picked":"MillisecondPulsars","floor":40},{"not_picked":["MagicChant","ManaConvection","ShootingEcho+1","UnstableBomb","GrandCross+1"],"picked":"SKIP","floor":42},{"not_picked":["StarBarrage","SporeBomb+1","FairyDestructionRay","DC","NonDirectionalLaser"],"picked":"SKIP","floor":46},{"not_picked":["MysteriousBeam","BlazeAway","WitchOfGreed","DoubleSpark","PowerUp+1"],"picked":"SKIP","floor":48}],"player_experience":305187,"relics_obtained":[{"floor":1,"key":"SynthV:TestCard"},{"floor":9,"key":"Replay:Bandana"},{"floor":10,"key":"MagicDraw1"},{"floor":13,"key":"REME_LimitBreaker"},{"floor":14,"key":"The Courier"},{"floor":14,"key":"Whetstone"},{"floor":17,"key":"Blood Vial"},{"floor":17,"key":"SumBook"},{"floor":17,"key":"MoneyPower"},{"floor":24,"key":"Divine Protection"},{"floor":26,"key":"AnarchistCookbook"},{"floor":30,"key":"Anchor"},{"floor":40,"key":"testmod-FatalChain"},{"floor":41,"key":"Blue Doll"},{"floor":42,"key":"Happy Flower"},{"floor":43,"key":"Replay:Wax Seal"},{"floor":44,"key":"testmod-ConstraintPeriapt"},{"floor":48,"key":"PreservedInsect"},{"floor":49,"key":"SatanicBible"}],"event_choices":[{"damage_healed":0,"gold_gain":0,"player_choice":"Lose Max HP","damage_taken":0,"relics_obtained":["Golden Idol"],"max_hp_gain":0,"max_hp_loss":6,"event_name":"Golden Idol","floor":4,"gold_loss":0},{"damage_healed":0,"gold_gain":0,"player_choice":"Fight","damage_taken":0,"max_hp_gain":0,"max_hp_loss":0,"event_name":"HidenRoomEvent","floor":14,"gold_loss":0},{"damage_healed":0,"gold_gain":100,"player_choice":"Pray","damage_taken":0,"max_hp_gain":0,"max_hp_loss":0,"event_name":"Golden Shrine","floor":19,"gold_loss":0},{"damage_healed":0,"gold_gain":400,"player_choice":"Sell","damage_taken":0,"max_hp_gain":0,"max_hp_loss":0,"event_name":"¶÷ÂåË¹µÄÅÌ×Ó","floor":20,"relics_lost":["testmod-TestBox"],"gold_loss":0},{"cards_removed":["BigCrunch"],"damage_healed":0,"gold_gain":0,"player_choice":"Elegance","damage_taken":0,"max_hp_gain":0,"max_hp_loss":0,"event_name":"Back to Basics","floor":22,"gold_loss":0},{"damage_healed":0,"gold_gain":0,"player_choice":"Memory 1","damage_taken":0,"max_hp_gain":0,"max_hp_loss":0,"event_name":"SensoryStone","floor":37,"gold_loss":0},{"damage_healed":0,"gold_gain":0,"player_choice":"Max HP","damage_taken":0,"max_hp_gain":0,"max_hp_loss":3,"event_name":"Winding Halls","floor":45,"gold_loss":0},{"cards_removed":["Robbery"],"damage_healed":0,"gold_gain":0,"player_choice":"Removed Attack","damage_taken":0,"max_hp_gain":0,"max_hp_loss":0,"event_name":"Falling","floor":47,"gold_loss":0}],"is_beta":false,"boss_relics":[{"not_picked":["Replay:Drink Me","testmod-StringDisintegrator"],"picked":"Calling Bell"},{"not_picked":[]},{"not_picked":["Snecko Eye","Painkiller Herb"],"picked":"testmod-TimeTraveler"},{"not_picked":[]}],"items_purged_floors":[2,12,21,28,34],"is_endless":false,"potions_floor_spawned":[1,3,8,14,16,18,25,33,40,46,48],"ascension_level":3}}