{"host":"sgot3i7m08vsvri4","time":1612591237,"event":{"mods":["AchievementEnabler","BaseMod","BetterRewards","Clockwork Mod","Colorless Booster Pack","Custom Start","DNKmod","Downfall","Duelist Mod","Friendly Minions","GifTheSpireLib","Gremlin Skip","Grow up Mod","Hubris","Infinite Spire","Mimic Mod","Minty Spire (QoL Compilation)","Relic Sorter","Remove Card Discount Mod","Replay The Spire","Shop Mod","StSLib","The Alterego","The Animator","The Construct","The Runesmith","The Saiyan","The Servant 0.9.4","The Vixen","Treasure Hunter"],"gold_per_floor":[10317,9233,9310,8173,8173,8173,6599,6626,6650,6679,6679,6679,6699,6723,6723,6821,6821,6840,6840,6848,6868,6783,6783,6815,6839,6839,6839,3958,1025,1025,1025,1025,1129,1129,1147,1080,64,102,102,138,181,181,340,360,391,431,440,440,440,455],"floor_reached":51,"language":"ENG","playtime":4085,"items_purged":["StarChef+1","ReturningBlade+1","Collapse+1","Contraction+1"],"score":1437,"play_id":"1e6b9ea1-6481-40f4-bf5b-8fcf1e621d95","local_time":"20210206000037","daily_mods":["Flight"],"is_ascension_mode":true,"campfire_choices":[{"data":"Strike_S","floor":6.0,"key":"SMITH"},{"data":"Defend_S","floor":6.0,"key":"SMITH"},{"floor":11.0,"key":"REST"},{"data":"1","floor":15.0,"key":"LIFT"},{"data":"Inflame","floor":23.0,"key":"SMITH"},{"data":"2","floor":27,"key":"LIFT"},{"data":"3","floor":32,"key":"LIFT"},{"data":"SilverBlades","floor":49,"key":"SMITH"},{"data":"Strike_S","floor":49,"key":"SMITH"}],"circlet_count":1,"master_deck":["Strike_S","Strike_S","Strike_S+3","Strike_S","Defend_S","Defend_S","Defend_S","Defend_S","KidneyShot+1","Exchange+1","Starlight+1","SurpressingFire+1","SurpressingFire+1","SilverBlades+1","RealityMarble+1","Spin+1","Rearm+1","MurderousAura+1","Ricochet+1","Pot Of Greed+1","Pot Of Greed+1","Rearm+1","Rearm+1","FanOfKnives+1","SurpressingFire+1","SurpressingFire+1","Pot Of Greed+1","RealityMarble+1","Luminosity+1","Luminosity+1","TH:EnergyPotion+1","BottledTime+1","TH:EnergyPotion+1","GearUp+1","Inflame+1","Pot Of Greed+1","FlawlessForm+1","GearUp+1","Flex+1","BottledTime+1","SilverBlades+1","DoubleEdge+1","DoubleEdge+1","Desolation+1","GearUp+1","KillingDoll+1","FloweringNight+1","ShatteredReality+1","Pot Of Greed+1","Starlight+1","MurderousAura+1","Starlight+1","SilverBlades+1"],"relics":["Uniform","theDuelist:MerchantNecklace","ReplayTheSpireMod:Ninjato","StoneMask","SplendidAttire","replay:Trail_Library","Unceasing Top","Shuriken","Kunai","hubris:TenFootPole","TH:Anvil","Replay:Arrowhead","Runesmith:AutoHammer","Bag of Preparation","Black Star","construct:BoolHorns","infinitespire:CheckeredPen","infinitespire:EmpoweringShard","Golden Egg","Iron Hammer","Matryoshka","alterego_mod:MasochisticConstitution","Mango","hubris:MedicalManual","Medical Kit","Membership Card","Old Coin","Omamori","Potion Belt","Regal Pillow","ReplayTheSpireMod:Shallot","Singing Bowl","Snake Skull","The Courier","The Specimen","Toy Ornithopter","Toxic Egg 2","WristBlade","Replay:Wax Seal","War Paint","Whetstone","TwistedFunnel","Turnip","hubris:SlimyHat","infinitespire:ShieldingShard","Shovel","PocketWatch","Molten Egg 2","Guide Book","Ginger","infinitespire:Golems Mask","Gremlin Food","Gremlin Horn","Pear","Tiny Chest","Prayer Wheel","Oddly Smooth Stone","hubris:MobiusCoin","Akabeko","infinitespire:Midas Blood","infinitespire:PuzzleCube","HornCleat","Letter Opener","MerchantsRug","Blue Doll","infinitespire:FocusingShard","Anchor","TH:Strongbox","champ:Barbells","Girya","hubris:CuriousFeather","Snack Pack","hubris:OldNail","champ:DuelingGlove","Torii","Strawberry","Grinning Jar","Ornamental Fan","DollysMirror","Pantograph","Blood Vial","Pondfish Scales","Question Card","Replay:Bottled Flurry","hubris:CrystalStatue","hubris:Metronome","hubris:PeanutButter","Pen Nib","Bag of Marbles","Durian","hubris:MysteriousPyramids","Lantern","Replay:Baseball","sneckomod:BlankCard","bronze:BronzeIdol","hubris:DeckOfHolding","hubris:ToyBattleship","Nunchaku","m_ScarletBlood","ReplayTheSpireMod:TigerMarble","sneckomod:BabySnecko","Necronomicon","hexamod:BolsterEngine","Replay:Kaleidoscope","Boot","Garlic","Red Skull","Toolbox","CaptainsWheel","Slimebound:PreparedRelic","Orichalcum","Chameleon Ring","Replay:WaspNest","Replay:Bandana","Guardian:GemstoneGun","Simple Rune","hubris:Teleporter","infinitespire:CursedDice","hubris:FunFungus","Bottled Flame","Bronze Scales","Ice Cream","Replay:PocketPolymizer","Replay:Accelerometer","hubris:64BitClover","Vajra","Pocketwatch","Calipers","MealTicket","Ancient Tea Set","Juzu Bracelet","Lizard Tail","hubris:BottledRain","Guardian:PocketSentry","Centennial Puzzle","Replay:Rubber Ducky","StrikeDummy","Happy Flower","FossilizedHelix","TheAbacus","infinitespire:Beetle Shell","CeramicFish","infinitespire:Satchel","infinitespire:Eraser","infinitespire:Lucky Rock","Dream Catcher","infinitespire:Magic Flask","hubris:SphereOfDissonance","Mirror","Mercury Hourglass","Replay:Bottled Steam","Bottled Tornado","Bird Faced Urn","Meat on the Bone","infinitespire:WardingShard","Replay:Bottled Eggs","construct:FoamFinger","infinitespire:Bottled Soul","Eternal Feather","hexamod:CandleOfCauterizing","InkBottle","Darkstone Periapt","Slimebound:StickyStick","Sundial","Onion Ring","Blue Candle","Frozen Egg 2","infinitespire:BottledMercury","infinitespire:Broken Mirror","Replay:Ringing Soul","hubris:VirtuousBlindfold","Runesmith:Nanobots","Mummified Hand","Counterbalance","Incense Burner","StoneCalendar","hubris:GlazedTorus","Runesmith:Locket","hexamod:Sixitude","champ:DeflectingBracers","Bottled Lightning","construct:RocketBooster","hubris:Potato","infinitespire:Joker Card","hubris:BundleOfHerbs","TungstenRod","Thread and Needle","Replay:Multitool","Circlet"],"acts_visited":["Exordium","TheCity","TheBeyond"],"potions_floor_usage":[],"damage_taken":[{"damage":0.0,"enemies":"Jaw Worm","floor":1.0,"turns":1.0},{"damage":0.0,"enemies":"Lagavulin","floor":8.0,"turns":1.0},{"damage":0.0,"enemies":"3 Sentries","floor":10.0,"turns":1.0},{"damage":0.0,"enemies":"Small Slimes","floor":13.0,"turns":1.0},{"damage":0.0,"enemies":"Slime Boss","floor":16.0,"turns":1.0},{"damage":0.0,"enemies":"3 Byrds","floor":18.0,"turns":1.0},{"damage":0.0,"enemies":"Shell Parasite","floor":21.0,"turns":1.0},{"damage":0,"enemies":"Book of Stabbing","floor":24,"turns":1},{"damage":0,"enemies":"Champ","floor":33,"turns":1},{"damage":0,"enemies":"Orb Walker","floor":35,"turns":1},{"damage":0,"enemies":"3 Shapes","floor":38,"turns":1},{"damage":0,"enemies":"R_Hoarder","floor":40,"turns":2},{"damage":0,"enemies":"Giant Head","floor":41,"turns":1},{"damage":0,"enemies":"3 Darklings","floor":44,"turns":1},{"damage":0,"enemies":"Nightmare","floor":45,"turns":1},{"damage":0,"enemies":"Reptomancer","floor":46,"turns":1},{"damage":0,"enemies":"Awakened One","floor":50,"turns":2}],"seed_played":"-7212624828694459453","potions_obtained":[{"floor":1.0,"key":"Milkshake"},{"floor":16.0,"key":"Swift Potion"},{"floor":18.0,"key":"Strength Potion"},{"floor":24,"key":"ColorlessPotion"},{"floor":35,"key":"hexamod:SoulburnPotion"},{"floor":38,"key":"champ:CounterPotion"},{"floor":40,"key":"Energy Potion"},{"floor":45,"key":"Elixir"}],"is_trial":true,"path_per_floor":["M","$","?","$","?","R","$","E","T","E","R","?","M","T","R","B",null,"M","?","?","M","?","R","E","T","T","R","$","$","?","?","R","B",null,"M","$","$","M","?","E","E","T","T","M","NM","E","NS","?","R","B",null],"character_chosen":"THE_SERVANT","items_purchased":["Pear","Tiny Chest","Prayer Wheel","Oddly Smooth Stone","hubris:MobiusCoin","Akabeko","infinitespire:Midas Blood","infinitespire:PuzzleCube","HornCleat","Letter Opener","SurpressingFire","SurpressingFire","SilverBlades","StarChef","RealityMarble","Spin+1","MerchantsRug","Blue Doll","infinitespire:FocusingShard","Anchor","TH:Strongbox","champ:Barbells","Girya","hubris:CuriousFeather","Snack Pack","Rearm+1","MurderousAura","Ricochet+1","hubris:OldNail","champ:DuelingGlove","Torii","Strawberry","Grinning Jar","Rearm+1","FanOfKnives+1","SurpressingFire","SurpressingFire","RealityMarble","Luminosity","Ornamental Fan","DollysMirror","Pantograph","Blood Vial","Pondfish Scales","Question Card","Replay:Bottled Flurry","hubris:CrystalStatue","hubris:Metronome","hubris:PeanutButter","Pen Nib","Bag of Marbles","Durian","hubris:MysteriousPyramids","Lantern","ReturningBlade+1","Collapse+1","Contraction+1","Red Skull","Toolbox","CaptainsWheel","Slimebound:PreparedRelic","Orichalcum","Chameleon Ring","Replay:WaspNest","Replay:Bandana","Guardian:GemstoneGun","Simple Rune","hubris:Teleporter","infinitespire:CursedDice","hubris:FunFungus","Bottled Flame","Bronze Scales","Ice Cream","Replay:PocketPolymizer","Replay:Accelerometer","hubris:64BitClover","Vajra","Pocketwatch","Calipers","MealTicket","Ancient Tea Set","Juzu Bracelet","Lizard Tail","hubris:BottledRain","Guardian:PocketSentry","Centennial Puzzle","Replay:Rubber Ducky","StrikeDummy","Happy Flower","FossilizedHelix","DoubleEdge+1","Desolation+1","GearUp+1","KillingDoll+1","TheAbacus","infinitespire:Beetle Shell","CeramicFish","infinitespire:Satchel","infinitespire:Eraser","infinitespire:Lucky Rock","Dream Catcher","infinitespire:Magic Flask","hubris:SphereOfDissonance","Mirror","Mercury Hourglass","Replay:Bottled Steam","Bottled Tornado","Bird Faced Urn","Meat on the Bone","infinitespire:WardingShard","Replay:Bottled Eggs","construct:FoamFinger","infinitespire:Bottled Soul","Eternal Feather","hexamod:CandleOfCauterizing","InkBottle","Darkstone Periapt","Slimebound:StickyStick","Sundial","Onion Ring","Blue Candle","Frozen Egg 2","infinitespire:BottledMercury","infinitespire:Broken Mirror","Replay:Ringing Soul","Runesmith:Nanobots","Mummified Hand","Counterbalance","Incense Burner","StoneCalendar","hubris:GlazedTorus","Runesmith:Locket","hexamod:Sixitude","champ:DeflectingBracers","Bottled Lightning"],"campfire_rested":1,"item_purchase_floors":[2,2,2,2,2,2,2,2,2,2,2,2,2,2,2,2,2,4,4,4,4,4,4,4,4,4,4,4,4,4,4,4,4,7,7,7,7,7,7,7,7,7,7,7,7,7,7,7,7,7,7,7,7,7,7,7,7,28,28,28,28,28,28,28,28,28,28,28,28,28,28,28,28,28,28,28,28,28,28,28,28,28,28,28,28,28,28,28,28,28,28,28,28,29,29,29,29,29,29,29,29,29,29,29,29,29,29,29,29,29,29,29,29,29,29,29,29,29,29,29,29,29,29,29,29,36,37,37,37,37,37,37,37,37,37],"current_hp_per_floor":[135,155,160,177,187,197,212,227,237,255,265,275,289,301,311,326,336,353,363,366,383,393,403,419,431,443,453,463,473,483,493,503,519,529,544,554,564,580,590,605,621,633,648,663,678,693,706,681,691,705],"gold":455,"neow_bonus":"","is_daily":false,"chose_seed":false,"campfire_upgraded":5,"win_rate":0.0,"timestamp":1612591237,"path_taken":["M","$","?","$","?","R","$","E","T","E","R","?","M","?","R","BOSS","M","?","?","M","?","R","E","?","T","R","$","$","?","?","R","BOSS","M","$","$","M","?","E","E","?","T","M","NM","E","NS","?","R","BOSS"],"items_purchased_type":["Relic","Relic","Relic","Relic","Relic","Relic","Relic","Relic","Relic","Relic","Card","Card","Card","Card","Card","Card","Relic","Relic","Relic","Relic","Relic","Relic","Relic","Relic","Relic","Card","Card","Card","Relic","Relic","Relic","Relic","Relic","Card","Card","Card","Card","Card","Card","Relic","Relic","Relic","Relic","Relic","Relic","Relic","Relic","Relic","Relic","Relic","Relic","Relic","Relic","Relic","Card","Card","Card","Relic","Relic","Relic","Relic","Relic","Relic","Relic","Relic","Relic","Relic","Relic","Relic","Relic","Relic","Relic","Relic","Relic","Relic","Relic","Relic","Relic","Relic","Relic","Relic","Relic","Relic","Relic","Relic","Relic","Relic","Relic","Relic","Relic","Card","Card","Card","Card","Relic","Relic","Relic","Relic","Relic","Relic","Relic","Relic","Relic","Relic","Relic","Relic","Relic","Relic","Relic","Relic","Relic","Relic","Relic","Relic","Relic","Relic","Relic","Relic","Relic","Relic","Relic","Relic","Relic","Relic","Relic","Relic","Relic","Relic","Relic","Relic","Relic","Relic","Relic","Relic","Relic"],"build_version":"2020-12-22","purchased_purges":4,"victory":true,"max_hp_per_floor":[135,155,165,182,192,202,217,228,238,255,265,275,289,301,311,326,336,353,363,373,386,396,406,419,431,443,453,463,473,483,493,503,519,529,544,554,564,580,590,605,621,633,648,663,678,693,706,681,691,705],"card_choices":[{"not_picked":["ShatteredReality+1","Alleviate+1"],"picked":"Starlight+1","floor":1.0},{"not_picked":["TH:DeckOfManyThings","TH:CursedSword"],"picked":"TH:EnergyPotion","floor":8.0},{"not_picked":["TimeWarp+1","Snipe+1","Hightail+1"],"picked":"BottledTime+1","floor":8.0},{"not_picked":["TH:PixieDust","TH:Mimic"],"picked":"TH:EnergyPotion","floor":9.0},{"not_picked":["TH:CopperCoins","TH:ArmorSpikes","TH:DeckOfManyThings"],"picked":"Singing Bowl","floor":10.0},{"not_picked":["ReturningBlade+1","Snipe+1","Spin+1","Gouge+1"],"picked":"Singing Bowl","floor":10.0},{"not_picked":["Rearm+1","Sabotage+1","RealityMarble"],"picked":"Potential+1","floor":13.0},{"not_picked":["Read+1","FlawlessForm","Defy+1","Inflame"],"picked":"Singing Bowl","floor":13.0},{"not_picked":["TH:EnergyPotion","TH:ElvenBoots","TH:CopperCoins"],"picked":"Singing Bowl","floor":14.0},{"not_picked":["TH:ArmorSpikes","TH:CopperCoins","TH:DeckOfManyThings"],"picked":"Singing Bowl","floor":16.0},{"not_picked":["Duplication+1","TheWorld+1","Initiator+1","ForgedInTime+1"],"picked":"Singing Bowl","floor":16.0},{"not_picked":["Revamp+1","Unruled+1","Moonlight+1","BestPractice"],"picked":"Singing Bowl","floor":18.0},{"not_picked":["Rewind+1","Rearm+1","Revamp+1","BottledTime+1"],"picked":"Singing Bowl","floor":18.0},{"not_picked":["Hightail+1","Unruled+1","SpecialFormula+1","Shuttle+1"],"picked":"Singing Bowl","floor":21.0},{"not_picked":["BottledTime+1","Potential+1","Ricochet+1"],"picked":"GearUp+1","floor":21.0},{"not_picked":["TH:PixieDust","TH:ArmorSpikes","TH:DeckOfManyThings"],"picked":"Singing Bowl","floor":24},{"not_picked":["TimeWarp+1","Spin+1","SpecialFormula+1"],"picked":"Flex+1","floor":24},{"not_picked":["TH:CopperCoins","TH:PixieDust","TH:EnergyPotion"],"picked":"Singing Bowl","floor":25},{"not_picked":["TH:TreasureMap","TH:CopperCoins","TH:CursedSword"],"picked":"Singing Bowl","floor":26},{"not_picked":["TH:EnergyPotion","TH:BikiniMail","TH:CursedSword"],"picked":"Singing Bowl","floor":33},{"not_picked":["KillingDoll+1","TheWorld+1","SoulSculpture+1"],"picked":"FloweringNight+1","floor":33},{"not_picked":["Barrier+1","Snipe+1","GearUp+1","Rewind+1"],"picked":"Singing Bowl","floor":35},{"not_picked":["InstantArmor+1","Potential+1","BestPractice+1","Shuttle+1"],"picked":"Singing Bowl","floor":35},{"not_picked":["Ricochet+1","Collapse+1","Rearm+1"],"picked":"ShatteredReality+1","floor":38},{"not_picked":["Replace+1","Defy+1","Revamp+1"],"picked":"Starlight+1","floor":38},{"not_picked":["TH:BikiniMail","TH:CursedSword","TH:Mimic"],"picked":"Singing Bowl","floor":40},{"not_picked":["Rewind+1","Advance+1","LightFlow+1","Potential+1"],"picked":"Singing Bowl","floor":40},{"not_picked":["TH:DeckOfManyThings","TH:EnergyPotion","TH:ArmorSpikes"],"picked":"Singing Bowl","floor":41},{"not_picked":["SilverBlades+1","Ricochet+1","BottledTime+1"],"picked":"MurderousAura+1","floor":41},{"not_picked":["TH:TreasureMap","TH:EnergyPotion","TH:ElvenBoots"],"picked":"Singing Bowl","floor":42},{"not_picked":["TH:EnergyPotion","TH:ElvenBoots","TH:BikiniMail"],"picked":"Singing Bowl","floor":43},{"not_picked":["Defy+1","ShatteredReality+1","FastForward+1","ReturningBlade+1"],"picked":"Singing Bowl","floor":44},{"not_picked":["Unruled+1","InstantArmor+1","TimeWarp+1","Initiator+1"],"picked":"Singing Bowl","floor":44},{"not_picked":["TH:DeckOfManyThings","TH:PixieDust","TH:ArmorSpikes"],"picked":"Singing Bowl","floor":45},{"not_picked":["Revamp+1","Gouge+1","FastForward+1","InstantArmor+1"],"picked":"Singing Bowl","floor":45},{"not_picked":["TH:Mimic","TH:CopperCoins","TH:PixieDust"],"picked":"Singing Bowl","floor":46},{"not_picked":["Reset+1","GearUp+1","DualDimension+1","Moonlight+1"],"picked":"Singing Bowl","floor":46}],"player_experience":193460,"relics_obtained":[{"floor":8.0,"key":"Replay:Baseball"},{"floor":8.0,"key":"sneckomod:BlankCard"},{"floor":9.0,"key":"bronze:BronzeIdol"},{"floor":9.0,"key":"hubris:DeckOfHolding"},{"floor":10.0,"key":"hubris:ToyBattleship"},{"floor":10.0,"key":"Nunchaku"},{"floor":14.0,"key":"ReplayTheSpireMod:TigerMarble"},{"floor":20.0,"key":"Necronomicon"},{"floor":24,"key":"Replay:Kaleidoscope"},{"floor":25,"key":"Boot"},{"floor":26,"key":"Garlic"},{"floor":40,"key":"construct:RocketBooster"},{"floor":40,"key":"hubris:Potato"},{"floor":41,"key":"infinitespire:Joker Card"},{"floor":41,"key":"hubris:BundleOfHerbs"},{"floor":42,"key":"TungstenRod"},{"floor":43,"key":"Thread and Needle"},{"floor":45,"key":"Replay:Multitool"},{"floor":46,"key":"Circlet"}],"event_choices":[{"damage_healed":0.0,"max_hp_gain":0.0,"max_hp_loss":0.0,"gold_gain":75.0,"event_name":"World of Goop","player_choice":"Gather Gold","floor":3.0,"gold_loss":0.0,"damage_taken":11.0},{"damage_healed":0.0,"max_hp_gain":0.0,"max_hp_loss":0.0,"gold_gain":0.0,"event_name":"Cursed Tome","player_choice":"Obtained Book","floor":20.0,"gold_loss":0.0,"damage_taken":16.0},{"damage_healed":0.0,"max_hp_gain":0.0,"max_hp_loss":0.0,"gold_gain":0.0,"event_name":"Addict","player_choice":"Obtained Relic","floor":22.0,"gold_loss":85.0,"damage_taken":0.0,"relics_obtained":["hexamod:BolsterEngine"]},{"damage_healed":156,"gold_gain":0,"player_choice":"Heal","damage_taken":0,"max_hp_gain":0,"max_hp_loss":0,"event_name":"The Library","floor":30,"gold_loss":0},{"cards_removed":["Potential"],"damage_healed":0,"gold_gain":0,"player_choice":"Removed Attack","damage_taken":0,"max_hp_gain":0,"max_hp_loss":0,"event_name":"Falling","floor":39,"gold_loss":0},{"damage_healed":0,"gold_gain":0,"player_choice":"Max HP","damage_taken":0,"max_hp_gain":0,"max_hp_loss":35,"event_name":"Winding Halls","floor":48,"gold_loss":0}],"is_beta":false,"boss_relics":[{"not_picked":["ReplayTheSpireMod:SealedPack","infinitespire:Cupcake","Empty Cage"]},{"not_picked":["Replay:Ancient Bell","Replay:Drink Me"],"picked":"hubris:VirtuousBlindfold"}],"items_purged_floors":[2,7,7,7],"is_endless":false,"potions_floor_spawned":[1,16,18,24,35,38,40,45,46],"ascension_level":1}}