{"host":"sc0o2qwpf9j16a4i","time":1612634630,"event":{"mods":["AchievementEnabler","BaseMod","BetterRewards","Block Reminder","Colored Map","Colored Powertips","Custom Start","Highlight Path","Minty Spire (QoL Compilation)","Relic Stats"],"gold_per_floor":[111,286,286,310,337,370,401,401,424,438,438,438,438,482,482,615,615,634,659,683,701,701,736,764,863,887,936,948,1060,1103,1115,1127,1246,1258,1282,1344,1372,1447,1471,656,656,674,674,708,727,761,761,1095,1095,1095],"floor_reached":51,"language":"ENG","playtime":1867,"items_purged":["Doubt"],"score":1054,"play_id":"00e073c9-74df-4bb9-b2a6-d726aaa1a55f","local_time":"20210206200350","daily_mods":["Specialized","Vintage","Lethality"],"is_ascension_mode":false,"campfire_choices":[{"data":"Bash","floor":8,"key":"SMITH"},{"data":"Whirlwind","floor":11,"key":"SMITH"},{"floor":15,"key":"REST"},{"floor":28,"key":"REST"},{"data":"1","floor":32,"key":"LIFT"},{"data":"2","floor":41,"key":"LIFT"},{"data":"3","floor":49,"key":"LIFT"}],"circlet_count":0,"master_deck":["Strike_R","Strike_R","Strike_R","Strike_R+1","Strike_R","Defend_R","Defend_R","Defend_R","Defend_R","Bash+1","Headbutt","Headbutt","Headbutt","Headbutt","Whirlwind+1","Bludgeon+1","Thunderclap","Offering","Iron Wave","Impervious","Warcry+1","Secret Weapon","Flex","Offering","Seeing Red+1"],"relics":["Burning Blood","WingedGreaves","Bloody Idol","Blood Vial","Regal Pillow","MealTicket","Akabeko","CeramicFish","StoneCalendar","Girya","Ornamental Fan","Sozu","Mummified Hand","Vajra","Champion Belt","Orichalcum","Pantograph","Bag of Marbles","MawBank","Toy Ornithopter","Bird Faced Urn","Eternal Feather","Pen Nib","MutagenicStrength","Velvet Choker","Frozen Egg 2","Charon\u0027s Ashes","Boot","Thread and Needle","Matryoshka","Brimstone","Turnip","Ancient Tea Set","Pear","Smiling Mask","Ice Cream","Unceasing Top","Darkstone Periapt","White Beast Statue","Old Coin"],"acts_visited":["Exordium","TheCity","TheBeyond"],"potions_floor_usage":[6,16,16,16],"damage_taken":[{"damage":10,"enemies":"2 Louse","floor":1,"turns":2},{"damage":0,"enemies":"Cultist","floor":4,"turns":2},{"damage":21,"enemies":"Lagavulin","floor":6,"turns":5},{"damage":17,"enemies":"Gremlin Nob","floor":7,"turns":3},{"damage":0,"enemies":"Small Slimes","floor":10,"turns":1},{"damage":42,"enemies":"Lagavulin","floor":14,"turns":4},{"damage":0,"enemies":"Slime Boss","floor":16,"turns":5},{"damage":0,"enemies":"2 Thieves","floor":18,"turns":1},{"damage":0,"enemies":"3 Byrds","floor":19,"turns":1},{"damage":6,"enemies":"Shelled Parasite and Fungi","floor":20,"turns":1},{"damage":6,"enemies":"3 Cultists","floor":21,"turns":2},{"damage":53,"enemies":"Slavers","floor":23,"turns":5},{"damage":18,"enemies":"Book of Stabbing","floor":24,"turns":2},{"damage":29,"enemies":"Gremlin Leader","floor":27,"turns":4},{"damage":0,"enemies":"Colosseum Slavers","floor":29,"turns":1},{"damage":6,"enemies":"Colosseum Nobs","floor":29,"turns":2},{"damage":0,"enemies":"Slavers","floor":30,"turns":1},{"damage":21,"enemies":"Collector","floor":33,"turns":4},{"damage":6,"enemies":"3 Darklings","floor":35,"turns":3},{"damage":0,"enemies":"Mind Bloom Boss Battle","floor":36,"turns":1},{"damage":24,"enemies":"3 Shapes","floor":37,"turns":3},{"damage":0,"enemies":"2 Orb Walkers","floor":38,"turns":1},{"damage":6,"enemies":"Spire Growth","floor":39,"turns":1},{"damage":0,"enemies":"Jaw Worm Horde","floor":42,"turns":2},{"damage":25,"enemies":"Nemesis","floor":44,"turns":3},{"damage":19,"enemies":"4 Shapes","floor":45,"turns":4},{"damage":14,"enemies":"Giant Head","floor":46,"turns":4},{"damage":6,"enemies":"Reptomancer","floor":48,"turns":1},{"damage":26,"enemies":"Time Eater","floor":50,"turns":3}],"seed_played":"1638161400245481790","potions_obtained":[{"floor":1,"key":"FearPotion"},{"floor":6,"key":"ElixirPotion"},{"floor":14,"key":"EntropicBrew"}],"is_trial":true,"path_per_floor":["M","?","?","M","T","E","E","R","T","M","R","?","?","E","R","B",null,"M","M","M","M","?","E","E","?","T","E","R","?","E","?","R","B",null,"M","?","M","?","M","$","R","M","T","E","M","E","?","E","R","B",null],"character_chosen":"IRONCLAD","items_purchased":["Brimstone","Turnip","Ancient Tea Set","Secret Weapon"],"campfire_rested":2,"item_purchase_floors":[40,40,40,40],"current_hp_per_floor":[76,76,74,74,74,59,50,50,50,58,58,43,43,9,46,54,74,74,74,74,74,74,32,27,32,37,31,73,74,74,74,74,69,74,74,74,61,74,74,74,74,84,84,75,69,73,73,84,84,64],"gold":1095,"neow_bonus":"","is_daily":false,"chose_seed":false,"campfire_upgraded":2,"win_rate":0.0,"timestamp":1612634630,"path_taken":["M","?","?","M","?","E","E","R","T","?","R","?","?","E","R","BOSS","M","M","?","M","?","E","E","?","T","E","R","?","E","?","R","BOSS","M","?","M","?","M","?","R","M","T","E","M","E","?","E","R","BOSS"],"items_purchased_type":["Relic","Relic","Relic","Card"],"build_version":"2020-12-22","purchased_purges":1,"victory":true,"max_hp_per_floor":[80,80,74,74,74,74,74,74,74,74,74,74,74,74,74,74,74,74,74,74,74,74,74,74,74,74,74,74,74,74,74,74,74,74,74,74,74,74,74,74,74,84,84,84,84,84,84,84,84,84],"relic_stats":{"Darkstone Periapt":0,"Regal Pillow":30,"CeramicFish":81,"StoneCalendar":[0],"Boot":[0],"Smiling Mask":0,"Burning Blood":132,"Blood Vial":20,"Sozu":9,"Mummified Hand":[0],"Pantograph":0,"MealTicket":0,"counters":[29,72],"Eternal Feather":0,"Pen Nib":[3],"Charon\u0027s Ashes":[84],"Orichalcum":[54],"MawBank":168,"Ornamental Fan":[56],"Bloody Idol":100,"Bird Faced Urn":[0],"Turnip":[0],"Champion Belt":[50],"obtain_stats":[{"Ice Cream":43,"Darkstone Periapt":45,"Regal Pillow":5,"CeramicFish":9,"Vajra":19,"StoneCalendar":10,"Boot":37,"Ancient Tea Set":40,"Smiling Mask":43,"Burning Blood":0,"Old Coin":48,"Blood Vial":4,"Sozu":17,"Matryoshka":39,"Mummified Hand":18,"Pantograph":23,"MealTicket":6,"WingedGreaves":1,"Girya":13,"Pear":42,"Golden Idol":3,"Velvet Choker":34,"Eternal Feather":29,"Thread and Needle":38,"Pen Nib":30,"Charon\u0027s Ashes":36,"Orichalcum":21,"Frozen Egg 2":35,"MawBank":26,"Akabeko":7,"White Beast Statue":46,"Ornamental Fan":14,"Brimstone":40,"Bloody Idol":22,"Bird Faced Urn":29,"MutagenicStrength":31,"Turnip":40,"Bag of Marbles":24,"Champion Belt":20,"Toy Ornithopter":27,"Unceasing Top":44},{"Ice Cream":24,"Darkstone Periapt":26,"Regal Pillow":2,"CeramicFish":4,"Vajra":9,"StoneCalendar":5,"Boot":21,"Ancient Tea Set":23,"Smiling Mask":24,"Burning Blood":0,"Old Coin":28,"Blood Vial":2,"Sozu":7,"Matryoshka":23,"Mummified Hand":8,"Pantograph":12,"MealTicket":3,"WingedGreaves":1,"Girya":5,"Pear":24,"Golden Idol":1,"Velvet Choker":18,"Eternal Feather":16,"Thread and Needle":22,"Pen Nib":17,"Charon\u0027s Ashes":20,"Orichalcum":11,"Frozen Egg 2":19,"MawBank":13,"Akabeko":4,"White Beast Statue":27,"Ornamental Fan":6,"Brimstone":23,"Bloody Idol":11,"Bird Faced Urn":16,"MutagenicStrength":17,"Turnip":23,"Bag of Marbles":13,"Champion Belt":10,"Toy Ornithopter":14,"Unceasing Top":25},{"Ice Cream":57,"Darkstone Periapt":64,"Regal Pillow":4,"CeramicFish":12,"Vajra":24,"StoneCalendar":13,"Boot":53,"Ancient Tea Set":55,"Smiling Mask":57,"Burning Blood":0,"Old Coin":69,"Blood Vial":4,"Sozu":22,"Matryoshka":55,"Mummified Hand":23,"Pantograph":32,"MealTicket":9,"WingedGreaves":2,"Girya":13,"Pear":57,"Golden Idol":2,"Velvet Choker":46,"Eternal Feather":41,"Thread and Needle":54,"Pen Nib":42,"Charon\u0027s Ashes":50,"Orichalcum":27,"Frozen Egg 2":49,"MawBank":34,"Akabeko":12,"White Beast Statue":68,"Ornamental Fan":17,"Brimstone":55,"Bloody Idol":27,"Bird Faced Urn":41,"MutagenicStrength":42,"Turnip":55,"Bag of Marbles":34,"Champion Belt":25,"Toy Ornithopter":38,"Unceasing Top":60}],"Toy Ornithopter":0,"Unceasing Top":[0]},"card_choices":[{"not_picked":["Corruption","Infernal Blade"],"picked":"Whirlwind","floor":6},{"not_picked":["Twin Strike","Headbutt"],"picked":"Bludgeon","floor":7},{"not_picked":["Headbutt","Reckless Charge"],"picked":"Thunderclap","floor":14},{"not_picked":["Exhume","Barricade"],"picked":"Offering","floor":16},{"not_picked":["Perfected Strike","Thunderclap","Anger"],"picked":"SKIP","floor":23},{"not_picked":["Headbutt+1","Carnage","Perfected Strike+1"],"picked":"SKIP","floor":24},{"not_picked":["Warcry+1","Combust"],"picked":"Iron Wave","floor":27},{"not_picked":["Cleave+1","Dual Wield","Power Through"],"picked":"SKIP","floor":30},{"not_picked":["Demon Form","Brutality"],"picked":"Impervious","floor":33},{"not_picked":["Armaments","Iron Wave+1"],"picked":"Warcry+1","floor":38},{"not_picked":["Pommel Strike","Body Slam+1"],"picked":"Flex","floor":44},{"not_picked":["Dual Wield","Iron Wave"],"picked":"Offering","floor":46},{"not_picked":["Intimidate","Armaments"],"picked":"Seeing Red+1","floor":48}],"player_experience":1239334,"relics_obtained":[{"floor":1,"key":"WingedGreaves"},{"floor":4,"key":"Blood Vial"},{"floor":5,"key":"Regal Pillow"},{"floor":6,"key":"MealTicket"},{"floor":7,"key":"Akabeko"},{"floor":9,"key":"CeramicFish"},{"floor":10,"key":"StoneCalendar"},{"floor":14,"key":"Ornamental Fan"},{"floor":18,"key":"Mummified Hand"},{"floor":19,"key":"Vajra"},{"floor":20,"key":"Champion Belt"},{"floor":21,"key":"Orichalcum"},{"floor":23,"key":"Pantograph"},{"floor":24,"key":"Bag of Marbles"},{"floor":26,"key":"MawBank"},{"floor":27,"key":"Toy Ornithopter"},{"floor":29,"key":"Bird Faced Urn"},{"floor":29,"key":"Eternal Feather"},{"floor":30,"key":"Pen Nib"},{"floor":35,"key":"Frozen Egg 2"},{"floor":36,"key":"Charon\u0027s Ashes"},{"floor":37,"key":"Boot"},{"floor":38,"key":"Thread and Needle"},{"floor":39,"key":"Matryoshka"},{"floor":42,"key":"Pear"},{"floor":43,"key":"Smiling Mask"},{"floor":43,"key":"Ice Cream"},{"floor":44,"key":"Unceasing Top"},{"floor":45,"key":"Darkstone Periapt"},{"floor":46,"key":"White Beast Statue"},{"floor":48,"key":"Old Coin"}],"event_choices":[{"damage_healed":0,"gold_gain":175,"player_choice":"AGREE","damage_taken":0,"max_hp_gain":0,"max_hp_loss":0,"event_name":"Liars Game","floor":2,"gold_loss":0,"cards_obtained":["Doubt"]},{"damage_healed":0,"gold_gain":0,"player_choice":"Lose Max HP","damage_taken":0,"relics_obtained":["Golden Idol"],"max_hp_gain":0,"max_hp_loss":6,"event_name":"Golden Idol","floor":3,"gold_loss":0},{"damage_healed":0,"gold_gain":0,"player_choice":"Entered Light","damage_taken":15,"max_hp_gain":0,"max_hp_loss":0,"event_name":"Shining Light","floor":12,"gold_loss":0,"cards_upgraded":["Bludgeon","Strike_R"]},{"cards_removed":["Headbutt"],"damage_healed":0,"gold_gain":0,"player_choice":"Gave Card","damage_taken":0,"relics_obtained":["Girya"],"max_hp_gain":0,"max_hp_loss":0,"event_name":"WeMeetAgain","floor":13,"gold_loss":0},{"damage_healed":0,"gold_gain":0,"player_choice":"Gave Idol","damage_taken":0,"relics_obtained":["Bloody Idol"],"max_hp_gain":0,"max_hp_loss":0,"event_name":"Forgotten Altar","floor":22,"relics_lost":["Golden Idol"],"gold_loss":0},{"damage_healed":0,"gold_gain":99,"player_choice":"Stole From Cult","damage_taken":0,"max_hp_gain":0,"max_hp_loss":0,"event_name":"Nest","floor":25,"gold_loss":0},{"damage_healed":0,"gold_gain":0,"player_choice":"Fight","damage_taken":0,"max_hp_gain":0,"max_hp_loss":0,"event_name":"Colosseum","floor":29,"gold_loss":0},{"damage_healed":0,"gold_gain":0,"player_choice":"Fought Nobs","damage_taken":0,"max_hp_gain":0,"max_hp_loss":0,"event_name":"Colosseum","floor":29,"gold_loss":0},{"damage_healed":0,"gold_gain":0,"player_choice":"Inject Mutagens","damage_taken":0,"relics_obtained":["MutagenicStrength"],"max_hp_gain":0,"max_hp_loss":0,"event_name":"Drug Dealer","floor":31,"gold_loss":0},{"damage_healed":0,"gold_gain":0,"player_choice":"Fight","damage_taken":0,"max_hp_gain":0,"max_hp_loss":0,"event_name":"MindBloom","floor":36,"gold_loss":0},{"damage_healed":0,"gold_gain":0,"player_choice":"Fight","damage_taken":0,"max_hp_gain":0,"max_hp_loss":0,"event_name":"Mysterious Sphere","floor":38,"gold_loss":0},{"damage_healed":0,"gold_gain":0,"player_choice":"Ignored","damage_taken":0,"max_hp_gain":0,"max_hp_loss":0,"event_name":"SecretPortal","floor":47,"gold_loss":0}],"is_beta":false,"boss_relics":[{"not_picked":["SacredBark","Mark of Pain"],"picked":"Sozu"},{"not_picked":["Tiny House","Runic Dome"],"picked":"Velvet Choker"}],"items_purged_floors":[40],"is_endless":false,"potions_floor_spawned":[1,6,14,19,20,24,36,38,42,44,45,48],"ascension_level":0}}