{"host":"n9lc5i44t98l6pio","time":1612649517,"event":{"mods":["BaseMod","Curses Come First","Downfall","Minty Spire (QoL Compilation)","Replay The Spire","Say the Spire","StSLib"],"gold_per_floor":[110,110,55,70,84,120,120,120,188,213,255,274,40,83,92,206,206,234,65,94,122,146,187,196,224,224,263,305,405,441,470,479,588,588,617,636,660,281,281,281,320,68,68,68,93,112,8,44,44,44,44,44,64,108,108],"floor_reached":56,"language":"ENG","playtime":2824,"items_purged":[],"score":1873,"play_id":"d1f95711-5f44-48d1-afe0-2dd25529da20","local_time":"20210206231157","is_ascension_mode":true,"campfire_choices":[{"floor":7.0,"key":"RECALL"},{"floor":15.0,"key":"REST"},{"floor":24.0,"key":"REST"},{"floor":32.0,"key":"REST"},{"data":"Defragment","floor":40.0,"key":"SMITH"},{"data":"Defragment","floor":44.0,"key":"SMITH"},{"data":"Defragment","floor":49.0,"key":"SMITH"},{"data":"Creative AI","floor":52.0,"key":"SMITH"}],"circlet_count":0,"master_deck":["Strike_B","Strike_B","Strike_B","Strike_B","Defend_B","Defend_B","Defend_B","Defend_B","Zap","Dualcast","Force Field","Storm","Storm","Ball Lightning","Glacier","Hello World","BasicCrystalCard","Stack","Heatsinks","Magnetism","Static Discharge","Seek","Chaos","Electrodynamics","Leap+1","Storm","Coolheaded","Force Field","Rebound","Thunder Strike","Creative AI+1","Defragment+1","Static Discharge","Glacier","Defragment+1","Core Surge","Conserve Battery+1","Core Surge","Undo","Chaos+1","White Noise+1","Hello World","Crystallizer+1","Mayhem","Defragment+1","Chill","Defragment+1","ReplayTheSpireMod:IOU","Storm","Leap","Deep Breath","ReplayTheSpireMod:IOU","Hologram+1","ReplayTheSpireMod:IOU","ReplayTheSpireMod:IOU","ReplayTheSpireMod:IOU","ReplayTheSpireMod:IOU","ReplayTheSpireMod:IOU","Static Discharge","BasicCrystalCard+1"],"relics":["Cracked Core","NeowsBlessing","Ring of Shattering","Ring of Peace","CeramicFish","Matryoshka","Dream Catcher","Nunchaku","ReplayTheSpireMod:Lightbulb","Inserter","Replay:Wax Seal","Replay:Mystery Machine","MealTicket","Emotion Chip","Pet Ghost","Red Mask","Question Card","bronze:MakeshiftBattery","Torii","Bag of Marbles","Omamori","ReplayTheSpireMod:CursedCoin","StoneCalendar","BargainBundle","Regal Pillow","Boot","Replay:Frozen Program","Symbiotic Virus","Akabeko"],"acts_visited":["Exordium","TheCity","TheBeyond","TheEnding"],"potions_floor_usage":[55,55,55],"damage_taken":[{"damage":0.0,"enemies":"Small Slimes","floor":1.0,"turns":1.0},{"damage":0.0,"enemies":"Jaw Worm","floor":4.0,"turns":1.0},{"damage":0.0,"enemies":"Cultist","floor":5.0,"turns":1.0},{"damage":6.0,"enemies":"Replay:BlueRogue","floor":6.0,"turns":7.0},{"damage":0.0,"enemies":"Exordium Thugs","floor":10.0,"turns":5.0},{"damage":7.0,"enemies":"Lagavulin","floor":11.0,"turns":7.0},{"damage":0.0,"enemies":"Looter","floor":12.0,"turns":3.0},{"damage":14.0,"enemies":"Gremlin Nob","floor":14.0,"turns":4.0},{"damage":0.0,"enemies":"Slime Boss","floor":16.0,"turns":4.0},{"damage":0.0,"enemies":"3 Byrds","floor":18.0,"turns":4.0},{"damage":0.0,"enemies":"Spheric Guardian","floor":20.0,"turns":5.0},{"damage":10.0,"enemies":"Snake Plant","floor":21.0,"turns":4.0},{"damage":0.0,"enemies":"Centurion and Healer","floor":22.0,"turns":4.0},{"damage":19.0,"enemies":"Book of Stabbing","floor":23.0,"turns":5.0},{"damage":19.0,"enemies":"Shelled Parasite and Fungi","floor":25.0,"turns":5.0},{"damage":24.0,"enemies":"Gremlin Leader","floor":27.0,"turns":6.0},{"damage":3.0,"enemies":"Masked Bandits","floor":28.0,"turns":2.0},{"damage":7.0,"enemies":"Replay:Snechameleon","floor":30.0,"turns":6.0},{"damage":3.0,"enemies":"Chosen and Byrds","floor":31.0,"turns":3.0},{"damage":0.0,"enemies":"Collector","floor":33.0,"turns":7.0},{"damage":7.0,"enemies":"3 Darklings","floor":35.0,"turns":3.0},{"damage":0.0,"enemies":"Orb Walker","floor":36.0,"turns":4.0},{"damage":18.0,"enemies":"3 Darklings","floor":37.0,"turns":4.0},{"damage":0.0,"enemies":"Nemesis","floor":41.0,"turns":5.0},{"damage":2.0,"enemies":"Writhing Mass","floor":45.0,"turns":3.0},{"damage":0.0,"enemies":"Spire Growth","floor":46.0,"turns":4.0},{"damage":0.0,"enemies":"R_Hoarder","floor":48.0,"turns":7.0},{"damage":0.0,"enemies":"Awakened One","floor":50.0,"turns":7.0},{"damage":49.0,"enemies":"Shield and Spear","floor":54.0,"turns":6.0},{"damage":14,"enemies":"The Heart","floor":55,"turns":6}],"seed_played":"6062107158135177749","potions_obtained":[{"floor":1.0,"key":"ColorlessPotion"},{"floor":5.0,"key":"bronze:BurnAndBuffPotion"},{"floor":6.0,"key":"SneckoOil"},{"floor":10.0,"key":"sneckomod:MuddlingPotion"},{"floor":12.0,"key":"AttackPotion"},{"floor":22.0,"key":"SmokeBomb"},{"floor":27.0,"key":"SkillPotion"},{"floor":28.0,"key":"Strength Potion"},{"floor":31.0,"key":"Guardian:BlockOnCardUsePotion"},{"floor":36.0,"key":"SpeedPotion"},{"floor":37.0,"key":"ColorlessPotion"},{"floor":45.0,"key":"PowerPotion"}],"is_trial":false,"path_per_floor":["M","?","$","M","M","E","R","?","T","M","E","M","$","E","R","B",null,"M","$","M","M","M","E","R","M","T","E","?","?","E","M","R","B",null,"M","M","M","$","?","R","E","$","T","R","M","M","$","E","R","B",null,"R","$","E","B",null],"character_chosen":"DEFECT","items_purchased":["Storm","Magnetism","Static Discharge","Replay:Wax Seal","Storm","Coolheaded","Hello World","Torii","Omamori","ReplayTheSpireMod:CursedCoin","Mayhem","Defragment","BargainBundle","Storm","Leap","Deep Breath","ColorlessPotion","Regal Pillow","Replay:Frozen Program","Symbiotic Virus","PowerPotion","PowerPotion","Static Discharge"],"campfire_rested":3,"item_purchase_floors":[3,13,13,19,19,19,38,38,42,42,42,42,47,47,47,47,47,47,53,53,53,53,53],"current_hp_per_floor":[75,75,75,75,75,69,69,69,69,69,62,62,62,48,70,70,75,75,75,75,65,65,46,68,49,49,25,22,22,15,12,34,34,75,68,68,50,65,70,70,70,75,75,75,73,73,75,75,75,75,75,75,75,26,12],"gold":108,"neow_bonus":"THREE_ENEMY_KILL","is_daily":false,"chose_seed":false,"campfire_upgraded":4,"win_rate":0.0,"timestamp":1612649517,"path_taken":["M","?","$","M","M","E","R","?","T","?","E","M","$","E","R","BOSS","M","$","M","M","M","E","R","M","T","E","?","?","E","M","R","BOSS","M","?","?","$","?","R","E","$","T","R","M","M","?","E","R","BOSS","R","$","E","BOSS"],"items_purchased_type":["Card","Card","Card","Relic","Card","Card","Card","Relic","Relic","Relic","Card","Card","Relic","Card","Card","Card","Potion","Relic","Relic","Relic","Potion","Potion","Card"],"build_version":"2020-12-22","purchased_purges":0,"victory":true,"max_hp_per_floor":[75,75,75,75,75,75,75,75,75,75,75,75,75,75,75,75,75,75,75,75,75,75,75,75,75,75,75,75,75,75,75,75,75,75,75,75,75,75,75,75,75,75,75,75,75,75,75,75,75,75,75,75,75,75,75],"card_choices":[{"not_picked":["Gash","Beam Cell"],"picked":"Force Field","floor":1.0},{"not_picked":["Chill","Beam Cell"],"picked":"Ball Lightning","floor":4.0},{"not_picked":["Ball Lightning","ReplayTheSpireMod:Reroute Power"],"picked":"Glacier","floor":5.0},{"not_picked":["Redo","Hologram"],"picked":"Hello World","floor":6.0},{"not_picked":["Coolheaded","Steam"],"picked":"BasicCrystalCard","floor":10.0},{"not_picked":["Rip and Tear","Steam"],"picked":"Stack","floor":11.0},{"not_picked":["Hologram","All For One"],"picked":"Heatsinks","floor":12.0},{"not_picked":["Reprogram","Conserve Battery"],"picked":"Seek","floor":14.0},{"not_picked":["Steam Power","Steam"],"picked":"Chaos","floor":15.0},{"not_picked":["Mirror Shield","ReplayTheSpireMod:Omega Cannon"],"picked":"Electrodynamics","floor":16.0},{"not_picked":["Turbo","Doom and Gloom"],"picked":"Leap+1","floor":18.0},{"not_picked":["Go for the Eyes","Leap"],"picked":"Force Field","floor":20.0},{"not_picked":["Beam Cell+1","Hologram"],"picked":"Rebound","floor":21.0},{"not_picked":["ReplayTheSpireMod:Calculation Training","Gash+1"],"picked":"Thunder Strike","floor":22.0},{"not_picked":["Streamline+1","ReplayTheSpireMod:System Scan"],"picked":"Creative AI","floor":23.0},{"not_picked":["Ball Lightning","Undo+1"],"picked":"Defragment","floor":24.0},{"not_picked":["Turbo","Compile Driver+1"],"picked":"Static Discharge","floor":25.0},{"not_picked":["Scrape+1","Beam Cell"],"picked":"Glacier","floor":27.0},{"not_picked":["Sweeping Beam+1","Compile Driver"],"picked":"Defragment+1","floor":28.0},{"not_picked":["Go for the Eyes","Double Energy"],"picked":"Core Surge","floor":30.0},{"not_picked":["Gash","Panic Button","ReplaySort"],"picked":"Conserve Battery+1","floor":31.0},{"not_picked":["Go for the Eyes","Redo","ReplayTheSpireMod:System Scan"],"picked":"Barrage","floor":32.0},{"not_picked":["ReplayTheSpireMod:Omega Cannon","Hyperbeam","Thunder Strike"],"picked":"Core Surge","floor":33.0},{"not_picked":["Steam+1","Rebound","Melter"],"picked":"Undo","floor":35.0},{"not_picked":["Compile Driver+1","Hologram+1","Ball Lightning+1"],"picked":"Chaos+1","floor":36.0},{"not_picked":["Barrage","Compile Driver+1","ReplayTheSpireMod:GoodbyeWorld"],"picked":"White Noise+1","floor":37.0},{"not_picked":["Redo","Rainbow","Barrage"],"picked":"Crystallizer+1","floor":41.0},{"not_picked":["Reinforced Body","Steam Power","Hologram"],"picked":"Chill","floor":45.0},{"not_picked":["Hologram","Beam Cell","Undo"],"picked":"Defragment","floor":46.0},{"not_picked":["Panic Button","Gash+1","Compile Driver"],"picked":"Hologram+1","floor":48.0},{"not_picked":["Reboot","Rebound+1","Stack+1"],"picked":"BasicCrystalCard+1","floor":54.0}],"player_experience":247655,"relics_obtained":[{"floor":2.0,"key":"Ring of Shattering"},{"floor":2.0,"key":"Ring of Peace"},{"floor":6.0,"key":"CeramicFish"},{"floor":9.0,"key":"Dream Catcher"},{"floor":11.0,"key":"Nunchaku"},{"floor":14.0,"key":"ReplayTheSpireMod:Lightbulb"},{"floor":23.0,"key":"Replay:Mystery Machine"},{"floor":26.0,"key":"MealTicket"},{"floor":26.0,"key":"Emotion Chip"},{"floor":27.0,"key":"Pet Ghost"},{"floor":28.0,"key":"Red Mask"},{"floor":30.0,"key":"Question Card"},{"floor":41.0,"key":"Bag of Marbles"},{"floor":43.0,"key":"StoneCalendar"},{"floor":48.0,"key":"Boot"},{"floor":54.0,"key":"Akabeko"}],"event_choices":[{"damage_healed":0.0,"max_hp_gain":0.0,"max_hp_loss":0.0,"gold_gain":0.0,"event_name":"WeMeetAgain","player_choice":"Gave Potion","floor":8.0,"gold_loss":0.0,"damage_taken":0.0,"relics_obtained":["Matryoshka"]},{"damage_healed":0.0,"max_hp_gain":0.0,"max_hp_loss":0.0,"gold_gain":0.0,"event_name":"Masked Bandits","player_choice":"Fought Bandits","floor":28.0,"gold_loss":0.0,"damage_taken":0.0},{"damage_healed":0.0,"max_hp_gain":0.0,"max_hp_loss":0.0,"gold_gain":100.0,"event_name":"Golden Shrine","player_choice":"Pray","floor":29.0,"gold_loss":0.0,"damage_taken":0.0},{"cards_removed":["Barrage"],"damage_healed":5.0,"max_hp_gain":0.0,"max_hp_loss":0.0,"gold_gain":0.0,"event_name":"Bonfire Elementals","player_choice":"Offered Common","floor":39.0,"gold_loss":0.0,"damage_taken":0.0},{"cards_removed":["Barrage"],"damage_healed":5.0,"max_hp_gain":0.0,"max_hp_loss":0.0,"gold_gain":0.0,"event_name":"Bonfire Elementals","player_choice":"Offered Special","floor":39.0,"gold_loss":0.0,"damage_taken":0.0}],"is_beta":false,"boss_relics":[{"not_picked":["Nuclear Battery","Pandora\u0027s Box"],"picked":"Inserter"},{"not_picked":["Empty Cage","Astrolabe"],"picked":"bronze:MakeshiftBattery"}],"items_purged_floors":[],"is_endless":false,"potions_floor_spawned":[1,5,6,10,12,22,27,28,31,36,37,45],"ascension_level":1}}