{"host":"c2vrdknshfutmcsq","time":1612612980,"event":{"mods":["BaseMod","Minty Spire (QoL Compilation)"],"gold_per_floor":[110,120,133,150,166,166,199,199,245,277,287,302,332,332,332,408,408,422,422,285,301,301,301,301,301],"floor_reached":24,"language":"ENG","playtime":1194,"items_purged":[],"score":436,"play_id":"05b4a68d-e41a-42e6-9ccd-c875ea262ff6","local_time":"20210206130300","is_ascension_mode":true,"campfire_choices":[{"data":"Dualcast","floor":6,"key":"SMITH"},{"data":"Zap","floor":8,"key":"SMITH"},{"data":"Chaos","floor":15,"key":"SMITH"},{"data":"Double Energy","floor":23,"key":"SMITH"}],"circlet_count":0,"master_deck":["AscendersBane","Strike_B+1","Strike_B+1","Strike_B+1","Defend_B+1","Defend_B+1","Defend_B+1","Defend_B+1","Zap+1","Dualcast+1","Ball Lightning","Stack","Sweeping Beam","Ball Lightning","Double Energy+1","Chill","Self Repair","Chaos+1","Go for the Eyes","Defragment+1","Core Surge","Defragment","Ball Lightning","Redo","Stack","Go for the Eyes"],"relics":["Cracked Core","Bronze Scales","Centennial Puzzle","Bottled Flame","DataDisk","Inserter"],"acts_visited":["Exordium","TheCity"],"potions_floor_usage":[7,10,13,13],"damage_taken":[{"damage":0,"enemies":"Cultist","floor":1,"turns":4},{"damage":0,"enemies":"2 Louse","floor":2,"turns":1},{"damage":7,"enemies":"Jaw Worm","floor":3,"turns":3},{"damage":1,"enemies":"Looter","floor":4,"turns":3},{"damage":8,"enemies":"3 Louse","floor":5,"turns":2},{"damage":8,"enemies":"Gremlin Nob","floor":7,"turns":3},{"damage":4,"enemies":"3 Sentries","floor":10,"turns":3},{"damage":4,"enemies":"2 Fungi Beasts","floor":11,"turns":2},{"damage":4,"enemies":"Red Slaver","floor":12,"turns":2},{"damage":4,"enemies":"Gremlin Nob","floor":13,"turns":3},{"damage":5,"enemies":"The Guardian","floor":16,"turns":8},{"damage":40,"enemies":"2 Thieves","floor":18,"turns":4},{"damage":7,"enemies":"Chosen","floor":21,"turns":4},{"damage":42,"enemies":"Book of Stabbing","floor":24,"turns":4}],"seed_played":"-5181619207468256022","potions_obtained":[{"floor":2,"key":"DuplicationPotion"},{"floor":3,"key":"GamblersBrew"},{"floor":7,"key":"ColorlessPotion"},{"floor":11,"key":"PotionOfCapacity"},{"floor":13,"key":"Dexterity Potion"}],"is_trial":false,"path_per_floor":["M","M","M","M","M","R","E","R","T","E","M","M","E","?","R","B",null,"M","?","$","M","?","R","E"],"character_chosen":"DEFECT","items_purchased":["Ball Lightning","Redo","Stack"],"campfire_rested":0,"item_purchase_floors":[20,20,20],"current_hp_per_floor":[64,64,57,56,48,48,40,40,40,36,39,42,45,45,45,47,65,32,32,32,32,46,46,4,4],"gold":301,"neow_bonus":"REMOVE_CARD","is_daily":false,"chose_seed":false,"campfire_upgraded":4,"win_rate":0.0,"timestamp":1612612980,"path_taken":["M","M","M","M","?","R","E","R","T","E","M","M","E","?","R","BOSS","M","?","$","M","?","R","E"],"items_purchased_type":["Card","Card","Card"],"build_version":"2020-12-22","purchased_purges":0,"victory":false,"max_hp_per_floor":[71,71,71,71,71,71,71,71,71,71,71,71,71,71,71,71,71,71,71,71,71,71,71,71,71],"card_choices":[{"not_picked":["Beam Cell","Barrage"],"picked":"Ball Lightning","floor":1},{"not_picked":["Streamline","Barrage"],"picked":"Stack","floor":2},{"not_picked":["Static Discharge","Redo"],"picked":"Sweeping Beam","floor":3},{"not_picked":["Coolheaded","Stack"],"picked":"Ball Lightning","floor":4},{"not_picked":["Leap","Gash"],"picked":"Double Energy","floor":5},{"not_picked":["Amplify","Capacitor"],"picked":"Chill","floor":7},{"not_picked":["Compile Driver","Leap"],"picked":"Self Repair","floor":10},{"not_picked":["Rip and Tear","Gash"],"picked":"Chaos","floor":11},{"not_picked":["Force Field","Hello World"],"picked":"Go for the Eyes","floor":12},{"not_picked":["Coolheaded","Beam Cell"],"picked":"Defragment","floor":13},{"not_picked":["Reboot","Multi-Cast"],"picked":"Core Surge","floor":16},{"not_picked":["Beam Cell","Storm"],"picked":"Defragment","floor":18},{"not_picked":["Capacitor","Hologram"],"picked":"Go for the Eyes","floor":21}],"player_experience":1354206,"relics_obtained":[{"floor":7,"key":"Bronze Scales"},{"floor":9,"key":"Centennial Puzzle"},{"floor":10,"key":"Bottled Flame"},{"floor":13,"key":"DataDisk"}],"event_choices":[{"damage_healed":0,"gold_gain":0,"player_choice":"Grow","damage_taken":0,"max_hp_gain":0,"max_hp_loss":0,"event_name":"Living Wall","floor":14,"gold_loss":0,"cards_upgraded":["Defragment"]},{"damage_healed":0,"gold_gain":0,"player_choice":"Simplicity","damage_taken":0,"max_hp_gain":0,"max_hp_loss":0,"event_name":"Back to Basics","floor":19,"gold_loss":0,"cards_upgraded":["Strike_B","Strike_B","Strike_B","Defend_B","Defend_B","Defend_B","Defend_B"]},{"damage_healed":14,"gold_gain":0,"player_choice":"Heal","damage_taken":0,"max_hp_gain":0,"max_hp_loss":0,"event_name":"The Library","floor":22,"gold_loss":0}],"is_beta":false,"boss_relics":[{"not_picked":["Coffee Dripper","Velvet Choker"],"picked":"Inserter"}],"items_purged_floors":[],"is_endless":false,"potions_floor_spawned":[2,3,5,7,11,13],"killed_by":"Book of Stabbing","ascension_level":20}}