{"host":"xp5rvh2jwe2ejyfm","time":1612623472,"event":{"mods":["2.2 Compatiblity","Aspiration","BaseMod","BetterRewards","Colored Powertips","Conspire","Downfall","GifTheSpireLib","Gremlin Mod","Hermit","Hubris","Jorbs\u0027s Wanderer Trilogy","Minty Spire (QoL Compilation)","Quick Restart","Replay The Spire","Robot Space Explorer","Shade Mod","Somnambulant","StSLib","The Bug Knight","The Clintock","The Construct","The Cursed","The Disciple","The Forsaken","The Hierophant","The Necromancer","The Runesmith","The Servant 0.9.4","The Valiant","The Witch","TheFirefly","thorton"],"gold_per_floor":[117,117,137,156,173,205,205,237,286,461,461,461,461],"floor_reached":12,"language":"ENG","playtime":524,"items_purged":[],"score":88,"play_id":"d64af99b-8bd4-4e01-9f88-2a8612c47335","local_time":"20210206095752","is_ascension_mode":false,"campfire_choices":[{"floor":7,"key":"REST"}],"circlet_count":0,"master_deck":["thefirefly:Strike","thefirefly:Strike","thefirefly:Strike","thefirefly:Strike","thefirefly:Defend","thefirefly:Defend","thefirefly:Defend","thefirefly:Defend","thefirefly:StealthMode+1","thefirefly:PhotonBlast","stsjorbsmod:Paralysis","thethorton:SuperStrike","thefirefly:Boost","thefirefly:NebulaVeil","thefirefly:ReverseEngine","thefirefly:Rend","thefirefly:FlakCannon","thefirefly:CoveringFire","Doubt"],"relics":["thefirefly:StealthSystem","NlothsMask","hubris:ToyBattleship","Lantern"],"acts_visited":["Exordium"],"potions_floor_usage":[6,6,8],"damage_taken":[{"damage":5,"enemies":"Jaw Worm","floor":1,"turns":4},{"damage":4,"enemies":"Cultist","floor":3,"turns":4},{"damage":1,"enemies":"2 Louse","floor":4,"turns":4},{"damage":8,"enemies":"Large Slime","floor":5,"turns":11},{"damage":28,"enemies":"3 Sentries","floor":6,"turns":16},{"damage":17,"enemies":"Gremlin Nob","floor":8,"turns":4},{"damage":24,"enemies":"Lagavulin","floor":12,"turns":3}],"seed_played":"8522448005425412899","potions_obtained":[{"floor":3,"key":"Adrenaline Potion"},{"floor":4,"key":"LifebloodPotion"},{"floor":6,"key":"champ:CounterPotion"}],"is_trial":false,"path_per_floor":["M","?","M","M","M","E","R","E","T","?","?","E"],"character_chosen":"THE_FIREFLY","items_purchased":[],"campfire_rested":1,"item_purchase_floors":[],"current_hp_per_floor":[60,60,56,55,47,19,38,21,21,21,21,0,0],"gold":461,"neow_bonus":"TWENTY_PERCENT_HP_BONUS","is_daily":false,"chose_seed":false,"campfire_upgraded":0,"win_rate":0.0,"timestamp":1612623472,"path_taken":["M","?","M","?","M","E","R","E","T","?","?","E"],"items_purchased_type":[],"build_version":"2020-12-22","purchased_purges":0,"victory":false,"max_hp_per_floor":[65,65,65,65,65,65,65,65,65,65,65,65,65],"card_choices":[{"not_picked":["thefirefly:FlakCannon","thefirefly:Ruminate"],"picked":"thefirefly:Boost","floor":1},{"not_picked":["thefirefly:Ruminate","thefirefly:Exile"],"picked":"thefirefly:NebulaVeil","floor":3},{"not_picked":["thefirefly:FlakCannon","thefirefly:DataMiner"],"picked":"thefirefly:ReverseEngine","floor":4},{"not_picked":["thefirefly:Reposition","thefirefly:RollBack"],"picked":"thefirefly:Rend","floor":5},{"not_picked":["thefirefly:Exile","thefirefly:RollBack"],"picked":"thefirefly:FlakCannon","floor":6},{"not_picked":["thefirefly:SteadyAim","thefirefly:PhantomStrike"],"picked":"thefirefly:CoveringFire","floor":8}],"player_experience":442106,"relics_obtained":[{"floor":6,"key":"hubris:ToyBattleship"},{"floor":8,"key":"Lantern"}],"event_choices":[{"damage_healed":0,"gold_gain":0,"player_choice":"Trade","damage_taken":0,"relics_obtained":["NlothsMask"],"max_hp_gain":0,"max_hp_loss":0,"event_name":"FaceTrader","floor":2,"gold_loss":0},{"damage_healed":0,"gold_gain":175,"player_choice":"AGREE","damage_taken":0,"max_hp_gain":0,"max_hp_loss":0,"event_name":"Liars Game","floor":10,"gold_loss":0,"cards_obtained":["Doubt"]},{"damage_healed":0,"gold_gain":0,"player_choice":"Grow","damage_taken":0,"max_hp_gain":0,"max_hp_loss":0,"event_name":"Living Wall","floor":11,"gold_loss":0,"cards_upgraded":["thefirefly:StealthMode"]}],"is_beta":false,"boss_relics":[],"items_purged_floors":[],"is_endless":false,"potions_floor_spawned":[3,4,6],"killed_by":"Lagavulin","ascension_level":0}}