{"host":"yiwf5cuj7e45awf3","time":1612608421,"event":{"mods":["BaseMod","Downfall","Hermit","Highlight Path","Hubris","Infinite Spire","Lobotomy","Marisa£®ÏF”Í°°ƒß¿Ì…≥£©","Minty Spire (QoL Compilation)","READ ME - Guardian Mod","Remilia£®¿Ÿ√◊¿Ú—«£©","Replay The Spire","StSLib","The Animator","The Construct","The Cursed","The Disciple","The Hierophant","The Jungle","The Necromancer","The Runesmith","The Servant 0.9.4"],"gold_per_floor":[117,78,88,88,363,394,2,2,26,36,50,50,66,66,66,167,167,142,156,6,6,6,6,17,17,17,35,50,162,162,162,162,162,162],"floor_reached":33,"language":"ZHS","playtime":2951,"items_purged":[],"score":347,"play_id":"c4dc76ff-fb68-49e0-9e19-53348c91ca5b","local_time":"20210206184701","is_ascension_mode":false,"campfire_choices":[{"data":"TheCursedMod:CollectTribute","floor":8.0,"key":"SMITH"},{"floor":15.0,"key":"REST"},{"data":"Metallicize","floor":30.0,"key":"SMITH"},{"floor":32.0,"key":"REST"}],"circlet_count":0,"master_deck":["TheCursedMod:Strike_TheCursed","TheCursedMod:Strike_TheCursed","TheCursedMod:Strike_TheCursed","TheCursedMod:Strike_TheCursed","TheCursedMod:Defend_TheCursed","TheCursedMod:Defend_TheCursed","TheCursedMod:Defend_TheCursed","TheCursedMod:Defend_TheCursed","TheCursedMod:CursedWand","TheCursedMod:CleanUpWorkshop","TheCursedMod:Dregs","TheCursedMod:Wield","TheCursedMod:CursedAmulet","TheCursedMod:CursedAmulet","TheCursedMod:AbyssShockwave","Regret","TheCursedMod:SmokeScreen","TheCursedMod:CollectTribute+1","TheCursedMod:FleshFromBone","TheCursedMod:WearCloak","Hallucinations","Slimebound:FinishingTackle","Metallicize+1","Buffer","Replay:Sluggish","ReplayTheSpireMod:IOU","infinitespire:Oblivion","Guardian:Gem_Crimson","ReplayTheSpireMod:Splinters","animator:Mitsuba"],"relics":["TheCursedMod:BlackMagic101","Blood Vial","hubris:Towel","Replay:Wax Seal","infinitespire:BottledMercury","Replay:Mystery Machine","PrismaticShard","Sozu","hubris:SlimyHat","infinitespire:CheckeredPen","Sundial","hubris:FruitBowl"],"acts_visited":["Exordium","TheCity"],"potions_floor_usage":[33],"damage_taken":[{"damage":0.0,"enemies":"Cultist","floor":1.0,"turns":4.0},{"damage":0.0,"enemies":"2 Louse","floor":3.0,"turns":3.0},{"damage":23.0,"enemies":"Replay:BlueRogue","floor":6.0,"turns":10.0},{"damage":9.0,"enemies":"Jaw Worm","floor":10.0,"turns":3.0},{"damage":3.0,"enemies":"Exordium Thugs","floor":11.0,"turns":3.0},{"damage":4.0,"enemies":"2 Fungi Beasts","floor":13.0,"turns":2.0},{"damage":5.0,"enemies":"Large Slime","floor":14.0,"turns":7.0},{"damage":52.0,"enemies":"Fading Forest","floor":16.0,"turns":11.0},{"damage":13.0,"enemies":"2 Thieves","floor":18.0,"turns":5.0},{"damage":17.0,"enemies":"Shell Parasite","floor":19.0,"turns":8.0},{"damage":16.0,"enemies":"Snake Plant","floor":24.0,"turns":5.0},{"damage":0.0,"enemies":"Shelled Parasite and Fungi","floor":27.0,"turns":6.0},{"damage":2.0,"enemies":"Centurion and Healer","floor":28.0,"turns":5.0},{"damage":40,"enemies":"Champ","floor":33,"turns":11}],"seed_played":"6472630451412255912","potions_obtained":[{"floor":1.0,"key":"SteroidPotion"},{"floor":11.0,"key":"Fire Potion"},{"floor":16.0,"key":"LiquidBronze"}],"is_trial":false,"path_per_floor":["M","$","M","?","?","E","$","R","T","M","M","?","M","M","R","B",null,"M","M","$","?","T","?","M","?","T","M","M","?","R","$","R","B"],"character_chosen":"THE_CURSED","items_purchased":["TheCursedMod:CursedAmulet","infinitespire:BottledMercury","TheCursedMod:CollectTribute","hubris:SlimyHat","hubris:FruitBowl"],"campfire_rested":2,"item_purchase_floors":[2,7,7,20,31],"current_hp_per_floor":[75,75,75,75,75,52,52,52,52,45,44,44,42,39,61,11,75,62,47,47,47,47,47,33,33,33,35,35,35,35,16,38,0,0],"gold":162,"neow_bonus":"RANDOM_COMMON_RELIC","is_daily":false,"chose_seed":false,"campfire_upgraded":2,"win_rate":0.0,"timestamp":1612608421,"path_taken":["M","$","M","?","?","E","$","R","T","M","?","?","M","M","R","BOSS","M","M","$","?","?","?","M","?","T","M","?","?","R","?","R","BOSS"],"items_purchased_type":["Card","Relic","Card","Relic","Relic"],"build_version":"2020-12-22","purchased_purges":0,"victory":false,"max_hp_per_floor":[75,75,75,75,75,75,75,75,75,75,75,75,75,75,75,75,75,75,75,75,75,75,75,75,75,75,75,75,75,75,75,75,75,75],"card_choices":[{"not_picked":["TheCursedMod:SpitefulStrike","TheCursedMod:Obscuration"],"picked":"TheCursedMod:Wield","floor":1.0},{"not_picked":["TheCursedMod:SmokeScreen","TheCursedMod:Torture"],"picked":"TheCursedMod:AbyssShockwave","floor":3.0},{"not_picked":["TheCursedMod:BloodBarrier","TheCursedMod:Mangle"],"picked":"TheCursedMod:SmokeScreen","floor":6.0},{"not_picked":["TheCursedMod:Stigma","TheCursedMod:SpitefulStrike"],"picked":"TheCursedMod:FleshFromBone","floor":10.0},{"not_picked":["TheCursedMod:SpitefulStrike","TheCursedMod:Stigma"],"picked":"TheCursedMod:WearCloak","floor":11.0},{"not_picked":["hexamod:ThirdSeal","hexamod:ShieldOfDarkness"],"picked":"Slimebound:FinishingTackle","floor":13.0},{"not_picked":["animator:Laby","Adaptation"],"picked":"Metallicize","floor":14.0},{"not_picked":["BloodyCatastrophe","ReplayTheSpireMod:From All Sides"],"picked":"Buffer","floor":16.0},{"not_picked":["hierophant:HolyVerse+1","bronze:Iterate+1","Collect"],"picked":"SKIP","floor":18.0},{"not_picked":["bronze:Branch","Chill_Blood","Sword Boomerang+1"],"picked":"SKIP","floor":19.0},{"not_picked":["infinitespire:TheBestDefense","hubris:Rewind"],"picked":"infinitespire:Oblivion","floor":21.0},{"not_picked":["animator:Assassin","construct:SaveState","construct:SyphonStrike"],"picked":"SKIP","floor":24.0},{"not_picked":["CrushJoints","construct:Forcefield"],"picked":"Guardian:Gem_Crimson","floor":27.0},{"not_picked":["hermit:Enervate+1","True Grit+1","Replay:AtTheReady"],"picked":"SKIP","floor":28.0},{"not_picked":["Streamline","Protect"],"picked":"animator:Mitsuba","floor":29.0}],"player_experience":75786,"relics_obtained":[{"floor":6.0,"key":"Replay:Wax Seal"},{"floor":9.0,"key":"Replay:Mystery Machine"},{"floor":22.0,"key":"infinitespire:CheckeredPen"},{"floor":26.0,"key":"Sundial"}],"event_choices":[{"damage_healed":0.0,"max_hp_gain":0.0,"max_hp_loss":0.0,"gold_gain":275.0,"event_name":"Golden Shrine","player_choice":"Desecrate","floor":5.0,"gold_loss":0.0,"damage_taken":0.0,"cards_obtained":["Regret"]},{"damage_healed":0.0,"max_hp_gain":0.0,"max_hp_loss":0.0,"gold_gain":0.0,"event_name":"Ghosts","player_choice":"Ignored","floor":23.0,"gold_loss":0.0,"damage_taken":0.0},{"damage_healed":0.0,"max_hp_gain":0.0,"max_hp_loss":0.0,"gold_gain":0.0,"event_name":"Lab","player_choice":"Got Potions","floor":25.0,"gold_loss":0.0,"damage_taken":0.0}],"is_beta":false,"boss_relics":[{"not_picked":["hubris:HollowSoul","hubris:VirtuousBlindfold"],"picked":"Sozu"}],"items_purged_floors":[],"is_endless":false,"potions_floor_spawned":[1,11,16,19],"killed_by":"Champ","ascension_level":0}}