{"host":"baymyijz6sxaqj5s","time":1612597617,"event":{"mods":["AchievementEnabler","BaseMod","Colored Map","Colored Powertips","DeckTracker","Highlight Path","KOR Keyword Fix","Keyboard Shortcuts","Minty Spire (QoL Compilation)","StSLib","SuperFastMode","everything is the same but u backflip on backflip"],"gold_per_floor":[115,115,125,139,157,157,172,172,172,172,185,185,185,199,199,302,302,314,314,314,8,20,20,31,31,31,49,49,49],"floor_reached":28,"language":"KOR","playtime":559,"items_purged":[],"score":244,"play_id":"fea357dc-95b5-407f-a242-ea7596b8ee4f","local_time":"20210206164657","is_ascension_mode":true,"campfire_choices":[{"data":"Body Slam","floor":6,"key":"SMITH"},{"data":"Heavy Blade","floor":10,"key":"SMITH"},{"floor":15,"key":"REST"},{"floor":23,"key":"REST"},{"floor":25,"key":"REST"}],"circlet_count":0,"master_deck":["Strike_R","Strike_R","Strike_R","Strike_R","Strike_R","Defend_R","Defend_R","Defend_R","Defend_R","Bash","Heavy Blade+1","Body Slam+1","Twin Strike","Thunderclap","Twin Strike","Shrug It Off","Bloodletting"],"relics":["Burning Blood","Pocketwatch","Philosopher\u0027s Stone","Mercury Hourglass","Smiling Mask"],"acts_visited":["Exordium","TheCity"],"potions_floor_usage":[5,5,5,5,7,16],"damage_taken":[{"damage":3,"enemies":"2 Louse","floor":1,"turns":4},{"damage":1,"enemies":"Cultist","floor":3,"turns":4},{"damage":7,"enemies":"Small Slimes","floor":4,"turns":3},{"damage":17,"enemies":"Exordium Thugs","floor":5,"turns":4},{"damage":25,"enemies":"Gremlin Gang","floor":7,"turns":6},{"damage":7,"enemies":"Looter","floor":11,"turns":4},{"damage":10,"enemies":"3 Louse","floor":14,"turns":4},{"damage":25,"enemies":"Slime Boss","floor":16,"turns":8},{"damage":41,"enemies":"Spheric Guardian","floor":18,"turns":6},{"damage":14,"enemies":"Chosen","floor":22,"turns":3},{"damage":49,"enemies":"Sentry and Sphere","floor":24,"turns":6},{"damage":24,"enemies":"Snecko","floor":27,"turns":5},{"damage":38,"enemies":"Snake Plant","floor":28,"turns":3}],"seed_played":"-7292084809397876431","potions_obtained":[{"floor":4,"key":"EntropicBrew"},{"floor":5,"key":"Strength Potion"},{"floor":7,"key":"Strength Potion"},{"floor":11,"key":"ElixirPotion"},{"floor":18,"key":"FearPotion"}],"is_trial":false,"path_per_floor":["M","?","M","M","M","R","M","$","T","R","M","$","?","M","R","B",null,"M","$","?","$","M","R","M","R","T","M","M"],"character_chosen":"IRONCLAD","items_purchased":["Shrug It Off","Mercury Hourglass"],"campfire_rested":3,"item_purchase_floors":[21,21],"current_hp_per_floor":[88,88,88,87,76,76,57,57,57,57,56,56,56,52,78,59,88,53,53,53,53,45,71,28,54,54,36,0,0],"gold":49,"neow_bonus":"TEN_PERCENT_HP_BONUS","is_daily":false,"chose_seed":false,"campfire_upgraded":2,"win_rate":0.0,"timestamp":1612597617,"path_taken":["M","?","M","M","?","R","M","?","T","R","M","$","?","M","R","BOSS","M","$","?","?","M","R","M","R","T","M","M"],"items_purchased_type":["Card","Relic"],"build_version":"2020-12-22","purchased_purges":0,"victory":false,"max_hp_per_floor":[88,88,88,88,88,88,88,88,88,88,88,88,88,88,88,88,88,88,88,88,88,88,88,88,88,88,88,88,88],"card_choices":[{"not_picked":["Armaments","Anger"],"picked":"Heavy Blade","floor":1},{"not_picked":["Clash","Warcry","Pommel Strike"],"picked":"SKIP","floor":3},{"not_picked":["Flex","Fiend Fire"],"picked":"Body Slam","floor":4},{"not_picked":["Iron Wave","Clothesline"],"picked":"Twin Strike","floor":5},{"not_picked":["Wild Strike","Heavy Blade"],"picked":"Thunderclap","floor":7},{"not_picked":["Warcry","Headbutt","Sever Soul"],"picked":"SKIP","floor":11},{"not_picked":["Perfected Strike","Anger","Havoc"],"picked":"SKIP","floor":14},{"not_picked":["Anger","Flex+1","Blood for Blood"],"picked":"SKIP","floor":18},{"not_picked":["Searing Blow","Flex+1","Twin Strike"],"picked":"SKIP","floor":22},{"not_picked":["True Grit","Anger"],"picked":"Bloodletting","floor":24},{"not_picked":["Iron Wave","Headbutt","Sentinel"],"picked":"SKIP","floor":27}],"player_experience":73960,"relics_obtained":[{"floor":9,"key":"Pocketwatch"},{"floor":26,"key":"Smiling Mask"}],"event_choices":[{"damage_healed":0,"gold_gain":0,"player_choice":"0 cards matched","damage_taken":0,"max_hp_gain":0,"max_hp_loss":0,"event_name":"Match and Keep!","floor":2,"gold_loss":0,"cards_obtained":[]},{"damage_healed":0,"gold_gain":0,"player_choice":"Ignored","damage_taken":0,"max_hp_gain":0,"max_hp_loss":0,"event_name":"Golden Idol","floor":13,"gold_loss":0},{"damage_healed":0,"gold_gain":0,"player_choice":"Copied","damage_taken":0,"max_hp_gain":0,"max_hp_loss":0,"event_name":"Duplicator","floor":20,"gold_loss":0,"cards_obtained":["Twin Strike"]}],"is_beta":false,"boss_relics":[{"not_picked":["Astrolabe","Snecko Eye"],"picked":"Philosopher\u0027s Stone"}],"items_purged_floors":[],"is_endless":false,"potions_floor_spawned":[4,5,7,11,18],"killed_by":"Snake Plant","ascension_level":3}}