{"host":"czzthkrvfe6r7fjf","time":1612600474,"event":{"mods":["ATMod(∞¢Ë™Mod)","Act Like it!","BaseMod","Downfall","GungeonMod","Marisa£®ÏF”Í°°ƒß¿Ì…≥£©","Minty Spire (QoL Compilation)","Quick Restart","StSLib","The Servant 0.9.4","Waifu the Spire","°æπ¶ƒ‹Mod°øªÏ„Á÷Æª∑–ﬁ∏¥≤π∂°"],"gold_per_floor":[118,118,133,24,24,53,53,87,165,200,48,61,61,81,81,155,155,165,215,115,115,139,151,177,224,236,248,289,316,347,378,390,479,491,519,269,269,282,296,296,323,334,359,359,36,36,36,67,67,67],"floor_reached":51,"language":"ZHS","playtime":2534,"items_purged":["Strike_G","Strike_G","Strike_G","Injury"],"score":1693,"play_id":"cc6f54f7-eb33-42b8-a87c-137bf8b1601c","local_time":"20210206163434","is_ascension_mode":true,"campfire_choices":[{"data":"Calculated Gamble","floor":13.0,"key":"SMITH"},{"data":"Expertise","floor":15.0,"key":"SMITH"},{"data":"After Image","floor":23.0,"key":"SMITH"},{"floor":32,"key":"REST"},{"data":"Acrobatics","floor":40,"key":"SMITH"},{"data":"Tactician","floor":44,"key":"SMITH"},{"data":"Reflex","floor":47,"key":"SMITH"},{"data":"AT_ChampionStep","floor":49,"key":"SMITH"}],"circlet_count":0,"master_deck":["AscendersBane","Strike_G","Strike_G","Defend_G","Defend_G","Defend_G","Defend_G","Defend_G","Survivor","Neutralize","AT_ChampionStep+1","Backflip","Dagger Throw","Prepared+1","Underhanded Strike","Calculated Gamble+1","Expertise+1","Skewer","After Image+1","Reflex+1","Adrenaline","Tactician+1","Purity","AT_LightSaberMaster","Prepared","Acrobatics+1"],"relics":["Ring of the Snake","AT_ATBox","NeowsBlessing","Blue Candle","Blood Vial","Omamori","AT_ArcaneBoots","Mummified Hand","DemoMod:DecoyRelic","Cursed Key","MawBank","DemoMod:GreenGuonStone","Mercury Hourglass","Lizard Tail","Runic Pyramid","Strawberry","Snake Skull","Lantern","Dead Branch"],"acts_visited":["Exordium","TheCity","TheBeyond"],"potions_floor_usage":[33,42],"damage_taken":[{"damage":0.0,"enemies":"2 Louse","floor":1.0,"turns":1.0},{"damage":0.0,"enemies":"Jaw Worm","floor":3.0,"turns":1.0},{"damage":0.0,"enemies":"Lagavulin","floor":6.0,"turns":1.0},{"damage":0.0,"enemies":"Gremlin Nob","floor":8.0,"turns":2.0},{"damage":18.0,"enemies":"3 Sentries","floor":10.0,"turns":7.0},{"damage":0.0,"enemies":"Cultist","floor":12.0,"turns":2.0},{"damage":0.0,"enemies":"Exordium Thugs","floor":14.0,"turns":2.0},{"damage":4.0,"enemies":"Hexaghost","floor":16.0,"turns":9.0},{"damage":0.0,"enemies":"Chosen","floor":18.0,"turns":3.0},{"damage":1.0,"enemies":"Shell Parasite","floor":22.0,"turns":5.0},{"damage":16.0,"enemies":"Sentry and Sphere","floor":24.0,"turns":4.0},{"damage":0.0,"enemies":"Book of Stabbing","floor":25.0,"turns":4.0},{"damage":8,"enemies":"Gremlin Leader","floor":28,"turns":4},{"damage":0,"enemies":"3 Cultists","floor":29,"turns":4},{"damage":0,"enemies":"Chosen and Byrds","floor":30,"turns":3},{"damage":19,"enemies":"Cultist and Chosen","floor":31,"turns":7},{"damage":9,"enemies":"Automaton","floor":33,"turns":6},{"damage":0,"enemies":"3 Darklings","floor":35,"turns":1},{"damage":0,"enemies":"Orb Walker","floor":38,"turns":2},{"damage":0,"enemies":"4 Shapes","floor":39,"turns":2},{"damage":0,"enemies":"Giant Head","floor":41,"turns":1},{"damage":0,"enemies":"Sphere and 2 Shapes","floor":42,"turns":3},{"damage":0,"enemies":"Nemesis","floor":48,"turns":1},{"damage":3,"enemies":"Donu and Deca","floor":50,"turns":2}],"seed_played":"7955631987172306322","potions_obtained":[{"floor":1.0,"key":"Swift Potion"},{"floor":14.0,"key":"Dexterity Potion"},{"floor":16.0,"key":"Explosive Potion"},{"floor":24.0,"key":"SpeedPotion"},{"floor":25.0,"key":"Energy Potion"},{"floor":33,"key":"Explosive Potion"},{"floor":35,"key":"Swift Potion"},{"floor":46,"key":"DemoMod:BlankPotion"}],"is_trial":false,"path_per_floor":["M","?","M","$","?","E","T","E","T","E","$","M","R","M","R","B",null,"M","?","$","?","M","R","M","E","T","?","E","M","M","M","R","B",null,"M","$","?","M","M","R","E","M","T","R","$","?","R","E","R","B",null],"character_chosen":"THE_SILENT","items_purchased":["Prepared","Underhanded Strike","Expertise","Tactician","Purity","Lantern"],"campfire_rested":1,"item_purchase_floors":[4,4,11,36,36,45],"current_hp_per_floor":[59,54,54,54,54,54,54,56,56,40,40,42,42,44,44,42,60,62,62,62,62,63,63,49,51,51,51,45,47,49,32,51,50,62,64,64,64,66,66,66,73,73,73,73,73,73,73,73,73,70],"gold":67,"neow_bonus":"THREE_ENEMY_KILL","is_daily":false,"chose_seed":false,"campfire_upgraded":7,"win_rate":0.0,"timestamp":1612600474,"path_taken":["M","?","M","$","?","E","?","E","T","E","$","?","R","M","R","BOSS","M","?","?","?","M","R","M","E","T","?","E","M","M","M","R","BOSS","M","$","?","M","M","R","E","M","T","R","$","?","R","E","R","BOSS"],"items_purchased_type":["Card","Card","Card","Card","Card","Relic"],"build_version":"2020-12-22","purchased_purges":4,"victory":true,"max_hp_per_floor":[66,66,66,66,66,66,66,66,66,66,66,66,66,66,66,66,66,66,66,66,66,66,66,66,66,66,66,66,66,66,66,66,66,66,66,66,66,66,66,66,73,73,73,73,73,73,73,73,73,73],"card_choices":[{"not_picked":["Flying Knee","Blur"],"picked":"Backflip","floor":1.0},{"not_picked":["Deadly Poison","Outmaneuver"],"picked":"Dagger Throw","floor":3.0},{"not_picked":["Escape Plan","Backflip"],"picked":"Calculated Gamble","floor":6.0},{"not_picked":["Deflect","AT_WindRun","Flying Knee"],"picked":"SKIP","floor":8.0},{"not_picked":["Sucker Punch","Terror","Outmaneuver"],"picked":"SKIP","floor":10.0},{"not_picked":["Blur","AT_WindFlip"],"picked":"Skewer","floor":12.0},{"not_picked":["Quick Slash","Noxious Fumes","Slice"],"picked":"SKIP","floor":14.0},{"not_picked":["Grand Finale","Unload"],"picked":"After Image","floor":16.0},{"not_picked":["Cloak And Dagger","Sucker Punch+1","AT_WindFlip"],"picked":"SKIP","floor":18.0},{"not_picked":["Dodge and Roll","Accuracy","Cloak And Dagger"],"picked":"SKIP","floor":22.0},{"not_picked":["Dodge and Roll","Accuracy","Cloak And Dagger"],"picked":"SKIP","floor":22.0},{"not_picked":["Infinite Blades+1","Dodge and Roll","Flying Knee"],"picked":"SKIP","floor":24.0},{"not_picked":["Poisoned Stab","Bane","Flying Knee"],"picked":"SKIP","floor":25.0},{"not_picked":["Sucker Punch","Flechettes","Flying Knee"],"picked":"SKIP","floor":28},{"not_picked":["Bane","AT_WindFlip","Deadly Poison"],"picked":"SKIP","floor":29},{"not_picked":["Caltrops+1","AT_MyraUnstableElement","Infinite Blades"],"picked":"SKIP","floor":30},{"not_picked":["Dodge and Roll","Terror","Flying Knee"],"picked":"SKIP","floor":31},{"not_picked":["After Image","Corpse Explosion"],"picked":"Adrenaline","floor":33},{"not_picked":["Blade Dance","Quick Slash","Dagger Spray"],"picked":"SKIP","floor":35},{"not_picked":["Magnetism","Panacea"],"picked":"AT_LightSaberMaster","floor":37},{"not_picked":["Slice","Flying Knee"],"picked":"Prepared","floor":38},{"not_picked":["Backflip","Riddle With Holes+1"],"picked":"Acrobatics","floor":39},{"not_picked":["Slice","Outmaneuver+1","Eviscerate+1"],"picked":"SKIP","floor":41},{"not_picked":["Caltrops","Cloak And Dagger","Sucker Punch"],"picked":"SKIP","floor":42},{"not_picked":["Slice","Deadly Poison","Corpse Explosion"],"picked":"SKIP","floor":48}],"player_experience":501600,"relics_obtained":[{"floor":6.0,"key":"Blood Vial"},{"floor":7.0,"key":"Omamori"},{"floor":8.0,"key":"AT_SpeedBoots"},{"floor":9.0,"key":"Mummified Hand"},{"floor":10.0,"key":"DemoMod:DecoyRelic"},{"floor":25.0,"key":"DemoMod:GreenGuonStone"},{"floor":26,"key":"Mercury Hourglass"},{"floor":28,"key":"Lizard Tail"},{"floor":41,"key":"Strawberry"},{"floor":43,"key":"Snake Skull"},{"floor":48,"key":"Dead Branch"}],"event_choices":[{"damage_healed":0.0,"max_hp_gain":0.0,"max_hp_loss":0.0,"gold_gain":0.0,"event_name":"Living Wall","player_choice":"Grow","floor":5.0,"gold_loss":0.0,"damage_taken":0.0,"cards_upgraded":["Prepared"]},{"damage_healed":0.0,"max_hp_gain":0.0,"max_hp_loss":0.0,"gold_gain":50.0,"event_name":"Nest","player_choice":"Stole From Cult","floor":19.0,"gold_loss":0.0,"damage_taken":0.0},{"damage_healed":0.0,"max_hp_gain":0.0,"max_hp_loss":0.0,"gold_gain":0.0,"event_name":"The Mausoleum","player_choice":"Opened","floor":21.0,"gold_loss":0.0,"damage_taken":0.0,"relics_obtained":["MawBank"],"cards_obtained":["Writhe"]},{"damage_healed":0,"gold_gain":0,"player_choice":"Read","damage_taken":0,"max_hp_gain":0,"max_hp_loss":0,"event_name":"The Library","floor":27,"gold_loss":0,"cards_obtained":["Reflex"]},{"damage_healed":0,"gold_gain":0,"player_choice":"Memory 1","damage_taken":0,"max_hp_gain":0,"max_hp_loss":0,"event_name":"SensoryStone","floor":37,"gold_loss":0},{"damage_healed":0,"gold_gain":0,"player_choice":"Got Potions","damage_taken":0,"max_hp_gain":0,"max_hp_loss":0,"event_name":"Lab","floor":46,"gold_loss":0}],"is_beta":false,"boss_relics":[{"not_picked":["Fusion Hammer","SacredBark"],"picked":"Cursed Key"},{"not_picked":["AT_MortalBlade","Coffee Dripper"],"picked":"Runic Pyramid"}],"items_purged_floors":[11,20,36,45],"is_endless":false,"potions_floor_spawned":[1,14,16,24,25,33,35,41,48],"ascension_level":17}}