{"host":"fevvm7bbzuh4s1jc","time":1612631695,"event":{"mods":["BaseMod","Highlight Path","Minty Spire (QoL Compilation)","Relic Stats"],"gold_per_floor":[112,122,133,53,128,160,173,205,205,205,238,255,267,277,277,354,354,372,52,66,66,82,108,108,48,48,68,46,69,89,101,101,101,101],"floor_reached":33,"language":"ENG","playtime":1815,"items_purged":["Strike_G"],"score":582,"play_id":"7e8001a0-31a0-41c9-a84b-4195ac43d69b","local_time":"20210206121455","is_ascension_mode":true,"campfire_choices":[{"floor":10.0,"key":"REST"},{"data":"Skewer","floor":15.0,"key":"SMITH"},{"data":"Footwork","floor":32,"key":"SMITH"}],"circlet_count":0,"master_deck":["AscendersBane","Strike_G","Strike_G+1","Strike_G","Strike_G","Defend_G","Defend_G","Defend_G","Defend_G","Defend_G","Survivor+1","Neutralize+1","Skewer+1","Blade Dance","Cloak And Dagger+1","Footwork+1","Eviscerate","Cloak And Dagger","Acrobatics","Backflip","PanicButton","Acrobatics","RitualDagger","Terror","Deflect"],"relics":["Busted Crown","Art of War","Pen Nib","Ninja Scroll","The Courier","Runic Pyramid","Meat on the Bone","Whetstone","HornCleat","War Paint"],"acts_visited":["Exordium","TheCity"],"potions_floor_usage":[23,27,33],"damage_taken":[{"damage":3.0,"enemies":"Small Slimes","floor":1.0,"turns":5.0},{"damage":4.0,"enemies":"2 Louse","floor":2.0,"turns":3.0},{"damage":2.0,"enemies":"Jaw Worm","floor":3.0,"turns":3.0},{"damage":21.0,"enemies":"3 Sentries","floor":6.0,"turns":10.0},{"damage":0.0,"enemies":"Blue Slaver","floor":7.0,"turns":5.0},{"damage":8.0,"enemies":"Gremlin Nob","floor":8.0,"turns":3.0},{"damage":13.0,"enemies":"3 Sentries","floor":11.0,"turns":6.0},{"damage":2.0,"enemies":"Exordium Thugs","floor":12.0,"turns":3.0},{"damage":3.0,"enemies":"3 Louse","floor":13.0,"turns":2.0},{"damage":0.0,"enemies":"Blue Slaver","floor":14.0,"turns":4.0},{"damage":8.0,"enemies":"Hexaghost","floor":16.0,"turns":9.0},{"damage":6.0,"enemies":"2 Thieves","floor":18.0,"turns":4.0},{"damage":0.0,"enemies":"3 Byrds","floor":20.0,"turns":8.0},{"damage":17,"enemies":"Shelled Parasite and Fungi","floor":22,"turns":4},{"damage":22,"enemies":"Slavers","floor":23,"turns":5},{"damage":22,"enemies":"Snecko","floor":27,"turns":9},{"damage":11,"enemies":"Centurion and Healer","floor":30,"turns":5},{"damage":10,"enemies":"Snake Plant","floor":31,"turns":3},{"damage":19,"enemies":"Automaton","floor":33,"turns":12}],"seed_played":"-3505958168466936542","potions_obtained":[{"floor":1.0,"key":"PowerPotion"},{"floor":2.0,"key":"SpeedPotion"},{"floor":3.0,"key":"ColorlessPotion"},{"floor":6.0,"key":"SteroidPotion"},{"floor":14.0,"key":"Poison Potion"},{"floor":20.0,"key":"GhostInAJar"},{"floor":31,"key":"Energy Potion"}],"is_trial":false,"path_per_floor":["M","M","M","$","?","E","M","E","T","R","E","M","M","M","R","B",null,"M","$","M","?","M","E","?","$","T","M","$","T","M","M","R","B"],"character_chosen":"THE_SILENT","items_purchased":["Footwork","Meat on the Bone","PanicButton","Acrobatics","Deflect"],"campfire_rested":1,"item_purchase_floors":[4,19,19,19,28],"current_hp_per_floor":[56,52,50,50,39,18,18,10,10,29,16,14,11,11,11,3,50,44,44,44,38,33,23,23,23,23,13,13,13,14,16,16,0,0],"gold":101,"neow_bonus":"BOSS_RELIC","is_daily":false,"chose_seed":false,"campfire_upgraded":2,"win_rate":0.0,"timestamp":1612631695,"path_taken":["M","M","M","$","?","E","M","E","T","R","E","M","M","M","R","BOSS","M","$","M","?","M","E","?","$","T","M","?","?","?","M","R","BOSS"],"items_purchased_type":["Card","Relic","Card","Card","Card"],"build_version":"2020-12-22","purchased_purges":1,"victory":false,"max_hp_per_floor":[66,66,66,66,66,66,66,66,66,66,66,66,66,66,66,66,66,66,66,66,66,66,66,66,66,66,66,66,66,66,66,66,66,66],"relic_stats":{"Busted Crown":36,"counters":[19,103],"Pen Nib":[19],"Art of War":[10],"Whetstone":["Strike_G","Neutralize"],"War Paint":["Cloak And Dagger","Survivor"],"obtain_stats":[{"Busted Crown":0,"HornCleat":26,"Ninja Scroll":9,"Pen Nib":8,"The Courier":11,"Art of War":6,"Whetstone":23,"War Paint":29,"Ring of the Snake":0,"Runic Pyramid":17,"Meat on the Bone":19},{"Busted Crown":0,"HornCleat":15,"Ninja Scroll":6,"Pen Nib":6,"The Courier":7,"Art of War":4,"Whetstone":15,"War Paint":16,"Ring of the Snake":0,"Runic Pyramid":11,"Meat on the Bone":12},{"Busted Crown":0,"HornCleat":74,"Ninja Scroll":29,"Pen Nib":29,"The Courier":35,"Art of War":21,"Whetstone":74,"War Paint":83,"Ring of the Snake":0,"Runic Pyramid":53,"Meat on the Bone":57}],"Meat on the Bone":60},"card_choices":[{"not_picked":[],"picked":"Skewer","floor":1.0},{"not_picked":[],"picked":"Blade Dance","floor":2.0},{"not_picked":[],"picked":"Cloak And Dagger","floor":3.0},{"not_picked":[],"picked":"Eviscerate","floor":6.0},{"not_picked":[],"picked":"Cloak And Dagger","floor":7.0},{"not_picked":["Doppelganger"],"picked":"SKIP","floor":8.0},{"not_picked":[],"picked":"Acrobatics","floor":11.0},{"not_picked":["Sucker Punch"],"picked":"SKIP","floor":12.0},{"not_picked":["Dagger Spray"],"picked":"SKIP","floor":13.0},{"not_picked":[],"picked":"Backflip","floor":14.0},{"not_picked":["Outmaneuver"],"picked":"SKIP","floor":18.0},{"not_picked":["Flying Knee"],"picked":"SKIP","floor":20.0},{"not_picked":["Bane"],"picked":"SKIP","floor":22},{"not_picked":["Bouncing Flask+1"],"picked":"SKIP","floor":23},{"not_picked":[],"picked":"Terror","floor":27},{"not_picked":["Dodge and Roll"],"picked":"SKIP","floor":30},{"not_picked":["Deadly Poison"],"picked":"SKIP","floor":31}],"player_experience":2778578,"relics_obtained":[{"floor":6.0,"key":"Art of War"},{"floor":8.0,"key":"Pen Nib"},{"floor":9.0,"key":"Ninja Scroll"},{"floor":11.0,"key":"The Courier"},{"floor":23,"key":"Whetstone"},{"floor":26,"key":"HornCleat"},{"floor":29,"key":"War Paint"}],"event_choices":[{"damage_healed":0.0,"max_hp_gain":0.0,"max_hp_loss":0.0,"gold_gain":75.0,"event_name":"World of Goop","player_choice":"Gather Gold","floor":5.0,"gold_loss":0.0,"damage_taken":11.0},{"damage_healed":0.0,"max_hp_gain":0.0,"max_hp_loss":0.0,"gold_gain":0.0,"event_name":"Nest","player_choice":"Joined the Cult","floor":21.0,"gold_loss":0.0,"damage_taken":6.0,"cards_obtained":["RitualDagger"]},{"damage_healed":0,"gold_gain":0,"player_choice":"Ignored","damage_taken":0,"max_hp_gain":0,"max_hp_loss":0,"event_name":"Cursed Tome","floor":24,"gold_loss":0}],"is_beta":false,"boss_relics":[{"not_picked":["Ectoplasm","HoveringKite"],"picked":"Runic Pyramid"}],"items_purged_floors":[25],"is_endless":false,"potions_floor_spawned":[1,2,3,6,14,20,22,31],"killed_by":"Automaton","ascension_level":20}}