{"host":"uhnh33uh34qot0et","time":1612646382,"event":{"mods":["BaseMod","Colored Map","Downfall","Hermit","Marisa????????","Minty Spire (QoL Compilation)","StSLib","The Bug Knight","The Cursed","The Servant 0.9.4"],"gold_per_floor":[112,112,112,31,50,82,82,257,310,310,324,341,358,386,386,489,489,504,515,515,206,226,258,258,271,271,46,46,59,59,78,78,78,78],"floor_reached":33,"language":"ENG","playtime":1203,"items_purged":[],"score":302,"play_id":"56e067f6-a81b-4232-bf74-d8d29f093590","local_time":"20210206221942","is_ascension_mode":false,"campfire_choices":[{"data":"Blade Dance","floor":7.0,"key":"SMITH"},{"data":"Dagger Throw","floor":10.0,"key":"SMITH"},{"floor":15.0,"key":"REST"},{"floor":24.0,"key":"REST"},{"floor":32,"key":"REST"}],"circlet_count":0,"master_deck":["Strike_G","Strike_G","Strike_G","Strike_G","Strike_G+1","Defend_G","Defend_G","Defend_G","Defend_G","Defend_G","Survivor","Neutralize","Dagger Throw+1","Footwork","Blade Dance+1","Slice","Doubt","Backstab","Blade Dance","Slice","Envenom","Footwork","Footwork","Flying Knee+1","Slice","Noxious Fumes","Poisoned Stab","Bane+1"],"relics":["Ring of the Snake","Orichalcum","Torii","Oddly Smooth Stone","TungstenRod","Black Star","MutagenicStrength","Snake Skull","Lee\u0027s Waffle","Ginger","Potion Belt","bronze:DecasWashers","champ:Barbells","Nloth\u0027s Gift"],"acts_visited":["Exordium","TheCity"],"potions_floor_usage":[],"damage_taken":[{"damage":0.0,"enemies":"2 Louse","floor":1.0,"turns":1.0},{"damage":0.0,"enemies":"Cultist","floor":5.0,"turns":1.0},{"damage":0.0,"enemies":"HollowMod:MossKnight","floor":6.0,"turns":1.0},{"damage":0.0,"enemies":"Jaw Worm","floor":11.0,"turns":3.0},{"damage":0.0,"enemies":"2 Fungi Beasts","floor":12.0,"turns":2.0},{"damage":0.0,"enemies":"3 Louse","floor":13.0,"turns":3.0},{"damage":13.0,"enemies":"Gremlin Nob","floor":14.0,"turns":4.0},{"damage":9.0,"enemies":"The Guardian","floor":16.0,"turns":14.0},{"damage":0.0,"enemies":"Chosen","floor":18.0,"turns":4.0},{"damage":5.0,"enemies":"Shelled Parasite and Fungi","floor":19.0,"turns":7.0},{"damage":32.0,"enemies":"3 Cultists","floor":22.0,"turns":8.0},{"damage":48.0,"enemies":"Slavers","floor":23.0,"turns":6.0},{"damage":16.0,"enemies":"Cultist and Chosen","floor":25.0,"turns":7.0},{"damage":12.0,"enemies":"Snake Plant","floor":29.0,"turns":4.0},{"damage":5.0,"enemies":"3 Cultists","floor":31.0,"turns":6.0},{"damage":58,"enemies":"Automaton","floor":33,"turns":6}],"seed_played":"7189843256265257436","potions_obtained":[{"floor":1.0,"key":"PowerPotion"},{"floor":5.0,"key":"LiquidBronze"},{"floor":12.0,"key":"FairyPotion"},{"floor":16.0,"key":"GhostInAJar"},{"floor":18.0,"key":"Dexterity Potion"},{"floor":19.0,"key":"LiquidBronze"},{"floor":25.0,"key":"Poison Potion"},{"floor":29.0,"key":"ColorlessPotion"}],"is_trial":false,"path_per_floor":["M","?","?","$","M","E","R","?","T","R","M","M","M","E","R","B",null,"M","M","?","$","M","E","R","M","T","$","?","M","?","M","R","B"],"character_chosen":"THE_SILENT","items_purchased":["Footwork","Snake Skull","Lee\u0027s Waffle","champ:Barbells","Noxious Fumes"],"campfire_rested":3,"item_purchase_floors":[4,21,21,27,27],"current_hp_per_floor":[70,45,45,45,45,45,45,45,45,45,45,45,45,32,53,44,70,70,65,65,77,45,23,46,30,30,30,30,18,18,13,36,0,0],"gold":78,"neow_bonus":"THREE_ENEMY_KILL","is_daily":false,"chose_seed":false,"campfire_upgraded":2,"win_rate":0.0,"timestamp":1612646382,"path_taken":["M","?","?","$","?","E","R","?","T","R","M","M","M","E","R","BOSS","M","M","?","$","M","E","R","M","T","$","?","M","?","?","R","BOSS"],"items_purchased_type":["Card","Relic","Relic","Relic","Card"],"build_version":"2020-12-22","purchased_purges":0,"victory":false,"max_hp_per_floor":[70,70,70,70,70,70,70,70,70,70,70,70,70,70,70,70,70,70,70,70,77,77,77,77,77,77,77,77,77,77,77,77,77,77],"card_choices":[{"not_picked":["Outmaneuver","Bouncing Flask"],"picked":"Dagger Throw","floor":1.0},{"not_picked":["Bane","Deadly Poison"],"picked":"Blade Dance","floor":5.0},{"not_picked":["Reflex","Backflip"],"picked":"Slice","floor":6.0},{"not_picked":["Distraction","Slice"],"picked":"Backstab","floor":11.0},{"not_picked":["Reflex","Dagger Throw"],"picked":"Blade Dance","floor":12.0},{"not_picked":["Caltrops","Dagger Throw"],"picked":"Slice","floor":13.0},{"not_picked":["Sucker Punch","Burst","Dodge and Roll"],"picked":"SKIP","floor":14.0},{"not_picked":["Phantasmal Killer","Corpse Explosion"],"picked":"Envenom","floor":16.0},{"not_picked":["Backflip","Riddle With Holes+1"],"picked":"Footwork","floor":18.0},{"not_picked":["Deflect+1","Calculated Gamble+1"],"picked":"Footwork","floor":19.0},{"not_picked":["Terror+1","Well Laid Plans","Escape Plan"],"picked":"SKIP","floor":22.0},{"not_picked":["Escape Plan","Masterful Stab"],"picked":"Flying Knee+1","floor":23.0},{"not_picked":["Underhanded Strike","Flying Knee"],"picked":"Slice","floor":25.0},{"not_picked":["Blur","Backflip"],"picked":"Poisoned Stab","floor":29.0},{"not_picked":["Well Laid Plans","Masterful Stab+1"],"picked":"Bane+1","floor":31.0}],"player_experience":17271,"relics_obtained":[{"floor":6.0,"key":"Torii"},{"floor":9.0,"key":"Oddly Smooth Stone"},{"floor":14.0,"key":"TungstenRod"},{"floor":23.0,"key":"Ginger"},{"floor":23.0,"key":"Potion Belt"},{"floor":26.0,"key":"bronze:DecasWashers"}],"event_choices":[{"damage_healed":0.0,"max_hp_gain":0.0,"max_hp_loss":0.0,"gold_gain":0.0,"event_name":"Scrap Ooze","player_choice":"Success","floor":2.0,"gold_loss":0.0,"damage_taken":25.0,"relics_obtained":["Orichalcum"]},{"damage_healed":0.0,"max_hp_gain":0.0,"max_hp_loss":0.0,"gold_gain":0.0,"event_name":"FaceTrader","player_choice":"Leave","floor":3.0,"gold_loss":0.0,"damage_taken":0.0},{"damage_healed":0.0,"max_hp_gain":0.0,"max_hp_loss":0.0,"gold_gain":175.0,"event_name":"Liars Game","player_choice":"AGREE","floor":8.0,"gold_loss":0.0,"damage_taken":0.0,"cards_obtained":["Doubt"]},{"damage_healed":0.0,"max_hp_gain":0.0,"max_hp_loss":0.0,"gold_gain":0.0,"event_name":"Drug Dealer","player_choice":"Inject Mutagens","floor":20.0,"gold_loss":0.0,"damage_taken":0.0,"relics_obtained":["MutagenicStrength"]},{"damage_healed":0.0,"max_hp_gain":0.0,"max_hp_loss":0.0,"gold_gain":0.0,"event_name":"Vampires","player_choice":"Ignored","floor":28.0,"gold_loss":0.0,"damage_taken":0.0},{"damage_healed":0.0,"max_hp_gain":0.0,"max_hp_loss":0.0,"gold_gain":0.0,"event_name":"N\u0027loth","player_choice":"Traded Relic","floor":30.0,"relics_lost":["NeowsBlessing"],"gold_loss":0.0,"damage_taken":0.0,"relics_obtained":["Nloth\u0027s Gift"]}],"is_beta":false,"boss_relics":[{"not_picked":["Runic Dome","sneckomod:SneckoTalon"],"picked":"Black Star"}],"items_purged_floors":[],"is_endless":false,"potions_floor_spawned":[1,5,12,16,18,19,25,29],"killed_by":"Automaton","ascension_level":0}}