{"host":"uka1ahftzzr5chfh","time":1612590602,"event":{"mods":["A Magickal Journey","Act Like it!","Ascension Reborn","Aspiration","BaseMod","BetterRewards","Block Reminder","Card Forge","Challenge The Spire","Clockwork Mod","Colored Powertips","Colorless Booster Pack","Conjunction","Conspire","Custom Start","Defuse TimeMaze Blight","Elementarium","Fiend Mod","Friendly Minions","Gremlin Mod","Halation","Hallownest","Hubris","Infinite Spire","Lobotomy","LobotomyExtend","Luminous","Minty Spire (QoL Compilation)","Permanent Neow","Relic Filter","Remove Card Discount Mod","Replay The Spire","Reworked Bosses","SacredBarkPlus","StSLib","SuperFastMode","Synergy Search","The Blackbeard","The Bladedancer","The Construct","The Cursed","The Disciple","The Elementalist","The Gatherer","The Jungle","The Marked","The Necromancer","The Runesmith","TheFirefly","Trackpad","Transform Curses","Wandering Minibosses"],"gold_per_floor":[111,111,128,146,165,190,190,190,244,244,257,257,282,282,282,382,382,437,457,488,488,502,502,502,533,556,581,596,610,610,621,621,724,724,1148,1168,1168,540,607,639,639,652,652,572,572,591,591,621,621,723,823,823,823],"floor_reached":51,"language":"ENG","playtime":4628,"items_purged":["Gatherer:Defend_Gatherer+1","Gatherer:Bulldoze+1"],"score":957,"play_id":"bbc0b884-29f9-4a93-a2c5-1328252d7334","local_time":"20210206005002","is_ascension_mode":true,"metric_token":3345,"campfire_choices":[{"floor":7.0,"key":"REST"},{"floor":10.0,"key":"REST"},{"floor":12.0,"key":"REST"},{"floor":15.0,"key":"REST"},{"floor":23.0,"key":"REST"},{"floor":32.0,"key":"REST"},{"floor":41,"key":"REST"},{"floor":49,"key":"REST"}],"circlet_count":0,"master_deck":["Gatherer:Centralize+1","Gatherer:FlowerWhip+3","Gatherer:AcidicSpray+1","Gatherer:WitheringStrike+1","Gatherer:Misfortune+1","Gatherer:Nutrients+1","Gatherer:WitheringStrike+1","Gatherer:Liquidism+1","Gatherer:FlamingBottle+1","Gatherer:Pollute+1","Gatherer:FlowerShield+3","Gatherer:SmartManeuver+1","infinitespire:Fortify+1","Gatherer:FlowerShield+3","Gatherer:UpgradeBag+1","Gatherer:PoisonMastery+1","Gatherer:UpgradeBag+1"],"relics":["Gatherer:AlchemyBag","Hammer of Thor","Seething Fire","Anvil of the Gods","LetterFromLob","Hallownest:SalubrasBlessingRelic","Anchor","Replay:Wax Seal","halation:LettersToHer","Runic Pyramid","ReplayTheSpireMod:TigerMarble","Sundial","construct:WeddingRing","MagicBullet_r","The Courier","Bag of Preparation","hubris:TenFootPole","Elementarium:ElementariumTrophy","Philosopher\u0027s Stone","trackpad:HandOfMidas","Lantern","Replay:Ringing Soul","infinitespire:BottledMercury","Letter Opener","Hallownest:BeastSealRelic","ReplayTheSpireMod:Ring of Addiction","Ring of Hypnosis","SacredBark","White Beast Statue","Vajra","Replay:Wanted Poster"],"acts_visited":["Exordium","Hallownest:Greenpath","Elementarium:Elementarium","Exordium"],"potions_floor_usage":[46,50,50],"damage_taken":[{"damage":0.0,"enemies":"Hallownest:monsterHuskWarrior","floor":1.0,"turns":7.0},{"damage":3.0,"enemies":"Hallownest:2_MossCreeps","floor":3.0,"turns":5.0},{"damage":1.0,"enemies":"Hallownest:2_Baldur","floor":4.0,"turns":6.0},{"damage":12.0,"enemies":"Hallownest:Guard_and_Warrior","floor":5.0,"turns":10.0},{"damage":45.0,"enemies":"Hallownest:eliteCrystalGuardian","floor":6.0,"turns":9.0},{"damage":18.0,"enemies":"Hallownest:1_Ooma_and_2_Uuma","floor":11.0,"turns":8.0},{"damage":0.0,"enemies":"Hallownest:eliteVengeflyKing","floor":13.0,"turns":6.0},{"damage":0.0,"enemies":"Hallownest:monsterAspidMother","floor":14.0,"turns":2.0},{"damage":23.0,"enemies":"Hallownest:BossBrokenVessel","floor":16.0,"turns":7.0},{"damage":0.0,"enemies":"Elementarium:VoidCorruption","floor":18.0,"turns":5.0},{"damage":0.0,"enemies":"Elementarium:MUD_AND_TAR_GOLEMS","floor":19.0,"turns":4.0},{"damage":1.0,"enemies":"conspire:MimicChest","floor":20.0,"turns":4.0},{"damage":0.0,"enemies":"Elementarium:RubyGolem","floor":22.0,"turns":3.0},{"damage":1.0,"enemies":"Nightmare","floor":25.0,"turns":4.0},{"damage":0.0,"enemies":"Elementarium:WarGolem","floor":27.0,"turns":2.0},{"damage":0.0,"enemies":"Elementarium:3_ELEMENTALS","floor":28.0,"turns":2.0},{"damage":4.0,"enemies":"Elementarium:STONE_GOLEMS","floor":29.0,"turns":3.0},{"damage":2.0,"enemies":"Elementarium:VoidBeast","floor":31.0,"turns":2.0},{"damage":18.0,"enemies":"Elementarium:PHOENIXES","floor":33.0,"turns":8.0},{"damage":20.0,"enemies":"Hallownest:2_Littles","floor":35.0,"turns":7.0},{"damage":0.0,"enemies":"Hallownest:3_Siblings","floor":36.0,"turns":4.0},{"damage":3.0,"enemies":"Hallownest:Shield_Sturdy","floor":39.0,"turns":3.0},{"damage":0.0,"enemies":"Hallownest:StalkingDevout","floor":40.0,"turns":5.0},{"damage":0,"enemies":"Hallownest:monsterPrimalAspid","floor":42,"turns":3},{"damage":0,"enemies":"Hallownest:Xero_Hu_Marmu","floor":46,"turns":3},{"damage":0,"enemies":"Hallownest:eliteHiveKnight","floor":48,"turns":2},{"damage":49,"enemies":"Hallownest:BossHollowKnight","floor":50,"turns":6}],"seed_played":"2788362976458082871","potions_obtained":[{"floor":1.0,"key":"LiquidMemories"},{"floor":3.0,"key":"FearPotion"},{"floor":11.0,"key":"SpeedPotion"},{"floor":13.0,"key":"SpeedPotion"},{"floor":16.0,"key":"BloodPotion"},{"floor":20.0,"key":"Poison Potion"},{"floor":47,"key":"Energy Potion"},{"floor":48,"key":"Strength Potion"},{"floor":50,"key":"SpeedPotion"}],"is_trial":false,"path_per_floor":["M","?","M","M","M","E","R","?","T","R","M","R","E","M","R","B",null,"M","M","?","AVR","M","R","M","NM","T","E","M","M","?","M","R","B",null,"M","M","?","$","M","E","R","M","T","?","?","M","?","E","R","B",null],"character_chosen":"THE_GATHERER","items_purchased":["trackpad:HandOfMidas","Gatherer:PoisonMastery","Lantern","Replay:Ringing Soul"],"campfire_rested":8,"item_purchase_floors":[38,38,38,38],"current_hp_per_floor":[72,72,69,68,56,11,34,41,41,65,47,71,71,71,80,57,80,80,80,79,79,83,86,88,87,87,87,87,83,83,81,90,72,90,70,70,73,73,73,73,98,98,98,101,104,104,107,107,109,99,109,109,109],"gold":823,"neow_bonus":"TRANSFORM_CARD","is_daily":false,"chose_seed":false,"campfire_upgraded":0,"win_rate":0.0,"timestamp":1612590602,"path_taken":["M","?","M","M","M","E","R","?","T","R","?","R","E","M","R","BOSS","M","M","?","AVR","M","R","M","NM","T","E","M","M","?","M","R","BOSS","M","M","?","$","M","E","R","M","T","?","?","M","?","E","R","BOSS"],"items_purchased_type":["Relic","Card","Card","Relic"],"build_version":"2020-12-22","purchased_purges":2,"victory":false,"max_hp_per_floor":[72,72,72,72,72,72,74,74,74,76,76,78,78,78,80,80,80,80,80,80,80,84,86,88,88,88,88,88,88,88,88,90,90,90,90,90,93,93,96,96,98,98,98,101,104,104,107,107,109,109,109,109,109],"card_choices":[{"not_picked":["Gatherer:FragileHammer","Gatherer:BigPouch"],"picked":"Gatherer:WitheringStrike","floor":1.0},{"not_picked":["Gatherer:FlowerFalling","Gatherer:Uplift"],"picked":"Gatherer:EchoOfNature","floor":3.0},{"not_picked":["Gatherer:PotentialSlash","Gatherer:GatherMaterial"],"picked":"Gatherer:Misfortune","floor":4.0},{"not_picked":["Gatherer:EnergyBasket","Gatherer:GatherMaterial"],"picked":"Gatherer:Nutrients","floor":5.0},{"not_picked":["Gatherer:Convert","Gatherer:WoolGloves","Gatherer:RottenStipe"],"picked":"SKIP","floor":6.0},{"not_picked":["Gatherer:SaveValuables","Gatherer:Duplicator"],"picked":"Gatherer:WitheringStrike","floor":11.0},{"not_picked":["Gatherer:DrugPower","Gatherer:FlowerPower"],"picked":"Gatherer:Liquidism","floor":13.0},{"not_picked":["Gatherer:SaveValuables","Gatherer:ScentOfRosmari"],"picked":"Gatherer:FlamingBottle","floor":14.0},{"not_picked":["Gatherer:WoolGloves","Gatherer:ScentOfRosmari+1"],"picked":"Gatherer:Pollute","floor":18.0},{"not_picked":["Gatherer:BambuSword","Gatherer:FlowerFalling"],"picked":"Gatherer:FlowerShield+1","floor":19.0},{"not_picked":["Gatherer:PotentialSlash","Gatherer:Solidify"],"picked":"Gatherer:SmartManeuver","floor":20.0},{"not_picked":["Gatherer:GatherMaterial+1","Gatherer:SmartManeuver"],"picked":"Gatherer:FlowerShield","floor":22.0},{"not_picked":["Gatherer:Transmute","Gatherer:AromaProtection+1"],"picked":"Gatherer:FlowerFalling+1","floor":25.0},{"not_picked":["Gatherer:CarefulStrike","Gatherer:Polymorphism+1"],"picked":"Gatherer:UpgradeBag+1","floor":27.0},{"not_picked":["Gatherer:UpgradeBag+1","Gatherer:Snatch+1","Gatherer:Duplicator"],"picked":"SKIP","floor":28.0},{"not_picked":["Gatherer:FragileHammer+1","Gatherer:PotentialSlash+1","Gatherer:FlowerFalling"],"picked":"SKIP","floor":29.0},{"not_picked":["Gatherer:CarefulStrike+1","Gatherer:FruitForce","Gatherer:ScherryThrow"],"picked":"SKIP","floor":31.0},{"not_picked":["Gatherer:Photoscythe","Gatherer:MindSearch"],"picked":"Gatherer:Bulldoze","floor":33.0},{"not_picked":["Gatherer:FlowerFalling","Gatherer:DrugPower","Gatherer:QuickSynthesis"],"picked":"SKIP","floor":35.0},{"not_picked":["Gatherer:Enchant+1","Gatherer:Frenzy","Gatherer:DrugPower+1"],"picked":"SKIP","floor":36.0},{"not_picked":["Gatherer:AcidicSpray+1","Gatherer:FlowerFalling+1"],"picked":"Gatherer:UpgradeBag","floor":39.0},{"not_picked":["Gatherer:FlowerPower+1","Gatherer:FlowerFalling","Gatherer:EchoOfNature+1"],"picked":"SKIP","floor":40},{"not_picked":["Gatherer:BambuSword","Gatherer:Duality","Gatherer:FlowerShield"],"picked":"SKIP","floor":42},{"not_picked":["Gatherer:CarefulStrike+1","Gatherer:FlowerShield","Gatherer:Frenzy+1"],"picked":"SKIP","floor":46},{"not_picked":["Gatherer:WitheringStrike+1","Gatherer:RottenStipe","Gatherer:CollectorsShot"],"picked":"SKIP","floor":48}],"player_experience":799249,"relics_obtained":[{"floor":1.0,"key":"LetterFromLob"},{"floor":6.0,"key":"Anchor"},{"floor":9.0,"key":"Replay:Wax Seal"},{"floor":13.0,"key":"halation:LettersToHer"},{"floor":20.0,"key":"ReplayTheSpireMod:TigerMarble"},{"floor":25.0,"key":"The Courier"},{"floor":26.0,"key":"halation:LettersToHer"},{"floor":26.0,"key":"Bag of Preparation"},{"floor":27.0,"key":"hubris:TenFootPole"},{"floor":40,"key":"infinitespire:BottledMercury"},{"floor":43,"key":"halation:LettersToHer"},{"floor":43,"key":"Letter Opener"},{"floor":47,"key":"ReplayTheSpireMod:Ring of Addiction"},{"floor":47,"key":"Ring of Hypnosis"},{"floor":47,"key":"SacredBark"},{"floor":47,"key":"White Beast Statue"},{"floor":48,"key":"Vajra"}],"event_choices":[],"is_beta":false,"boss_relics":[{"not_picked":["Runic Dome","aspiration:WatcherSkillbook"],"picked":"Runic Pyramid"},{"not_picked":["aspiration:RitualDagger","ReplayTheSpireMod:SealedPack"],"picked":"Philosopher\u0027s Stone"},{"not_picked":["Gatherer:ExplorersPath","hubris:RunicObelisk"],"picked":"Replay:Wanted Poster"}],"items_purged_floors":[38,38],"is_endless":true,"potions_floor_spawned":[1,3,11,13,16,20,28,29,31,33,35,36,48,50],"ascension_level":0}}