{"host":"xp5rvh2jwe2ejyfm","time":1612651157,"event":{"mods":["2.2 Compatiblity","Aspiration","BaseMod","Better Altar","Better Match","Better Note","Better Sensory Stone","Better Skull","BetterRewards","Colored Powertips","Conspire","Downfall","GifTheSpireLib","Gremlin Mod","GungeonMod","Hermit","Hubris","Jorbs\u0027s Wanderer Trilogy","Minty Spire (QoL Compilation)","Potionbrewer","Quick Restart","Replay The Spire","Robot Space Explorer","Shade Mod","Somnambulant","StSLib","The Bug Knight","The Clintock","The Construct","The Cursed","The Disciple","The Forsaken","The Hierophant","The Necromancer","The Runesmith","The Servant 0.9.4","The Valiant","The Witch","TheFirefly","thorton"],"gold_per_floor":[117,134,149,149,159,159,159],"floor_reached":6,"language":"ENG","playtime":271,"items_purged":[],"score":38,"play_id":"44f2a09d-744b-469f-bd00-5597331ea2d9","local_time":"20210206173917","is_ascension_mode":false,"campfire_choices":[],"circlet_count":0,"master_deck":["Strike_Witch","Strike_Witch","Strike_Witch","Strike_Witch","Defend_Witch","Defend_Witch","Defend_Witch","Defend_Witch","Hexguard","ZombieSpit","GhoulTouch","Bewitch","SummonOwlFamiliar","Pain","GhoulTouch"],"relics":["BlackCat","NeowsBlessing","WarpedTongs"],"acts_visited":["Exordium"],"potions_floor_usage":[],"damage_taken":[{"damage":0,"enemies":"2 Louse","floor":1,"turns":1},{"damage":0,"enemies":"Cultist","floor":2,"turns":1},{"damage":0,"enemies":"Jaw Worm","floor":3,"turns":1},{"damage":8,"enemies":"3 Louse","floor":5,"turns":4},{"damage":59,"enemies":"3 Sentries","floor":6,"turns":8}],"seed_played":"-5429528785118453409","potions_obtained":[{"floor":1,"key":"Guardian:BlockOnCardUsePotion"},{"floor":5,"key":"potionbrewer:BoundlessPotion"}],"is_trial":false,"path_per_floor":["M","M","M","?","M","E"],"character_chosen":"WITCH","items_purchased":[],"campfire_rested":0,"item_purchase_floors":[],"current_hp_per_floor":[67,67,67,67,59,0,0],"gold":159,"neow_bonus":"THREE_ENEMY_KILL","is_daily":false,"chose_seed":false,"campfire_upgraded":0,"win_rate":0.0,"timestamp":1612651157,"path_taken":["M","M","M","?","M","E"],"items_purchased_type":[],"build_version":"2020-12-22","purchased_purges":0,"victory":false,"max_hp_per_floor":[67,67,67,67,67,67,67],"card_choices":[{"not_picked":["Harmlessness","Broomstick"],"picked":"GhoulTouch","floor":1},{"not_picked":["SoulBarrier","WretchedNails"],"picked":"Bewitch","floor":2},{"not_picked":["Demonfyre","BoneCarving"],"picked":"SummonOwlFamiliar","floor":3},{"not_picked":["KarmaDrain","RiteOfAutumn"],"picked":"GhoulTouch","floor":5}],"player_experience":453372,"relics_obtained":[],"event_choices":[{"damage_healed":0,"gold_gain":0,"player_choice":"Rummage","damage_taken":0,"relics_obtained":["WarpedTongs"],"max_hp_gain":0,"max_hp_loss":0,"event_name":"Accursed Blacksmith","floor":4,"gold_loss":0,"cards_obtained":["Pain"]}],"is_beta":false,"boss_relics":[],"items_purged_floors":[],"is_endless":false,"potions_floor_spawned":[1,5],"killed_by":"3 Sentries","ascension_level":0}}