{"host":"j4g6ia6asvpyu2b0","time":1612649988,"event":{"mods":["BaseMod","Colored Map","Minty Spire (QoL Compilation)","Permanent Neow","Quick Restart","Relic Stats","StSLib","Unceasing Turn Reminder"],"gold_per_floor":[116,132,132,150,169,203,226,252,252,269,596,615,432,442,442,442,442],"floor_reached":16,"language":"ENG","playtime":552,"items_purged":["Strike_G"],"score":171,"play_id":"3635a4da-7af0-4fcb-9df2-25b1d8684fad","local_time":"20210206151948","is_ascension_mode":true,"campfire_choices":[{"data":"Terror","floor":15,"key":"SMITH"}],"circlet_count":0,"master_deck":["Strike_G","Strike_G","Strike_G","Defend_G","Defend_G","Defend_G","Defend_G","Defend_G","Survivor","Neutralize","Flying Knee","Backflip","Bane","Terror+1","Quick Slash","Quick Slash","Well Laid Plans","Night Terror","Dagger Spray","Backflip","Dagger Spray","Caltrops","Bouncing Flask"],"relics":["Philosopher\u0027s Stone","Kunai","Odd Mushroom","Mummified Hand","Old Coin"],"acts_visited":["Exordium"],"potions_floor_usage":[8,11,11,12],"damage_taken":[{"damage":2,"enemies":"Jaw Worm","floor":1,"turns":5},{"damage":0,"enemies":"2 Louse","floor":2,"turns":3},{"damage":8,"enemies":"Small Slimes","floor":4,"turns":3},{"damage":6,"enemies":"Blue Slaver","floor":5,"turns":4},{"damage":16,"enemies":"3 Sentries","floor":6,"turns":11},{"damage":14,"enemies":"The Mushroom Lair","floor":7,"turns":5},{"damage":12,"enemies":"Gremlin Nob","floor":8,"turns":4},{"damage":0,"enemies":"2 Fungi Beasts","floor":10,"turns":2},{"damage":0,"enemies":"3 Sentries","floor":11,"turns":2},{"damage":9,"enemies":"Lots of Slimes","floor":12,"turns":4},{"damage":0,"enemies":"Large Slime","floor":14,"turns":4},{"damage":6,"enemies":"Slime Boss","floor":16,"turns":3}],"seed_played":"-4107686731044271041","potions_obtained":[{"floor":1,"key":"Swift Potion"},{"floor":6,"key":"LiquidMemories"},{"floor":8,"key":"SteroidPotion"},{"floor":10,"key":"GhostInAJar"},{"floor":11,"key":"LiquidBronze"}],"is_trial":false,"path_per_floor":["M","M","?","M","M","E","?","E","T","M","E","M","$","M","R","B"],"character_chosen":"THE_SILENT","items_purchased":["Caltrops","Bouncing Flask"],"campfire_rested":0,"item_purchase_floors":[13,13],"current_hp_per_floor":[68,68,68,60,54,38,24,12,12,12,12,3,3,3,3,0,0],"gold":442,"neow_bonus":"BOSS_RELIC","is_daily":false,"chose_seed":false,"campfire_upgraded":1,"win_rate":0.0,"timestamp":1612649988,"path_taken":["M","M","?","M","M","E","?","E","T","M","E","M","$","?","R","BOSS"],"items_purchased_type":["Card","Card"],"build_version":"2020-12-22","purchased_purges":1,"victory":false,"max_hp_per_floor":[70,70,70,70,70,70,70,70,70,70,70,70,70,70,70,70,70],"relic_stats":{"counters":[12,50],"Mummified Hand":[8],"Kunai":[10],"obtain_stats":[{"Mummified Hand":8,"Philosopher\u0027s Stone":0,"Kunai":6,"Odd Mushroom":7,"Ring of the Snake":0,"Old Coin":11},{"Mummified Hand":7,"Philosopher\u0027s Stone":0,"Kunai":5,"Odd Mushroom":6,"Ring of the Snake":0,"Old Coin":9},{"Mummified Hand":35,"Philosopher\u0027s Stone":0,"Kunai":26,"Odd Mushroom":31,"Ring of the Snake":0,"Old Coin":39}]},"card_choices":[{"not_picked":["Heel Hook","Reflex"],"picked":"Flying Knee","floor":1},{"not_picked":["Deadly Poison","Dagger Throw"],"picked":"Backflip","floor":2},{"not_picked":["Backflip","Cloak And Dagger"],"picked":"Terror","floor":4},{"not_picked":["Catalyst","Deadly Poison"],"picked":"Quick Slash","floor":5},{"not_picked":["Terror","Blur"],"picked":"Quick Slash","floor":6},{"not_picked":["Backstab","Dodge and Roll"],"picked":"Well Laid Plans","floor":7},{"not_picked":["Setup","Prepared"],"picked":"Night Terror","floor":8},{"not_picked":["Expertise","Acrobatics"],"picked":"Dagger Spray","floor":10},{"not_picked":["Dagger Throw","Sucker Punch"],"picked":"Backflip","floor":11},{"not_picked":["Poisoned Stab","Prepared"],"picked":"Dagger Spray","floor":12},{"not_picked":["Slice","Setup","Sucker Punch"],"picked":"SKIP","floor":14}],"player_experience":1166356,"relics_obtained":[{"floor":6,"key":"Kunai"},{"floor":7,"key":"Odd Mushroom"},{"floor":8,"key":"Mummified Hand"},{"floor":11,"key":"Old Coin"}],"event_choices":[{"damage_healed":0,"gold_gain":0,"cards_transformed":["Strike_G"],"player_choice":"Change","damage_taken":0,"max_hp_gain":0,"max_hp_loss":0,"event_name":"Living Wall","floor":3,"gold_loss":0,"cards_obtained":["Bane"]},{"damage_healed":0,"gold_gain":0,"player_choice":"Fought Mushrooms","damage_taken":0,"max_hp_gain":0,"max_hp_loss":0,"event_name":"Mushrooms","floor":7,"gold_loss":0}],"is_beta":false,"boss_relics":[],"items_purged_floors":[13],"is_endless":false,"potions_floor_spawned":[1,6,8,10,11],"killed_by":"Slime Boss","ascension_level":3}}