{"host":"jpcy2bclvs7juczu","time":1612570562,"event":{"mods":["Alarm Clock","BaseMod","Bestiary","Block Reminder","Colored Map","Colored Powertips","Curses Come First","Dark Map","Filter the Spire","Minty Spire (QoL Compilation)","Quick Restart","RNG Fix","Relic Stats","Slay the Relics Exporter","Smile Girya","StSLib","everything is the same but u backflip on backflip","ojb\u0027s Better Paths Mod","ojb\u0027s Info Mod","slay the spire mod where everything is the same but ironclad has a cowboy hat"],"gold_per_floor":[115,115,132,152,167,167,0,0,0,33,47,47,0,32,32,106,106,125,135,148,73,73,104,104,104],"floor_reached":24,"language":"ENG","playtime":1185,"items_purged":[],"score":502,"play_id":"778cbd20-184f-4023-ae55-fa20480381c4","local_time":"20210205191602","is_ascension_mode":true,"campfire_choices":[{"data":"Poisoned Stab","floor":6,"key":"SMITH"},{"data":"Poisoned Stab","floor":8,"key":"SMITH"},{"data":"Dagger Spray","floor":12,"key":"SMITH"},{"data":"Crippling Poison","floor":15,"key":"SMITH"}],"circlet_count":0,"master_deck":["AscendersBane","Strike_G","Strike_G","Strike_G","Defend_G","Defend_G","Defend_G","Defend_G","Survivor","Neutralize","Blur","Poisoned Stab+1","Poisoned Stab+1","Crippling Poison+1","Endless Agony","Terror","Dagger Spray+1","Phantasmal Killer","PiercingWail","Dodge and Roll","Outmaneuver","Blade Dance+1"],"relics":["Ring of the Snake","Pen Nib","Eternal Feather","Kunai","Bag of Marbles","Cursed Key","StoneCalendar"],"acts_visited":["Exordium","TheCity"],"potions_floor_usage":[10,14,14,19,23],"damage_taken":[{"damage":0,"enemies":"2 Louse","floor":1,"turns":5},{"damage":4,"enemies":"Cultist","floor":3,"turns":4},{"damage":5,"enemies":"Small Slimes","floor":4,"turns":5},{"damage":14,"enemies":"Exordium Wildlife","floor":5,"turns":4},{"damage":0,"enemies":"Lagavulin","floor":10,"turns":5},{"damage":0,"enemies":"Large Slime","floor":11,"turns":3},{"damage":10,"enemies":"Gremlin Nob","floor":14,"turns":3},{"damage":14,"enemies":"The Guardian","floor":16,"turns":8},{"damage":5,"enemies":"Spheric Guardian","floor":18,"turns":3},{"damage":9,"enemies":"Shell Parasite","floor":19,"turns":4},{"damage":0,"enemies":"3 Cultists","floor":20,"turns":4},{"damage":18,"enemies":"Book of Stabbing","floor":23,"turns":4},{"damage":22,"enemies":"Shelled Parasite and Fungi","floor":24,"turns":3}],"seed_played":"-39337323291906453","potions_obtained":[{"floor":3,"key":"PowerPotion"},{"floor":4,"key":"Block Potion"},{"floor":11,"key":"EntropicBrew"},{"floor":16,"key":"Strength Potion"},{"floor":18,"key":"GhostInAJar"}],"is_trial":false,"path_per_floor":["M","?","M","M","M","R","$","R","T","E","M","R","?","E","R","B",null,"M","M","M","?","?","E","M"],"character_chosen":"THE_SILENT","items_purchased":["Pen Nib"],"campfire_rested":0,"item_purchase_floors":[7],"current_hp_per_floor":[59,48,44,39,25,25,25,25,25,25,25,34,34,24,33,19,54,49,40,40,40,40,22,0,0],"gold":104,"neow_bonus":"TRANSFORM_CARD","is_daily":false,"chose_seed":false,"campfire_upgraded":4,"win_rate":0.0,"timestamp":1612570562,"path_taken":["M","?","M","M","M","R","$","R","T","E","M","R","?","E","R","BOSS","M","M","M","?","?","E","M"],"items_purchased_type":["Relic"],"build_version":"2020-12-22","purchased_purges":0,"victory":false,"max_hp_per_floor":[66,66,66,66,66,66,66,66,66,66,66,66,66,66,66,66,66,66,66,66,66,66,66,66,66],"relic_stats":{"counters":[13,55],"Eternal Feather":18,"StoneCalendar":[0],"Pen Nib":[9],"Kunai":[15],"Cursed Key":0,"obtain_stats":[{"Eternal Feather":9,"StoneCalendar":23,"Pen Nib":7,"Bag of Marbles":14,"Kunai":10,"Cursed Key":17,"Ring of the Snake":0},{"Eternal Feather":4,"StoneCalendar":12,"Pen Nib":4,"Bag of Marbles":7,"Kunai":5,"Cursed Key":8,"Ring of the Snake":0},{"Eternal Feather":18,"StoneCalendar":52,"Pen Nib":18,"Bag of Marbles":29,"Kunai":23,"Cursed Key":37,"Ring of the Snake":0}],"Ring of the Snake":[27]},"card_choices":[{"not_picked":["Quick Slash","Riddle With Holes"],"picked":"Poisoned Stab","floor":1},{"not_picked":["Outmaneuver","Deflect"],"picked":"Poisoned Stab","floor":3},{"not_picked":["Blur","Underhanded Strike"],"picked":"Crippling Poison","floor":4},{"not_picked":["Sucker Punch","Backflip"],"picked":"Endless Agony","floor":5},{"not_picked":["Prepared","Acrobatics"],"picked":"Terror","floor":10},{"not_picked":["Acrobatics","Dodge and Roll"],"picked":"Dagger Spray","floor":11},{"not_picked":["Slice","Infinite Blades","Choke"],"picked":"SKIP","floor":14},{"not_picked":["Wraith Form v2","Grand Finale"],"picked":"Phantasmal Killer","floor":16},{"not_picked":["Outmaneuver","Underhanded Strike+1"],"picked":"PiercingWail","floor":18},{"not_picked":["Flying Knee","Caltrops"],"picked":"Dodge and Roll","floor":19},{"not_picked":["Dagger Throw","Unload"],"picked":"Outmaneuver","floor":20},{"not_picked":["Bullet Time","Catalyst"],"picked":"Blade Dance+1","floor":23}],"player_experience":1583263,"relics_obtained":[{"floor":9,"key":"Eternal Feather"},{"floor":10,"key":"Kunai"},{"floor":14,"key":"Bag of Marbles"},{"floor":23,"key":"StoneCalendar"}],"event_choices":[{"damage_healed":0,"gold_gain":0,"player_choice":"Fled","damage_taken":11,"max_hp_gain":0,"max_hp_loss":0,"event_name":"Scrap Ooze","floor":2,"gold_loss":0},{"damage_healed":0,"gold_gain":0,"player_choice":"Left Gold","damage_taken":0,"max_hp_gain":0,"max_hp_loss":0,"event_name":"World of Goop","floor":13,"gold_loss":47},{"cards_removed":["Strike_G"],"damage_healed":0,"gold_gain":0,"player_choice":"Gave Gold","damage_taken":0,"max_hp_gain":0,"max_hp_loss":0,"event_name":"Beggar","floor":21,"gold_loss":75},{"cards_removed":["Strike_G"],"damage_healed":0,"gold_gain":0,"player_choice":"Offered Basic","damage_taken":0,"max_hp_gain":0,"max_hp_loss":0,"event_name":"Bonfire Elementals","floor":22,"gold_loss":0}],"is_beta":false,"boss_relics":[{"not_picked":["Velvet Choker","SlaversCollar"],"picked":"Cursed Key"}],"items_purged_floors":[],"is_endless":false,"potions_floor_spawned":[3,4,11,14,16,18],"killed_by":"Shelled Parasite and Fungi","ascension_level":20}}