{"host":"roto7j7840a50pxh","time":1612606412,"event":{"mods":["Act Like it!","BaseMod","Better Altar","Better Note","Better Sensory Stone","Better Skull","Better Third Choice","BetterRewards","Colored Map","Colored Powertips","Downfall","Elementarium","Hermit","Highlight Path","Hubris","Infinite Spire","Minty Spire (QoL Compilation)","Replay The Spire","Robot Space Explorer","Shade Mod","Spicy Shops","StSLib","The Construct","The Cursed","The Dragon Tamer","The Hierophant","The Jungle","The Necromancer","The Runesmith","The Servant 0.9.4","TheVacant"],"gold_per_floor":[109,129,147,147,157,157,157,192,192,192,212,224,224,253,253,349,349,360,377,389,12,28,28,28,55,55,84,84,101,119,319,319,417,417,427,440,454,469,486,486,512,528,580,593,619,7,19,31,31,31],"floor_reached":51,"language":"ENG","playtime":9090,"items_purged":["CommonCold"],"score":1320,"play_id":"bb09350b-73c5-4711-89d1-573cea153d49","local_time":"20210206051332","is_ascension_mode":true,"campfire_choices":[{"floor":6.0,"key":"REST"},{"data":"construct:ScopeCore","floor":10.0,"key":"SMITH"},{"floor":15.0,"key":"REST"},{"data":"Footwork","floor":23.0,"key":"SMITH"},{"data":"construct:Enhance","floor":28.0,"key":"SMITH"},{"data":"construct:PointDefense","floor":32,"key":"SMITH"},{"data":"construct:BatteryCore","floor":40,"key":"SMITH"},{"data":"construct:CripplingShot","floor":49,"key":"SMITH"}],"circlet_count":0,"master_deck":["construct:Strike_Gold","construct:Strike_Gold","construct:Strike_Gold","construct:Strike_Gold","construct:Strike_Gold","construct:Defend_Gold","construct:Defend_Gold","construct:Defend_Gold","construct:Defend_Gold","construct:Defend_Gold","construct:AttackMode+1","construct:Overcharge","construct:ChargeShot+1","construct:Chainstrike","construct:MassProduction","construct:ScopeCore+1","construct:Enhance+1","Flash of Steel","construct:Anticipate+1","construct:Boost","construct:Versatility","Footwork+1","construct:Impenetrable","construct:FlameCore","construct:ScrapCannon","construct:Impenetrable+1","construct:PointDefense+1","infinitespire:Starlight","construct:ScopeCore","construct:HyperBeam","construct:FlameCore","construct:FlameCore+1","construct:ScrapCannon","construct:Autoturret","construct:Reinforce","construct:Accumulate+1","construct:ChargeShot","construct:CripplingShot+1","construct:Disrupt+1","construct:Backfire+1","construct:Autoturret","construct:BatteryCore+1","construct:Impenetrable+1","construct:Autoturret","construct:CripplingShot+1","construct:CripplingShot+1","construct:SpinDrive","construct:SweepLaser+1","construct:Disrupt+1","construct:Autoturret","construct:LaserCore","construct:Hazardproof+1","construct:PowerUp"],"relics":["construct:Cogwheel","hubris:OldNail","PreservedInsect","bronze:BronzeIdol","BargainBundle","Happy Flower","Runesmith:AutoHammer","Snack Pack","Pantograph","Replay:Fungal Core","hubris:TinFlute","Painkiller Herb","ReplayTheSpireMod:CursedCoin","ReplayFunnel","champ:Barbells","infinitespire:Joker Card","hubris:VirtuousBlindfold","Mango","Runesmith:Locket","Nunchaku","SlaversCollar","Blue Doll","Omamori","TungstenRod","Kunai","HandDrill","Potion Belt"],"acts_visited":["Exordium","TheCity","TheBeyond"],"potions_floor_usage":[37,38,42,50,50],"damage_taken":[{"damage":2.0,"enemies":"Jaw Worm","floor":1.0,"turns":4.0},{"damage":1.0,"enemies":"2 Louse","floor":2.0,"turns":2.0},{"damage":0.0,"enemies":"Cultist","floor":3.0,"turns":3.0},{"damage":7.0,"enemies":"Lots of Slimes","floor":5.0,"turns":5.0},{"damage":14.0,"enemies":"Gremlin Nob","floor":8.0,"turns":4.0},{"damage":6.0,"enemies":"Blue Slaver","floor":11.0,"turns":5.0},{"damage":8.0,"enemies":"3 Louse","floor":12.0,"turns":3.0},{"damage":12.0,"enemies":"Replay:BlueRogue","floor":14.0,"turns":4.0},{"damage":39.0,"enemies":"Fading Forest","floor":16.0,"turns":11.0},{"damage":4.0,"enemies":"Shell Parasite","floor":18.0,"turns":4.0},{"damage":7.0,"enemies":"3 Byrds","floor":19.0,"turns":8.0},{"damage":9.0,"enemies":"Cultist and Chosen","floor":20.0,"turns":7.0},{"damage":0.0,"enemies":"Snecko","floor":22.0,"turns":4.0},{"damage":14.0,"enemies":"Slavers","floor":25.0,"turns":6.0},{"damage":0.0,"enemies":"Gremlin Leader","floor":27.0,"turns":10.0},{"damage":0,"enemies":"Shelled Parasite and Fungi","floor":29,"turns":7},{"damage":0,"enemies":"Cultist and Chosen","floor":30,"turns":6},{"damage":38,"enemies":"hubris:MusketHawk","floor":33,"turns":10},{"damage":13,"enemies":"3 Shapes","floor":35,"turns":8},{"damage":46,"enemies":"3 Darklings","floor":36,"turns":14},{"damage":7,"enemies":"Jaw Worm Horde","floor":37,"turns":5},{"damage":0,"enemies":"Sphere and 2 Shapes","floor":38,"turns":13},{"damage":1,"enemies":"4 Shapes","floor":39,"turns":14},{"damage":0,"enemies":"Giant Head","floor":41,"turns":10},{"damage":2,"enemies":"Jaw Worm Horde","floor":42,"turns":4},{"damage":0,"enemies":"Maw","floor":44,"turns":12},{"damage":44,"enemies":"Reptomancer","floor":45,"turns":10},{"damage":0,"enemies":"Writhing Mass","floor":47,"turns":8},{"damage":0,"enemies":"Spire Growth","floor":48,"turns":7},{"damage":24,"enemies":"Awakened One","floor":50,"turns":22}],"seed_played":"-140577666012683632","potions_obtained":[{"floor":2.0,"key":"sneckomod:MuddlingPotion"},{"floor":11.0,"key":"AttackPotion"},{"floor":12.0,"key":"DuplicationPotion"},{"floor":14.0,"key":"SkillPotion"},{"floor":18.0,"key":"Swift Potion"},{"floor":25.0,"key":"SkillPotion"},{"floor":30,"key":"LiquidMemories"},{"floor":33,"key":"SpeedPotion"},{"floor":36,"key":"Block Potion"},{"floor":38,"key":"Block Potion"},{"floor":41,"key":"Ancient Potion"},{"floor":42,"key":"Energy Potion"},{"floor":45,"key":"Doom Potion"},{"floor":48,"key":"EssenceOfSteel"}],"is_trial":false,"path_per_floor":["M","M","M","?","M","R","?","E","T","R","M","M","AVR","E","R","B",null,"?","?","?","T","?","T","AVR","E","T","E","T","?","?","?","T","B",null,"?","?","?","?","?","T","E","?","T","?","E","T","?","?","T","B",null],"character_chosen":"THE_CONSTRUCT_MOD","items_purchased":["hubris:OldNail","PreservedInsect","bronze:BronzeIdol","construct:Overcharge","BargainBundle","construct:ChargeShot","construct:Chainstrike","construct:MassProduction","construct:ScopeCore","construct:Enhance","Flash of Steel","Block Potion","Swift Potion","AttackPotion","Happy Flower","ReplayTheSpireMod:CursedCoin","ReplayFunnel","champ:Barbells","construct:Autoturret","construct:Reinforce","construct:Accumulate","Kunai","HandDrill","Potion Belt","construct:LaserCore"],"campfire_rested":2,"item_purchase_floors":[0,0,0,0,0,0,0,0,0,0,0,0,0,0,0,21,21,21,21,21,21,46,46,46,46],"current_hp_per_floor":[37,36,36,36,29,54,54,40,40,40,34,28,28,28,53,39,85,83,85,85,85,85,85,85,87,93,99,99,99,99,99,99,67,99,90,88,91,99,99,99,99,99,99,99,73,79,89,99,99,83],"gold":31,"neow_bonus":"","is_daily":false,"chose_seed":false,"campfire_upgraded":6,"win_rate":0.0,"timestamp":1612606412,"path_taken":["M","M","M","?","M","R","?","E","T","R","?","M","AVR","E","R","BOSS","?","?","?","T","?","T","AVR","E","T","E","T","?","?","?","T","BOSS","?","?","?","?","?","T","E","?","T","?","E","T","?","?","T","BOSS"],"items_purchased_type":["Relic","Relic","Relic","Card","Relic","Card","Card","Card","Card","Card","Card","Potion","Potion","Potion","Relic","Relic","Relic","Relic","Card","Card","Card","Relic","Relic","Relic","Card"],"build_version":"2020-12-22","purchased_purges":1,"victory":true,"max_hp_per_floor":[85,85,85,85,85,85,85,85,85,85,85,85,85,85,85,85,85,85,85,85,85,85,85,85,99,99,99,99,99,99,99,99,99,99,99,99,99,99,99,99,99,99,99,99,99,99,99,99,99,99],"card_choices":[{"not_picked":["construct:ShiftStrike","construct:FierceBash"],"picked":"construct:Tumble","floor":1.0},{"not_picked":["construct:ClusterMines","construct:FierceBash"],"picked":"construct:Boost","floor":2.0},{"not_picked":["construct:Chainstrike","construct:Analyze"],"picked":"construct:Versatility","floor":3.0},{"not_picked":["construct:SuppressiveFire","construct:FlakBarrage"],"picked":"construct:Impenetrable","floor":5.0},{"not_picked":["construct:Reserves","construct:ModeShift"],"picked":"construct:ScrapCannon","floor":8.0},{"not_picked":["construct:FlakBarrage","construct:ModeShift"],"picked":"construct:Impenetrable","floor":11.0},{"not_picked":["construct:ScrapCannon","construct:Anticipate"],"picked":"construct:PointDefense","floor":12.0},{"not_picked":["construct:SweepLaser","construct:ModeShift"],"picked":"construct:ScopeCore","floor":14.0},{"not_picked":["construct:PanicFire","construct:MemoryTap"],"picked":"construct:HyperBeam","floor":16.0},{"not_picked":["construct:Overcharge","construct:SuppressiveFire+1"],"picked":"construct:FlameCore","floor":18.0},{"not_picked":["construct:SweepLaser","construct:ShiftStrike"],"picked":"construct:FlameCore+1","floor":19.0},{"not_picked":["construct:FocusedBeam","construct:FierceBash+1"],"picked":"construct:ScrapCannon","floor":20.0},{"not_picked":["construct:Analyze","construct:Bunker"],"picked":"construct:ChargeShot","floor":22.0},{"not_picked":["construct:HeavyBolt","construct:Boost"],"picked":"construct:CripplingShot+1","floor":25.0},{"not_picked":["construct:LaserCore","construct:Analyze"],"picked":"construct:Disrupt+1","floor":27.0},{"not_picked":["construct:ScrapCannon","construct:SaveState"],"picked":"construct:Backfire+1","floor":29},{"not_picked":["construct:HeavyBolt","construct:Reinforce+1"],"picked":"construct:Autoturret","floor":30},{"not_picked":["construct:HyperBeam","construct:ShiftingStance"],"picked":"construct:BatteryCore","floor":33},{"not_picked":["construct:SweepLaser","construct:Analyze+1"],"picked":"construct:Impenetrable+1","floor":35},{"not_picked":["construct:SaveState+1","construct:Synchronize+1"],"picked":"construct:Autoturret","floor":36},{"not_picked":["construct:VentSteam+1","construct:ShiftGuard+1","construct:ClusterMines+1"],"picked":"SKIP","floor":37},{"not_picked":["construct:Backup","construct:Autoturret"],"picked":"construct:CripplingShot","floor":38},{"not_picked":["construct:Backfire+1","construct:SaveState+1"],"picked":"construct:CripplingShot+1","floor":39},{"not_picked":["construct:OneWayMirror","construct:ClusterMines"],"picked":"construct:SpinDrive","floor":41},{"not_picked":["construct:Forcefield","construct:Backfire+1"],"picked":"construct:SweepLaser+1","floor":42},{"not_picked":["construct:ShiftStrike+1","construct:Reinforce+1"],"picked":"construct:Disrupt+1","floor":44},{"not_picked":["construct:ShiftStrike+1","construct:HeavyBolt+1"],"picked":"construct:Autoturret","floor":45},{"not_picked":["construct:ScrapCannon","construct:Overcharge"],"picked":"construct:Hazardproof+1","floor":47},{"not_picked":["construct:Impenetrable+1","construct:Anticipate+1"],"picked":"construct:PowerUp","floor":48}],"player_experience":1886298,"relics_obtained":[{"floor":8.0,"key":"Runesmith:AutoHammer"},{"floor":9.0,"key":"Snack Pack"},{"floor":14.0,"key":"hubris:TinFlute"},{"floor":25.0,"key":"Mango"},{"floor":26.0,"key":"Runesmith:Locket"},{"floor":27.0,"key":"Nunchaku"},{"floor":41,"key":"Blue Doll"},{"floor":43,"key":"Omamori"},{"floor":45,"key":"TungstenRod"}],"event_choices":[{"damage_healed":0.0,"max_hp_gain":0.0,"max_hp_loss":0.0,"gold_gain":0.0,"cards_transformed":["construct:Tumble"],"event_name":"Transmorgrifier","player_choice":"Transformed","floor":7.0,"gold_loss":0.0,"damage_taken":0.0,"cards_obtained":["construct:FlameCore"]},{"damage_healed":0,"gold_gain":200,"player_choice":"Gold","damage_taken":0,"max_hp_gain":0,"max_hp_loss":0,"event_name":"Wheel of Change","floor":31,"gold_loss":0}],"is_beta":false,"boss_relics":[{"not_picked":["Philosopher\u0027s Stone","Cursed Key"],"picked":"Painkiller Herb"},{"not_picked":["Replay:Drink Me","hubris:BlackHole"],"picked":"SlaversCollar"}],"items_purged_floors":[24],"is_endless":false,"potions_floor_spawned":[2,11,12,14,18,25,30,33,36,38,41,42,45,48],"ascension_level":3}}