{"host":"ynimr9ugvc6f046i","time":1612629177,"event":{"mods":["2.2 Compatiblity","BaseMod","Colored Map","DeckTracker","Highlight Path","Keyboard Shortcuts","Minty Spire (QoL Compilation)","Permanent Neow","Quick Restart","StSLib","SuperFastMode"],"gold_per_floor":[112,112,132,407,418,429,458,469,469,488,50,50,50,62,62,136,136,150,0,0,11,26,26,55,70,79,79,88,107,139,174,174,259,259,272,272,272,1289,1303,1313,1341,691,691,691,691,713,487,487,507,507,507,507,507,507,3,42,42],"floor_reached":58,"language":"KOR","playtime":2336,"items_purged":["Regret","Normality","Normality"],"score":2817,"play_id":"64d562ab-8c96-4db9-8aef-eed6919ff4d4","local_time":"20210207013257","is_ascension_mode":true,"campfire_choices":[{"floor":13.0,"key":"REST"},{"data":"Defragment","floor":15.0,"key":"SMITH"},{"data":"Blizzard","floor":23.0,"key":"SMITH"},{"data":"Blizzard","floor":27.0,"key":"SMITH"},{"floor":32.0,"key":"REST"},{"floor":43.0,"key":"REST"},{"data":"Recycle","floor":48.0,"key":"SMITH"},{"floor":50.0,"key":"RECALL"},{"data":"Reboot","floor":54.0,"key":"SMITH"}],"circlet_count":0,"master_deck":["AscendersBane","Strike_B","Strike_B","Strike_B","Strike_B","Defend_B","Defend_B","Defend_B","Defend_B","Zap","Dualcast","Biased Cognition+1","Glacier","Chill","Gash","Cold Snap","Cold Snap","Defragment+1","Core Surge","Blizzard+1","Blizzard+1","Seek+1","Recycle+1","Reboot+1","Hologram+1","Recycle+1","Defragment"],"relics":["Cracked Core","Odd Mushroom","Mummified Hand","Regal Pillow","Runic Pyramid","Medical Kit","Darkstone Periapt","CeramicFish","Singing Bowl","Red Mask","Busted Crown","The Courier","ClockworkSouvenir","Potion Belt","Toxic Egg 2","Anchor","TheAbacus","Bottled Tornado","Incense Burner","Strawberry"],"acts_visited":["Exordium","TheCity","TheBeyond","TheEnding"],"potions_floor_usage":[57,57,57,57],"damage_taken":[{"damage":0.0,"enemies":"Small Slimes","floor":1.0,"turns":2.0},{"damage":0.0,"enemies":"Cultist","floor":3.0,"turns":3.0},{"damage":12.0,"enemies":"Jaw Worm","floor":5.0,"turns":3.0},{"damage":8.0,"enemies":"Lots of Slimes","floor":6.0,"turns":3.0},{"damage":25.0,"enemies":"The Mushroom Lair","floor":7.0,"turns":6.0},{"damage":5.0,"enemies":"Large Slime","floor":8.0,"turns":8.0},{"damage":3.0,"enemies":"3 Louse","floor":10.0,"turns":4.0},{"damage":3.0,"enemies":"Gremlin Gang","floor":14.0,"turns":7.0},{"damage":0.0,"enemies":"Slime Boss","floor":16.0,"turns":12.0},{"damage":0.0,"enemies":"Chosen","floor":18.0,"turns":9.0},{"damage":9.0,"enemies":"Shell Parasite","floor":20.0,"turns":7.0},{"damage":0.0,"enemies":"Snake Plant","floor":21.0,"turns":6.0},{"damage":0.0,"enemies":"Sentry and Sphere","floor":22.0,"turns":9.0},{"damage":3.0,"enemies":"Gremlin Leader","floor":24.0,"turns":8.0},{"damage":29.0,"enemies":"Shelled Parasite and Fungi","floor":25.0,"turns":9.0},{"damage":0.0,"enemies":"3 Cultists","floor":29.0,"turns":5.0},{"damage":22.0,"enemies":"Book of Stabbing","floor":30.0,"turns":7.0},{"damage":7.0,"enemies":"Masked Bandits","floor":31.0,"turns":6.0},{"damage":11.0,"enemies":"Champ","floor":33.0,"turns":16.0},{"damage":9.0,"enemies":"3 Darklings","floor":35.0,"turns":6.0},{"damage":16.0,"enemies":"3 Shapes","floor":39.0,"turns":8.0},{"damage":11.0,"enemies":"Writhing Mass","floor":40.0,"turns":11.0},{"damage":33.0,"enemies":"Nemesis","floor":41.0,"turns":13.0},{"damage":0.0,"enemies":"Maw","floor":46.0,"turns":2.0},{"damage":20.0,"enemies":"Sphere and 2 Shapes","floor":49.0,"turns":8.0},{"damage":6.0,"enemies":"Time Eater","floor":51.0,"turns":19.0},{"damage":25.0,"enemies":"Awakened One","floor":52.0,"turns":22.0},{"damage":10.0,"enemies":"Shield and Spear","floor":56.0,"turns":10.0},{"damage":46,"enemies":"The Heart","floor":57,"turns":15}],"seed_played":"-7699744260277792744","potions_obtained":[{"floor":1.0,"key":"AttackPotion"},{"floor":3.0,"key":"Strength Potion"},{"floor":10.0,"key":"Fruit Juice"},{"floor":14.0,"key":"Ancient Potion"},{"floor":21.0,"key":"Weak Potion"},{"floor":22.0,"key":"Regen Potion"},{"floor":25.0,"key":"Block Potion"},{"floor":31.0,"key":"LiquidMemories"},{"floor":35.0,"key":"PotionOfCapacity"},{"floor":41.0,"key":"DuplicationPotion"},{"floor":46.0,"key":"Block Potion"},{"floor":49.0,"key":"AttackPotion"},{"floor":56.0,"key":"Regen Potion"}],"is_trial":false,"path_per_floor":["M","?","M","?","M","M","?","M","T","M","$","?","R","M","R","B",null,"M","$","M","M","M","R","E","M","T","R","?","M","E","?","R","B",null,"M","?","?","?","M","M","E","$","R","T","?","M","$","R","M","R","B","B",null,"R","$","E","B",null],"character_chosen":"DEFECT","items_purchased":["Defragment","Mummified Hand","Medical Kit","ClockworkSouvenir","Potion Belt","Toxic Egg 2","Anchor","TheAbacus","Bottled Tornado","Incense Burner","Swift Potion"],"campfire_rested":3,"item_purchase_floors":[11,11,19,42,42,42,42,47,55,55,55],"current_hp_per_floor":[64,64,64,64,52,44,19,14,14,11,11,11,51,48,48,48,64,64,64,55,55,55,55,52,38,38,38,38,38,18,13,49,38,64,57,57,57,69,66,57,26,26,68,68,68,68,68,68,48,48,42,17,74,74,74,71,40],"gold":42,"neow_bonus":"THREE_RARE_CARDS","is_daily":false,"chose_seed":false,"campfire_upgraded":5,"win_rate":0.0,"timestamp":1612629177,"path_taken":["M","?","?","?","?","M","?","M","T","M","$","?","R","M","R","BOSS","M","$","M","M","M","R","E","?","T","R","?","M","E","?","R","BOSS","M","?","?","?","?","M","E","$","R","T","?","?","$","R","M","R","BOSS","BOSS","R","$","E","BOSS"],"items_purchased_type":["Card","Relic","Relic","Relic","Relic","Relic","Relic","Relic","Relic","Relic","Potion"],"build_version":"2020-12-22","purchased_purges":3,"victory":true,"max_hp_per_floor":[64,64,64,64,64,64,64,64,64,64,64,64,69,69,69,69,69,69,69,69,69,69,69,69,69,69,69,69,69,71,73,73,73,73,75,75,75,87,89,91,93,93,93,93,93,93,93,93,93,93,93,93,93,93,93,100,100],"card_choices":[{"not_picked":["All For One","Thunder Strike"],"picked":"Biased Cognition","floor":0.0},{"not_picked":["Coolheaded","Darkness"],"picked":"Glacier","floor":1.0},{"not_picked":["Streamline","Melter","Rebound"],"picked":"SKIP","floor":3.0},{"not_picked":["Leap","Force Field"],"picked":"Chill","floor":5.0},{"not_picked":["Genetic Algorithm","Barrage"],"picked":"Gash","floor":6.0},{"not_picked":["Rip and Tear","Hologram"],"picked":"Compile Driver","floor":7.0},{"not_picked":["Sweeping Beam","Coolheaded"],"picked":"Cold Snap","floor":8.0},{"not_picked":["Loop","Creative AI"],"picked":"Cold Snap","floor":10.0},{"not_picked":["Auto Shields","Conserve Battery","Rebound"],"picked":"SKIP","floor":14.0},{"not_picked":["Buffer","Creative AI"],"picked":"Core Surge","floor":16.0},{"not_picked":["Cold Snap","Barrage","Compile Driver"],"picked":"SKIP","floor":18.0},{"not_picked":["Doom and Gloom+1","Barrage","Rebound"],"picked":"SKIP","floor":20.0},{"not_picked":["Steam","Genetic Algorithm","Leap"],"picked":"SKIP","floor":21.0},{"not_picked":["Steam","Genetic Algorithm","Leap"],"picked":"SKIP","floor":21.0},{"not_picked":["Skim","Rebound"],"picked":"Blizzard","floor":22.0},{"not_picked":["Aggregate+1","Barrage","Sunder"],"picked":"SKIP","floor":24.0},{"not_picked":["Blizzard","Barrage+1","Darkness"],"picked":"SKIP","floor":25.0},{"not_picked":["Blizzard","Barrage+1","Darkness"],"picked":"SKIP","floor":25.0},{"not_picked":["Storm","Gash"],"picked":"Recycle","floor":29.0},{"not_picked":["Undo","Rebound","Force Field"],"picked":"Singing Bowl","floor":30.0},{"not_picked":["Static Discharge","Conserve Battery","Machine Learning"],"picked":"Singing Bowl","floor":31.0},{"not_picked":["Core Surge","Electrodynamics"],"picked":"Reboot","floor":33.0},{"not_picked":["Ball Lightning+1"],"picked":"Singing Bowl","floor":35.0},{"not_picked":["Blizzard"],"picked":"Singing Bowl","floor":39.0},{"not_picked":["Streamline"],"picked":"Singing Bowl","floor":40.0},{"not_picked":["Reinforced Body+1"],"picked":"Singing Bowl","floor":41.0},{"not_picked":[],"picked":"Hologram+1","floor":46.0},{"not_picked":[],"picked":"Recycle+1","floor":49.0},{"not_picked":[],"picked":"Defragment","floor":56.0}],"player_experience":564067,"relics_obtained":[{"floor":7.0,"key":"Odd Mushroom"},{"floor":24.0,"key":"Darkstone Periapt"},{"floor":26.0,"key":"CeramicFish"},{"floor":30.0,"key":"Singing Bowl"},{"floor":31.0,"key":"Red Mask"},{"floor":41.0,"key":"The Courier"},{"floor":56.0,"key":"Strawberry"}],"event_choices":[{"damage_healed":0.0,"max_hp_gain":0.0,"max_hp_loss":0.0,"gold_gain":0.0,"event_name":"Upgrade Shrine","player_choice":"Upgraded","floor":2.0,"gold_loss":0.0,"damage_taken":0.0,"cards_upgraded":["Biased Cognition"]},{"damage_healed":0.0,"max_hp_gain":0.0,"max_hp_loss":0.0,"gold_gain":275.0,"event_name":"Golden Shrine","player_choice":"Desecrate","floor":4.0,"gold_loss":0.0,"damage_taken":0.0,"cards_obtained":["Regret"]},{"damage_healed":0.0,"max_hp_gain":0.0,"max_hp_loss":0.0,"gold_gain":0.0,"event_name":"Mushrooms","player_choice":"Fought Mushrooms","floor":7.0,"gold_loss":0.0,"damage_taken":0.0},{"cards_removed":["Compile Driver"],"damage_healed":0.0,"max_hp_gain":0.0,"max_hp_loss":0.0,"gold_gain":0.0,"event_name":"WeMeetAgain","player_choice":"Gave Card","floor":12.0,"gold_loss":0.0,"damage_taken":0.0,"relics_obtained":["Regal Pillow"]},{"damage_healed":0.0,"max_hp_gain":0.0,"max_hp_loss":0.0,"gold_gain":0.0,"event_name":"The Library","player_choice":"Read","floor":28.0,"gold_loss":0.0,"damage_taken":0.0,"cards_obtained":["Seek"]},{"damage_healed":0.0,"max_hp_gain":0.0,"max_hp_loss":0.0,"gold_gain":0.0,"event_name":"Masked Bandits","player_choice":"Fought Bandits","floor":31.0,"gold_loss":0.0,"damage_taken":0.0},{"damage_healed":0.0,"max_hp_gain":0.0,"max_hp_loss":0.0,"gold_gain":0.0,"event_name":"Mysterious Sphere","player_choice":"Ignored","floor":36.0,"gold_loss":0.0,"damage_taken":0.0},{"damage_healed":0.0,"max_hp_gain":0.0,"max_hp_loss":0.0,"gold_gain":999.0,"event_name":"MindBloom","player_choice":"Gold","floor":38.0,"gold_loss":0.0,"damage_taken":0.0,"cards_obtained":["Normality","Normality"]},{"damage_healed":0.0,"max_hp_gain":0.0,"max_hp_loss":0.0,"gold_gain":0.0,"event_name":"Accursed Blacksmith","player_choice":"Forge","floor":45.0,"gold_loss":0.0,"damage_taken":0.0,"cards_upgraded":["Seek"]}],"is_beta":false,"boss_relics":[{"not_picked":["SlaversCollar","Empty Cage"],"picked":"Runic Pyramid"},{"not_picked":["Velvet Choker","Inserter"],"picked":"Busted Crown"}],"items_purged_floors":[11,42,47],"is_endless":false,"potions_floor_spawned":[1,3,10,14,21,22,24,25,31,35,41,46,49,56],"ascension_level":20}}