{"host":"gaqyve1328ta0etl","time":1612603707,"event":{"mods":["BaseMod","Colored Map","Colored Powertips","Duelist Mod","Googly Eyes","Hero for Fun","Minty Spire (QoL Compilation)","Shop Mod","StSLib","SuperFastMode","The Hierophant","The Runesmith"],"gold_per_floor":[141,153,31,31,42,73,73,88,88,99,99,112,112,129,129,226,226,236,247,247,33,87,87,101,121,121,121,140,140,51,62,62,166,166,180,180,199,211,261,261,277,277,277,294,306,184,184,194,194,194],"floor_reached":51,"language":"ENG","playtime":2932,"items_purged":["theDuelist:Sparks","theDuelist:SummoningCurse","theDuelist:BeaverWarrior"],"score":805,"play_id":"11d09dc0-312a-4a1e-806d-ccab61d9aa59","local_time":"20210206012827","is_ascension_mode":false,"campfire_choices":[{"data":"theDuelist:HappyLover","floor":7,"key":"SMITH"},{"floor":11,"key":"REST"},{"data":"theDuelist:PowerGiant","floor":13,"key":"SMITH"},{"data":"theDuelist:EvilswarmHeliotrope","floor":15,"key":"SMITH"},{"data":"theDuelist:SwordsConcealing","floor":23,"key":"SMITH"},{"data":"theDuelist:BattleFootballer","floor":29,"key":"SMITH"},{"data":"theDuelist:RainbowNeos","floor":32,"key":"SMITH"},{"data":"theDuelist:RainbowKuriboh","floor":40,"key":"SMITH"},{"data":"theDuelist:FluteKuriboh","floor":42,"key":"SMITH"},{"data":"theDuelist:ImperialOrder","floor":47,"key":"SMITH"},{"data":"theDuelist:Tuningware","floor":49,"key":"SMITH"}],"circlet_count":0,"master_deck":["theDuelist:BeaverWarrior","theDuelist:CastleWalls","theDuelist:CastleWalls","theDuelist:FinalFlame","theDuelist:GiantSoldier","theDuelist:GiantSoldier","theDuelist:ScrapFactory","theDuelist:Sparks","theDuelist:FluteKuriboh+1","theDuelist:BattleFootballer+1","theDuelist:RainbowNeos+1","theDuelist:HappyLover+1","theDuelist:PowerGiant+1","theDuelist:DoubleTool","theDuelist:Tuningware+1","theDuelist:EvilswarmHeliotrope+1","theDuelist:SwordsConcealing+1","theDuelist:RainbowKuriboh+1","theDuelist:MillenniumShield+1","Parasite","theDuelist:ImperialOrder+1"],"relics":["theDuelist:MillenniumPuzzle","theDuelist:CardPoolRelic","theDuelist:CardPoolBasicRelic","theDuelist:BoosterPackPoolRelic","theDuelist:CardPoolAddRelic","theDuelist:CardPoolMinusRelic","theDuelist:CardPoolSaveRelic","theDuelist:CardPoolOptionsRelic","Smiling Mask","Centennial Puzzle","theDuelist:SummonAnchor","theDuelist:GamblerChip","theDuelist:MillenniumNecklace","StoneCalendar","theDuelist:ResummonBranch","Prayer Wheel","Oddly Smooth Stone","MutagenicStrength","MealTicket","CaptainsWheel","theDuelist:SolderToken"],"acts_visited":["Exordium","TheCity","TheBeyond"],"potions_floor_usage":[16,22,44,50],"damage_taken":[{"damage":0,"enemies":"Cultist","floor":1,"turns":3},{"damage":0,"enemies":"2 Louse","floor":2,"turns":4},{"damage":0,"enemies":"Jaw Worm","floor":5,"turns":3},{"damage":20,"enemies":"Lagavulin","floor":6,"turns":9},{"damage":7,"enemies":"Lots of Slimes","floor":8,"turns":7},{"damage":0,"enemies":"Looter","floor":10,"turns":4},{"damage":0,"enemies":"Large Slime","floor":12,"turns":7},{"damage":11,"enemies":"Gremlin Gang","floor":14,"turns":7},{"damage":0,"enemies":"The Guardian","floor":16,"turns":9},{"damage":0,"enemies":"Shell Parasite","floor":18,"turns":5},{"damage":4,"enemies":"Spheric Guardian","floor":19,"turns":4},{"damage":0,"enemies":"Spheric Guardian","floor":22,"turns":11},{"damage":0,"enemies":"Snecko","floor":24,"turns":5},{"damage":0,"enemies":"Snake Plant","floor":25,"turns":5},{"damage":0,"enemies":"Cultist and Chosen","floor":28,"turns":7},{"damage":0,"enemies":"3 Cultists","floor":31,"turns":6},{"damage":7,"enemies":"Automaton","floor":33,"turns":9},{"damage":4,"enemies":"3 Shapes","floor":35,"turns":6},{"damage":0,"enemies":"Orb Walker","floor":37,"turns":5},{"damage":10,"enemies":"Spire Growth","floor":38,"turns":5},{"damage":0,"enemies":"Mind Bloom Boss Battle","floor":39,"turns":7},{"damage":0,"enemies":"Sphere and 2 Shapes","floor":41,"turns":7},{"damage":0,"enemies":"Writhing Mass","floor":44,"turns":7},{"damage":0,"enemies":"Transient","floor":45,"turns":5},{"damage":4,"enemies":"Spire Growth","floor":48,"turns":4},{"damage":8,"enemies":"Time Eater","floor":50,"turns":10}],"seed_played":"6505569997418720110","potions_obtained":[{"floor":5,"key":"theDuelist:WhiteBottle"},{"floor":12,"key":"theDuelist:GiftPotion"},{"floor":16,"key":"SpeedPotion"},{"floor":22,"key":"Ambrosia"},{"floor":22,"key":"FairyPotion"},{"floor":24,"key":"theDuelist:FusionPotion"},{"floor":41,"key":"theDuelist:StunPotion"},{"floor":44,"key":"theDuelist:SealedPackE"}],"is_trial":false,"path_per_floor":["M","M","$","?","M","E","R","M","T","M","R","M","R","M","R","B",null,"M","M","?","$","?","R","M","M","T","?","M","R","?","M","R","B",null,"M","?","M","M","?","R","M","R","T","M","M","$","R","M","R","B",null],"character_chosen":"THE_DUELIST","items_purchased":["theDuelist:BattleFootballer","theDuelist:WingedKuribohLv10","theDuelist:ImperialOrder"],"campfire_rested":1,"item_purchase_floors":[3,21,46],"current_hp_per_floor":[80,80,80,80,80,60,60,53,53,53,77,77,77,66,66,80,80,80,76,76,76,76,76,76,76,76,76,76,76,76,76,76,69,80,76,76,76,66,66,66,66,66,66,66,66,80,80,76,76,68],"gold":194,"neow_bonus":"RANDOM_COMMON_RELIC","is_daily":false,"chose_seed":false,"campfire_upgraded":10,"win_rate":0.0,"timestamp":1612603707,"path_taken":["M","M","$","?","M","E","R","M","T","M","R","M","R","M","R","BOSS","M","M","?","$","?","R","M","?","T","?","M","R","?","?","R","BOSS","M","?","M","M","?","R","M","R","T","M","M","$","R","M","R","BOSS"],"items_purchased_type":["Card","Card","Card"],"build_version":"2020-12-22","purchased_purges":3,"victory":true,"max_hp_per_floor":[80,80,80,80,80,80,80,80,80,80,80,80,80,80,80,80,80,80,80,80,80,80,80,80,80,80,80,80,80,80,80,80,80,80,80,80,80,80,80,80,80,80,80,80,80,80,80,80,80,80],"card_choices":[{"not_picked":["theDuelist:Hinotama","theDuelist:CombinationAttack","theDuelist:OnslaughtFireKings","theDuelist:CrystalBlessing"],"picked":"theDuelist:FluteKuriboh","floor":1},{"not_picked":["theDuelist:CombinationAttack","theDuelist:SwordDeepSeated","theDuelist:DarkBurningAttack","theDuelist:WormApocalypse"],"picked":"theDuelist:RainbowNeos","floor":2},{"not_picked":["theDuelist:DoubleTool","theDuelist:CombinationAttack","theDuelist:BigFire","theDuelist:BreakDraw"],"picked":"theDuelist:RainbowNeos","floor":5},{"not_picked":["theDuelist:FusionWeapon","theDuelist:SilverApples","theDuelist:BreakDraw","theDuelist:Predaponics"],"picked":"theDuelist:HappyLover","floor":6},{"not_picked":["theDuelist:DianKeto","theDuelist:OrbMetronome","theDuelist:Solidarity","theDuelist:WingedKuribohLv10"],"picked":"theDuelist:PowerGiant","floor":8},{"not_picked":["theDuelist:SpellShatteringArrow","theDuelist:MeteorDestruction","theDuelist:Hinotama","theDuelist:MythicalBeast"],"picked":"theDuelist:DoubleTool","floor":10},{"not_picked":["theDuelist:FrontierWiseman","theDuelist:BlackPendant","theDuelist:PreventRat","theDuelist:BattleOx"],"picked":"theDuelist:Tuningware","floor":12},{"not_picked":["theDuelist:GaiaMidNightSun","theDuelist:Mudora","theDuelist:WormKing","theDuelist:LightningDarts"],"picked":"theDuelist:EvilswarmHeliotrope","floor":14},{"not_picked":["theDuelist:InstantFusion","theDuelist:FeatherShot","theDuelist:AmuletAmbition","theDuelist:Mathematician"],"picked":"theDuelist:SwordsConcealing","floor":16},{"not_picked":["theDuelist:GravityLash","theDuelist:FusionWeapon+1","theDuelist:Predaponics","theDuelist:DeltaAttacker","theDuelist:Wildfire"],"picked":"SKIP","floor":18},{"not_picked":["theDuelist:RainbowNeos","theDuelist:HappyLover","theDuelist:Eva","theDuelist:RainbowKuriboh","theDuelist:RainbowOverdragon"],"picked":"SKIP","floor":19},{"not_picked":["theDuelist:StarBlast+1","theDuelist:LightningBlade"],"picked":"theDuelist:GravityLash+1","floor":22},{"not_picked":["theDuelist:Sangan","theDuelist:SangaEarth+1","theDuelist:FrontierWiseman","theDuelist:PreventRat"],"picked":"theDuelist:MillenniumShield+1","floor":24},{"not_picked":["theDuelist:CombinationAttack","theDuelist:MagnumShield","theDuelist:WormApocalypse","theDuelist:OnslaughtFireKings+1","theDuelist:AncientGearFist+1"],"picked":"SKIP","floor":24},{"not_picked":["theDuelist:InfernoFireBlast","theDuelist:Invigoration","theDuelist:GravityAxe","theDuelist:Electrowhip","theDuelist:UnderworldCannon"],"picked":"SKIP","floor":25},{"not_picked":["theDuelist:WhiteMagicalHat+1","theDuelist:MythicalBeast","theDuelist:RainbowNeos","theDuelist:HappyLover","theDuelist:Eva+1"],"picked":"SKIP","floor":25},{"not_picked":["theDuelist:PineappleBlast","theDuelist:Raigeki+1","theDuelist:GravityLash"],"picked":"SKIP","floor":28},{"not_picked":["theDuelist:SpellShatteringArrow","theDuelist:DoubleTool","theDuelist:Invigoration","theDuelist:DarkBurningAttack","theDuelist:CrystalRaigeki"],"picked":"SKIP","floor":28},{"not_picked":["theDuelist:CombinationAttack","theDuelist:Invigoration","theDuelist:SpiritHarp","theDuelist:RainbowNeos","theDuelist:AncientGearFist"],"picked":"SKIP","floor":31},{"not_picked":["theDuelist:FusionWeapon","theDuelist:PowerKaishin","theDuelist:GravityAxe","theDuelist:ElectromagneticShield","theDuelist:BerserkerCrush"],"picked":"SKIP","floor":31},{"not_picked":["theDuelist:RainbowNeos","theDuelist:KamionTimelord","theDuelist:Eva+1","theDuelist:RainbowOverdragon"],"picked":"theDuelist:RainbowKuriboh","floor":33},{"not_picked":["theDuelist:GravityBlaster","theDuelist:FuryFire+1","theDuelist:MiracleFertilizer","theDuelist:LightLaser","theDuelist:Wildfire+2"],"picked":"SKIP","floor":35},{"not_picked":["theDuelist:LightningDarts+2","theDuelist:DummyGolem","theDuelist:BattleOx+1","theDuelist:ReleaseFromStone+1","theDuelist:DestroyerGolem+1"],"picked":"SKIP","floor":35},{"not_picked":["theDuelist:MeteorDestruction","theDuelist:RainbowNeos","theDuelist:OnslaughtFireKings+1","theDuelist:FairyBox","theDuelist:LegendHeart+1"],"picked":"SKIP","floor":37},{"not_picked":["theDuelist:LightningBlade+3","theDuelist:ForbiddenLance","theDuelist:AmuletAmbition+3","theDuelist:MillenniumShield","theDuelist:KamionTimelord"],"picked":"SKIP","floor":37},{"not_picked":["theDuelist:BreakDraw","theDuelist:BigKoala+1","theDuelist:Sangan+1","theDuelist:LightningBlade+1"],"picked":"theDuelist:MillenniumShield+1","floor":38},{"not_picked":["theDuelist:BreakDraw+1","theDuelist:Wiretap","theDuelist:WhiteNinja+1","theDuelist:MythicalBeast","theDuelist:PreventRat"],"picked":"SKIP","floor":38},{"not_picked":["theDuelist:SparkBlaster+1","theDuelist:ForbiddenLance+1","theDuelist:FeatherShot+1"],"picked":"SKIP","floor":41},{"not_picked":["theDuelist:MeteorDestruction","theDuelist:DoubleTool","theDuelist:DarkBurningAttack","theDuelist:AfterTheStorm","theDuelist:MagicalStone+1"],"picked":"SKIP","floor":41},{"not_picked":["theDuelist:BigFire","theDuelist:FuryFire","theDuelist:LightningRodLord+1","theDuelist:MudragonSwamp+1","theDuelist:Sangan"],"picked":"SKIP","floor":44},{"not_picked":["theDuelist:SpellShatteringArrow+1","theDuelist:Hinotama+1","theDuelist:CombinationAttack","theDuelist:BigFire","theDuelist:BerserkerCrush+1"],"picked":"SKIP","floor":44},{"not_picked":["theDuelist:LightningRodLord+1","theDuelist:Cloning+1","theDuelist:WeepingIdol+1","theDuelist:Mausoleum","theDuelist:RedHeadedOni+1"],"picked":"SKIP","floor":45},{"not_picked":["theDuelist:ImperialOrder","theDuelist:GravityAxe+1","theDuelist:Electrowhip+1","theDuelist:ElectromagneticShield"],"picked":"SKIP","floor":45},{"not_picked":["theDuelist:Wiretap","theDuelist:ImperialOrder+1","theDuelist:FairyBox+1","theDuelist:Graverobber"],"picked":"theDuelist:PineappleBlast+1","floor":48},{"not_picked":["theDuelist:Graverobber","theDuelist:CrystalRaigeki","theDuelist:WhiteHowling+1","theDuelist:PsychicShockwave","theDuelist:PineappleBlast"],"picked":"SKIP","floor":48}],"player_experience":2086819,"relics_obtained":[{"floor":6,"key":"Centennial Puzzle"},{"floor":9,"key":"theDuelist:SummonAnchor"},{"floor":22,"key":"StoneCalendar"},{"floor":22,"key":"theDuelist:ResummonBranch"},{"floor":22,"key":"Prayer Wheel"},{"floor":26,"key":"Oddly Smooth Stone"},{"floor":39,"key":"CaptainsWheel"},{"floor":43,"key":"theDuelist:SolderToken"}],"event_choices":[{"damage_healed":0,"gold_gain":0,"player_choice":"Leave","duelist":true,"damage_taken":0,"max_hp_gain":0,"max_hp_loss":0,"event_name":"Tomb of the Nameless","floor":4,"gold_loss":0},{"damage_healed":0,"gold_gain":0,"player_choice":"Took item - Received: Millennium Necklace","duelist":true,"damage_taken":0,"max_hp_gain":0,"max_hp_loss":0,"event_name":"Millennium Items","floor":20,"gold_loss":0},{"damage_healed":0,"gold_gain":0,"player_choice":"Fight","duelist":true,"damage_taken":0,"max_hp_gain":0,"max_hp_loss":0,"event_name":"Battle City","floor":22,"gold_loss":0},{"damage_healed":0,"gold_gain":0,"player_choice":"Inject Mutagens","damage_taken":0,"relics_obtained":["MutagenicStrength"],"max_hp_gain":0,"max_hp_loss":0,"event_name":"Drug Dealer","floor":27,"gold_loss":0},{"damage_healed":0,"gold_gain":0,"player_choice":"Paid Gold","damage_taken":0,"relics_obtained":["MealTicket"],"max_hp_gain":0,"max_hp_loss":0,"event_name":"WeMeetAgain","floor":30,"gold_loss":89},{"cards_removed":["theDuelist:RainbowNeos"],"damage_healed":0,"gold_gain":0,"player_choice":"Removed Attack","damage_taken":0,"max_hp_gain":0,"max_hp_loss":0,"event_name":"Falling","floor":36,"gold_loss":0},{"damage_healed":0,"gold_gain":0,"player_choice":"Fight","damage_taken":0,"max_hp_gain":0,"max_hp_loss":0,"event_name":"MindBloom","floor":39,"gold_loss":0}],"is_beta":false,"boss_relics":[{"not_picked":["Coffee Dripper","HoveringKite"],"picked":"theDuelist:GamblerChip"},{"not_picked":["Mark of Pain","Runic Cube","SacredBark"]}],"items_purged_floors":[3,21,46],"is_endless":false,"potions_floor_spawned":[5,6,12,16,19,22,25,28,37,41,48],"ascension_level":0}}