{"host":"p0hktren06injwdf","time":1612604889,"event":{"mods":["AchievementEnabler","BaseMod","Colored Map","DeckTracker","Minty Spire (QoL Compilation)","Permanent Neow","StSLib","SuperFastMode"],"gold_per_floor":[218,232,247,267,342,342,342,342,342,342,342,80,92,121,121,121,121],"floor_reached":16,"language":"KOR","playtime":299,"items_purged":["Strike_G"],"score":200,"play_id":"4d5ca255-e0db-4e33-a8d3-7a33bc557c5b","local_time":"20210206184809","is_ascension_mode":true,"campfire_choices":[{"data":"Crippling Poison","floor":6,"key":"SMITH"},{"data":"Endless Agony","floor":8,"key":"SMITH"},{"floor":11,"key":"REST"},{"floor":15,"key":"REST"}],"circlet_count":0,"master_deck":["AscendersBane","Strike_G","Strike_G","Strike_G","Defend_G","Defend_G","Defend_G","Defend_G","Defend_G","Survivor","Neutralize","Endless Agony+1","Crippling Poison+1","Grand Finale","Backflip","Dagger Throw"],"relics":["Ring of the Snake","Bag of Preparation","Matryoshka"],"acts_visited":["Exordium"],"potions_floor_usage":[14],"damage_taken":[{"damage":8,"enemies":"Jaw Worm","floor":1,"turns":7},{"damage":3,"enemies":"2 Louse","floor":2,"turns":3},{"damage":3,"enemies":"Cultist","floor":3,"turns":4},{"damage":1,"enemies":"Looter","floor":4,"turns":4},{"damage":6,"enemies":"Red Slaver","floor":13,"turns":3},{"damage":32,"enemies":"Lagavulin","floor":14,"turns":8},{"damage":21,"enemies":"The Guardian","floor":16,"turns":10}],"seed_played":"-281454530230202063","potions_obtained":[{"floor":2,"key":"Swift Potion"}],"is_trial":false,"path_per_floor":["M","M","M","M","?","R","?","R","T","?","R","$","M","E","R","B"],"character_chosen":"THE_SILENT","items_purchased":["Grand Finale","Backflip"],"campfire_rested":2,"item_purchase_floors":[12,12],"current_hp_per_floor":[51,48,45,44,33,33,26,26,26,26,45,45,39,7,26,5,5],"gold":121,"neow_bonus":"HUNDRED_GOLD","is_daily":false,"chose_seed":false,"campfire_upgraded":2,"win_rate":0.0,"timestamp":1612604889,"path_taken":["M","M","M","M","?","R","?","R","T","?","R","$","M","E","R","BOSS"],"items_purchased_type":["Card","Card"],"build_version":"2020-12-22","purchased_purges":1,"victory":false,"max_hp_per_floor":[66,66,66,66,66,66,66,66,66,66,66,66,66,66,66,66,66],"card_choices":[{"not_picked":["Prepared","Eviscerate"],"picked":"Endless Agony","floor":1},{"not_picked":["Poisoned Stab","Bane"],"picked":"Crippling Poison","floor":2},{"not_picked":["Setup","Backflip","Calculated Gamble"],"picked":"SKIP","floor":3},{"not_picked":["Well Laid Plans","Outmaneuver","Underhanded Strike"],"picked":"SKIP","floor":4},{"not_picked":["Eviscerate","Flying Knee"],"picked":"Dagger Throw","floor":13},{"not_picked":["Setup","Expertise","Doppelganger"],"picked":"SKIP","floor":14}],"player_experience":1014316,"relics_obtained":[{"floor":9,"key":"Bag of Preparation"},{"floor":14,"key":"Matryoshka"}],"event_choices":[{"damage_healed":0,"gold_gain":75,"player_choice":"Gather Gold","damage_taken":11,"max_hp_gain":0,"max_hp_loss":0,"event_name":"World of Goop","floor":5,"gold_loss":0},{"cards_removed":["Strike_G"],"damage_healed":0,"gold_gain":0,"player_choice":"Card Removal","damage_taken":7,"max_hp_gain":0,"max_hp_loss":0,"event_name":"Golden Wing","floor":7,"gold_loss":0},{"damage_healed":0,"gold_gain":0,"player_choice":"Fled","damage_taken":0,"max_hp_gain":0,"max_hp_loss":0,"event_name":"Scrap Ooze","floor":10,"gold_loss":0}],"is_beta":false,"boss_relics":[],"items_purged_floors":[12],"is_endless":false,"potions_floor_spawned":[2],"killed_by":"The Guardian","ascension_level":20}}