{"host":"ne76zto1t2nsyewv","time":1612655516,"event":{"mods":["2.2 Compatiblity","AchievementEnabler","Act Like it!","Aspiration","BaseMod","Better Altar","Better Match","Better Note","Better Sensory Stone","Better Skull","Better Third Choice","BetterRewards","CapriCore","Colored Map","Colored Powertips","Energized Spire","Gensokyo","GungeonMod","Hallownest","HololiveMod","Infinite Spire","Koishi","Luminous","Marisa????????","Minty Spire (QoL Compilation)","Reimu??????","Remilia??????","Replay The Spire","RumiaBox-????????","Spicy Shops","StSLib","The Animator","The Blue Laboratory","The Bug Knight","The Gatherer","The Immortal","The Servant 0.9.4","TheSwordswoman","Yakumo Yukari mod","Yuyuko"],"gold_per_floor":[121,137,137,137,67,67,67,95,145,169,169,20,32,44,44,140,140,164,164,164,164,164,177,177,177,253,272,298,313,313,341,341,436,436,448,468,480,480,516,516,531,541,567,590,161,161,161,110,110,110],"floor_reached":51,"language":"ENG","playtime":5994,"items_purged":["Clumsy","animator:Strike","ReplayTheSpireMod:Splinters"],"score":753,"play_id":"c5ebe043-c98a-4829-9d0a-c84bf63badb4","local_time":"20210207005156","is_ascension_mode":false,"campfire_choices":[{"data":"animator:Benimaru","floor":6,"key":"SMITH"},{"data":"animator:Shalltear","floor":15,"key":"SMITH"},{"floor":25,"key":"REST"},{"floor":30,"key":"REST"},{"floor":32,"key":"REST"},{"floor":40,"key":"REST"},{"data":"animator:HigakiRinne","floor":46,"key":"SMITH"},{"data":"animator:Millim+1","floor":49,"key":"SMITH"}],"circlet_count":0,"master_deck":["animator:Strike_TenSura","animator:Defend_TenSura","animator:Strike+1","animator:Strike","animator:Benimaru+1","animator:Shuna","animator:PandorasActor","animator:Shuna","Pot Of Greed+1","animator:Shion","Pot Of Greed","animator:Shuna","animator:Shalltear+1","animator:Shizu","animator:Millim+2","animator:PandorasActor","animator:Archer","animator:HigakiRinne+1","animator:Hakurou","animator:EmiyaShirou+1","Pot Of Greed","animator:Pride","animator:Pride","animator:Kuroyukihime+1","animator:Rimuru"],"relics":["animator:TheMissingPiece","energizedSpire:SpiderWeb","Grinning Jar","Tiny Chest","Juzu Bracelet","Gensokyo:NagashiBinaDoll","animator:CerealBox","energizedSpire:MagnifyingGlass","Gensokyo:ConquerorOfFear","aspiration:HummingbirdHeart","Nunchaku","Ancient Tea Set","Replay:Grab Bag","Busted Crown","Mark of Pain","animator:HolyGrailRelic","Lantern","DemoMod:PinkGuonStone","Orichalcum","DataDisk","Lee\u0027s Waffle","HollowMod:LifeEnderRelic"],"acts_visited":["Gensokyo:Gensokyo","Gensokyo:Gensokyoer","Hallownest:KingdomsEdge"],"potions_floor_usage":[16,33,33,50,50,50],"damage_taken":[{"damage":0,"enemies":"Gensokyo:Gryphon","floor":1,"turns":4},{"damage":0,"enemies":"Gensokyo:Python","floor":2,"turns":4},{"damage":0,"enemies":"Gensokyo:2_Kodama","floor":8,"turns":4},{"damage":14,"enemies":"Gensokyo:LivingMonolith","floor":13,"turns":4},{"damage":0,"enemies":"Gensokyo:Python_and_Kodama","floor":14,"turns":5},{"damage":0,"enemies":"Gensokyo:Reimu","floor":16,"turns":8},{"damage":27,"enemies":"Gensokyo:2_Gloops","floor":18,"turns":6},{"damage":34,"enemies":"Gensokyo:3_Dogs","floor":23,"turns":8},{"damage":0,"enemies":"Gensokyo:Slime_Group","floor":27,"turns":7},{"damage":10,"enemies":"Gensokyo:Mirror_and_Dog","floor":29,"turns":6},{"damage":0,"enemies":"Gensokyo:Koishi","floor":31,"turns":6},{"damage":40,"enemies":"Gensokyo:Kaguya","floor":33,"turns":14},{"damage":11,"enemies":"Hallownest:2_Littles","floor":35,"turns":8},{"damage":15,"enemies":"Hallownest:3_Siblings","floor":36,"turns":7},{"damage":14,"enemies":"Hallownest:2_Wandering_and_1_Horned","floor":37,"turns":8},{"damage":16,"enemies":"Hallownest:Xero_Hu_Marmu","floor":41,"turns":9},{"damage":2,"enemies":"Hallownest:Shield_Sturdy","floor":42,"turns":7},{"damage":9,"enemies":"Hallownest:BossGreyPrinceZote","floor":50,"turns":7}],"seed_played":"7267680587599766869","potions_obtained":[{"floor":1,"key":"Milkshake"},{"floor":13,"key":"SteroidPotion"},{"floor":16,"key":"FearPotion"},{"floor":27,"key":"blueLaboratory:HorrorPotion"},{"floor":35,"key":"LiquidMemories"},{"floor":41,"key":"AttackPotion"}],"is_trial":false,"path_per_floor":["M","M","?","?","?","R","?","M","T","T","?","$","M","M","R","B",null,"M","AVR","T","?","?","M","?","R","T","M","T","M","R","E","R","B",null,"M","M","M","AVR","?","R","M","M","T","?","$","R","T","?","R","B",null],"character_chosen":"THE_ANIMATOR","items_purchased":["animator:CerealBox","animator:Shuna","DataDisk","Lee\u0027s Waffle","animator:Pride"],"campfire_rested":4,"item_purchase_floors":[12,12,45,45,45],"current_hp_per_floor":[66,66,66,53,53,53,53,53,53,53,53,53,60,60,60,61,68,41,41,41,41,48,14,14,34,34,34,34,24,44,44,64,24,76,67,55,43,43,50,77,63,63,63,63,101,101,101,101,101,92],"gold":110,"neow_bonus":"BOSS_RELIC","is_daily":false,"chose_seed":false,"campfire_upgraded":4,"win_rate":0.0,"timestamp":1612655516,"path_taken":["M","M","?","?","?","R","?","M","T","?","?","?","M","M","R","BOSS","M","AVR","?","?","?","M","?","R","T","M","?","M","R","E","R","BOSS","M","M","M","AVR","?","R","M","M","T","?","?","R","?","?","R","BOSS"],"items_purchased_type":["Relic","Card","Relic","Relic","Card"],"build_version":"2020-12-22","purchased_purges":3,"victory":true,"max_hp_per_floor":[66,66,66,66,66,66,66,66,66,66,66,66,67,67,67,68,68,68,68,68,68,68,68,68,68,68,68,68,68,68,68,68,68,76,78,81,83,83,90,90,92,94,94,94,101,101,101,101,101,101],"card_choices":[{"not_picked":["animator:WinryRockbell","animator:Tatsumaki"],"picked":"animator:PandorasActor","floor":1},{"not_picked":["animator:Konayuki","animator:UneriGinkaku"],"picked":"animator:Shuna","floor":2},{"not_picked":["animator:Tatsumaki","animator:PandorasActor"],"picked":"animator:Shion","floor":8},{"not_picked":["animator:NarberalGamma","animator:Sebas"],"picked":"animator:Shalltear","floor":13},{"not_picked":["animator:SakuraMatou","animator:UneriGinkaku","animator:ShinjiMatou"],"picked":"SKIP","floor":14},{"not_picked":["animator:HigakiRinne","animator:Greed"],"picked":"animator:Shizu","floor":16},{"not_picked":["animator:Geryuganshoop","animator:Illya"],"picked":"animator:Millim","floor":18},{"not_picked":["animator:Alexander+1","animator:Assassin"],"picked":"animator:PandorasActor","floor":23},{"not_picked":["animator:Benimaru","animator:Shuna"],"picked":"animator:Millim","floor":27},{"not_picked":["animator:Vanir","animator:Konayuki"],"picked":"animator:Archer","floor":29},{"not_picked":["animator:Tatsumaki","animator:MumenRider","animator:ElricAlphonse"],"picked":"SKIP","floor":31},{"not_picked":["animator:Saber","animator:Wiz"],"picked":"animator:HigakiRinne","floor":33},{"not_picked":["animator:Genos"],"picked":"SKIP","floor":35},{"not_picked":[],"picked":"animator:Hakurou","floor":36},{"not_picked":[],"picked":"animator:EmiyaShirou+1","floor":37},{"not_picked":["animator:Konayuki"],"picked":"SKIP","floor":41},{"not_picked":["animator:SakuraMatou"],"picked":"SKIP","floor":42},{"not_picked":[],"picked":"animator:Kuroyukihime+1","floor":48},{"not_picked":[],"picked":"animator:Rimuru","floor":48}],"player_experience":812764,"relics_obtained":[{"floor":9,"key":"Tiny Chest"},{"floor":10,"key":"Juzu Bracelet"},{"floor":23,"key":"Gensokyo:ConquerorOfFear"},{"floor":26,"key":"aspiration:HummingbirdHeart"},{"floor":28,"key":"Nunchaku"},{"floor":31,"key":"Ancient Tea Set"},{"floor":39,"key":"DemoMod:PinkGuonStone"},{"floor":43,"key":"Orichalcum"},{"floor":47,"key":"HollowMod:LifeEnderRelic"}],"event_choices":[{"damage_healed":0,"gold_gain":0,"player_choice":"2","damage_taken":0,"max_hp_gain":0,"max_hp_loss":0,"event_name":"betterMatch:BetterMatch","floor":48,"gold_loss":0,"cards_obtained":["betterMatch:ColorlessUncommonCard","betterMatch:RareCard"]}],"is_beta":false,"boss_relics":[{"not_picked":["RedLine:ReiMu","Honey Jar"],"picked":"energizedSpire:MagnifyingGlass"},{"not_picked":["aspiration:SecretTechniqueScroll","aspiration:ServantSkillbook"],"picked":"Replay:Grab Bag"},{"not_picked":["energizedSpire:DeadBattery","infinitespire:Cupcake"],"picked":"Busted Crown"},{"not_picked":["ReplayTheSpireMod:DimensionalGlitch","Replay:Bronze Core"],"picked":"Mark of Pain"},{"not_picked":["AddBug","SacredBark"],"picked":"animator:HolyGrailRelic"}],"items_purged_floors":[19,38,45],"is_endless":false,"potions_floor_spawned":[1,13,16,27,31,35,41],"ascension_level":0}}