{"host":"ggy1mjjy92c62u6a","time":1612623127,"event":{"mods":["10 clothes from DAL","ATMod(阿瑾Mod)","Act Like it!","BaseMod","Colored Powertips","GifTheSpireLib","Library of Ruina","Library of Ruina Extra","Lobotomy","LobotomyExtend","Minty Spire (QoL Compilation)","Quick Restart","Relic Filter Mod","Relic Stats","Shop Mod","Spicy Shops","StSLib","TestMod","【功能Mod】混沌之环修复补丁","【遗物Mod】死灵法师NEW","【遗物卡牌】REMEMod"],"gold_per_floor":[111,111,123,134,144,178,195,195,240,240,254,268,284,7,7,105,105,117,131,1,1,1,76,109,109,155,195,195,243,243,275,275,421,421,452,199,199,113,124,154,154,154,177,177,188,202,213,213,213,213,213],"floor_reached":52,"language":"ZHS","playtime":1879,"items_purged":["LightDefense","LightAttack"],"score":2134,"play_id":"f63bdd76-87bf-444a-bbbe-d2e70b15d101","local_time":"20210206225207","is_ascension_mode":true,"campfire_choices":[{"floor":8.0,"key":"REST"},{"floor":15.0,"key":"REST"},{"data":"BlazingStrike","floor":28,"key":"SMITH"},{"data":"RepressedFlesh","floor":30,"key":"SMITH"},{"data":"GutHarvesting","floor":32,"key":"SMITH"},{"data":"FrontalAssault","floor":42,"key":"SMITH"},{"data":"RushDown","floor":49,"key":"SMITH"}],"circlet_count":0,"master_deck":["Dodge","LightDefense","LightAttack","LightDefense","LightDefense","ChargeAndCover","FocusedStrikes","Malaise","AT_ShadowStep","PunishingBird","Fence+1","RepressedFlesh+1","Faith","OSAHOGD","BlazingStrike+1","CrumblingArmor","Unlock1","FrontalAssault+1","Woodsman","FrontalAssault","GutHarvesting+1","OldLady","GuidanceOfTheGears+1","Shame","GuidanceOfTheGears","CrumblingArmor","Faith","Deflect_lor","SturdyDefense+1","UnforgettableMelody+1","RushDown+1","Escape Plan"],"relics":["PageOfLibrarian","REME_ComplimentaryCards","testmod-TestBox","CogitoBucket","testmod-D_4","LetterFromLob","SkinProphecy","LuminousBracelet","Membership Card","AT_EbonyIvory","testmod-Fanaticism","PageOfAlriune","AT_BellDemon","Smiling Mask","PageOfSingingMachine","Pen Nib","ChangeAnything","Nunchaku","AtMidnight","UndeadPower","AT_TrinityForce","AT_BellowingDragoncrestRing","MerchantsRug","PageOfGreed","PageOfFreischutz","PageOfTodaysShyLook","PrismaticShard","HornCleat","testmod-IndustrialRevolution","PageOfTheQueenOfHatred","PageOfTheKnightOfDespair","testmod-AssaultLearning","Centennial Puzzle","AT_RabadonDeathcap"],"acts_visited":["Exordium","TheCity","TheBeyond"],"potions_floor_usage":[33,33],"damage_taken":[{"damage":8.0,"enemies":"Small Slimes","floor":1.0,"turns":3.0},{"damage":0.0,"enemies":"Cultist","floor":3.0,"turns":2.0},{"damage":11.0,"enemies":"2 Louse","floor":4.0,"turns":2.0},{"damage":10.0,"enemies":"Exordium Wildlife","floor":5.0,"turns":4.0},{"damage":17.0,"enemies":"Gremlin Nob","floor":6.0,"turns":4.0},{"damage":0.0,"enemies":"Looter","floor":7.0,"turns":3.0},{"damage":22.0,"enemies":"Lots of Slimes","floor":11.0,"turns":4.0},{"damage":12.0,"enemies":"Large Slime","floor":12.0,"turns":2.0},{"damage":0.0,"enemies":"Looter","floor":13.0,"turns":1.0},{"damage":2.0,"enemies":"Hexaghost","floor":16.0,"turns":5.0},{"damage":25,"enemies":"Spheric Guardian","floor":18,"turns":4},{"damage":24,"enemies":"3 Byrds","floor":19,"turns":3},{"damage":74,"enemies":"REME_1_Revenger","floor":23,"turns":4},{"damage":10,"enemies":"Cultist and Chosen","floor":24,"turns":2},{"damage":0,"enemies":"Centurion and Healer","floor":27,"turns":2},{"damage":107,"enemies":"Book of Stabbing","floor":29,"turns":4},{"damage":75,"enemies":"Shelled Parasite and Fungi","floor":31,"turns":4},{"damage":200,"enemies":"RedHoodMercenary","floor":33,"turns":4},{"damage":34,"enemies":"3 Shapes","floor":35,"turns":2},{"damage":0,"enemies":"Orb Walker","floor":39,"turns":1},{"damage":55,"enemies":"Reptomancer","floor":40,"turns":2},{"damage":0,"enemies":"Spire Growth","floor":45,"turns":2},{"damage":18,"enemies":"Maw","floor":46,"turns":3},{"damage":0,"enemies":"Writhing Mass","floor":47,"turns":1},{"damage":117,"enemies":"Awakened One","floor":50,"turns":3},{"damage":164,"enemies":"Awakened One","floor":51,"turns":2}],"seed_played":"3568416991213981480","potions_obtained":[{"floor":3.0,"key":"SkillPotion"},{"floor":7.0,"key":"Energy Potion"},{"floor":11.0,"key":"Swift Potion"},{"floor":13.0,"key":"FairyPotion"},{"floor":31,"key":"REME_GoldPotion"}],"is_trial":false,"path_per_floor":["M","?","M","M","M","E","M","R","T","?","M","M","M","$","R","B",null,"M","M","$","?","$","E","M","?","T","M","R","E","R","M","R","B",null,"M","$","?","$","M","E","?","R","T","?","M","M","M","?","R","B",null,null],"character_chosen":"Librarian","items_purchased":["Membership Card","PageOfUniverseFragment","AT_EbonyIvory","PageOfAlriune","MerchantsRug","PageOfGreed","PageOfFreischutz","PageOfTodaysShyLook","PrismaticShard"],"campfire_rested":2,"item_purchase_floors":[14,14,14,20,36,36,36,36,38],"current_hp_per_floor":[46,46,46,35,30,14,17,35,35,50,34,26,28,28,53,63,80,90,92,92,92,92,94,109,109,109,111,111,102,102,125,125,127,127,129,129,129,129,131,112,112,112,112,112,116,138,132,132,132,144,146],"gold":213,"neow_bonus":"","is_daily":false,"chose_seed":false,"campfire_upgraded":5,"win_rate":0.0,"timestamp":1612623127,"path_taken":["M","?","M","M","M","E","M","R","T","?","M","M","?","$","R","BOSS","M","M","?","?","$","E","M","?","T","?","R","E","R","M","R","BOSS","M","$","?","$","M","E","?","R","T","?","M","M","?","?","R","BOSS"],"items_purchased_type":["Relic","Relic","Relic","Relic","Relic","Relic","Relic","Relic","Relic"],"build_version":"2020-12-22","purchased_purges":2,"victory":true,"max_hp_per_floor":[68,68,68,63,63,63,63,63,63,78,80,82,84,84,84,86,86,90,92,92,92,92,107,109,109,109,119,119,102,121,125,125,127,127,129,129,129,129,131,112,112,134,134,134,136,138,132,132,140,144,146],"relic_stats":{"Nunchaku":[4],"Centennial Puzzle":[6],"counters":[30,77],"Pen Nib":[5],"Smiling Mask":-12,"obtain_stats":[{"AT_BellDemon":23,"PageOfTheQueenOfHatred":40,"AT_ATBox":0,"LuminousBracelet":10,"PageOfAlriune":20,"PageOfSingingMachine":26,"SkinProphecy":7,"Smiling Mask":24,"PrismaticShard":38,"PageOfGreed":36,"testmod-Fanaticism":17,"CogitoBucket":0,"Nunchaku":31,"Centennial Puzzle":46,"HornCleat":39,"PageOfFreischutz":36,"PageOfTheKnightOfDespair":43,"AT_TrinityForce":34,"REME_ArchaeologicalTools":21,"PageOfTodaysShyLook":36,"MerchantsRug":36,"AT_RabadonDeathcap":47,"testmod-TestBox":0,"UndeadPower":33,"AT_EbonyIvory":14,"Pen Nib":29,"War Paint":29,"testmod-IndustrialRevolution":40,"White Beast Statue":6,"PageOfLibrarian":0,"Anchor":9,"AT_BellowingDragoncrestRing":35,"testmod-D_4":0,"testmod-AssaultLearning":45,"AtMidnight":31,"LetterFromLob":1,"Membership Card":14,"ChangeAnything":31,"REME_ComplimentaryCards":0,"PageOfUniverseFragment":14},{"AT_BellDemon":15,"PageOfTheQueenOfHatred":24,"AT_ATBox":0,"LuminousBracelet":7,"PageOfAlriune":14,"PageOfSingingMachine":16,"SkinProphecy":7,"Smiling Mask":16,"PrismaticShard":22,"PageOfGreed":22,"testmod-Fanaticism":11,"CogitoBucket":0,"Nunchaku":20,"Centennial Puzzle":26,"HornCleat":23,"PageOfFreischutz":22,"PageOfTheKnightOfDespair":24,"AT_TrinityForce":21,"REME_ArchaeologicalTools":14,"PageOfTodaysShyLook":22,"MerchantsRug":22,"AT_RabadonDeathcap":27,"testmod-TestBox":0,"UndeadPower":21,"AT_EbonyIvory":10,"Pen Nib":18,"War Paint":18,"testmod-IndustrialRevolution":24,"White Beast Statue":5,"PageOfLibrarian":0,"Anchor":7,"AT_BellowingDragoncrestRing":22,"testmod-D_4":0,"testmod-AssaultLearning":25,"AtMidnight":20,"LetterFromLob":1,"Membership Card":10,"ChangeAnything":20,"REME_ComplimentaryCards":0,"PageOfUniverseFragment":10},{"AT_BellDemon":43,"PageOfTheQueenOfHatred":65,"AT_ATBox":0,"LuminousBracelet":19,"PageOfAlriune":39,"PageOfSingingMachine":45,"SkinProphecy":19,"Smiling Mask":45,"PrismaticShard":62,"PageOfGreed":62,"testmod-Fanaticism":31,"CogitoBucket":0,"Nunchaku":56,"Centennial Puzzle":70,"HornCleat":63,"PageOfFreischutz":62,"PageOfTheKnightOfDespair":65,"AT_TrinityForce":60,"REME_ArchaeologicalTools":39,"PageOfTodaysShyLook":62,"MerchantsRug":62,"AT_RabadonDeathcap":71,"testmod-TestBox":0,"UndeadPower":60,"AT_EbonyIvory":26,"Pen Nib":51,"War Paint":51,"testmod-IndustrialRevolution":65,"White Beast Statue":15,"PageOfLibrarian":0,"Anchor":19,"AT_BellowingDragoncrestRing":62,"testmod-D_4":0,"testmod-AssaultLearning":67,"AtMidnight":56,"LetterFromLob":3,"Membership Card":26,"ChangeAnything":56,"REME_ComplimentaryCards":0,"PageOfUniverseFragment":26}]},"card_choices":[{"not_picked":["CherryBlossoms","MHz"],"picked":"PunishingBird","floor":1.0},{"not_picked":["ShrineToMusic","SparkingSpear","Reload","SinglePointStab","HeavyPeaks","Ripple","RipSpace","EndlessBattle"],"picked":"Fence","floor":1.0},{"not_picked":["PreemptiveStrike","Wallop_lor","QuickAttack","StrongStrike","MindWhip","SummaryJudgment","LawAndOrder","EnergyCycle"],"picked":"Faith","floor":3.0},{"not_picked":["BigBadWolf","MHz"],"picked":"OSAHOGD","floor":4.0},{"not_picked":["FendThisOffIfYouCan","UpbeatPerformance","AGoldenOpportunity","StructuralAnalysis","SunsetBlade","Leap_lor","WillBeTasty","Diversion"],"picked":"BlazingStrike","floor":4.0},{"not_picked":["ShyLook","HeroicMonk"],"picked":"CrumblingArmor","floor":5.0},{"not_picked":["Collision","FleshFillet","SmokingPipe","SinglePointStab","HighKick","SkitterAway","Standoff","BackAttack","DefenseOrder"],"picked":"SKIP","floor":5.0},{"not_picked":["SmokingPipe","SturdyDefense","FlashOfSunup","ClassAndRespect","Bvapour","Quickness","QuickSuppression","FleshFillet"],"picked":"Unlock1","floor":6.0},{"not_picked":["DestructiveImpact","Diversion","FierceCharge","EnergyShield","FormingStorm","Faith","DesperateStruggle","SpearedSweep"],"picked":"FrontalAssault","floor":7.0},{"not_picked":["LaLuna","Wellcheers"],"picked":"Woodsman","floor":11.0},{"not_picked":["FaintMemories","DaringDecision","PinpointShot","Faith","WildCard","ChopItOff","Rampage_lor","Diversion"],"picked":"FrontalAssault","floor":11.0},{"not_picked":["Quickness","HighKick","SweepTheBackstreets","DarkCloud","CutIn","Thirst","DefenseOrder","PinpointShot"],"picked":"GutHarvesting","floor":12.0},{"not_picked":["BeautyBeast","FairyFestival"],"picked":"OldLady","floor":13.0},{"not_picked":["UpbeatPerformance","MultiBlock","ClassAndRespect","LawAndOrder","FlowOfTheSword","Wallop_lor","EnergyShield","SkyClearingCut","DefenseOrder"],"picked":"SKIP","floor":13.0},{"not_picked":["MindCrush","TraceOfFumes","WaitUp","PreemptiveStrike","ToOvercomeCrisis+1","WillBeTasty+1","HiddenBlade+1","QuickSuppression+1","BackstreetsDash"],"picked":"SKIP","floor":18},{"not_picked":["SinglePointStab","BackAttack","SuppressingShot","NightInTheBackstreets","QuickSuppression+1","ChargeUp","Parry+1","Rewind"],"picked":"GuidanceOfTheGears","floor":19},{"not_picked":["Tttonst","Thrust+1","HandleRequest","EmotionalTurbulence","PreemptiveStrike","LoosenUp","FleetFootsteps","EnergyShield+1"],"picked":"GuidanceOfTheGears","floor":23},{"not_picked":["MultiHit","DarkCloud","BackAttack","WillOfThePrescript","EnergyShield","SharpSwipe","FleshFillet","AsThePrescriptOrders","ShockRound+1"],"picked":"SKIP","floor":24},{"not_picked":["FleetFootsteps","DarkCloud","DevastatingThrash","SharpSwipe","EnergyShield","Overpower","GroundSmash","Pound"],"picked":"Faith","floor":27},{"not_picked":["HiddenBlade","ShockingBlow","QuickAttack","BackAttack","Thrust+1","FleetEdge","DesperateStruggle","TieShanKao"],"picked":"Deflect_lor","floor":29},{"not_picked":["ReadyUp+1","GrazeTheGrass","RapidGashes","BizarreAttack","Rampage_lor+1","DarkCloud","BackAttack+1","EnergyShield+1"],"picked":"SturdyDefense+1","floor":31},{"not_picked":["FormingStorm","Eradication"],"picked":"UnforgettableMelody","floor":33},{"not_picked":["FleshFillet","Gigigig+1","GuidanceOfTheGears","NightInTheBackstreets","SpearedSweep+1","PinpointShot+1","MultiBlock+1","ExtremeEdge"],"picked":"RushDown","floor":35},{"not_picked":["MultiHit+1","Feed","Hello World","Streamline","ChopItOff","MultiBlock","Camael","IronWall"],"picked":"Escape Plan","floor":39},{"not_picked":["Reverberation+1","Parry","DesperateStruggle+1","WristCuter","PosionWeak+1","Sweeping Beam+1","ClearTheMind+1","Overcharge+1","Cloak And Dagger+1"],"picked":"SKIP","floor":40},{"not_picked":["testmod-DeathImprint","InnerPeace","Dagger Spray+1","Body Slam","SummaryJudgment","Bone_Prison","MultiHit+1","GuardingStance","Bane"],"picked":"SKIP","floor":45},{"not_picked":["Flex","Good Instincts+1","Negative_Energy_Burst+1","AT_BreakingExtremeWeapon","Compile Driver","CutThroughFate","Ball Lightning","Summon_Undead_Army","Blood_Is_Power"],"picked":"SKIP","floor":46},{"not_picked":["GuardingStance","EndlessBattle+1","Marionette","AT_BodySlamDance","Noise+1","BlueScar+1","SpearedSweep+1","True Grit","CombatPreparation+1"],"picked":"SKIP","floor":47}],"player_experience":100981,"relics_obtained":[{"floor":1.0,"key":"LetterFromLob"},{"floor":6.0,"key":"White Beast Statue"},{"floor":9.0,"key":"Anchor"},{"floor":23,"key":"AT_BellDemon"},{"floor":24,"key":"Smiling Mask"},{"floor":26,"key":"PageOfSingingMachine"},{"floor":29,"key":"Pen Nib"},{"floor":29,"key":"War Paint"},{"floor":31,"key":"Nunchaku"},{"floor":31,"key":"AtMidnight"},{"floor":33,"key":"UndeadPower"},{"floor":35,"key":"AT_BellowingDragoncrestRing"},{"floor":39,"key":"HornCleat"},{"floor":40,"key":"testmod-IndustrialRevolution"},{"floor":40,"key":"PageOfTheQueenOfHatred"},{"floor":43,"key":"PageOfTheKnightOfDespair"},{"floor":45,"key":"testmod-AssaultLearning"},{"floor":46,"key":"Centennial Puzzle"},{"floor":47,"key":"AT_RabadonDeathcap"}],"event_choices":[{"damage_healed":0.0,"max_hp_gain":0.0,"max_hp_loss":0.0,"gold_gain":0.0,"cards_transformed":["LightAttack"],"event_name":"Transmorgrifier","player_choice":"Transformed","floor":2.0,"gold_loss":0.0,"damage_taken":0.0,"cards_obtained":["RepressedFlesh"]},{"damage_healed":0.0,"max_hp_gain":0.0,"max_hp_loss":0.0,"gold_gain":0.0,"event_name":"给自己的盒子","player_choice":"Swap Relic","floor":10.0,"relics_lost":["AT_ATBox"],"gold_loss":0.0,"damage_taken":0.0,"relics_obtained":["LuminousBracelet"]},{"damage_healed":0,"gold_gain":0,"player_choice":"Stole Relic","damage_taken":0,"relics_obtained":["REME_ArchaeologicalTools"],"max_hp_gain":0,"max_hp_loss":0,"event_name":"Addict","floor":21,"gold_loss":0,"cards_obtained":["Shame"]},{"damage_healed":0,"gold_gain":0,"player_choice":"Copied","damage_taken":0,"max_hp_gain":0,"max_hp_loss":0,"event_name":"Duplicator","floor":25,"gold_loss":0,"cards_obtained":["CrumblingArmor"]},{"damage_healed":0,"gold_gain":0,"player_choice":"Memory 1","damage_taken":0,"max_hp_gain":0,"max_hp_loss":0,"event_name":"SensoryStone","floor":37,"gold_loss":0},{"damage_healed":0,"gold_gain":0,"player_choice":"Ignored","damage_taken":0,"max_hp_gain":0,"max_hp_loss":0,"event_name":"Tomb of Lord Red Mask","floor":41,"gold_loss":0},{"damage_healed":0,"gold_gain":0,"player_choice":"Forge","damage_taken":0,"max_hp_gain":0,"max_hp_loss":0,"event_name":"Accursed Blacksmith","floor":48,"gold_loss":0,"cards_upgraded":["UnforgettableMelody"]}],"is_beta":false,"boss_relics":[{"not_picked":["testmod-NegativeEmotionEnhancer","testmod-Temperance"],"picked":"testmod-Fanaticism"},{"not_picked":["SlaversCollar","Tiny House"],"picked":"AT_TrinityForce"}],"items_purged_floors":[36,38],"is_endless":false,"potions_floor_spawned":[3,7,11,12,13,16,18,19,23,24,27,29,31,33,35,39],"ascension_level":7}}