{"host":"7qmclr78zvlntuh5","time":1612582498,"event":{"mods":["BaseMod","Hermit","Minty Spire (QoL Compilation)","StSLib"],"gold_per_floor":[113,113,130,130,5,37,54,54,124,154,154,167,267,288,288,388,388,408,429,126,126,141,174,188,221,221,249,262,262,162,181,181,282,282,305,305,329,329,347,347,379,397,397,415,448,323,21,38,38,43,43,43,43,76,83],"floor_reached":56,"language":"ENG","playtime":6406,"items_purged":["hermit:Defend_Hermit","hermit:Defend_Hermit","hermit:Strike_Hermit+1","hermit:Defend_Hermit+1"],"score":1379,"play_id":"a6c161ce-32d1-433b-beed-1bdd9da9d55c","local_time":"20210205223458","is_ascension_mode":false,"campfire_choices":[{"data":"hermit:Combo","floor":8.0,"key":"SMITH"},{"data":"hermit:Combo","floor":11.0,"key":"SMITH"},{"data":"hermit:Horror","floor":15.0,"key":"SMITH"},{"data":"hermit:Adapt","floor":29,"key":"SMITH"},{"data":"hermit:OverwhelmingPower","floor":32,"key":"SMITH"},{"floor":40,"key":"RECALL"},{"data":"hermit:BigShot","floor":49,"key":"SMITH"},{"data":"hermit:Scavenge","floor":52,"key":"SMITH"}],"circlet_count":0,"master_deck":["hermit:Strike_Hermit+1","hermit:Defend_Hermit+1","hermit:Snapshot","hermit:Covet","hermit:Combo+1","hermit:Combo+1","hermit:TrackingShot","hermit:GoldenBullet","hermit:Horror+1","hermit:GhostlyPresence","hermit:Scavenge+1","hermit:Adapt+1","hermit:BigShot+1","hermit:OverwhelmingPower+1","hermit:EyeOfTheStorm","hermit:GhostlyPresence","hermit:Dive","hermit:Gestalt+1"],"relics":["hermit:Momento","NeowsBlessing","Ancient Tea Set","Bottled Lightning","Singing Bowl","Coffee Dripper","War Paint","Strawberry","Matryoshka","Whetstone","Meat on the Bone","Mummified Hand","Busted Crown","InkBottle","Centennial Puzzle","MealTicket","Bag of Preparation","Ginger"],"acts_visited":["Exordium","TheCity","TheBeyond","TheEnding"],"potions_floor_usage":[],"damage_taken":[{"damage":0.0,"enemies":"Small Slimes","floor":1.0,"turns":1.0},{"damage":0.0,"enemies":"Cultist","floor":3.0,"turns":1.0},{"damage":0.0,"enemies":"Lagavulin","floor":6.0,"turns":1.0},{"damage":6.0,"enemies":"Jaw Worm","floor":7.0,"turns":4.0},{"damage":7.0,"enemies":"3 Sentries","floor":10.0,"turns":5.0},{"damage":0.0,"enemies":"Looter","floor":12.0,"turns":1.0},{"damage":5.0,"enemies":"Lots of Slimes","floor":14.0,"turns":4.0},{"damage":2.0,"enemies":"Hexaghost","floor":16.0,"turns":7.0},{"damage":7.0,"enemies":"Shell Parasite","floor":18.0,"turns":3.0},{"damage":2.0,"enemies":"Chosen","floor":19.0,"turns":6.0},{"damage":5.0,"enemies":"Snecko","floor":22.0,"turns":5.0},{"damage":3.0,"enemies":"Gremlin Leader","floor":23.0,"turns":4.0},{"damage":10.0,"enemies":"Centurion and Healer","floor":24.0,"turns":4.0},{"damage":3.0,"enemies":"Book of Stabbing","floor":25.0,"turns":5.0},{"damage":24.0,"enemies":"Slavers","floor":27.0,"turns":3.0},{"damage":18,"enemies":"Snake Plant","floor":28,"turns":3},{"damage":0,"enemies":"3 Cultists","floor":31,"turns":3},{"damage":0,"enemies":"Automaton","floor":33,"turns":4},{"damage":5,"enemies":"3 Darklings","floor":35,"turns":4},{"damage":2,"enemies":"Orb Walker","floor":37,"turns":4},{"damage":0,"enemies":"Maw","floor":39,"turns":6},{"damage":1,"enemies":"Reptomancer","floor":41,"turns":3},{"damage":0,"enemies":"Transient","floor":42,"turns":5},{"damage":12,"enemies":"3 Darklings","floor":44,"turns":4},{"damage":0,"enemies":"Nemesis","floor":45,"turns":3},{"damage":0,"enemies":"Writhing Mass","floor":48,"turns":5},{"damage":1,"enemies":"Awakened One","floor":50,"turns":4},{"damage":1,"enemies":"Shield and Spear","floor":54,"turns":5},{"damage":64,"enemies":"The Heart","floor":55,"turns":7}],"seed_played":"3673830095777474577","potions_obtained":[{"floor":1.0,"key":"Weak Potion"},{"floor":2.0,"key":"Weak Potion"},{"floor":2.0,"key":"ColorlessPotion"},{"floor":2.0,"key":"hermit:Tonic"},{"floor":14.0,"key":"Energy Potion"},{"floor":18.0,"key":"SpeedPotion"},{"floor":23.0,"key":"hermit:BlackBile"},{"floor":27.0,"key":"FearPotion"},{"floor":41,"key":"FairyPotion"}],"is_trial":false,"path_per_floor":["M","?","M","?","$","E","M","R","T","E","R","M","?","M","R","B",null,"M","M","$","?","M","E","M","E","T","E","M","R","$","M","R","B",null,"M","?","M","?","M","R","E","M","T","M","E","$","$","M","R","B",null,"R","$","E","B",null],"character_chosen":"HERMIT","items_purchased":["hermit:TrackingShot","hermit:GoldenBullet","hermit:BigShot","War Paint","Bag of Preparation"],"campfire_rested":0,"item_purchase_floors":[5,5,20,20,47],"current_hp_per_floor":[75,75,75,68,68,68,62,62,62,55,55,57,57,54,54,52,79,74,74,74,74,69,73,63,62,62,52,46,46,46,60,60,62,98,95,95,95,86,88,88,89,91,91,81,83,98,107,107,107,106,107,107,107,108,56],"gold":83,"neow_bonus":"THREE_ENEMY_KILL","is_daily":false,"chose_seed":false,"campfire_upgraded":7,"win_rate":0.0,"timestamp":1612582498,"path_taken":["M","?","?","?","$","E","M","R","T","E","R","M","?","?","R","BOSS","M","M","$","?","?","E","M","E","T","E","M","R","$","M","R","BOSS","M","?","M","?","M","R","E","M","T","?","E","?","$","M","R","BOSS","R","$","E","BOSS"],"items_purchased_type":["Card","Card","Card","Relic","Relic"],"build_version":"2020-12-22","purchased_purges":4,"victory":true,"max_hp_per_floor":[75,75,75,75,75,75,75,75,75,75,75,77,77,79,79,79,79,81,83,83,83,83,90,90,92,92,94,94,94,94,96,96,98,98,100,95,97,97,99,99,101,103,103,105,107,107,107,107,107,107,107,107,107,109,109],"card_choices":[{"not_picked":["hermit:Ricochet","hermit:ItchyTrigger"],"picked":"hermit:Combo","floor":1.0},{"not_picked":["hermit:DeadMansHand","hermit:Manifest"],"picked":"hermit:Combo","floor":3.0},{"not_picked":["hermit:HoleUp","hermit:BodyArmor"],"picked":"hermit:Horror","floor":6.0},{"not_picked":["hermit:LoneWolf","hermit:HoleUp"],"picked":"hermit:GhostlyPresence","floor":7.0},{"not_picked":["hermit:EternalForm","hermit:HighCaliber"],"picked":"hermit:Scavenge","floor":10.0},{"not_picked":["hermit:BodyArmor","hermit:ItchyTrigger","hermit:Roulette"],"picked":"Singing Bowl","floor":12.0},{"not_picked":["hermit:LuckOfTheDraw","hermit:CalledShot","hermit:Combo"],"picked":"Singing Bowl","floor":14.0},{"not_picked":["hermit:RoundhouseKick","hermit:Purgatory"],"picked":"hermit:Adapt","floor":16.0},{"not_picked":["hermit:ShadowCloak","hermit:Quickdraw","hermit:Manifest"],"picked":"Singing Bowl","floor":18.0},{"not_picked":["hermit:Misfire+1","hermit:Maintenance","hermit:HoleUp"],"picked":"Singing Bowl","floor":19.0},{"not_picked":["hermit:TrackingShot","hermit:HighCaliber"],"picked":"hermit:OverwhelmingPower","floor":22.0},{"not_picked":["hermit:Enervate+1","hermit:TakeAim+1"],"picked":"hermit:EyeOfTheStorm","floor":23.0},{"not_picked":["hermit:ItchyTrigger+1","hermit:Vantage"],"picked":"hermit:GhostlyPresence","floor":24.0},{"not_picked":["hermit:WideOpen","hermit:Malice","hermit:HighCaliber"],"picked":"Singing Bowl","floor":25.0},{"not_picked":["hermit:HoleUp","hermit:SprayPray","hermit:Snipe"],"picked":"Singing Bowl","floor":27.0},{"not_picked":["hermit:ShadowCloak","hermit:Quickdraw+1"],"picked":"hermit:Dive","floor":28},{"not_picked":["hermit:HoleUp+1","hermit:HighNoon","hermit:Roulette+1"],"picked":"Singing Bowl","floor":31},{"not_picked":["hermit:HighNoon","hermit:BlackWind","hermit:FatalDesire"],"picked":"Singing Bowl","floor":33},{"not_picked":["hermit:Brawl"],"picked":"Singing Bowl","floor":35},{"not_picked":["hermit:SprayPray"],"picked":"Singing Bowl","floor":37},{"not_picked":["hermit:Grudge"],"picked":"Singing Bowl","floor":39},{"not_picked":["hermit:Spite"],"picked":"Singing Bowl","floor":41},{"not_picked":["hermit:FlashPowder"],"picked":"Singing Bowl","floor":42},{"not_picked":["hermit:HighCaliber"],"picked":"Singing Bowl","floor":44},{"not_picked":["hermit:Glare"],"picked":"Singing Bowl","floor":45},{"not_picked":[],"picked":"hermit:Gestalt+1","floor":48},{"not_picked":["hermit:Vantage"],"picked":"Singing Bowl","floor":54}],"player_experience":124394,"relics_obtained":[{"floor":6.0,"key":"Ancient Tea Set"},{"floor":9.0,"key":"Bottled Lightning"},{"floor":10.0,"key":"Singing Bowl"},{"floor":23.0,"key":"Strawberry"},{"floor":25.0,"key":"Matryoshka"},{"floor":26.0,"key":"Whetstone"},{"floor":26.0,"key":"Meat on the Bone"},{"floor":27.0,"key":"Mummified Hand"},{"floor":41,"key":"InkBottle"},{"floor":43,"key":"Centennial Puzzle"},{"floor":45,"key":"MealTicket"},{"floor":54,"key":"Ginger"}],"event_choices":[{"damage_healed":0.0,"max_hp_gain":0.0,"max_hp_loss":0.0,"gold_gain":0.0,"event_name":"Lab","player_choice":"Got Potions","floor":2.0,"gold_loss":0.0,"damage_taken":0.0},{"cards_removed":["hermit:Strike_Hermit"],"damage_healed":0.0,"max_hp_gain":0.0,"max_hp_loss":0.0,"gold_gain":0.0,"event_name":"Golden Wing","player_choice":"Card Removal","floor":4.0,"gold_loss":0.0,"damage_taken":7.0},{"damage_healed":0.0,"max_hp_gain":0.0,"max_hp_loss":0.0,"gold_gain":100.0,"event_name":"Golden Shrine","player_choice":"Pray","floor":13.0,"gold_loss":0.0,"damage_taken":0.0},{"cards_removed":["hermit:Strike_Hermit"],"damage_healed":0.0,"max_hp_gain":0.0,"max_hp_loss":0.0,"gold_gain":0.0,"event_name":"Bonfire Elementals","player_choice":"Offered Basic","floor":21.0,"gold_loss":0.0,"damage_taken":0.0},{"damage_healed":0,"gold_gain":0,"player_choice":"Max HP","damage_taken":0,"max_hp_gain":0,"max_hp_loss":5,"event_name":"Winding Halls","floor":36,"gold_loss":0},{"damage_healed":0,"gold_gain":0,"player_choice":"Damaged","damage_taken":9,"max_hp_gain":0,"max_hp_loss":0,"event_name":"Wheel of Change","floor":38,"gold_loss":0}],"is_beta":false,"boss_relics":[{"not_picked":["Empty Cage","Astrolabe"],"picked":"Coffee Dripper"},{"not_picked":["Calling Bell","Runic Pyramid"],"picked":"Busted Crown"}],"items_purged_floors":[20,30,46,47],"is_endless":false,"potions_floor_spawned":[1,12,14,18,23,27,33,37,41,42],"ascension_level":0}}