{"host":"j4g6ia6asvpyu2b0","time":1612654392,"event":{"mods":["BaseMod","Colored Map","Minty Spire (QoL Compilation)","Permanent Neow","Quick Restart","Relic Stats","StSLib","Unceasing Turn Reminder"],"gold_per_floor":[109,120,135,151,167,198,198,208,208,218,244,262,262,296,296,395,395,413,423,266,286,286,286,286],"floor_reached":23,"language":"ENG","playtime":819,"items_purged":[],"score":252,"play_id":"0ed61ee0-269c-4c7d-8654-0e57ce50e83b","local_time":"20210206163312","is_ascension_mode":true,"campfire_choices":[{"data":"Noxious Fumes","floor":7,"key":"SMITH"},{"floor":13,"key":"REST"},{"data":"Envenom","floor":15,"key":"SMITH"}],"circlet_count":0,"master_deck":["Survivor","Neutralize","Flying Knee","Dagger Spray","Backflip","Noxious Fumes+1","Cloak And Dagger","Bouncing Flask","Malaise","Blade Dance","Envenom+1","PiercingWail","Backflip","A Thousand Cuts","Expertise","Poisoned Stab","Dash","Expertise","Crippling Poison","Backflip","Endless Agony","Storm of Steel","Grand Finale","Skewer","Well Laid Plans","Cloak And Dagger+1","Flying Knee"],"relics":["Philosopher\u0027s Stone","Regal Pillow","Eternal Feather","PreservedInsect","Singing Bowl","Pandora\u0027s Box","Snake Skull"],"acts_visited":["Exordium","TheCity"],"potions_floor_usage":[2,6,11,18,22,23],"damage_taken":[{"damage":6,"enemies":"2 Louse","floor":1,"turns":3},{"damage":0,"enemies":"Small Slimes","floor":2,"turns":3},{"damage":5,"enemies":"Jaw Worm","floor":3,"turns":3},{"damage":0,"enemies":"3 Louse","floor":4,"turns":3},{"damage":26,"enemies":"Exordium Thugs","floor":5,"turns":5},{"damage":12,"enemies":"3 Sentries","floor":6,"turns":4},{"damage":10,"enemies":"Red Slaver","floor":8,"turns":3},{"damage":2,"enemies":"2 Fungi Beasts","floor":10,"turns":3},{"damage":3,"enemies":"Lagavulin","floor":11,"turns":7},{"damage":9,"enemies":"Blue Slaver","floor":12,"turns":3},{"damage":14,"enemies":"3 Sentries","floor":14,"turns":5},{"damage":6,"enemies":"Hexaghost","floor":16,"turns":8},{"damage":21,"enemies":"2 Thieves","floor":18,"turns":4},{"damage":2,"enemies":"Spheric Guardian","floor":19,"turns":3},{"damage":7,"enemies":"Snake Plant","floor":21,"turns":5},{"damage":0,"enemies":"Snecko","floor":22,"turns":2},{"damage":22,"enemies":"Gremlin Leader","floor":23,"turns":4}],"seed_played":"4328792057539815570","potions_obtained":[{"floor":2,"key":"Fruit Juice"},{"floor":3,"key":"Poison Potion"},{"floor":5,"key":"Strength Potion"},{"floor":6,"key":"Weak Potion"},{"floor":8,"key":"Strength Potion"},{"floor":18,"key":"SmokeBomb"},{"floor":21,"key":"SpeedPotion"}],"is_trial":false,"path_per_floor":["M","M","M","M","M","E","R","M","T","M","E","M","R","E","R","B",null,"M","M","$","M","M","E"],"character_chosen":"THE_SILENT","items_purchased":["Snake Skull"],"campfire_rested":1,"item_purchase_floors":[20],"current_hp_per_floor":[64,69,64,64,38,26,26,16,16,14,11,2,51,37,49,43,75,54,52,52,45,45,23,23],"gold":286,"neow_bonus":"BOSS_RELIC","is_daily":false,"chose_seed":false,"campfire_upgraded":2,"win_rate":0.0,"timestamp":1612654392,"path_taken":["M","M","M","M","M","E","R","M","T","M","E","M","R","E","R","BOSS","M","M","$","M","M","E"],"items_purchased_type":["Relic"],"build_version":"2020-12-22","purchased_purges":0,"victory":false,"max_hp_per_floor":[70,75,75,75,75,75,75,75,75,75,75,75,75,75,75,75,75,75,75,75,75,75,75,75],"relic_stats":{"Regal Pillow":15,"Singing Bowl":0,"counters":[17,68],"Eternal Feather":24,"Pandora\u0027s Box":["Expertise","Poisoned Stab","Dash","Expertise","Crippling Poison","Backflip","Endless Agony","Storm of Steel","Grand Finale","Skewer"],"PreservedInsect":75,"Snake Skull":[20],"obtain_stats":[{"Regal Pillow":6,"Singing Bowl":14,"Philosopher\u0027s Stone":0,"Eternal Feather":9,"Pandora\u0027s Box":17,"PreservedInsect":11,"Snake Skull":20,"Ring of the Snake":0},{"Regal Pillow":6,"Singing Bowl":11,"Philosopher\u0027s Stone":0,"Eternal Feather":7,"Pandora\u0027s Box":12,"PreservedInsect":9,"Snake Skull":14,"Ring of the Snake":0},{"Regal Pillow":21,"Singing Bowl":42,"Philosopher\u0027s Stone":0,"Eternal Feather":24,"Pandora\u0027s Box":50,"PreservedInsect":34,"Snake Skull":57,"Ring of the Snake":0}]},"card_choices":[{"not_picked":["Deflect","Outmaneuver"],"picked":"Flying Knee","floor":1},{"not_picked":["Reflex","PiercingWail"],"picked":"Dagger Spray","floor":2},{"not_picked":["Slice","Cloak And Dagger"],"picked":"Backflip","floor":3},{"not_picked":["Setup","Accuracy"],"picked":"Noxious Fumes","floor":4},{"not_picked":["Prepared","Setup"],"picked":"Cloak And Dagger","floor":5},{"not_picked":["Setup","Poisoned Stab"],"picked":"Bouncing Flask","floor":6},{"not_picked":["Predator","Riddle With Holes"],"picked":"Malaise","floor":8},{"not_picked":["Dodge and Roll","Riddle With Holes"],"picked":"Blade Dance","floor":10},{"not_picked":["Flying Knee","Slice"],"picked":"Envenom","floor":11},{"not_picked":["Heel Hook","Underhanded Strike"],"picked":"PiercingWail","floor":12},{"not_picked":["Deflect","Cloak And Dagger"],"picked":"Backflip","floor":14},{"not_picked":["Night Terror","Die Die Die"],"picked":"A Thousand Cuts","floor":16},{"not_picked":["Prepared","Cloak And Dagger+1"],"picked":"Well Laid Plans","floor":18},{"not_picked":["Finisher+1","Acrobatics+1"],"picked":"Cloak And Dagger+1","floor":19},{"not_picked":["Calculated Gamble","Distraction"],"picked":"Flying Knee","floor":21}],"player_experience":1166356,"relics_obtained":[{"floor":6,"key":"Regal Pillow"},{"floor":9,"key":"Eternal Feather"},{"floor":11,"key":"PreservedInsect"},{"floor":14,"key":"Singing Bowl"}],"event_choices":[],"is_beta":false,"boss_relics":[{"not_picked":["Runic Dome","SacredBark"],"picked":"Pandora\u0027s Box"}],"items_purged_floors":[],"is_endless":false,"potions_floor_spawned":[2,3,5,6,8,18,21],"killed_by":"Gremlin Leader","ascension_level":3}}