{"host":"ormi09wwzv7sq47a","time":1612581119,"event":{"mods":["2.2 Compatiblity","AchievementEnabler","Act Like it!","BaseMod","Bestiary","Better Altar","Better Note","Better Sensory Stone","Better Silent Start","Better Skull","Better Third Choice","Better Vampires","BetterRewards","Block Reminder","Card Forge","Colored Map","Colored Powertips","Curses Come First","DeckTracker","Downfall","Highlight Path","Minty Spire (QoL Compilation)","Permanent Neow","Quick Restart","Rare Cards Sparkle","Relic Stats","Shop Mod","StSLib","The Jungle"],"gold_per_floor":[114,132,132,148,158,191,191,23,23,23,43,69,2,16,16,118,118,128,142,142,142,17,17,347,347,371,401,419,439,464,479,479,578,578,597,597,610,620,634,634,645,645,672,672,69,103,103,103,103,103,103,103,26,59,59],"floor_reached":56,"language":"ENG","playtime":4271,"items_purged":["Guardian:Strike_Guardian","Guardian:Strike_Guardian","Guardian:Defend_Guardian","Parasite"],"score":2301,"play_id":"51b14589-184c-4683-bda3-fc8cbe567ab1","local_time":"20210206011159","is_ascension_mode":true,"campfire_choices":[{"data":"Guardian:TemporalShield","floor":7.0,"key":"SMITH"},{"data":"Guardian:ShieldCharger","floor":10.0,"key":"SMITH"},{"data":"Guardian:MultiBeam","floor":15.0,"key":"SMITH"},{"data":"Guardian:CompilePackage","floor":23.0,"key":"SMITH"},{"data":"Guardian:Preprogram","floor":25.0,"key":"SMITH"},{"data":"Guardian:TemporalShield","floor":32.0,"key":"SMITH"},{"data":"Guardian:ExploitGems","floor":40,"key":"SMITH"},{"data":"Guardian:SentryBeam","floor":42,"key":"SMITH"},{"floor":44,"key":"RECALL"},{"data":"Sadistic Nature","floor":49,"key":"SMITH"},{"data":"Guardian:EvasiveProtocol","floor":52,"key":"SMITH"}],"circlet_count":0,"master_deck":["Guardian:Strike_Guardian+1","Guardian:Defend_Guardian","Guardian:Defend_Guardian","Guardian:Defend_Guardian","Guardian:CurlUp","Guardian:TwinSlam+1","Violence","Guardian:SentryBeam+1","Guardian:EvasiveProtocol+1","Guardian:BronzeOrb+1","Guardian:Incinerate","Guardian:FuturePlans","Guardian:ShieldCharger+1","Guardian:TemporalShield+1","Guardian:MultiBeam+1","Guardian:CompilePackage+1","Guardian:Recover+1","Guardian:Preprogram+1","Master of Strategy","Guardian:ConstructionForm+1","Guardian:TimeCapacitor","Guardian:TemporalShield+1","Guardian:ExploitGems+1","Guardian:ArmoredProtocol+1","Guardian:Repulse+1","Guardian:TemporalStrike","Guardian:PrimingBeam+1","Sadistic Nature+1"],"relics":["Guardian:ModeShifter","Hammer of Thor","Seething Fire","Anvil of the Gods","Bag of Preparation","champ:DeflectingBracers","Anchor","Oddly Smooth Stone","White Beast Statue","bronze:MakeshiftBattery","Old Coin","Guardian:DefensiveModeMoreBlock","bronze:DecasWashers","Torii","Philosopher\u0027s Stone","Mummified Hand","Whetstone","Centennial Puzzle","Guardian:PickAxe"],"acts_visited":["Exordium","TheCity","TheBeyond","TheEnding"],"potions_floor_usage":[46,50,50,50,50,55,55,55],"damage_taken":[{"damage":0.0,"enemies":"2 Louse","floor":1.0,"turns":2.0},{"damage":0.0,"enemies":"Cultist","floor":2.0,"turns":3.0},{"damage":2.0,"enemies":"Jaw Worm","floor":4.0,"turns":3.0},{"damage":0.0,"enemies":"Red Slaver","floor":5.0,"turns":3.0},{"damage":5.0,"enemies":"Lagavulin","floor":6.0,"turns":5.0},{"damage":0.0,"enemies":"Large Slime","floor":11.0,"turns":5.0},{"damage":0.0,"enemies":"3 Sentries","floor":12.0,"turns":6.0},{"damage":0.0,"enemies":"Looter","floor":14.0,"turns":2.0},{"damage":4.0,"enemies":"Hexaghost","floor":16.0,"turns":5.0},{"damage":0.0,"enemies":"2 Thieves","floor":18.0,"turns":2.0},{"damage":0.0,"enemies":"3 Byrds","floor":19.0,"turns":2.0},{"damage":0.0,"enemies":"Slavers","floor":24.0,"turns":1.0},{"damage":2.0,"enemies":"Gremlin Leader","floor":27.0,"turns":6.0},{"damage":0.0,"enemies":"Sentry and Sphere","floor":28.0,"turns":4.0},{"damage":0.0,"enemies":"Centurion and Healer","floor":29.0,"turns":5.0},{"damage":10.0,"enemies":"Book of Stabbing","floor":30.0,"turns":5.0},{"damage":0.0,"enemies":"Shelled Parasite and Fungi","floor":31.0,"turns":2.0},{"damage":0.0,"enemies":"Champ","floor":33.0,"turns":7.0},{"damage":0,"enemies":"Orb Walker","floor":35,"turns":4},{"damage":0,"enemies":"3 Darklings","floor":37,"turns":2},{"damage":0,"enemies":"Writhing Mass","floor":38,"turns":4},{"damage":0,"enemies":"Transient","floor":39,"turns":5},{"damage":0,"enemies":"Maw","floor":41,"turns":5},{"damage":0,"enemies":"Nemesis","floor":46,"turns":5},{"damage":0,"enemies":"Awakened One","floor":50,"turns":8},{"damage":0,"enemies":"Shield and Spear","floor":54,"turns":4},{"damage":4,"enemies":"The Heart","floor":55,"turns":7}],"seed_played":"-6497424502462535296","potions_obtained":[{"floor":4.0,"key":"Guardian:DefensiveModePotion"},{"floor":6.0,"key":"Fire Potion"},{"floor":11.0,"key":"champ:CounterPotion"},{"floor":12.0,"key":"Strength Potion"},{"floor":14.0,"key":"LiquidMemories"},{"floor":16.0,"key":"AttackPotion"},{"floor":18.0,"key":"ColorlessPotion"},{"floor":19.0,"key":"Dexterity Potion"},{"floor":21.0,"key":"DuplicationPotion"},{"floor":24.0,"key":"BlessingOfTheForge"},{"floor":27.0,"key":"Explosive Potion"},{"floor":28.0,"key":"hexamod:SoulburnPotion"},{"floor":33.0,"key":"EntropicBrew"},{"floor":37,"key":"DistilledChaos"},{"floor":46,"key":"Strength Potion"}],"is_trial":false,"path_per_floor":["M","M","?","M","M","E","R","$","T","R","M","E","$","M","R","B",null,"M","M","?","?","$","R","E","R","T","E","M","M","E","M","R","B",null,"M","?","M","M","M","R","M","R","T","R","$","E","?","?","R","B",null,"R","$","E","B",null],"character_chosen":"GUARDIAN","items_purchased":["Bag of Preparation","Violence","Guardian:SentryBeam","Guardian:EvasiveProtocol","Guardian:BronzeOrb","Guardian:Gem_Crimson","Guardian:MultiBeam","Mummified Hand","Whetstone","Guardian:TemporalStrike","LiquidMemories"],"campfire_rested":0,"item_purchase_floors":[0,0,0,0,0,8,13,45,45,45,53],"current_hp_per_floor":[48,48,35,33,33,28,28,28,28,28,28,28,28,28,28,24,66,66,66,66,66,66,66,66,66,66,64,64,64,54,54,54,54,74,74,74,74,74,74,74,74,74,74,74,74,74,74,74,74,74,76,76,76,76,72],"gold":59,"neow_bonus":"","is_daily":false,"chose_seed":false,"campfire_upgraded":10,"win_rate":0.0,"timestamp":1612581119,"path_taken":["M","M","?","M","M","E","R","$","T","R","M","E","?","M","R","BOSS","M","M","?","?","$","R","E","R","T","E","M","?","E","M","R","BOSS","M","?","M","M","M","R","M","R","T","R","$","E","?","?","R","BOSS","R","$","E","BOSS"],"items_purchased_type":["Relic","Card","Card","Card","Card","Card","Card","Relic","Relic","Card","Potion"],"build_version":"2020-12-22","purchased_purges":4,"victory":true,"max_hp_per_floor":[80,80,80,80,80,80,80,80,80,80,80,80,80,80,80,80,80,80,80,80,80,80,80,80,80,80,80,80,80,80,80,80,80,80,80,80,80,80,80,80,80,80,80,80,77,77,77,77,77,77,77,77,77,77,77],"relic_stats":{"Centennial Puzzle":[4],"Torii":3,"counters":[294,1356],"Mummified Hand":[37],"Bag of Preparation":[62],"Whetstone":["Guardian:BronzeOrb","Guardian:Strike_Guardian"],"obtain_stats":[{"Ginger":54,"Whetstone":54,"Bottled Tornado":44,"Boot":9,"Old Coin":24,"Guardian:PickAxe":3,"Blood Vial":43,"Sundial":42,"MealTicket":41,"Kunai":23,"Guardian:DefensiveModeMoreBlock":26,"MerchantsRug":53,"Blue Candle":40,"Eternal Feather":26,"Pen Nib":54,"Guardian:PocketSentry":8,"Akabeko":44,"Bird Faced Urn":0,"Pandora\u0027s Box":17,"StrikeDummy":48,"Unceasing Top":43,"Lantern":31,"Torii":0,"sneckomod:BlankCard":48,"Guardian:StasisCodex":9,"Bag of Preparation":20,"Ancient Tea Set":9,"Smiling Mask":24,"Matryoshka":20,"WingedGreaves":7,"Potion Belt":7,"Lee\u0027s Waffle":0,"Guardian:GemstoneGun":0,"bronze:DecasWashers":43,"Thread and Needle":0,"PreservedInsect":43,"The Courier":40,"champ:DeflectingBracers":0,"Omamori":7,"Seething Fire":0,"Frozen Egg 2":9,"MawBank":45,"bronze:BronzeIdol":11,"Ornamental Fan":7,"Art of War":40,"Bottled Lightning":20,"hexamod:BolsterEngine":30,"Ice Cream":37,"champ:DuelingGlove":29,"Gremlin Horn":0,"Nilry\u0027s Codex":19,"Hammer of Thor":0,"Sozu":17,"Lizard Tail":46,"Centennial Puzzle":46,"Strawberry":26,"Philosopher\u0027s Stone":17,"Toxic Egg 2":6,"Guardian:BottledStasis":41,"Happy Flower":54,"Astrolabe":17,"Guardian:ModeShifter":0,"Oddly Smooth Stone":42,"War Paint":0,"sneckomod:SneckoTalon":34,"Du-Vu Doll":46,"OrangePellets":45,"Bottled Flame":54,"Anvil of the Gods":0,"Shuriken":12,"Bronze Scales":23,"Molten Egg 2":7,"Black Star":17,"Nloth\u0027s Gift":19,"bronze:MakeshiftBattery":17,"Meat on the Bone":29,"Pocketwatch":39,"Darkstone Periapt":25,"Guardian:ModeShifterPlus":34,"SacredBark":34,"Mango":0,"Incense Burner":36,"Juzu Bracelet":29,"ClockworkSouvenir":0,"Dream Catcher":27,"Nunchaku":55,"Mummified Hand":37,"Gambling Chip":0,"Tiny Chest":26,"Red Mask":47,"bronze:DonusWashers":0,"hexamod:Sixitude":27,"Orichalcum":44,"Odd Mushroom":10,"White Beast Statue":14,"Peace Pipe":0,"Guardian:StasisUpgradeRelic":0,"CaptainsWheel":44,"Anchor":46,"Coffee Dripper":34,"Membership Card":20,"FossilizedHelix":0,"TungstenRod":30},{"Ginger":60,"Whetstone":87,"Bottled Tornado":21,"Boot":92,"Old Coin":279,"Guardian:PickAxe":2,"Blood Vial":54,"Sundial":216,"MealTicket":54,"Kunai":12,"Guardian:DefensiveModeMoreBlock":279,"MerchantsRug":86,"Blue Candle":187,"Eternal Feather":48,"Pen Nib":60,"Guardian:PocketSentry":3,"Akabeko":55,"Bird Faced Urn":0,"Pandora\u0027s Box":124,"StrikeDummy":23,"Unceasing Top":111,"Lantern":16,"Torii":224,"sneckomod:BlankCard":220,"Guardian:StasisCodex":3,"Bag of Preparation":46,"Ancient Tea Set":39,"Smiling Mask":48,"Matryoshka":46,"WingedGreaves":30,"Potion Belt":92,"Lee\u0027s Waffle":249,"Guardian:GemstoneGun":194,"bronze:DecasWashers":216,"Thread and Needle":61,"PreservedInsect":21,"The Courier":110,"champ:DeflectingBracers":194,"Omamori":39,"Seething Fire":0,"Frozen Egg 2":254,"MawBank":137,"bronze:BronzeIdol":200,"Ornamental Fan":120,"Art of War":54,"Bottled Lightning":99,"hexamod:BolsterEngine":181,"Ice Cream":108,"champ:DuelingGlove":209,"Gremlin Horn":194,"Nilry\u0027s Codex":203,"Hammer of Thor":0,"Sozu":149,"Lizard Tail":57,"Centennial Puzzle":291,"Strawberry":129,"Philosopher\u0027s Stone":7,"Toxic Egg 2":171,"Guardian:BottledStasis":20,"Happy Flower":167,"Astrolabe":69,"Guardian:ModeShifter":0,"Oddly Smooth Stone":21,"War Paint":26,"sneckomod:SneckoTalon":241,"Du-Vu Doll":57,"OrangePellets":188,"Bottled Flame":25,"Anvil of the Gods":0,"Shuriken":94,"Bronze Scales":101,"Molten Egg 2":228,"Black Star":44,"Nloth\u0027s Gift":125,"bronze:MakeshiftBattery":276,"Meat on the Bone":104,"Pocketwatch":186,"Darkstone Periapt":102,"Guardian:ModeShifterPlus":17,"SacredBark":263,"Mango":26,"Incense Burner":19,"Juzu Bracelet":49,"ClockworkSouvenir":61,"Dream Catcher":103,"Nunchaku":223,"Mummified Hand":134,"Gambling Chip":224,"Tiny Chest":206,"Red Mask":22,"bronze:DonusWashers":224,"hexamod:Sixitude":261,"Orichalcum":112,"Odd Mushroom":147,"White Beast Statue":68,"Peace Pipe":88,"Guardian:StasisUpgradeRelic":34,"CaptainsWheel":55,"Anchor":114,"Coffee Dripper":78,"Membership Card":71,"FossilizedHelix":88,"TungstenRod":131},{"Ginger":315,"Whetstone":428,"Bottled Tornado":118,"Boot":452,"Old Coin":1283,"Guardian:PickAxe":6,"Blood Vial":291,"Sundial":988,"MealTicket":291,"Kunai":60,"Guardian:DefensiveModeMoreBlock":1283,"MerchantsRug":424,"Blue Candle":852,"Eternal Feather":265,"Pen Nib":315,"Guardian:PocketSentry":9,"Akabeko":294,"Bird Faced Urn":0,"Pandora\u0027s Box":588,"StrikeDummy":135,"Unceasing Top":544,"Lantern":84,"Torii":1030,"sneckomod:BlankCard":1003,"Guardian:StasisCodex":9,"Bag of Preparation":258,"Ancient Tea Set":232,"Smiling Mask":265,"Matryoshka":258,"WingedGreaves":172,"Potion Belt":452,"Lee\u0027s Waffle":1159,"Guardian:GemstoneGun":896,"bronze:DecasWashers":988,"Thread and Needle":323,"PreservedInsect":118,"The Courier":540,"champ:DeflectingBracers":896,"Omamori":232,"Seething Fire":0,"Frozen Egg 2":1175,"MawBank":646,"bronze:BronzeIdol":923,"Ornamental Fan":575,"Art of War":291,"Bottled Lightning":488,"hexamod:BolsterEngine":822,"Ice Cream":532,"champ:DuelingGlove":953,"Gremlin Horn":896,"Nilry\u0027s Codex":934,"Hammer of Thor":0,"Sozu":700,"Lizard Tail":303,"Centennial Puzzle":1337,"Strawberry":609,"Philosopher\u0027s Stone":33,"Toxic Egg 2":784,"Guardian:BottledStasis":111,"Happy Flower":769,"Astrolabe":360,"Guardian:ModeShifter":0,"Oddly Smooth Stone":118,"War Paint":157,"sneckomod:SneckoTalon":1110,"Du-Vu Doll":303,"OrangePellets":858,"Bottled Flame":152,"Anvil of the Gods":0,"Shuriken":464,"Bronze Scales":497,"Molten Egg 2":1046,"Black Star":252,"Nloth\u0027s Gift":593,"bronze:MakeshiftBattery":1278,"Meat on the Bone":511,"Pocketwatch":845,"Darkstone Periapt":502,"Guardian:ModeShifterPlus":96,"SacredBark":1221,"Mango":157,"Incense Burner":108,"Juzu Bracelet":269,"ClockworkSouvenir":323,"Dream Catcher":506,"Nunchaku":1021,"Mummified Hand":634,"Gambling Chip":1030,"Tiny Chest":943,"Red Mask":126,"bronze:DonusWashers":1030,"hexamod:Sixitude":1209,"Orichalcum":549,"Odd Mushroom":693,"White Beast Statue":347,"Peace Pipe":437,"Guardian:StasisUpgradeRelic":201,"CaptainsWheel":294,"Anchor":555,"Coffee Dripper":393,"Membership Card":368,"FossilizedHelix":437,"TungstenRod":618}]},"card_choices":[{"not_picked":["Guardian:Planning","Guardian:Reroute"],"picked":"Guardian:Incinerate","floor":1.0},{"not_picked":["Guardian:DecasProtection","Guardian:RollAttack"],"picked":"Guardian:FuturePlans","floor":2.0},{"not_picked":["Guardian:Gem_Lightblue","Guardian:Harden"],"picked":"Guardian:ShieldCharger","floor":4.0},{"not_picked":["Guardian:SentryBeam","Guardian:PiercingHide"],"picked":"Guardian:TemporalShield","floor":5.0},{"not_picked":["Guardian:ShieldCharger","Guardian:Gem_Lightblue"],"picked":"Guardian:Gem_Synthetic","floor":6.0},{"not_picked":["Guardian:Gem_Purple","Guardian:ShieldCharger"],"picked":"Guardian:Gem_Yellow","floor":11.0},{"not_picked":["Guardian:PrimingBeam","Guardian:Gem_Cyan","Guardian:Gem_Crimson"],"picked":"SKIP","floor":12.0},{"not_picked":["Guardian:WalkerClaw","Guardian:CrystalBeam"],"picked":"Guardian:Gem_Cyan","floor":14.0},{"not_picked":["Guardian:FastForward","Guardian:GemFinder"],"picked":"Guardian:CompilePackage","floor":16.0},{"not_picked":["Guardian:Suspension","Guardian:Gem_Cyan"],"picked":"Guardian:Recover+1","floor":18.0},{"not_picked":["Guardian:DecasProtection+1","Guardian:Gem_Lightblue"],"picked":"Guardian:Preprogram","floor":19.0},{"not_picked":["Guardian:FastForward","Guardian:GuardianWhirl"],"picked":"Guardian:ConstructionForm","floor":24.0},{"not_picked":["Guardian:MultiBeam","Guardian:ChargeCore"],"picked":"Guardian:TimeCapacitor","floor":27.0},{"not_picked":["Guardian:Gem_Red","Guardian:Reroute+1","Guardian:Gem_Green"],"picked":"SKIP","floor":28.0},{"not_picked":["Guardian:BronzeOrb","Guardian:PrimingBeam"],"picked":"Guardian:TemporalShield","floor":29.0},{"not_picked":["Guardian:ChargeCore","Guardian:Planning","Guardian:MultiBeam"],"picked":"SKIP","floor":30.0},{"not_picked":["Guardian:Gem_Purple","Guardian:VentSteam"],"picked":"Guardian:Gem_Synthetic","floor":31.0},{"not_picked":["Guardian:AncientConstruct","Guardian:TimeSifter"],"picked":"Guardian:ExploitGems","floor":33.0},{"not_picked":["Guardian:VentSteam+1","Guardian:CrystalBeam"],"picked":"Guardian:ArmoredProtocol+1","floor":35},{"not_picked":["Guardian:ShieldCharger","Guardian:Reroute+1"],"picked":"Guardian:Gem_Fragmented","floor":37},{"not_picked":["Guardian:Incinerate","Guardian:RollAttack"],"picked":"Guardian:Gem_Purple","floor":38},{"not_picked":["Guardian:TemporalStrike+1","Guardian:PiercingHide"],"picked":"Guardian:Repulse+1","floor":39},{"not_picked":["Guardian:Reroute","Guardian:Planning+1"],"picked":"Guardian:Gem_Cyan","floor":41},{"not_picked":["Guardian:Recover","Guardian:CompilePackage"],"picked":"Guardian:PrimingBeam+1","floor":46},{"not_picked":["Flash of Steel","Jack Of All Trades"],"picked":"Sadistic Nature","floor":47},{"not_picked":["Guardian:BronzeOrb","Guardian:ShieldCharger","Guardian:RollAttack"],"picked":"SKIP","floor":54}],"player_experience":1010984,"relics_obtained":[{"floor":6.0,"key":"Anchor"},{"floor":9.0,"key":"Oddly Smooth Stone"},{"floor":12.0,"key":"White Beast Statue"},{"floor":24.0,"key":"Old Coin"},{"floor":26.0,"key":"Guardian:DefensiveModeMoreBlock"},{"floor":27.0,"key":"bronze:DecasWashers"},{"floor":30.0,"key":"Torii"},{"floor":46,"key":"Centennial Puzzle"},{"floor":54,"key":"Guardian:PickAxe"}],"event_choices":[{"damage_healed":0.0,"max_hp_gain":0.0,"max_hp_loss":0.0,"gold_gain":0.0,"event_name":"betterSkull:BetterSkull","player_choice":"UP ","floor":3.0,"gold_loss":0.0,"damage_taken":15.0,"cards_upgraded":["Guardian:TwinSlam"],"relics_obtained":[]},{"cards_removed":["Guardian:TwinSlam"],"damage_healed":0.0,"max_hp_gain":0.0,"max_hp_loss":0.0,"gold_gain":0.0,"event_name":"betterNote:BetterNote","player_choice":"Take \u0026 Give","floor":20.0,"gold_loss":0.0,"damage_taken":0.0,"cards_obtained":["Master of Strategy"]},{"damage_healed":0.0,"max_hp_gain":0.0,"max_hp_loss":0.0,"gold_gain":0.0,"event_name":"Lab","player_choice":"Got Potions","floor":21.0,"gold_loss":0.0,"damage_taken":0.0},{"damage_healed":0,"gold_gain":3,"player_choice":"1","damage_taken":0,"max_hp_gain":0,"max_hp_loss":0,"event_name":"betterStone:BetterStone","floor":47,"gold_loss":0}],"is_beta":false,"boss_relics":[{"not_picked":["Busted Crown","Fusion Hammer"],"picked":"bronze:MakeshiftBattery"},{"not_picked":["expansioncontent:StudyCardRelic","Tiny House"],"picked":"Philosopher\u0027s Stone"}],"items_purged_floors":[0,8,22,45],"is_endless":false,"potions_floor_spawned":[4,6,11,12,14,16,18,19,24,27,28,29,30,31,33,35,37,38,39,41,46,54],"ascension_level":9}}