{"host":"Qube","time":1612593760,"event":{"mods":["AchievementEnabler","BaseMod","Colored Map","Colored Powertips","Highlight Path","Minty Spire (QoL Compilation)","Permanent Neow","Quick Restart","Random Character Button","StSLib"],"gold_per_floor":[109,109,129,141,152,152,152],"floor_reached":6,"language":"ENG","playtime":270,"items_purged":[],"score":76,"play_id":"5362198f-6b1f-4575-8686-5972b6291672","local_time":"20210205224240","is_ascension_mode":true,"campfire_choices":[],"circlet_count":0,"master_deck":["AscendersBane","Strike_R","Strike_R","Strike_R","Strike_R","Strike_R","Defend_R","Defend_R","Defend_R","Defend_R","Bash","Demon Form","Carnage","Cleave","Heavy Blade","Second Wind"],"relics":["Burning Blood"],"acts_visited":["Exordium"],"potions_floor_usage":[3,5],"damage_taken":[{"damage":3,"enemies":"2 Louse","floor":1,"turns":5},{"damage":9,"enemies":"Jaw Worm","floor":3,"turns":4},{"damage":7,"enemies":"Small Slimes","floor":4,"turns":3},{"damage":12,"enemies":"Gremlin Gang","floor":5,"turns":4},{"damage":32,"enemies":"Gremlin Nob","floor":6,"turns":4}],"seed_played":"2858485787280756893","potions_obtained":[{"floor":1,"key":"AttackPotion"},{"floor":3,"key":"Block Potion"},{"floor":5,"key":"Dexterity Potion"}],"is_trial":false,"path_per_floor":["M","?","M","M","M","E"],"character_chosen":"IRONCLAD","items_purchased":[],"campfire_rested":0,"item_purchase_floors":[],"current_hp_per_floor":[68,73,70,69,63,31,31],"gold":152,"neow_bonus":"THREE_RARE_CARDS","is_daily":false,"chose_seed":false,"campfire_upgraded":0,"win_rate":0.0,"timestamp":1612593760,"path_taken":["M","?","M","M","M","E"],"items_purchased_type":[],"build_version":"2020-12-18","purchased_purges":0,"victory":false,"max_hp_per_floor":[68,73,73,73,73,73,73],"card_choices":[{"not_picked":["Impervious","Berserk"],"picked":"Demon Form","floor":0.0},{"not_picked":["Cleave","Sever Soul"],"picked":"Carnage","floor":1},{"not_picked":["Flex","Sword Boomerang"],"picked":"Cleave","floor":3},{"not_picked":["Armaments","Clash"],"picked":"Heavy Blade","floor":4},{"not_picked":["Rage","Iron Wave"],"picked":"Second Wind","floor":5}],"player_experience":1072349,"relics_obtained":[],"event_choices":[{"damage_healed":0,"gold_gain":0,"player_choice":"Donut","damage_taken":0,"max_hp_gain":5,"max_hp_loss":0,"event_name":"Big Fish","floor":2,"gold_loss":0}],"is_beta":true,"boss_relics":[],"items_purged_floors":[],"is_endless":false,"potions_floor_spawned":[1,3,5],"killed_by":"Gremlin Nob","ascension_level":20}}