{"host":"y7b1p9nkx4idorr2","time":1612654655,"event":{"mods":["AchievementEnabler","Act Like it!","BaseMod","Colored Map","Downfall","GifTheSpireLib","Googly Eyes","Highlight Path","Mimic Mod","Minty Spire (QoL Compilation)","Shop Mod","Spicy Shops","StSLib","Unceasing Turn Reminder"],"gold_per_floor":[99,119,132,152,171,71,97,108,119,119,132,149,183,183,199,304,304,204,220,320,339,339,339,390,290,52,63,77,77,110,57,73,169,169,169,180,48,61,6,21,60,113,113,113,128,128,128,158,174,174,174,203,59,59,59,59],"floor_reached":57,"language":"ENG","playtime":4874,"items_purged":[],"score":1433,"play_id":"8c7530fd-4491-4af0-9bb0-e8366b3fe2e3","local_time":"20210206173735","is_ascension_mode":false,"campfire_choices":[{"floor":1,"key":"RECALL"},{"data":"sneckomod:WideSting","floor":6,"key":"SMITH"},{"data":"sneckomod:SoulDraw","floor":10,"key":"SMITH"},{"data":"sneckomod:DangerNoodle","floor":18,"key":"SMITH"},{"data":"Tools of the Trade","floor":23,"key":"SMITH"},{"data":"sneckomod:UnknownRareSkill","floor":25,"key":"SMITH"},{"data":"Malaise","floor":29,"key":"SMITH"},{"data":"sneckomod:UnendingSupply","floor":35,"key":"SMITH"},{"data":"Noxious Fumes","floor":44,"key":"SMITH"},{"data":"Adrenaline","floor":47,"key":"SMITH"},{"data":"Apotheosis","floor":54,"key":"SMITH"}],"circlet_count":0,"master_deck":["sneckomod:Strike","sneckomod:Strike","sneckomod:Defend","sneckomod:Defend","sneckomod:Defend","sneckomod:TailWhip+1","sneckomod:SnekBite+1","sneckomod:Unknown","sneckomod:Unknown","sneckomod:DiceBlock","sneckomod:IronFang","sneckomod:UnknownBlock","sneckomod:WideSting+1","sneckomod:SoulDraw+1","sneckomod:UnknownCommonSkill","sneckomod:UnknownVulnerable+1","sneckomod:RainOfDice","sneckomod:UnknownRareSkill+1","sneckomod:UnknownBlock","sneckomod:DangerNoodle+1","sneckomod:UnknownClassGREEN","sneckomod:UnknownClassGREEN","sneckomod:UnknownClassGREEN","sneckomod:UnknownClassGREEN","sneckomod:UnknownClassGREEN","Tools of the Trade+1","sneckomod:SnakeSap+1","Die Die Die+1","sneckomod:QuickMove+1","Acrobatics","sneckomod:UnknownCommonSkill+1","Noxious Fumes+1","sneckomod:UnknownBlock","Escape Plan","sneckomod:UnknownX+1","Malaise+1","sneckomod:WideSting+1","sneckomod:UnknownClassRED","Dagger Spray+1","sneckomod:UnendingSupply+1","sneckomod:DiceCrush+1","sneckomod:RainOfDice+1","sneckomod:UnknownRarePower","CurseOfTheBell","Corpse Explosion","sneckomod:UnknownStrength+1","Noxious Fumes","sneckomod:RainOfDice+1","Adrenaline+1","sneckomod:QuickBite+1","sneckomod:MorePower","sneckomod:IronFang+1","sneckomod:Unknown0Cost+1","Glass Knife+1","sneckomod:UnknownBlock","Tactician","sneckomod:UnknownX+1","Terror","sneckomod:UnknownBlock+1","sneckomod:UnknownStrength+1","Malaise","sneckomod:Rotation+1","Doppelganger","sneckomod:Unknown1Cost+1","Apotheosis+1"],"relics":["expansioncontent:StudyCardRelic","downfall:HeartBlessingRed","Strawberry","Smiling Mask","sneckomod:SneckoBoss","downfall:HeartBlessingGreen","FossilizedHelix","Molten Egg 2","downfall:HeartBlessingBlue","Chemical X","Sling","The Courier","Calling Bell","Akabeko","Kunai","Gambling Chip","ClockworkSouvenir","Potion Belt","sneckomod:LoadedDie","Bottled Flame","hexamod:Sixitude","CaptainsWheel","Pen Nib","Slimebound:StickyStick"],"acts_visited":["Exordium","TheCity","TheBeyond","TheEnding"],"potions_floor_usage":[5,13,16,20,20,42,48,49,56,56,56,56],"damage_taken":[{"damage":6,"enemies":"Jaw Worm","floor":2,"turns":3},{"damage":0,"enemies":"Small Slimes","floor":3,"turns":3},{"damage":0,"enemies":"2 Louse","floor":4,"turns":2},{"damage":0,"enemies":"3 Louse","floor":5,"turns":1},{"damage":4,"enemies":"Blue Slaver","floor":8,"turns":3},{"damage":0,"enemies":"Large Slime","floor":9,"turns":2},{"damage":0,"enemies":"Exordium Thugs","floor":11,"turns":2},{"damage":3,"enemies":"2 Fungi Beasts","floor":12,"turns":3},{"damage":10,"enemies":"Lagavulin","floor":13,"turns":4},{"damage":2,"enemies":"3 Louse","floor":15,"turns":3},{"damage":28,"enemies":"IC_STATUS_ARCHETYPE","floor":16,"turns":6},{"damage":9,"enemies":"3 Byrds","floor":19,"turns":3},{"damage":0,"enemies":"Colosseum Nobs","floor":20,"turns":3},{"damage":0,"enemies":"Shell Parasite","floor":21,"turns":3},{"damage":0,"enemies":"downfall:FleeingMerchant","floor":26,"turns":4},{"damage":0,"enemies":"Snecko","floor":27,"turns":4},{"damage":5,"enemies":"Chosen and Byrds","floor":28,"turns":6},{"damage":0,"enemies":"Book of Stabbing","floor":30,"turns":3},{"damage":0,"enemies":"downfall:FleeingMerchant","floor":31,"turns":4},{"damage":0,"enemies":"3 Cultists","floor":32,"turns":3},{"damage":18,"enemies":"WA_ARCHETYPE_CALM","floor":33,"turns":5},{"damage":0,"enemies":"3 Shapes","floor":36,"turns":2},{"damage":0,"enemies":"downfall:FleeingMerchant","floor":37,"turns":1},{"damage":29,"enemies":"3 Darklings","floor":38,"turns":4},{"damage":0,"enemies":"Spire Growth","floor":40,"turns":4},{"damage":0,"enemies":"Maw","floor":41,"turns":7},{"damage":7,"enemies":"2 Orb Walkers","floor":42,"turns":3},{"damage":0,"enemies":"Maw","floor":45,"turns":7},{"damage":0,"enemies":"Reptomancer","floor":48,"turns":4},{"damage":6,"enemies":"4 Shapes","floor":49,"turns":2},{"damage":16,"enemies":"SI_POISON_ARCHETYPE","floor":50,"turns":13},{"damage":17,"enemies":"downfall:CharBossMerchant","floor":52,"turns":7},{"damage":4,"enemies":"downfall:NeowBoss","floor":55,"turns":18},{"damage":0,"enemies":"downfall:NeowBossFinal","floor":56,"turns":7}],"seed_played":"121525104413704391","potions_obtained":[{"floor":3,"key":"Explosive Potion"},{"floor":4,"key":"AttackPotion"},{"floor":8,"key":"Dexterity Potion"},{"floor":12,"key":"PowerPotion"},{"floor":13,"key":"Weak Potion"},{"floor":19,"key":"AttackPotion"},{"floor":21,"key":"sneckomod:DiceRollPotion"},{"floor":30,"key":"PowerPotion"},{"floor":40,"key":"Explosive Potion"},{"floor":42,"key":"GamblersBrew"},{"floor":49,"key":"Explosive Potion"}],"is_trial":false,"path_per_floor":["R","M","M","M","M","R","T","M","M","R","M","M","E","?","M","B",null,"R","M","?","M","?","R","T","R","$","M","M","R","E","$","M","B",null,"R","M","$","M","$","M","MIM","?","?","R","M","?","R","E","M","B",null,"E","$","R","B","B",null],"character_chosen":"THE_SNECKO","items_purchased":["Chemical X","Sling","sneckomod:DiceCrush+1","ClockworkSouvenir","Potion Belt","sneckomod:LoadedDie","Bottled Flame","sneckomod:MorePower","Apotheosis"],"campfire_rested":0,"item_purchase_floors":[26,26,31,37,37,37,37,39,53],"current_hp_per_floor":[90,84,84,84,84,84,91,87,87,87,87,84,74,74,72,44,97,97,88,88,88,88,88,88,98,98,98,93,93,93,93,93,75,107,107,107,107,78,78,78,78,71,71,71,71,71,71,71,65,49,107,90,90,90,86,86],"gold":59,"neow_bonus":"BOSS_RELIC","is_daily":false,"chose_seed":false,"campfire_upgraded":10,"win_rate":0.0,"timestamp":1612654655,"path_taken":["R","M","M","M","M","R","T","M","M","R","M","M","E","?","M","BOSS","R","M","?","M","?","R","T","R","?","M","M","R","E","$","M","BOSS","R","M","$","M","$","M","MIM","?","?","R","M","?","R","E","M","BOSS","E","$","R","BOSS","BOSS"],"items_purchased_type":["Relic","Relic","Card","Relic","Relic","Relic","Relic","Card","Card"],"build_version":"2020-12-22","purchased_purges":0,"victory":true,"max_hp_per_floor":[90,90,90,90,90,90,97,97,97,97,97,97,97,97,97,97,97,97,97,97,97,97,97,97,107,107,107,107,107,107,107,107,107,107,107,107,107,107,107,107,107,107,107,107,107,107,107,107,107,107,107,107,107,107,107,107],"card_choices":[{"not_picked":["sneckomod:UnknownExhaust","sneckomod:UnknownX"],"picked":"sneckomod:DiceBlock","floor":2},{"not_picked":["sneckomod:UnknownCommonAttack","sneckomod:SoulDraw"],"picked":"sneckomod:IronFang","floor":3},{"not_picked":["sneckomod:SoulRoll","sneckomod:UnknownX"],"picked":"sneckomod:UnknownBlock","floor":4},{"not_picked":["sneckomod:Memorize","sneckomod:UnknownColorless"],"picked":"sneckomod:WideSting","floor":5},{"not_picked":["sneckomod:Nope","sneckomod:QuickBite"],"picked":"sneckomod:SoulDraw","floor":8},{"not_picked":["sneckomod:PureSnecko","sneckomod:TrashToTreasure"],"picked":"sneckomod:UnknownCommonSkill","floor":9},{"not_picked":["sneckomod:SoulRoll","sneckomod:SnakeSap"],"picked":"sneckomod:UnknownVulnerable","floor":11},{"not_picked":["sneckomod:UnknownDraw","sneckomod:SerpentIdol"],"picked":"sneckomod:RainOfDice","floor":12},{"not_picked":["sneckomod:Restock","sneckomod:Nope"],"picked":"sneckomod:UnknownRareSkill","floor":13},{"not_picked":["sneckomod:Rotation","sneckomod:SoulRoll"],"picked":"sneckomod:UnknownBlock","floor":15},{"not_picked":["sneckomod:Unknown3Cost","sneckomod:UnknownRareSkill"],"picked":"sneckomod:DangerNoodle","floor":16},{"not_picked":["Skewer","Survivor"],"picked":"Tools of the Trade","floor":19},{"not_picked":["sneckomod:IronFang","sneckomod:SoulDraw"],"picked":"sneckomod:SnakeSap+1","floor":19},{"not_picked":["Blade Dance","Doppelganger"],"picked":"Die Die Die+1","floor":20},{"not_picked":["sneckomod:SoulRoll","sneckomod:Nope"],"picked":"sneckomod:QuickMove+1","floor":20},{"not_picked":["Die Die Die","Doppelganger"],"picked":"Acrobatics","floor":21},{"not_picked":["sneckomod:QuickBite+1","sneckomod:DangerNoodle+1"],"picked":"sneckomod:UnknownCommonSkill+1","floor":21},{"not_picked":["Caltrops","Burst"],"picked":"Noxious Fumes","floor":26},{"not_picked":["sneckomod:UnknownDraw+1","sneckomod:PureSnecko+1"],"picked":"sneckomod:UnknownBlock","floor":26},{"not_picked":["All Out Attack","Poisoned Stab"],"picked":"Escape Plan","floor":27},{"not_picked":["sneckomod:Nope+1","sneckomod:DiceBlock"],"picked":"sneckomod:UnknownX+1","floor":27},{"not_picked":["Burst","Storm of Steel"],"picked":"Malaise","floor":28},{"not_picked":["sneckomod:Unknown1Cost+1","sneckomod:Nope"],"picked":"sneckomod:WideSting+1","floor":28},{"not_picked":["sneckomod:WideSting+1","sneckomod:SoulRoll"],"picked":"sneckomod:UnknownClassRED","floor":30},{"not_picked":["All Out Attack","Bouncing Flask"],"picked":"Dagger Spray","floor":30},{"not_picked":["sneckomod:SerpentIdol","sneckomod:UnknownUncommonAttack+1"],"picked":"sneckomod:UnendingSupply","floor":31},{"not_picked":["sneckomod:Unknown1Cost+1","sneckomod:UnknownClassGREEN+1"],"picked":"sneckomod:RainOfDice+1","floor":32},{"not_picked":["sneckomod:SerpentMind","sneckomod:Mudshield"],"picked":"sneckomod:UnknownRarePower","floor":33},{"not_picked":["Unload","Blade Dance"],"picked":"Corpse Explosion","floor":36},{"not_picked":["sneckomod:UnknownVulnerable","sneckomod:TrashToTreasure+1"],"picked":"sneckomod:UnknownStrength+1","floor":36},{"not_picked":["Strike_G","Endless Agony"],"picked":"Noxious Fumes","floor":37},{"not_picked":["sneckomod:UnknownClassPURPLE+1","sneckomod:QuickBite+1"],"picked":"sneckomod:RainOfDice+1","floor":37},{"not_picked":["Setup","Acrobatics"],"picked":"Adrenaline","floor":38},{"not_picked":["sneckomod:UnknownClassPURPLE","sneckomod:Unknown2Cost"],"picked":"sneckomod:QuickBite+1","floor":38},{"not_picked":["sneckomod:DefensiveFlair+1","sneckomod:QuickBite+1"],"picked":"sneckomod:IronFang+1","floor":40},{"not_picked":["sneckomod:UnknownClassRED+1","sneckomod:UnknownWeak+1"],"picked":"sneckomod:Unknown0Cost+1","floor":41},{"not_picked":["Prepared","Acrobatics"],"picked":"Glass Knife","floor":41},{"not_picked":["sneckomod:IronFang+1","sneckomod:UnknownUncommonAttack+1"],"picked":"sneckomod:UnknownBlock","floor":41},{"not_picked":["Outmaneuver","Deflect"],"picked":"Tactician","floor":42},{"not_picked":["sneckomod:UnknownDraw+1","sneckomod:DangerNoodle+1"],"picked":"sneckomod:UnknownX+1","floor":42},{"not_picked":["Setup","Defend_G"],"picked":"Terror","floor":45},{"not_picked":["sneckomod:UnknownClassPURPLE+1","sneckomod:Unknown3Cost+1"],"picked":"sneckomod:UnknownBlock+1","floor":45},{"not_picked":["sneckomod:UnknownWeak+1","sneckomod:WideSting+1"],"picked":"sneckomod:UnknownStrength+1","floor":45},{"not_picked":["Crippling Poison","Neutralize"],"picked":"Malaise","floor":48},{"not_picked":["sneckomod:MasterEye","sneckomod:UnendingSupply","sneckomod:UnknownDraw"],"picked":"SKIP","floor":48},{"not_picked":["sneckomod:Unknown1Cost+1","sneckomod:DiceCrush+1"],"picked":"sneckomod:Rotation+1","floor":49},{"not_picked":["Noxious Fumes","Dagger Spray"],"picked":"Doppelganger","floor":52},{"not_picked":["sneckomod:RainOfDice+1","sneckomod:UnknownClassPURPLE"],"picked":"sneckomod:Unknown1Cost+1","floor":52}],"player_experience":2306555,"relics_obtained":[{"floor":7,"key":"Strawberry"},{"floor":13,"key":"Smiling Mask"},{"floor":20,"key":"FossilizedHelix"},{"floor":20,"key":"Molten Egg 2"},{"floor":30,"key":"The Courier"},{"floor":34,"key":"Akabeko"},{"floor":34,"key":"Kunai"},{"floor":34,"key":"Gambling Chip"},{"floor":41,"key":"hexamod:Sixitude"},{"floor":42,"key":"CaptainsWheel"},{"floor":48,"key":"Pen Nib"},{"floor":52,"key":"Slimebound:StickyStick"}],"event_choices":[{"damage_healed":0,"gold_gain":0,"player_choice":"Fight","damage_taken":0,"max_hp_gain":0,"max_hp_loss":0,"event_name":"Mysterious Sphere","floor":42,"gold_loss":0},{"cards_removed":["sneckomod:Strike"],"damage_healed":0,"gold_gain":0,"player_choice":"Removed Attack","damage_taken":0,"max_hp_gain":0,"max_hp_loss":0,"event_name":"Falling","floor":43,"gold_loss":0}],"is_beta":false,"boss_relics":[{"not_picked":["Runic Dome","bronze:MakeshiftBattery"],"picked":"sneckomod:SneckoBoss"},{"not_picked":["Empty Cage","Coffee Dripper"],"picked":"Calling Bell"}],"items_purged_floors":[],"is_endless":false,"potions_floor_spawned":[3,4,8,12,13,15,19,21,30,40,42,49],"ascension_level":0}}