{"host":"dmtlrev5pkc1867p","time":1612585997,"event":{"mods":["BaseMod","Colored Map","Downfall","Hermit","Marisa¡]Ãú«B¡@Å]²z¨F¡^","Minty Spire (QoL Compilation)","Replay The Spire","StSLib","The Cursed","The Disciple","The Servant 0.9.4"],"gold_per_floor":[210,228,60,160,173,186,186,186,186,196,221,239,271,37,37,134,134,153,163,175,194,194,194,194,194,211,226,26,26,38,52,63,165,165,65,78,89,250,350,362,362,376,188,200,200,210,73,86,86,86,86,118,42,42,42,42,42,42],"floor_reached":56,"language":"ZHS","playtime":3532,"items_purged":[],"score":968,"play_id":"ce5658f2-63ea-406d-972b-6f34c9fe02bf","local_time":"20210206123317","is_ascension_mode":true,"campfire_choices":[{"floor":9.0,"key":"RECALL"},{"data":"Slimebound:Equalize","floor":15.0,"key":"SMITH"},{"floor":28.0,"key":"REST"},{"floor":35.0,"key":"REST"},{"data":"Sadistic Nature","floor":45,"key":"SMITH"},{"data":"Slimebound:LevelUp","floor":49,"key":"SMITH"},{"floor":54,"key":"REST"}],"circlet_count":0,"master_deck":["Slimebound:Tackle","Slimebound:Defend_Slimebound","Slimebound:Defend_Slimebound","Slimebound:Defend_Slimebound","Slimebound:Defend_Slimebound","Slimebound:Split","Slimebound:CorrosiveSpit","Slimebound:Equalize+1","Slimebound:Prepare","Slimebound:Overexert","Slimebound:Gluttony","Slimebound:Equalize","Slimebound:HauntingLick","Slimebound:Schlurp","Slimebound:SplitLeeching","Slimebound:FormOfPuddle+1","Slimebound:Darklings+1","Slimebound:LevelUp+1","Slimebound:WasteNot+1","Slimebound:TongueLash+1","Slimebound:Recollect+1","Slimebound:FormOfPuddle+1","Slimebound:SplitLeeching+1","Slimebound:RainOfGoop+1","Slimebound:LeadByExample+1","Slimebound:SplitMire+1","Slimebound:SplitMire+1","Slimebound:SamplingLick+1","Slimebound:ViciousTackle","Slimebound:RejuvenatingLick+1","Slimebound:SlimeBarrage+1","Slimebound:Darklings+1","Slimebound:HauntingLick+1","Slimebound:HauntingLick+1","Slimebound:HauntingLick+1","Slimebound:GoopSpray+1","Slimebound:Equalize","Slimebound:SpikyOuterGoop","Slimebound:LivingWall+1","Slimebound:LeechingTouch+1","Sadistic Nature+1","Slimebound:SplitMire+1","Slimebound:MinionMaster","Slimebound:TongueLash+1","Slimebound:SlimeBarrage","Slimebound:LeadByExample"],"relics":["Slimebound:AbsorbEndCombat","Pen Nib","Slimebound:MaxSlimesRelic","Toxic Egg 2","MealTicket","Astrolabe","Blood Vial","downfall:HeartBlessingBlue","downfall:HeartBlessingGreen","Busted Crown","downfall:HeartBlessingRed","TungstenRod","PreservedInsect"],"acts_visited":["TheCity","TheBeyond","TheEnding"],"potions_floor_usage":[52,56,56],"damage_taken":[{"damage":3.0,"enemies":"2 Louse","floor":1.0,"turns":2.0},{"damage":2.0,"enemies":"Small Slimes","floor":2.0,"turns":4.0},{"damage":0.0,"enemies":"downfall:FleeingMerchant","floor":3.0,"turns":4.0},{"damage":5.0,"enemies":"Jaw Worm","floor":5.0,"turns":2.0},{"damage":11.0,"enemies":"Blue Slaver","floor":6.0,"turns":4.0},{"damage":14.0,"enemies":"3 Louse","floor":10.0,"turns":4.0},{"damage":43.0,"enemies":"Gremlin Nob","floor":11.0,"turns":4.0},{"damage":22.0,"enemies":"Exordium Wildlife","floor":12.0,"turns":4.0},{"damage":0.0,"enemies":"Lagavulin","floor":13.0,"turns":4.0},{"damage":0.0,"enemies":"downfall:FleeingMerchant","floor":14.0,"turns":4.0},{"damage":66.0,"enemies":"DF_ARCHETYPE_STREAMLINE","floor":16.0,"turns":10.0},{"damage":16.0,"enemies":"Shell Parasite","floor":18.0,"turns":4.0},{"damage":22.0,"enemies":"Cultist and Chosen","floor":19.0,"turns":8.0},{"damage":19.0,"enemies":"Chosen and Byrds","floor":20.0,"turns":4.0},{"damage":3.0,"enemies":"Snecko","floor":21.0,"turns":4.0},{"damage":17.0,"enemies":"3 Cultists","floor":26.0,"turns":4.0},{"damage":27.0,"enemies":"Centurion and Healer","floor":27.0,"turns":4.0},{"damage":18.0,"enemies":"Snecko","floor":30.0,"turns":4.0},{"damage":9.0,"enemies":"Sentry and Sphere","floor":31.0,"turns":4.0},{"damage":23.0,"enemies":"Centurion and Healer","floor":32.0,"turns":5.0},{"damage":72.0,"enemies":"SI_MIRROR_ARCHETYPE","floor":33.0,"turns":11.0},{"damage":0,"enemies":"3 Shapes","floor":36,"turns":4},{"damage":14,"enemies":"3 Darklings","floor":37,"turns":5},{"damage":20,"enemies":"downfall:FleeingMerchant","floor":38,"turns":4},{"damage":25,"enemies":"Maw","floor":40,"turns":5},{"damage":12,"enemies":"Sphere and 2 Shapes","floor":42,"turns":3},{"damage":2,"enemies":"Transient","floor":44,"turns":5},{"damage":0,"enemies":"Spire Growth","floor":46,"turns":3},{"damage":0,"enemies":"Sphere and 2 Shapes","floor":48,"turns":3},{"damage":12,"enemies":"WA_ARCHETYPE_DIVINITY","floor":50,"turns":5},{"damage":64,"enemies":"downfall:CharBossMerchant","floor":52,"turns":7},{"damage":76,"enemies":"downfall:NeowBoss","floor":55,"turns":12},{"damage":22,"enemies":"downfall:NeowBossFinal","floor":56,"turns":5}],"seed_played":"-4381416339073375855","potions_obtained":[{"floor":1.0,"key":"champ:CounterPotion"},{"floor":5.0,"key":"Energy Potion"},{"floor":6.0,"key":"SteroidPotion"},{"floor":11.0,"key":"GamblersBrew"},{"floor":13.0,"key":"Energy Potion"},{"floor":16.0,"key":"Adrenaline Potion"},{"floor":20.0,"key":"DuplicationPotion"},{"floor":21.0,"key":"Doom Potion"},{"floor":27.0,"key":"LiquidBronze"},{"floor":40,"key":"Weak Potion"},{"floor":42,"key":"LifebloodPotion"},{"floor":52,"key":"DuplicationPotion"}],"is_trial":false,"path_per_floor":["M","M","$","?","M","M","T","?","R","M","E","M","E","$","R","B",null,"M","M","M","M","?","?","T","?","M","M","R","?","M","M","M","B",null,"R","M","M","$","?","M","T","M","$","M","R","M","$","M","R","B",null,"E","$","R","B","B"],"character_chosen":"SLIMEBOUND","items_purchased":["Pen Nib","Slimebound:LevelUp","MealTicket","Slimebound:GoopSpray+1","Slimebound:Equalize","Slimebound:SpikyOuterGoop","Sadistic Nature","Slimebound:MinionMaster","Slimebound:LeadByExample"],"campfire_rested":3,"item_purchase_floors":[3,14,14,38,38,38,43,47,53],"current_hp_per_floor":[64,65,65,65,62,59,59,64,64,66,39,41,53,69,69,26,59,67,57,54,67,67,67,67,67,61,44,78,70,66,71,60,12,63,80,80,69,62,62,56,56,66,80,80,80,80,80,80,80,70,78,38,53,77,30,34,34,34],"gold":42,"neow_bonus":"HUNDRED_GOLD","is_daily":false,"chose_seed":false,"campfire_upgraded":3,"win_rate":0.0,"timestamp":1612585997,"path_taken":["M","M","$","?","M","M","T","?","R","M","E","M","E","?","R","BOSS","M","M","M","M","?","?","T","?","M","?","R","?","M","M","M","BOSS","R","M","M","$","?","M","T","M","?","M","R","?","$","M","R","BOSS","E","$","R","BOSS","BOSS"],"items_purchased_type":["Relic","Card","Relic","Card","Card","Card","Card","Card","Card"],"build_version":"2020-12-22","purchased_purges":0,"victory":false,"max_hp_per_floor":[65,65,65,65,65,65,65,70,70,70,70,70,70,70,70,70,70,70,70,70,70,70,70,70,70,70,70,80,80,80,80,80,80,80,80,80,80,80,80,80,80,80,80,80,80,80,80,80,80,80,80,80,80,80,80,80,80,80],"card_choices":[{"not_picked":["Slimebound:SlimeBrawl","Slimebound:SplitLeeching"],"picked":"Slimebound:Equalize","floor":1.0},{"not_picked":["Slimebound:Recollect","Slimebound:LivingWall"],"picked":"Slimebound:Prepare","floor":2.0},{"not_picked":["Slimebound:GoopSpray","Slimebound:LevelUp"],"picked":"Slimebound:Overexert","floor":3.0},{"not_picked":["Slimebound:ItLooksTasty","Slimebound:SplitMire"],"picked":"Slimebound:Gluttony","floor":5.0},{"not_picked":["Slimebound:GrowthPunch","Slimebound:ItLooksTasty"],"picked":"Slimebound:Equalize","floor":6.0},{"not_picked":["Slimebound:Prepare","Slimebound:HungryTackle"],"picked":"Slimebound:HauntingLick","floor":10.0},{"not_picked":["Slimebound:SlimeSpikes","Slimebound:DivideAndConquer"],"picked":"Slimebound:Schlurp","floor":11.0},{"not_picked":["Slimebound:HauntingLick","Slimebound:ComboTackle"],"picked":"Slimebound:SplitLeeching","floor":12.0},{"not_picked":["Slimebound:LeechEnergy","Slimebound:Prepare+1"],"picked":"Slimebound:FormOfPuddle+1","floor":13.0},{"not_picked":["Slimebound:SplitMire+1","Slimebound:LeechingTouch"],"picked":"Slimebound:Darklings+1","floor":14.0},{"not_picked":["Slimebound:RallyTheTroops","Slimebound:Teamwork+1"],"picked":"Slimebound:WasteNot+1","floor":16.0},{"not_picked":["Slimebound:BestDefense","Slimebound:ServeAndProtect+1"],"picked":"Slimebound:SplitLeeching+1","floor":18.0},{"not_picked":["Slimebound:SplitBruiser+1","Slimebound:TongueLash"],"picked":"Slimebound:RainOfGoop+1","floor":19.0},{"not_picked":["Slimebound:MegaLick+1","Slimebound:GoopSpray+1"],"picked":"Slimebound:LeadByExample","floor":20.0},{"not_picked":["Slimebound:ServeAndProtect+1","Slimebound:SlimeTap+1"],"picked":"Slimebound:SplitMire+1","floor":21.0},{"not_picked":["Slimebound:PressTheAttack+1","Slimebound:GrowthPunch"],"picked":"Slimebound:SplitMire+1","floor":26.0},{"not_picked":["Slimebound:SplitBruiser+1","Slimebound:SplitAcid+1"],"picked":"Slimebound:SamplingLick+1","floor":27.0},{"not_picked":["Slimebound:GoopTackle","Slimebound:Recollect+1"],"picked":"Slimebound:ViciousTackle","floor":30.0},{"not_picked":["Slimebound:LeechingTouch","Slimebound:SplitAcid+1"],"picked":"Slimebound:RejuvenatingLick+1","floor":31.0},{"not_picked":["Slimebound:Equalize","Slimebound:FormOfPuddle+1"],"picked":"Slimebound:SlimeBarrage+1","floor":32.0},{"not_picked":["Slimebound:MassFeed","Slimebound:Overexert"],"picked":"Slimebound:Darklings+1","floor":33.0},{"not_picked":[],"picked":"Slimebound:HauntingLick+1","floor":36},{"not_picked":[],"picked":"Slimebound:HauntingLick+1","floor":37},{"not_picked":[],"picked":"Slimebound:HauntingLick+1","floor":38},{"not_picked":[],"picked":"Slimebound:LivingWall+1","floor":40},{"not_picked":[],"picked":"Slimebound:LeechingTouch+1","floor":42},{"not_picked":["Slimebound:GoopTackle+1"],"picked":"SKIP","floor":44},{"not_picked":[],"picked":"Slimebound:SplitMire+1","floor":46},{"not_picked":[],"picked":"Slimebound:TongueLash+1","floor":48},{"not_picked":[],"picked":"Slimebound:SlimeBarrage","floor":52}],"player_experience":593772,"relics_obtained":[{"floor":11.0,"key":"Slimebound:MaxSlimesRelic"},{"floor":13.0,"key":"Toxic Egg 2"},{"floor":24.0,"key":"Blood Vial"},{"floor":41,"key":"TungstenRod"},{"floor":52,"key":"PreservedInsect"}],"event_choices":[{"damage_healed":0.0,"max_hp_gain":5.0,"max_hp_loss":0.0,"gold_gain":0.0,"event_name":"Big Fish","player_choice":"Donut","floor":8.0,"gold_loss":0.0,"damage_taken":0.0}],"is_beta":false,"boss_relics":[{"not_picked":["Replay:Drink Me","Kintsugi"],"picked":"Astrolabe"},{"not_picked":["ReplayTheSpireMod:DimensionalGlitch","ChewingGum"],"picked":"Busted Crown"}],"items_purged_floors":[],"is_endless":false,"potions_floor_spawned":[1,5,6,11,13,16,20,21,27,32,40,42,48,52],"killed_by":"downfall:NeowBossFinal","ascension_level":5}}