{"host":"knspyp6dy614fx6e","time":1612627582,"event":{"mods":["ATMod(°¢èªMod)","Aspiration","BaseMod","Bestiary","Better Altar","Better Skull","Better Third Choice","Block Reminder","Card Filter","Conspire","DeckTracker","Dota2Spire","Energized Spire","Jedi Mod","Minty Spire (QoL Compilation)","Monster B Gone","Quick Restart","Relic Filter Mod","Relic Stats","Reliquary","Replay The Spire","Shop Mod","Spicy Shops","StSLib","TestMod","Waifu the Spire","Weighted Paths","¡¾ÒÅÎï¿¨ÅÆ¡¿REMEMod"],"gold_per_floor":[114,129,142,162,181,181,210,210,279,304,323,358,358,375,375,452,402,419,435,485,503,521,521,521],"floor_reached":23,"language":"ZHS","playtime":954,"items_purged":[],"score":434,"play_id":"401a5e84-d9a8-427d-a27a-9ff08c88a119","local_time":"20210207000622","is_ascension_mode":true,"campfire_choices":[{"data":"Body Slam","floor":6.0,"key":"SMITH"},{"floor":8.0,"key":"REST"},{"data":"Infernal Blade","floor":13.0,"key":"SMITH"},{"data":"Demon Form","floor":15.0,"key":"SMITH"}],"circlet_count":0,"master_deck":["AscendersBane","Strike_R","Strike_R","Strike_R","Strike_R","Strike_R","Defend_R","Defend_R","Defend_R","Defend_R","Bash","Evolve","Clash","Body Slam+1","Inflame","Infernal Blade+1","Demon Form+1","REME_Cut","AT_Dispersion","Strike_R","Shockwave","Disarm","Second Wind+1","AT_DrawKnifeCut"],"relics":["Burning Blood","AT_ATBox","testmod-TestBox","REME_ComplimentaryCards","reliquary:Knoch","Shuriken","Dota2Spire:EtherealBlade","Anchor","Dota2Spire:EchoSabre","energizedSpire:HugeHouse"],"acts_visited":["Exordium","TheCity"],"potions_floor_usage":[],"damage_taken":[{"damage":5.0,"enemies":"2 Louse","floor":1.0,"turns":3.0},{"damage":7.0,"enemies":"Cultist","floor":2.0,"turns":4.0},{"damage":12.0,"enemies":"Small Slimes","floor":3.0,"turns":4.0},{"damage":11.0,"enemies":"Exordium Wildlife","floor":4.0,"turns":4.0},{"damage":3.0,"enemies":"2 Fungi Beasts","floor":5.0,"turns":3.0},{"damage":40.0,"enemies":"Gremlin Nob","floor":7.0,"turns":5.0},{"damage":22.0,"enemies":"Lagavulin","floor":10.0,"turns":6.0},{"damage":3.0,"enemies":"Red Slaver","floor":11.0,"turns":4.0},{"damage":17.0,"enemies":"Gremlin Nob","floor":12.0,"turns":4.0},{"damage":0.0,"enemies":"Gremlin Gang","floor":14.0,"turns":2.0},{"damage":32.0,"enemies":"Hexaghost","floor":16.0,"turns":7.0},{"damage":12.0,"enemies":"2 Thieves","floor":18.0,"turns":4.0},{"damage":21.0,"enemies":"3 Byrds","floor":19.0,"turns":6.0},{"damage":24.0,"enemies":"3 Cultists","floor":21.0,"turns":6.0},{"damage":12.0,"enemies":"Snake Plant","floor":22.0,"turns":5.0},{"damage":16,"enemies":"Gremlin Leader","floor":23,"turns":5}],"seed_played":"1507397062906596292","potions_obtained":[{"floor":4.0,"key":"Block Potion"},{"floor":5.0,"key":"Dota2Spire:HealingSalve"},{"floor":7.0,"key":"PowerPotion"},{"floor":10.0,"key":"PowerPotion"},{"floor":12.0,"key":"Weak Potion"},{"floor":19.0,"key":"testmod-SpacePotion"}],"is_trial":false,"path_per_floor":["M","M","M","M","M","R","E","R","T","E","M","E","R","M","R","B",null,"M","M","?","M","M","E"],"character_chosen":"IRONCLAD","items_purchased":[],"campfire_rested":1,"item_purchase_floors":[],"current_hp_per_floor":[69,68,62,57,60,60,26,48,48,32,35,24,24,30,30,22,58,52,37,37,19,13,0,0],"gold":521,"neow_bonus":"RANDOM_COMMON_RELIC","is_daily":false,"chose_seed":false,"campfire_upgraded":3,"win_rate":0.0,"timestamp":1612627582,"path_taken":["M","M","M","M","M","R","E","R","T","E","M","E","R","M","R","BOSS","BOSS","M","M","?","M","?","E"],"items_purchased_type":[],"build_version":"2020-12-22","purchased_purges":0,"victory":false,"max_hp_per_floor":[75,75,75,75,75,75,75,75,75,75,75,75,75,75,75,75,70,70,70,70,70,70,70,70],"relic_stats":{"counters":[16,72],"Shuriken":[15],"obtain_stats":[{"Dota2Spire:EchoSabre":12,"Anchor":10,"AT_ATBox":0,"testmod-TestBox":0,"Shuriken":7,"energizedSpire:HugeHouse":17,"reliquary:Knoch":0,"Dota2Spire:EtherealBlade":9,"Burning Blood":0,"REME_ComplimentaryCards":0},{"Dota2Spire:EchoSabre":9,"Anchor":7,"AT_ATBox":0,"testmod-TestBox":0,"Shuriken":6,"energizedSpire:HugeHouse":11,"reliquary:Knoch":0,"Dota2Spire:EtherealBlade":6,"Burning Blood":0,"REME_ComplimentaryCards":0},{"Dota2Spire:EchoSabre":37,"Anchor":29,"AT_ATBox":0,"testmod-TestBox":0,"Shuriken":23,"energizedSpire:HugeHouse":46,"reliquary:Knoch":0,"Dota2Spire:EtherealBlade":23,"Burning Blood":0,"REME_ComplimentaryCards":0}],"Burning Blood":90},"card_choices":[{"not_picked":["Thunderclap","Headbutt"],"picked":"Evolve","floor":1.0},{"not_picked":["Headbutt","Sword Boomerang"],"picked":"Hemokinesis","floor":2.0},{"not_picked":["Thunderclap","True Grit"],"picked":"Clash","floor":3.0},{"not_picked":["Warcry","Pommel Strike","Clothesline"],"picked":"SKIP","floor":4.0},{"not_picked":["Cleave","Twin Strike"],"picked":"Body Slam","floor":5.0},{"not_picked":["Havoc","Entrench","Cleave"],"picked":"SKIP","floor":7.0},{"not_picked":["Iron Wave","Ghostly Armor"],"picked":"Inflame","floor":10.0},{"not_picked":["Body Slam","Blood for Blood"],"picked":"Infernal Blade","floor":11.0},{"not_picked":["Clothesline","Body Slam"],"picked":"Demon Form","floor":12.0},{"not_picked":["Evolve","True Grit"],"picked":"REME_Cut","floor":14.0},{"not_picked":["Brutality","Double Tap"],"picked":"AT_Dispersion","floor":16.0},{"not_picked":["Shockwave","Rupture"],"picked":"Disarm","floor":18.0},{"not_picked":["Rupture","Iron Wave","Body Slam"],"picked":"SKIP","floor":19.0},{"not_picked":["Clothesline","REME_FearOfPain"],"picked":"Second Wind+1","floor":21.0},{"not_picked":["Evolve","Twin Strike+1"],"picked":"AT_DrawKnifeCut","floor":22.0}],"player_experience":333860,"relics_obtained":[{"floor":7.0,"key":"Shuriken"},{"floor":9.0,"key":"Dota2Spire:EtherealBlade"},{"floor":10.0,"key":"Anchor"},{"floor":12.0,"key":"Dota2Spire:EchoSabre"}],"event_choices":[{"damage_healed":0.0,"max_hp_gain":0.0,"max_hp_loss":0.0,"gold_gain":50.0,"event_name":"Golden Shrine","player_choice":"Pray","floor":20.0,"gold_loss":0.0,"damage_taken":0.0}],"is_beta":false,"boss_relics":[{"not_picked":["conspire:RunicOctahedron","testmod-BloodSacrificeSpiritualization"],"picked":"energizedSpire:HugeHouse"}],"items_purged_floors":[],"is_endless":false,"potions_floor_spawned":[4,5,7,10,12,19],"killed_by":"Gremlin Leader","ascension_level":20}}