{"host":"b5jaqh8y266k2cz4","time":1612581709,"event":{"mods":["AchievementEnabler","Aspiration","BaseMod","Colored Powertips","Conspire","Downfall","Googly Eyes","Hermit","Highlight Path","Hubris","Infinite Spire","MarisaÅiñ∂âJÅ@ñÇóùçπÅj","Mimic Mod","Minty Spire (QoL Compilation)","Quick Restart","Replay The Spire","Spikes Relics","StSLib","Synergy Search","The Animator","The Cursed","The Jungle","The Necromancer","The Servant 0.9.4","The Wild Card","slay the spire mod where everything is the same but ironclad has a cowboy hat"],"gold_per_floor":[113,77,97,110,35,35,70,86,86,86,86,99,110,110,110,212,212,230,249,261,281,181,181,213,233,259,259,259,259,285,298,298,394,394,414,414,414,466,484,518,565,145,168,182,209,132,142,142,142,142,142,245,245,254,273,322,497,202,232,232,256,256,279,291,305,255,355,355,442,442,446,446,453,453,453,474,474,68,120,120,120,156,156,168,168,254,254,262,278,278,284,38,61,78,97,122,131,131,131,131,135,135,206,206,217,226,226,236,236,260,260,286,286,286,299,299,325,339,339,425,425,431,431,440,5,125,149,149,169,169,181,208,232,232,244,244,334,334,347,358,363,381,366,388,388,397,397,397,405,180,180,189,189,156,156],"floor_reached":154,"language":"ENG","playtime":4402,"items_purged":["theWildCard:Arsene","theWildCard:BasicStrike","Amnesia","Doubt","Delirium","theWildCard:BasicDefend","Intolerance","Hatred","Doubt","Pain","Pain"],"score":4058,"play_id":"46fe9d9c-4914-4dbe-ada4-077db024dd26","local_time":"20210205222149","is_ascension_mode":true,"campfire_choices":[{"data":"theWildCard:TheGreatSeal","floor":6.0,"key":"SMITH"},{"data":"theWildCard:Abstinence","floor":15.0,"key":"SMITH"},{"data":"theWildCard:Desolation","floor":23.0,"key":"SMITH"},{"floor":29.0,"key":"REST"},{"data":"theWildCard:TheGreatSeal","floor":32.0,"key":"SMITH"},{"floor":51.0,"key":"DIG"},{"data":"theWildCard:Abstinence","floor":60.0,"key":"SMITH"},{"data":"theWildCard:Salvation","floor":68.0,"key":"SMITH"},{"data":"hubris:InfiniteBlow","floor":77.0,"key":"SMITH"},{"data":"theWildCard:TheGreatSeal","floor":81.0,"key":"SMITH"},{"floor":83.0,"key":"REST"},{"floor":85.0,"key":"DIG"},{"floor":98,"key":"REST"},{"floor":100,"key":"DIG"},{"floor":102,"key":"DIG"},{"data":"theWildCard:Ruination","floor":111,"key":"SMITH"},{"data":"Dramatic Entrance","floor":114,"key":"SMITH"},{"data":"theWildCard:Patience","floor":119,"key":"SMITH"},{"data":"1","floor":128,"key":"LIFT"},{"data":"2","floor":134,"key":"LIFT"},{"data":"3","floor":136,"key":"LIFT"},{"data":"theWildCard:Abstinence","floor":145,"key":"SMITH"},{"data":"Replay:Hysterical Blindness","floor":153,"key":"PURGE"}],"circlet_count":0,"master_deck":["theWildCard:BasicStrike+1","theWildCard:BasicDefend","theWildCard:BasicDefend","theWildCard:SacrificialStroke","theWildCard:SacrificialStroke+1","theWildCard:Abstinence+1","theWildCard:TheGreatSeal+1","theWildCard:Patience+1","theWildCard:Abstinence+1","theWildCard:Patience","theWildCard:Ruination+1","theWildCard:Proficiency+1","theWildCard:Desolation+1","theWildCard:TheGreatSeal+1","Dramatic Entrance+1","theWildCard:Proficiency+1","theWildCard:Abstinence+1","theWildCard:Salvation+1","hubris:InfiniteBlow+2","theWildCard:Salvation+1","theWildCard:TheGreatSeal+1","theWildCard:Salvation+1","CommonCold","theWildCard:SacrificialStroke+1","theWildCard:Ruination+1","Clumsy","ReplayTheSpireMod:Doomed","theWildCard:Desolation+1","theWildCard:Abstinence+1","animator:Curse_Greed","downfall:Icky","ReplayTheSpireMod:Faulty Equipment"],"relics":["theWildCard:VelvetContract","Whetstone","Blue Candle","FaceOfCleric","conspire:SpecialSausage","Pen Nib","Bag of Marbles","Ring of Fury","hubris:Spice","Empty Cage","CatCart","aspiration:TomeofQuesting","RollingBoulder","Sling","Incense Burner","Anchor","downfall:ExtraCursedKey","Shovel","Cauldron","hubris:Icosahedron","ReplayTheSpireMod:Lightbulb","Boot","Centennial Puzzle","Replay:Ringing Soul","Snack Pack","infinitespire:Beetle Shell","ReplayFunnel","BranchBurnRelic","hubris:BottledRain","hubris:Towel","conspire:BottledYoYo","Replay:Baseball","ReplayTheSpireMod:EnergyBall","Girya","DollysMirror","Replay:Bottled Steam","FossilizedHelix","Ice Cream","Orichalcum","WingedGreaves","Gremlin Food"],"acts_visited":["Exordium","theJungle:Jungle","TheBeyond","Exordium","theJungle:Jungle","TheBeyond","Exordium","theJungle:Jungle","TheBeyond"],"potions_floor_usage":[103,103,103,154,154,154],"damage_taken":[{"damage":0.0,"enemies":"Small Slimes","floor":1.0,"turns":2.0},{"damage":16.0,"enemies":"infinitespire:Voidling","floor":3.0,"turns":3.0},{"damage":0.0,"enemies":"2 Louse","floor":4.0,"turns":2.0},{"damage":6.0,"enemies":"Gremlin Nob","floor":7.0,"turns":4.0},{"damage":2.0,"enemies":"Blue Slaver","floor":8.0,"turns":2.0},{"damage":0.0,"enemies":"Large Slime","floor":12.0,"turns":5.0},{"damage":0.0,"enemies":"Looter","floor":13.0,"turns":2.0},{"damage":0.0,"enemies":"Hexaghost","floor":16.0,"turns":8.0},{"damage":0.0,"enemies":"Shell Parasite","floor":18.0,"turns":5.0},{"damage":4.0,"enemies":"theJungle:MUSHROOMGANG","floor":19.0,"turns":3.0},{"damage":11.0,"enemies":"Snake Plant","floor":20.0,"turns":5.0},{"damage":1.0,"enemies":"theJungle:JungleHuntersEncounter","floor":21.0,"turns":4.0},{"damage":0.0,"enemies":"theJungle:MamaSnecko","floor":24.0,"turns":3.0},{"damage":0.0,"enemies":"theJungle:Snecko_Cultist_And_Trap","floor":25.0,"turns":2.0},{"damage":0.0,"enemies":"Nightmare","floor":30.0,"turns":2.0},{"damage":0.0,"enemies":"Snake Plant","floor":31.0,"turns":1.0},{"damage":0.0,"enemies":"theJungle:FunGuy","floor":33.0,"turns":5.0},{"damage":0.0,"enemies":"Orb Walker","floor":35.0,"turns":2.0},{"damage":1.0,"enemies":"Orin","floor":38.0,"turns":6.0},{"damage":3.0,"enemies":"3 Darklings","floor":39.0,"turns":2.0},{"damage":1.0,"enemies":"Nemesis","floor":40.0,"turns":5.0},{"damage":7.0,"enemies":"2 Orb Walkers","floor":41.0,"turns":2.0},{"damage":25.0,"enemies":"4 Shapes","floor":44.0,"turns":2.0},{"damage":0.0,"enemies":"Giant Head","floor":45.0,"turns":5.0},{"damage":0.0,"enemies":"Maw","floor":47.0,"turns":5.0},{"damage":5.0,"enemies":"hubris:GrandSnecko","floor":52.0,"turns":9.0},{"damage":0.0,"enemies":"2 Louse","floor":54.0,"turns":1.0},{"damage":0.0,"enemies":"Jaw Worm","floor":55.0,"turns":1.0},{"damage":0.0,"enemies":"Lagavulin Event","floor":56.0,"turns":2.0},{"damage":0.0,"enemies":"3 Sentries","floor":59.0,"turns":1.0},{"damage":0.0,"enemies":"Lagavulin","floor":61.0,"turns":2.0},{"damage":7.0,"enemies":"3 Sentries","floor":63.0,"turns":3.0},{"damage":0.0,"enemies":"Cultist","floor":64.0,"turns":1.0},{"damage":0.0,"enemies":"2 Fungi Beasts","floor":65.0,"turns":1.0},{"damage":0.0,"enemies":"The Guardian","floor":69.0,"turns":4.0},{"damage":5.0,"enemies":"theJungle:5_Spyders","floor":71.0,"turns":3.0},{"damage":0.0,"enemies":"theJungle:Flameango_and_Byrd","floor":73.0,"turns":1.0},{"damage":0.0,"enemies":"theJungle:Cassacara","floor":76.0,"turns":3.0},{"damage":0.0,"enemies":"theJungle:Snecko_Cultist_And_Trap","floor":84.0,"turns":1.0},{"damage":0.0,"enemies":"theJungle:QueenSpyder","floor":86.0,"turns":5.0},{"damage":0.0,"enemies":"3 Darklings","floor":88.0,"turns":1.0},{"damage":0.0,"enemies":"infinitespire:Three Voidlings","floor":89.0,"turns":3.0},{"damage":1.0,"enemies":"Nightmare_Alpha","floor":89.0,"turns":7.0},{"damage":0,"enemies":"Orb Walker","floor":91,"turns":1},{"damage":0,"enemies":"R_Hoarder","floor":93,"turns":3},{"damage":0,"enemies":"3 Darklings","floor":94,"turns":1},{"damage":49,"enemies":"Reptomancer","floor":95,"turns":3},{"damage":0,"enemies":"4 Shapes","floor":97,"turns":2},{"damage":0,"enemies":"Writhing Mass","floor":101,"turns":2},{"damage":63,"enemies":"Awakened One","floor":103,"turns":6},{"damage":0,"enemies":"Cultist","floor":105,"turns":1},{"damage":0,"enemies":"infinitespire:Voidling","floor":106,"turns":1},{"damage":0,"enemies":"Small Slimes","floor":108,"turns":1},{"damage":0,"enemies":"Lagavulin","floor":110,"turns":2},{"damage":6,"enemies":"Replay:BlueRogue","floor":112,"turns":3},{"damage":0,"enemies":"Exordium Wildlife","floor":115,"turns":1},{"damage":0,"enemies":"3 Sentries","floor":117,"turns":2},{"damage":0,"enemies":"2 Fungi Beasts","floor":118,"turns":1},{"damage":0,"enemies":"Hexaghost","floor":120,"turns":2},{"damage":0,"enemies":"Shell Parasite","floor":122,"turns":1},{"damage":0,"enemies":"theJungle:Flameango_and_Byrd","floor":124,"turns":2},{"damage":0,"enemies":"theJungle:2_Phrogs","floor":127,"turns":2},{"damage":0,"enemies":"theJungle:Cassacara","floor":129,"turns":1},{"damage":0,"enemies":"Snake Plant","floor":131,"turns":1},{"damage":0,"enemies":"theJungle:2_Phrogs","floor":133,"turns":1},{"damage":0,"enemies":"theJungle:SlimyTreeVines","floor":135,"turns":1},{"damage":7,"enemies":"theJungle:TotemBoss","floor":137,"turns":2},{"damage":0,"enemies":"Orb Walker","floor":139,"turns":1},{"damage":0,"enemies":"3 Darklings","floor":140,"turns":1},{"damage":0,"enemies":"4 Shapes","floor":141,"turns":1},{"damage":1,"enemies":"Jaw Worm Horde","floor":142,"turns":1},{"damage":2,"enemies":"Transient","floor":143,"turns":5},{"damage":1,"enemies":"R_Hoarder","floor":144,"turns":2},{"damage":20,"enemies":"Giant Head","floor":146,"turns":3},{"damage":3,"enemies":"3 Darklings","floor":149,"turns":1},{"damage":0,"enemies":"Sphere and 2 Shapes","floor":152,"turns":1},{"damage":318,"enemies":"infinitespire:LordOfFortification","floor":154,"turns":5}],"seed_played":"-6904950665079242772","potions_obtained":[{"floor":7.0,"key":"Flashbang"},{"floor":8.0,"key":"hexamod:SoulburnPotion"},{"floor":12.0,"key":"Fruit Juice"},{"floor":13.0,"key":"Swift Potion"},{"floor":16.0,"key":"champ:CounterPotion"},{"floor":33.0,"key":"Toxic Potion"},{"floor":35.0,"key":"DuplicationPotion"},{"floor":39.0,"key":"Toxic Potion"},{"floor":45.0,"key":"SteroidPotion"},{"floor":52.0,"key":"Adrenaline Potion"},{"floor":56.0,"key":"SteroidPotion"},{"floor":59.0,"key":"Fire Potion"},{"floor":69.0,"key":"BlessingOfTheForge"},{"floor":74.0,"key":"Adrenaline Potion"},{"floor":82.0,"key":"LiquidBronze"},{"floor":93,"key":"Doom Potion"},{"floor":95,"key":"LifebloodPotion"},{"floor":97,"key":"DistilledChaos"},{"floor":106,"key":"Ancient Potion"},{"floor":108,"key":"LiquidBronze"},{"floor":112,"key":"Guardian:BlockOnCardUsePotion"},{"floor":117,"key":"Guardian:BlockOnCardUsePotion"}],"is_trial":false,"path_per_floor":["M","$","M","M","$","R","E","M","T","?","?","M","M","?","R","B",null,"M","M","M","M","$","R","E","M","T","?","?","R","NM","M","R","B",null,"M","?","?","?","M","E","?","$","T","M","E","$","M","PTL","PTL","T","R","B",null,"M","M","?","?","$","E","R","E","T","E","M","M","?","?","R","B",null,"M","?","M","AVR","?","E","R","$","T","$","R","?","R","M","R","B",null,"M","?","?","M","$","E","M","E","T","M","R","$","R","M","R","B",null,"M","M","?","M","?","E","R","E","T","R","M","AVR","E","M","R","B",null,"M","AVR","M","$","?","E","R","E","T","M","T","E","R","M","R","B",null,"M","M","M","M","M","E","R","E","T","?","M","$","AVR","M","R","B"],"character_chosen":"THE_WILD_CARD","items_purchased":["theWildCard:Abstinence","hubris:Spice","theWildCard:Abstinence","Sling","ReplayTheSpireMod:Lightbulb","theWildCard:TheGreatSeal","Snack Pack","DollysMirror","theWildCard:Abstinence"],"campfire_rested":3,"item_purchase_floors":[2,42,46,58,78,78,92,125,125],"current_hp_per_floor":[60,60,44,44,44,44,38,36,36,36,36,42,43,43,43,44,68,69,66,56,56,56,56,57,58,58,58,58,74,83,84,84,85,85,86,86,86,86,84,84,86,86,86,62,63,63,64,64,64,61,61,57,62,63,64,65,65,65,66,66,67,67,61,62,63,63,63,63,64,71,67,33,34,34,34,35,35,35,35,35,35,17,39,40,40,41,76,77,78,78,79,79,81,85,37,40,43,70,70,70,81,81,39,82,83,84,84,85,85,81,81,80,77,77,78,78,71,67,67,68,68,69,69,70,73,63,68,68,73,76,79,74,75,75,76,76,72,77,78,79,80,80,82,83,83,68,71,71,71,71,71,74,74,0,0],"gold":156,"neow_bonus":"THREE_CARDS","is_daily":false,"chose_seed":false,"campfire_upgraded":12,"win_rate":0.0,"timestamp":1612581709,"path_taken":["M","$","M","M","$","R","E","M","T","?","?","M","?","?","R","BOSS","M","M","M","M","$","R","E","M","T","?","?","R","NM","M","R","BOSS","M","?","?","?","M","E","?","$","T","M","E","$","M","PTL","PTL","?","R","BOSS","M","M","?","?","?","E","R","E","T","E","?","M","?","?","R","BOSS","M","?","M","AVR","?","E","R","$","T","$","R","?","R","?","R","BOSS","M","?","?","M","$","E","M","E","T","?","R","$","R","M","R","BOSS","M","M","?","M","?","E","R","E","T","R","M","AVR","E","M","R","BOSS","M","AVR","M","$","?","E","R","E","T","M","?","E","R","?","R","BOSS","M","M","M","M","M","E","R","E","T","?","M","$","AVR","M","R","BOSS"],"items_purchased_type":["Card","Relic","Card","Relic","Relic","Card","Relic","Relic","Card"],"build_version":"2020-12-22","purchased_purges":11,"victory":false,"max_hp_per_floor":[60,60,60,60,60,60,60,60,60,60,60,66,67,67,67,68,68,69,70,71,72,72,72,73,74,74,74,74,74,83,84,84,85,85,86,86,86,87,88,89,98,90,90,83,76,76,69,69,69,61,61,62,62,63,64,65,65,65,66,66,67,67,68,69,70,70,70,70,71,71,72,72,73,73,73,74,74,74,74,74,74,74,74,75,75,76,76,77,79,79,80,80,81,85,86,89,90,90,90,82,86,86,90,82,83,84,84,85,85,81,81,82,77,77,78,78,71,67,67,68,68,69,69,70,73,73,74,74,75,78,79,74,75,75,76,76,77,77,78,79,80,81,82,83,83,76,79,79,80,80,80,81,81,81,81],"card_choices":[{"not_picked":["theWildCard:BladeOfGenerations","theWildCard:StingingStrike"],"picked":"theWildCard:SacrificialStroke","floor":0.0},{"not_picked":["theWildCard:UnendingRitual","theWildCard:ShieldOfMany"],"picked":"theWildCard:SacrificialStroke","floor":1.0},{"not_picked":["theWildCard:PaleRider","theWildCard:Providence"],"picked":"theWildCard:TheGreatSeal","floor":3.0},{"not_picked":["theWildCard:ArcaneArts","theWildCard:Polydeuces"],"picked":"theWildCard:Patience","floor":4.0},{"not_picked":["theWildCard:FinalHour","theWildCard:LadyLuck"],"picked":"theWildCard:Abstinence","floor":7.0},{"not_picked":["theWildCard:StingingStrike","theWildCard:PaleRider","theWildCard:ArcaneArts"],"picked":"SKIP","floor":8.0},{"not_picked":["theWildCard:Unburden","theWildCard:EnergizedStroke"],"picked":"theWildCard:Patience","floor":12.0},{"not_picked":["theWildCard:PaleRider","theWildCard:Michael","theWildCard:StingingStrike"],"picked":"SKIP","floor":13.0},{"not_picked":["theWildCard:AllOutAttack","theWildCard:FinalHour"],"picked":"theWildCard:Ruination","floor":16.0},{"not_picked":["theWildCard:Polydeuces","theWildCard:Patience"],"picked":"theWildCard:Proficiency+1","floor":18.0},{"not_picked":["theWildCard:Michael","theWildCard:SeveringSlash+1","theWildCard:ArcaneArts"],"picked":"SKIP","floor":19.0},{"not_picked":["theWildCard:ArcaneArts","theWildCard:ManOfManyFaces","theWildCard:SeveringSlash"],"picked":"SKIP","floor":20.0},{"not_picked":["theWildCard:Sakuya","theWildCard:PaleRider"],"picked":"theWildCard:Desolation","floor":21.0},{"not_picked":["theWildCard:Unburden","theWildCard:EnergizedStroke+1","theWildCard:UnderLockAndKey"],"picked":"SKIP","floor":24.0},{"not_picked":["theWildCard:Polydeuces","theWildCard:ShieldOfMany+1","theWildCard:SeveringSlash"],"picked":"SKIP","floor":25.0},{"not_picked":["theWildCard:FuelForTheFire","theWildCard:Safeguard+1"],"picked":"theWildCard:TheGreatSeal","floor":30.0},{"not_picked":["theWildCard:ManOfManyFaces","theWildCard:SeveringSlash","theWildCard:Patience"],"picked":"SKIP","floor":31.0},{"not_picked":["theWildCard:EnergizedStroke+1","theWildCard:UnderLockAndKey+1","theWildCard:SeveringSlash+1"],"picked":"SKIP","floor":35.0},{"not_picked":["Replay:Parry","Swift Strike"],"picked":"Dramatic Entrance","floor":36.0},{"not_picked":["theWildCard:Michael","theWildCard:AllOutAttack"],"picked":"theWildCard:Proficiency+1","floor":38.0},{"not_picked":["theWildCard:PowerOfTheArcana","theWildCard:Providence+1","theWildCard:Odin+1"],"picked":"SKIP","floor":39.0},{"not_picked":["theWildCard:MaskChange+1","theWildCard:Odin","theWildCard:ArcanaArtistry+1"],"picked":"SKIP","floor":40.0},{"not_picked":["hubris:SpiceAddiction","theWildCard:StingingStrike+1"],"picked":"hubris:SpiceAddiction","floor":44.0},{"not_picked":["theWildCard:ArcaneArts+1","theWildCard:ArchaicAssault","theWildCard:Polydeuces"],"picked":"SKIP","floor":45.0},{"not_picked":["theWildCard:Michael+1","theWildCard:UnendingRitual+1"],"picked":"hubris:SpiceAddiction","floor":47.0},{"not_picked":["theWildCard:Unburden","theWildCard:BladeOfGenerations","hubris:SpiceAddiction"],"picked":"SKIP","floor":54.0},{"not_picked":["theWildCard:Providence","theWildCard:StingingStrike","theWildCard:Safeguard"],"picked":"SKIP","floor":55.0},{"not_picked":["theWildCard:Metatron","theWildCard:Providence","theWildCard:Michael"],"picked":"SKIP","floor":59.0},{"not_picked":["theWildCard:Overwhelm","theWildCard:Michael","theWildCard:Lucifer"],"picked":"SKIP","floor":61.0},{"not_picked":["theWildCard:UnderLockAndKey","theWildCard:ArcanaArtistry","theWildCard:Scathach"],"picked":"SKIP","floor":63.0},{"not_picked":["theWildCard:StingingStrike","theWildCard:EnergizedStroke"],"picked":"theWildCard:Salvation","floor":64.0},{"not_picked":["hubris:SpiceAddiction","theWildCard:ArcanaArtistry","theWildCard:Alice"],"picked":"SKIP","floor":65.0},{"not_picked":["Replay:Fractal Strike","infinitespire:Execution"],"picked":"hubris:InfiniteBlow","floor":70.0},{"not_picked":["theWildCard:Loki+1","hubris:SpiceAddiction"],"picked":"theWildCard:Salvation+1","floor":71.0},{"not_picked":["theWildCard:Michael","theWildCard:ArchaicAssault","theWildCard:Alice"],"picked":"SKIP","floor":73.0},{"not_picked":["theWildCard:MagicalMight","theWildCard:EnergizedStroke","theWildCard:Providence+1"],"picked":"SKIP","floor":76.0},{"not_picked":["theWildCard:MaskChange","theWildCard:Sakuya+1","theWildCard:MagicalMight"],"picked":"SKIP","floor":84.0},{"not_picked":["theWildCard:Attunement","hubris:SpiceAddiction","theWildCard:StingingStrike"],"picked":"SKIP","floor":88.0},{"not_picked":["theWildCard:Unburden","theWildCard:SeveringSlash+1","hubris:SpiceAddiction"],"picked":"SKIP","floor":91},{"not_picked":["hubris:SpiceAddiction","theWildCard:MaskChange+1","theWildCard:Polydeuces+1"],"picked":"SKIP","floor":93},{"not_picked":["theWildCard:MaskChange","theWildCard:EnergizedStroke+1"],"picked":"theWildCard:Salvation+1","floor":94},{"not_picked":["theWildCard:MagicMettle+1","theWildCard:ArchaicAssault+1","theWildCard:AllOutAttack"],"picked":"SKIP","floor":95},{"not_picked":["theWildCard:SacrificialStroke","hubris:SpiceAddiction","theWildCard:Unburden+1"],"picked":"SKIP","floor":97},{"not_picked":["theWildCard:MagicMettle","theWildCard:Sakuya+1"],"picked":"theWildCard:SacrificialStroke+1","floor":101},{"not_picked":["theWildCard:Deicide","theWildCard:Overwhelm"],"picked":"theWildCard:Ruination","floor":103},{"not_picked":["hubris:SpiceAddiction","theWildCard:Salvation","theWildCard:ArcaneArts"],"picked":"SKIP","floor":105},{"not_picked":["theWildCard:Odin","theWildCard:Proficiency","theWildCard:CryOfAgony"],"picked":"SKIP","floor":106},{"not_picked":["theWildCard:Odin","theWildCard:EnergizedStroke","hubris:SpiceAddiction"],"picked":"SKIP","floor":108},{"not_picked":["theWildCard:Salvation","theWildCard:StalwartBlade"],"picked":"hubris:SpiceAddiction","floor":110},{"not_picked":["theWildCard:EnergizedStroke","theWildCard:MagicMettle","theWildCard:Amaterasu"],"picked":"SKIP","floor":112},{"not_picked":["theWildCard:Alice","theWildCard:Proficiency","theWildCard:Impatience"],"picked":"SKIP","floor":115},{"not_picked":["theWildCard:PaleRider","theWildCard:ArcaneArts","theWildCard:MagicalMight"],"picked":"SKIP","floor":117},{"not_picked":["theWildCard:StalwartBlade","theWildCard:UnendingRitual"],"picked":"hubris:SpiceAddiction","floor":118},{"not_picked":["theWildCard:Michael","theWildCard:SeveringSlash","theWildCard:Metatron"],"picked":"SKIP","floor":122},{"not_picked":["theWildCard:PowerOfTheArcana","theWildCard:Patience","theWildCard:Metatron"],"picked":"SKIP","floor":124},{"not_picked":["theWildCard:Michael","theWildCard:StalwartBlade","theWildCard:Safeguard"],"picked":"SKIP","floor":127},{"not_picked":["hubris:SpiceAddiction","theWildCard:Proficiency","theWildCard:Patience+1"],"picked":"SKIP","floor":129},{"not_picked":["theWildCard:MagicMettle+1","hubris:SpiceAddiction","theWildCard:MaskChange"],"picked":"SKIP","floor":131},{"not_picked":["theWildCard:PaleRider","theWildCard:Sakuya","theWildCard:StalwartBlade"],"picked":"SKIP","floor":133},{"not_picked":["theWildCard:SeveringSlash+1","theWildCard:StingingStrike","theWildCard:Unburden"],"picked":"SKIP","floor":135},{"not_picked":["hubris:SpiceAddiction","theWildCard:StingingStrike","theWildCard:SeveringSlash"],"picked":"SKIP","floor":139},{"not_picked":["theWildCard:StalwartBlade","theWildCard:Unburden","theWildCard:Satanael"],"picked":"SKIP","floor":140},{"not_picked":["theWildCard:Providence+1","theWildCard:BladeOfGenerations","theWildCard:Metatron+1"],"picked":"SKIP","floor":141},{"not_picked":["theWildCard:Impatience+1","hubris:SpiceAddiction","hubris:SpiceAddiction"],"picked":"SKIP","floor":142},{"not_picked":["theWildCard:StingingStrike+1","theWildCard:MaskChange+1","theWildCard:SeveringSlash"],"picked":"SKIP","floor":143},{"not_picked":["theWildCard:LadyLuck","theWildCard:MaskChange","theWildCard:ManOfManyFaces"],"picked":"SKIP","floor":144},{"not_picked":["theWildCard:LadyLuck","theWildCard:BladeOfGenerations","theWildCard:ArchaicAssault+1"],"picked":"SKIP","floor":146},{"not_picked":["theWildCard:ArchaicAssault","theWildCard:SacrificialStroke+1","hubris:SpiceAddiction"],"picked":"SKIP","floor":149},{"not_picked":["theWildCard:ArcaneArts","theWildCard:Loki","theWildCard:StingingStrike+1"],"picked":"SKIP","floor":152}],"player_experience":378512,"relics_obtained":[{"floor":7.0,"key":"Whetstone"},{"floor":9.0,"key":"Blue Candle"},{"floor":24.0,"key":"Pen Nib"},{"floor":26.0,"key":"Bag of Marbles"},{"floor":28.0,"key":"Ring of Fury"},{"floor":30.0,"key":"hubris:Spice"},{"floor":38.0,"key":"CatCart"},{"floor":40.0,"key":"aspiration:TomeofQuesting"},{"floor":41.0,"key":"hubris:Spice"},{"floor":43.0,"key":"RollingBoulder"},{"floor":45.0,"key":"hubris:Spice"},{"floor":50.0,"key":"hubris:Spice"},{"floor":61.0,"key":"Incense Burner"},{"floor":63.0,"key":"Anchor"},{"floor":79.0,"key":"Boot"},{"floor":82.0,"key":"Centennial Puzzle"},{"floor":85.0,"key":"Replay:Ringing Soul"},{"floor":89,"key":"Dead Branch"},{"floor":93,"key":"infinitespire:Beetle Shell"},{"floor":96,"key":"ReplayFunnel"},{"floor":100,"key":"hubris:Spice"},{"floor":102,"key":"hubris:BottledRain"},{"floor":110,"key":"conspire:BottledYoYo"},{"floor":112,"key":"Replay:Baseball"},{"floor":113,"key":"hubris:Spice"},{"floor":117,"key":"hubris:Spice"},{"floor":127,"key":"Replay:Bottled Steam"},{"floor":129,"key":"FossilizedHelix"},{"floor":130,"key":"Ice Cream"},{"floor":132,"key":"hubris:Spice"},{"floor":144,"key":"Orichalcum"},{"floor":146,"key":"hubris:Spice"},{"floor":147,"key":"WingedGreaves"}],"event_choices":[{"damage_healed":0.0,"max_hp_gain":0.0,"max_hp_loss":0.0,"gold_gain":0.0,"event_name":"FaceTrader","player_choice":"Trade","floor":11.0,"gold_loss":0.0,"damage_taken":0.0,"relics_obtained":["FaceOfCleric"]},{"damage_healed":0.0,"max_hp_gain":0.0,"max_hp_loss":0.0,"gold_gain":0.0,"event_name":"Living Wall","player_choice":"Grow","floor":14.0,"gold_loss":0.0,"damage_taken":0.0,"cards_upgraded":["theWildCard:Abstinence"]},{"damage_healed":0.0,"max_hp_gain":0.0,"max_hp_loss":0.0,"gold_gain":0.0,"event_name":"SensoryStone","player_choice":"Memory 1","floor":36.0,"gold_loss":0.0,"damage_taken":0.0},{"damage_healed":0.0,"max_hp_gain":0.0,"max_hp_loss":0.0,"gold_gain":0.0,"event_name":"conspire:Investor","player_choice":"Leave","floor":37.0,"gold_loss":0.0,"damage_taken":0.0},{"damage_healed":0.0,"max_hp_gain":0.0,"max_hp_loss":0.0,"gold_gain":0.0,"event_name":"OrinTheCat","player_choice":"Fight","floor":38.0,"gold_loss":0.0,"damage_taken":0.0},{"damage_healed":0.0,"max_hp_gain":0.0,"max_hp_loss":0.0,"gold_gain":0.0,"event_name":"Mysterious Sphere","player_choice":"Fight","floor":41.0,"gold_loss":0.0,"damage_taken":0.0},{"damage_healed":0.0,"max_hp_gain":0.0,"max_hp_loss":0.0,"gold_gain":0.0,"event_name":"Dead Adventurer","player_choice":"Searched \u00271\u0027 times","floor":56.0,"gold_loss":0.0,"damage_taken":0.0},{"damage_healed":0.0,"max_hp_gain":0.0,"max_hp_loss":0.0,"gold_gain":175.0,"event_name":"Liars Game","player_choice":"AGREE","floor":57.0,"gold_loss":0.0,"damage_taken":0.0,"cards_obtained":["Doubt"]},{"cards_removed":["theWildCard:CallToAdventure"],"damage_healed":0.0,"max_hp_gain":0.0,"max_hp_loss":0.0,"gold_gain":0.0,"event_name":"The Cleric","player_choice":"Card Removal","floor":66.0,"gold_loss":50.0,"damage_taken":0.0},{"cards_removed":["theWildCard:BasicDefend"],"damage_healed":0,"gold_gain":0,"player_choice":"Card Removal","damage_taken":0,"max_hp_gain":0,"max_hp_loss":0,"event_name":"The Cleric","floor":89,"gold_loss":50},{"damage_healed":0,"gold_gain":0,"player_choice":"Forge","damage_taken":0,"max_hp_gain":0,"max_hp_loss":0,"event_name":"Accursed Blacksmith","floor":90,"gold_loss":0,"cards_upgraded":["hubris:InfiniteBlow"]},{"damage_healed":0,"gold_gain":0,"player_choice":"0 cards matched","damage_taken":0,"max_hp_gain":0,"max_hp_loss":0,"event_name":"Match and Keep!","floor":109,"gold_loss":0,"cards_obtained":[]}],"is_beta":false,"boss_relics":[{"not_picked":["Snecko Eye","Replay:Drink Me"],"picked":"conspire:SpecialSausage"},{"not_picked":["hubris:Spice","hubris:BlackHole"],"picked":"Empty Cage"},{"not_picked":["hubris:VirtuousBlindfold","Runic Dome","hubris:Spice"]},{"not_picked":["aspiration:DefectSkillbook","hubris:Spice","Replay:Fungal Core"]},{"not_picked":["Replay:Grab Bag","hubris:Spice","ReplayTheSpireMod:SealedPack"]},{"not_picked":["hubris:Spice","Replay:Wanted Poster"],"picked":"hubris:Spice"},{"not_picked":["hubris:Spice","hubris:Spice","hubris:Spice"]},{"not_picked":["hubris:Spice","conspire:SeveredTorchhead","hubris:Spice"]}],"items_purged_floors":[5,22,42,58,74,78,116,123,125,150,151],"is_endless":true,"potions_floor_spawned":[7,8,12,13,16,18,21,24,33,35,39,45,52,56,59,61,69,73,76,89,93,95,97,106,108,112,117,120,129,133,135,139,142,143,144],"killed_by":"infinitespire:LordOfFortification","ascension_level":1}}