{"host":"rn4c402gwd40h2z6","time":1612571019,"event":{"mods":["10 clothes from DAL","A Penny For Your Troubles","Act Like it!","Ascension Unlocker","BaseMod","Better Synergies","CapriCore","Card Forge","Challenge The Spire","Data Control","Downfall","Easy Mod","Minty Spire (QoL Compilation)","Permanent Neow","Quick Restart","Random Character Button","RumiaBox-露米娅的神秘盒子","Spicy Shops","StSLib","The IronCluck","[LAZYMAN]RSMod","noobMod","slay the spire mod where everything is the same but ironclad has a cowboy hat","【功能Mod】混沌之环修复补丁","【功能Mod】精心准备","【功能Mod】聪明的最终Boss","【遗物卡牌】REMEMod","魔戒"],"gold_per_floor":[119,142,205,205,225,145,145,229,255,297,297,325,447,481,481,573,573],"floor_reached":16,"language":"ZHS","playtime":2175,"items_purged":[],"score":299,"play_id":"561409cf-920c-4677-823d-c2636c4e8f1d","local_time":"20210206082339","is_ascension_mode":true,"campfire_choices":[{"floor":7.0,"key":"RECALL"},{"data":"EasyMod:card_1","floor":11.0,"key":"SMITH"},{"data":"EasyMod:card_1","floor":15,"key":"SMITH"}],"circlet_count":1,"master_deck":["EasyMod:card_1","AscendersBane","RingOfDestiny:Strike_IH+4","RingOfDestiny:Strike_IH+4","RingOfDestiny:Defend_IH+4","RingOfDestiny:Defend_IH+4","RingOfDestiny:FairJudgement+4","RingOfDestiny:FairJudgement+4","RingOfDestiny:Pray+4","RingOfDestiny:Villainous+4","RingOfDestiny:HolyGift+4","RingOfDestiny:ProtectionOfLight+4","champ:Devastate+1","RingOfDestiny:ExposeAndCriticize+4","dwlrmod:DragonFury+1","dwlrmod:TheLastStand+1","RingOfDestiny:HolyStrike+4","dwlrmod:MurozondTheInfinite+1","dwlrmod:Chameleos+1","RingOfDestiny:WeakenStrike2+3"],"relics":["RingOfDestiny:TwinWings","Hammer of Thor","Seething Fire","Anvil of the Gods","REME_ComplimentaryCards","Circlet","ice","NeowsBlessing","Baka2","dwlrmod:ProjectRecorder","EasyMod:Easy_6","Omamori","GodSword1"],"acts_visited":["Exordium"],"potions_floor_usage":[],"damage_taken":[{"damage":0.0,"enemies":"2 Louse","floor":1.0,"turns":1.0},{"damage":0.0,"enemies":"Jaw Worm","floor":2.0,"turns":1.0},{"damage":0.0,"enemies":"Cultist","floor":5.0,"turns":1.0},{"damage":0.0,"enemies":"Looter","floor":8.0,"turns":2.0},{"damage":0.0,"enemies":"2 Fungi Beasts","floor":10.0,"turns":1.0},{"damage":0.0,"enemies":"3 Sentries","floor":12.0,"turns":1.0},{"damage":0,"enemies":"Lots of Slimes","floor":13,"turns":2},{"damage":7,"enemies":"Gremlin Nob","floor":14,"turns":3},{"damage":98,"enemies":"Slime Boss","floor":16,"turns":6}],"seed_played":"5392122591673767660","potions_obtained":[{"floor":8.0,"key":"FearPotion"},{"floor":10.0,"key":"Guardian:BlockOnCardUsePotion"}],"is_trial":false,"path_per_floor":["M","M","?","?","M","$","R","M","T","M","R","E","M","E","R","B"],"character_chosen":"Inherit","items_purchased":["EasyMod:Easy_6"],"campfire_rested":0,"item_purchase_floors":[6],"current_hp_per_floor":[76,79,79,84,86,86,86,86,86,86,86,86,86,87,87,0,0],"gold":573,"neow_bonus":"THREE_ENEMY_KILL","is_daily":false,"chose_seed":false,"campfire_upgraded":2,"win_rate":0.0,"timestamp":1612571019,"path_taken":["M","M","?","?","?","?","R","M","T","M","R","E","M","E","R","BOSS"],"items_purchased_type":["Relic"],"build_version":"2020-12-22","purchased_purges":0,"victory":false,"max_hp_per_floor":[81,81,81,86,86,86,86,86,86,86,86,86,86,87,87,87,87],"card_choices":[{"not_picked":["RingOfDestiny:WeakenStrike","RingOfDestiny:HandOfGod"],"picked":"RingOfDestiny:ExposeAndCriticize","floor":1.0},{"not_picked":["RingOfDestiny:AmuletHeart","RingOfDestiny:FairJudgement","RingOfDestiny:PureHeart"],"picked":"SKIP","floor":2.0},{"not_picked":["RingOfDestiny:HolyJustice","RingOfDestiny:JusticeWarning","RingOfDestiny:WeakenStrike"],"picked":"SKIP","floor":5.0},{"not_picked":["dwlrmod:Coldwraith","dwlrmod:Punpa"],"picked":"dwlrmod:DragonFury","floor":8.0},{"not_picked":["RingOfDestiny:ShieldOfHeaven","RingOfDestiny:AngelTalisman"],"picked":"RingOfDestiny:HolyStorm","floor":8.0},{"not_picked":["dwlrmod:EnhancingPotionDurian","dwlrmod:Lubberkin"],"picked":"dwlrmod:TheLastStand","floor":10.0},{"not_picked":["RingOfDestiny:HolyAssault","RingOfDestiny:DevoutPray"],"picked":"RingOfDestiny:HolyStrike","floor":10.0},{"not_picked":["dwlrmod:TheArena+2","dwlrmod:WickedWhispers"],"picked":"dwlrmod:MurozondTheInfinite","floor":12.0},{"not_picked":["RingOfDestiny:ForbiddenStrike","RingOfDestiny:ForbiddenBook","RingOfDestiny:FairJudgement"],"picked":"SKIP","floor":12.0},{"not_picked":["RingOfDestiny:BathingInGrace","RingOfDestiny:HolyStrike","RingOfDestiny:DevoutPray"],"picked":"SKIP","floor":13},{"not_picked":["RingOfDestiny:BathingInGrace","RingOfDestiny:HolyStrike","RingOfDestiny:DevoutPray"],"picked":"SKIP","floor":13},{"not_picked":["dwlrmod:Simulacrum","dwlrmod:IceLance","dwlrmod:BigBadVoodoo"],"picked":"dwlrmod:Chameleos","floor":14},{"not_picked":["RingOfDestiny:ShieldOfHeaven2","RingOfDestiny:PowerOfLight2"],"picked":"RingOfDestiny:WeakenStrike2","floor":14}],"player_experience":124849,"relics_obtained":[{"floor":1.0,"key":"Baka"},{"floor":2.0,"key":"Baka2"},{"floor":5.0,"key":"dwlrmod:ProjectRecorder"},{"floor":12.0,"key":"Omamori"},{"floor":14,"key":"GodSword1"}],"event_choices":[{"damage_healed":0.0,"max_hp_gain":0.0,"max_hp_loss":0.0,"gold_gain":63.0,"event_name":"Golden Wing","player_choice":"Gained Gold","floor":3.0,"gold_loss":0.0,"damage_taken":0.0},{"damage_healed":0.0,"max_hp_gain":5.0,"max_hp_loss":0.0,"gold_gain":0.0,"event_name":"Big Fish","player_choice":"Donut","floor":4.0,"gold_loss":0.0,"damage_taken":0.0}],"is_beta":false,"boss_relics":[],"items_purged_floors":[],"is_endless":false,"potions_floor_spawned":[8,10,14],"killed_by":"Slime Boss","ascension_level":20}}